3992 6338
475 298 588 385 ἰδ’

1080 317 1172 376 ΔΙ)
1212 316 1275 376 8.
1315 304 1705 373 [IIEBONYMI
1743 301 2035 366 DWINAM
2073 296 2577 364 BIBLIOTHECAM
2613 289 3159 357 PROLEGOIINM
3695 286 3757 345 76

482 435 942 501 mentariorumin
964 434 1156 493 Jooam
1177 432 1496 505 prophetam
1523 446 1535 484 :
1572 425 1725 482 Liber
1750 438 1950 495 quoque
1970 419 2077 476 To-
2107 426 2160 485 Λ
2183 419 2323 489 Quid
2356 419 2516 491 igitur
2546 417 2776 483 mirum,
2819 415 2865 472 si
2903 423 3028 487 post
3074 409 3361 469 Dominum
3389 403 3721 464 Salvatorem
3745 446 3759 472 ,

480 538 595 603 bile,
624 532 832 605 inquit,
868 530 985 587 licet
1006 544 1110 584 non
1134 526 1384 581 habeatur
1414 524 1469 578 in
1496 519 1732 587 Canone,
1761 526 1929 574 tamen
1953 514 2077 587 quia

479 636 763 701 usurpatur
801 624 864 680 ab
914 620 1293 678 Ecclesiasticis
1339 618 1481 682 uiris,
1517 612 1620 671 tale
1648 613 1775 684 quid
1802 615 2075 674 memorat,

484 733 591 781 ete.
623 722 796 791 Quem
825 719 998 776 etiam
1027 715 1196 772 tacito
1247 712 1468 770 nomine
1515 707 1772 778 Curionis,
1809 707 1861 762 in
1894 712 2077 776 partes

482 830 612 873 suas
659 810 936 870 distribuit
989 807 1311 881 praefatione
1344 806 1399 860 in
1441 802 1714 859 Danielem
1743 815 1813 857 ex
1847 799 2078 855 llebrzo

483 908 823 965 translatum.
842 903 868 959 l
877 901 993 958 llud
1016 901 1294 964 admoneo,
1310 912 1414 951 non
1442 894 1621 950 haberi
1640 891 1913 949 Danislem
1936 889 2078 961 apud

482 1001 730 1059 Hebrwos
751 1000 884 1054 inter
909 994 1215 1068 prophetas,
1248 991 1344 1047 sed
1378 990 1515 1047 inter
1538 1004 1624 1044 eos
1666 987 1753 1059 qui
1778 984 2081 1057 Hagiogra-

485 1096 589 1167 pha
616 1091 951 1163 scripserant.
985 1085 1051 1142 In
1074 1094 1177 1141 tres
1226 1081 1482 1155 siquidem
1507 1088 1685 1153 partes
1712 1077 1881 1133 omnis
1916 1075 1981 1129 ab
2006 1075 2080 1130 eis

487 1164 761 1255 Scriptura
788 1180 1058 1244 dividitur,
1082 1178 1138 1232 in
1163 1174 1377 1247 Legem,
1402 1175 1457 1228 in
1477 1170 1792 1241 Progltetas,
1813 1178 1860 1224 et
1886 1168 1941 1222 in
1964 1164 2083 1221 Ha-

482 1271 792 1347 gioyrapha,
838 1270 893 1325 id
920 1278 1022 1335 est,
1049 1269 1103 1323 in
1130 1267 1380 1339 quinque,
1402 1274 1451 1320 et
1482 1273 1618 1330 octo,
1668 1270 1718 1318 et
1757 1262 1814 1315 in
1843 1257 2082 1314 undecim

485 1365 679 1430 libros;
707 1365 771 1418 de
822 1377 924 1434 quo
966 1376 1068 1416 non
1098 1368 1173 1415 est
1213 1358 1370 1429 hujus
1402 1355 1641 1428 temporis
1691 1354 1964 1408 disserere.
2014 1347 2084 1404 Ut

486 1465 667 1511 autem
698 1453 923 1511 Canonis
950 1451 1281 1507 mentionem
1314 1446 1515 1519 ingerit
1552 1459 1661 1500 non
1699 1439 1951 1499 addendo
1984 1453 2085 1495 no-

489 1565 613 1606 men
642 1546 915 1603 Hebraicis
941 1543 1210 1600 veritatis:
1244 1540 1318 1595 ita
1340 1538 1614 1596 sexcentis
1644 1535 1781 1591 locis
1806 1533 1939 1589 citat
1968 1529 2083 1586 Hec

489 1644 717 1698 braicam
744 1640 1031 1703 veritatem,
1077 1634 1448 1707 prmtermissa
1471 1631 1619 1687 omni
1649 1627 1874 1684 Canonis
1893 1623 2085 1694 appel-

492 1734 717 1791 latione.
745 1732 893 1789 Idem
919 1731 1083 1787 talem
1112 1726 1367 1798 intelligit
1386 1726 1443 1781 in
1462 1724 1817 1781 Hebraeorum
1848 1718 2082 1781 Canone,

2180 523 2305 586 post
2333 511 2611 583 apostolos
2640 519 2695 566 et
2725 508 3116 579 evangelistas,
3139 518 3205 560 ac
3225 503 3445 559 demum
3479 507 3603 571 post
3629 498 3765 554 viros

2178 607 2533 680 apostolicos,
2583 603 2905 661 Graecorum
2954 599 3176 656 Patrum
3222 594 3620 653 eelebratiores
3665 591 3763 648 He-

2178 701 2380 758 braicis
2433 707 2720 756 uterentur
2763 690 3104 766 Scripturis,
3151 704 3342 747 earum
3395 685 3766 743 auctoritatem

2180 800 2564 866 agnoscerent,
2597 799 2762 861 atque
2794 787 2865 845 de
2888 785 3205 844 Judaeorum
3244 780 3529 839 codicibus
3566 777 3770 835 divinos

2180 900 2375 945 sensus
2404 892 2812 944 scrutarentur.
2848 880 2994 938 Idem
3039 878 3281 959 studium
3312 875 3598 932 Hebraicis:
3627 873 3770 929 Seri-

2181 990 2361 1053 pturse
2402 983 2459 1038 tn
2505 978 2833 1036 Adamantio
2859 974 3052 1047 probat
3101 972 3371 1028 Eusebius
3404 967 3768 1031 Caesariensis,

2184 1073 2337 1131 Eccl.
2365 1072 2505 1130 Hist.
2537 1070 2638 1127 lib.
2666 1086 2747 1138 vt,
2779 1080 2899 1140 cap.
2931 1067 3021 1136 i6,
3052 1066 3142 1120 ubi
3175 1066 3252 1120 ait
3275 1063 3462 1120 statim
3488 1061 3558 1117 ab
3587 1059 3768 1115 initio:

2182 1166 2406 1224 Tantam
2432 1181 2589 1237 porro
2612 1180 2794 1221 curam
2817 1180 2879 1217 ac
2908 1161 3234 1234 diligentiam
3253 1159 3310 1215 in
3333 1157 3525 1213 diuinis
3554 1155 3777 1227 εει-ὅρια·

2183 1263 2257 1316 ris
2287 1258 2677 1333 perscrutandis
2718 1254 2994 1311 adhibebat
3043 1252 3323 1326 Origenes,
3368 1261 3427 1307 ut
3476 1248 3778 1306 Hebraicam

2184 1354 2340 1408 etiam
2370 1352 2608 1421 linguam
2635 1348 2908 1417 didicerit,
2947 1356 2996 1402 et
3030 1345 3353 1402 authenticos
3391 1342 3780 1411 Scriptum-um

2185 1446 2369 1512 libros,
2406 1442 2680 1498 Hebraicis
2699 1441 2920 1510 scriptos
2940 1438 3142 1507 litteris,
3164 1438 3253 1509 qui
3279 1435 3423 1507 apud
3450 1432 3667 1491 Iudaeos
3691 1432 3782 1487 ha-

2187 1539 2388 1605 bentur,
2432 1535 2531 1592 sibi
2556 1533 2965 1607 compnraverit,
3001 1534 3097 1594 τὰς
3130 1551 3187 1589 rs
3222 1530 3370 1610 παρὰ
3394 1536 3505 1591 τοῖς
3530 1524 3781 1588 Ἰουδαίοις

2186 1629 2529 1707 ἐμφερομάνας
2576 1625 2939 1703 προς-πόπους
2995 1626 3186 1697 οιῦετθῖς·⁸
3221 1623 3467 1700 Ἑϐραίων
3503 1624 3784 1692 στοιχείοις

2190 1722 2411 1799 γραφάς,
2442 1729 2616 1792 κτῆμα
2661 1717 2790 1777 ἴδιον
2821 1718 3160 1777 ποιήσασθαι.
3214 1713 3581 1779 Authentices,
3618 1708 3783 1770 inter-

489 1827 634 1898 quod
681 1825 738 1883 in
796 1824 1057 1880 Hebraica
1102 1822 1359 1885 veritate;
1399 1818 1526 1889 quia
1574 1814 1840 1871 Hebraica
1887 1809 2090 1866 veritas
2119 1807 2170 1868 B
2193 1823 2349 1883 prete
2374 1811 2622 1879 Valesio,
2644 1818 2806 1868 vocat
2827 1808 3098 1866 Eusebius
3125 1806 3442 1864 Judasorum
3470 1803 3690 1869 codices,
3712 1814 3789 1859 re.

493 1918 635 1990 apud
682 1918 1073 1989 Hieronymum
1130 1927 1345 1982 semper
1384 1910 1650 1980 accipitur
1677 1921 1777 1978 pro
1803 1902 2088 1961 canonicis

497 2014 850 2072 llebrazorum
876 2009 1197 2079 Scripturis,
1233 2004 1285 2061 id
1315 2012 1423 2071 est,
1454 2017 1552 2074 pro
1604 2001 1672 2058 iis
1701 1999 1837 2057 solis
1859 2011 1983 2068 qua:
2014 1995 2092 2051 Ie-

499 2119 701 2180 guntur
722 2107 778 2163 in
805 2104 955 2162 lente
987 2103 1275 2159 Hebraieo.
1308 2098 1429 2157 lam
1456 2112 1591 2153 vero
1620 2095 1821 2153 stultus
1849 2093 1958 2157 sit,
1999 2089 2092 2160 qui

499 2199 708 2271 singula
735 2197 854 2252 loea
884 2206 1213 2252 enumerare
1262 2190 1413 2255 velit,
1444 2189 1503 2245 in
1537 2186 1738 2259 quibus
1771 2182 2093 2239 Hebraicam

498 2294 786 2350 veritatem
814 2289 1044 2359 replicat
1070 2286 1473 2356 Hieronymus:
1519 2280 1608 2335 vix
1657 2278 1804 2334 enim
1853 2275 2093 2344 aliquam

500 2384 821 2458 Epistolam,
854 2376 1260 2450 autquemlibet
1287 2370 1743 2431 commentarium
1774 2362 2096 2432 revolveris,

504 2453 596 2534 ubi
629 2476 811 2532 statim
839 2488 947 2531 non
979 2479 1273 2527 occurrant
1300 2465 1510 2523 similes
1561 2461 1868 2519 locutiones
1894 2476 1905 2510 :
1937 2453 2102 2511 Juxta

504 2569 824 2626 Hebraicam
865 2566 1150 2620 ueritatem.
1185 2560 1349 2616 Aliter
1378 2556 1643 2612 Hebraica
1695 2552 1882 2609 ueritas
1929 2546 2101 2602 habet.

505 2664 624 2721 Hoc
648 2681 681 2719 a
704 2662 918 2719 ueritate
938 2656 1199 2715 Hebraica
1225 2652 1512 2709 discordat.
1567 2651 1632 2706 Et
1670 2650 1743 2703 ita
1770 2645 1840 2702 de
1865 2641 2103 2706 caeteris,

505 2773 628 2831 qua:
654 2755 740 2813 vel
766 2751 1126 2815 comminisci,
1160 2746 1325 2805 otiosi
1351 2751 1501 2802 esset
1525 2739 1828 2811 scriptoris.

581 2850 671 2906 III.
721 2846 1063 2904 Multifuriam
1116 2842 1468 2898 Hebraeorum
1526 2834 1860 2892 voluminum
1916 2837 2106 2886 aucto-

513 2947 724 3001 ritatem
754 2956 1025 3012 agnovere
1062 2936 1241 2995 Graeci
1267 2932 1556 3001 Latinique
1593 2929 1822 2993 Patres;
1862 2935 1913 2980 et
1939 2938 2111 2995 quan-

516 3049 570 3095 to
604 3038 754 3093 luere
791 3032 1002 3090 caeteris
1049 3030 1357 3090 doctiores,
1408 3034 1559 3080 tanto
1600 3022 1723 3092 plus
1766 3033 1862 3076 eos
1908 3016 2115 3088 perspi-

515 3137 628 3190 cias
656 3128 936 3187 Hebraicae
980 3122 1254 3181 studuisse
1283 3117 1522 3174 veritati.
1565 3116 1700 3172 Dum
1734 3121 1962 3169 testatur
1990 3108 2117 3164 Hie.

518 3292 807 3389 Origenem
829 3329 895 3371 se
927 3311 1124 3383 legisse
1152 3306 1224 3364 ob
1250 3302 1572 3362 eruditionis
1598 3300 1880 3364 meritum,
1910 3311 2019 3351 non
2050 3292 2119 3348 ad

517 3384 835 3470 sectandum
890 3406 1010 3475 ejus
1061 3399 1245 3467 iidem,
1300 3396 1622 3467 praeclarum
1649 3389 1796 3449 istud
1842 3384 2124 3444 contexuit

524 3498 918 3558 testimonium,
942 3508 1049 3563 quo
1078 3489 1392 3547 Graecorum
1414 3484 1591 3540 studia
1630 3496 1759 3553 erga
1799 3477 2120 3535 Hebraieam

526 3591 865 3661 Scripturam
893 3582 1186 3641 manifesta
1209 3579 1605 3650 explorataque
1626 3571 1783 3628 nobis
1812 3569 1938 3626 fecit
1960 3586 1973 3621 :
1999 3564 2123 3638 Ipse

532 3659 804 3755 Origenes,
834 3678 1042 3749 inquit,
1071 3684 1121 3731 et
1152 3673 1415 3739 Clemens,
1450 3678 1497 3724 et
1531 3665 1818 3729 Eusebius,
1851 3671 2002 3731 atque
2031 3659 2126 3714 alii

530 3775 854 3846 complures,
887 3768 1093 3841 quando
1122 3767 1185 3821 de
1226 3763 1513 3835 Scripturis
1544 3758 1724 3828 aliqua
1752 3756 2054 3826 disputant,
2079 3759 2129 3805 et

533 3844 709 3925 volunt
734 3862 1022 3936 approbare
1045 3860 1184 3932 quod
1211 3856 1413 3917 dicunt,
1437 3855 1509 3908 sic
1537 3853 1701 3907 solent
1727 3847 1950 3905 scribere
1972 3862 1989 3897 :
2019 3844 2126 3899 Re-

537 3959 731 4033 ferebat
770 3934 898 4012 mihi
940 3952 1221 4016 Hebrreus;
1251 3958 1307 4002 ct
1334 3938 1522 4001 Audiui
1560 3943 1622 3998 ab
1654 3940 1912 4006 Hel-rato;
1936 3944 1992 3994 et
2019 3934 2133 3991 He-

540 4055 794 4109 brworum
820 4050 921 4103 ista
960 4043 1218 4099 sententia
1242 4048 1338 4095 est.
1372 4036 1522 4094 Certo
1559 4036 1715 4090 etiam
1756 4033 2000 4105 Origenes
2037 4046 2131 4100 pa-

541 4142 805 4201 triarchett
836 4136 1106 4204 Huillum,
1128 4136 1216 4206 qui
1243 4128 1561 4204 temporibus
1592 4130 1704 4199 ejus
1726 4126 1845 4197 fuit,
1875 4122 2129 4188 nominat,

539 4247 588 4292 et
610 4236 934 4308 trigesimum
957 4240 1153 4283 tomum
1171 4226 1225 4279 in
1250 4222 1471 4287 Isaiam,
1494 4222 1547 4274 in
1576 4218 1726 4290 cujus
1751 4217 1853 4287 fine
1874 4213 2132 4270 edisserit:

547 4329 642 4386 Vat
670 4305 781 4391 tibi,
812 4325 992 4379 ciuitas
1021 4318 1186 4385 Ariel,
1214 4332 1369 4388 quant
1398 4311 1710 4385 expugnauit
1740 4306 1912 4362 David
1929 4347 1945 4372 ,
1990 4305 2134 4360 illius

543 4419 861 4494 expositione
902 4410 1167 4468 concludit
1195 4425 1214 4465 :
1246 4416 1299 4461 ut
1333 4422 1449 4461 cum
1485 4404 1635 4459 aliter
1670 4401 1812 4473 prius
1834 4398 2052 4453 sensisse
2081 4411 2136 4451 se

546 4490 715 4581 dicat,
755 4510 936 4565 doctus
976 4505 1039 4558 ab
1081 4504 1209 4569 illo,
1250 4502 1302 4554 id
1333 4498 1472 4570 quod
1500 4496 1669 4550 uerius
1703 4502 1805 4559 est,
1839 4490 2134 4561 conﬁtetur.

2192 1913 2386 1974 speetu
2416 1903 2665 1959 omnium
2699 1901 3122 1958 translatinnnm
3144 1940 3161 1966 ,
3185 1898 3351 1955 etiam
3381 1896 3789 1967 comparatione

2197 1998 2334 2053 facta
2357 2012 2481 2053 cum
2499 1997 2759 2053 versione
2780 1994 2969 2051 LXXII
2991 1993 3425 2050 Trauslatorum.
3440 1990 3558 2060 Qua
3572 1989 3788 2060 quidem

2197 2091 2565 2161 appellatione
2591 2088 2898 2161 saepissime
2922 2086 3146 2145 eosdem
3187 2085 3357 2142 libros
3403 2090 3637 2140 exornat
3660 2080 3790 2137 Bie-

2200 2198 2488 2256 ronymus,
2508 2191 2570 2239 ut
2594 2181 2822 2253 epistola
2839 2182 2965 2247 152,
2981 2180 3049 2236 ad
3074 2178 3310 2236 Vitalem
3331 2195 3345 2233 :
3368 2176 3437 2233 Et
3462 2176 3714 2249 siquidem
3734 2176 3789 2229 in

2198 2276 2435 2332 historiis
2475 2273 2630 2331 aliter
2659 2274 2904 2331 haberent
2933 2272 3313 2345 Septuaginta,
3351 2270 3505 2326 aliter
3542 2267 3797 2325 Hebraica

2200 2368 2411 2434 veritas,
2440 2370 2728 2440 confugere
2760 2374 3057 2436 poteramus
3083 2362 3153 2418 ad
3179 2362 3332 2418 solita
3354 2360 3621 2434 prazsidia,
3644 2367 3689 2414 et
3706 2375 3797 2414 ar-

2202 2478 2313 2517 cem
2336 2460 2533 2534 linguae
2562 2467 2734 2515 tenere
2752 2455 3043 2513 uernaculre
3064 2470 3084 2511 :
3111 2468 3248 2511 nunc
3274 2468 3393 2511 uero
3418 2467 3536 2507 cum
3562 2459 3611 2506 et
3631 2450 3800 2520 ipsum

2204 2551 2572 2609 Authenticum
2599 2560 2649 2607 et
2676 2550 2850 2607 ueteri
2874 2550 3176 2623 interpretes
3199 2546 3316 2619 pari
3354 2543 3659 2601 auctoritate
3680 2558 3805 2598 cost-

2206 2645 2460 2709 sentiant,
2494 2656 2596 2698 non
2624 2644 2680 2696 in
2711 2640 3010 2711 Scriptura,
3037 2638 3126 2695 sed
3150 2639 3206 2693 in
3231 2653 3386 2693 sensu
3413 2645 3486 2691 est
3506 2632 3807 2705 diﬁicultas.

2210 2736 2475 2795 Similiter
2503 2737 2671 2806 epist.
2703 2734 2809 2791 155
2845 2733 2914 2789 de
2960 2731 3174 2803 psalmo
3202 2728 3539 2801 sexagesimo
3565 2727 3809 2798 septimo

2213 2828 2505 2886 nonnullos
2533 2826 2843 2884 versiculos
2870 2827 2926 2880 in
2959 2824 3200 2881 mullum
3225 2822 3522 2888 adducens,
3549 2818 3692 2877 bane
3715 2834 3812 2875 ea-

2211 2926 2562 2996 stigationem
2594 2922 2704 2979 illis
2732 2920 2985 2977 abbibuit
3010 2919 3171 2989 juxta
3211 2916 3371 2973 tidem
3417 2914 3676 2972 librorum
3706 2927 3812 2969 au-

2216 3019 2607 3076 tltentieorum.
2636 3014 2766 3072 Cum
2785 3016 2880 3071 ists
2899 3014 3204 3079 versiculus,
3228 3012 3426 3083 inquit,
3442 3010 3607 3082 magis
3629 3008 3819 3063 habere

2218 3114 2395 3168 debeat
2422 3113 2575 3181 iuxta
2604 3109 2915 3165 Hebrnicam
2940 3107 3227 3173 ueritatem,
3255 3105 3484 3160 Caritate
3507 3103 3639 3167 Deo,
3661 3100 3821 3155 Psal-
3851 3119 3861 3127 ·

400 3260 405 3265 -
518 3238 800 3297 ronymus,
832 3220 972 3276 libro
997 3218 1172 3289 primo
1213 3210 1491 3284 Apologia:
1537 3208 1799 3264 adversus
1837 3202 2115 3297 Ruﬁnum,
2144 3195 2192 3260 C
2224 3207 2319 3261 lite
2346 3204 2667 3267 Domino,“
2686 3202 2821 3258 ειιιιά
2840 3201 2978 3274 qua
3003 3199 3237 3271 δεραίων
3265 3200 3318 3252 ξι.
3350 3194 3607 3266 principia
3638 3206 3823 3247 rem“

2217 3296 2455 3362 alterius,
2475 3295 2698 3353 Psallite
2721 3295 2855 3358 Deo,
2879 3309 2985 3348 non
3011 3292 3077 3346 sit
3101 3292 3158 3346 in
3183 3289 3331 3346 libris
3355 3284 3700 3354 Authenticis,
3725 3284 3825 3339 sed

2219 3390 2366 3446 obelo
2415 3397 2777 3462 prauotatum.
2828 3385 2997 3442 Libro
3045 3384 3282 3453 denique
3324 3381 3539 3438 decimo
3584 3375 3829 3447 septimo

2220 3480 2752 3541 Commentariorum
2776 3479 2831 3532 in
2858 3476 3049 3533 Isaiam
3070 3473 3390 3547 prophetam
3414 3486 3527 3528 nou
3547 3469 3710 3527 aliter
3726 3483 3832 3524 vo-

2224 3587 2311 3631 cat
2330 3575 2684 3630 Hebraeorum
2707 3569 3061 3642 exemplaria,
3080 3584 3243 3641 quant
3262 3568 3430 3623 libros
3447 3564 3830 3621 authenticos:

2226 3669 2305 3726 sie
2331 3669 2477 3725 enim
2505 3667 2702 3724 scribit
2724 3666 2793 3722 de
2822 3664 3088 3734 Apostolo
3119 3681 3133 3718 :
3170 3661 3543 3733 Paraphrasim
3562 3659 3721 3731 hujus
3752 3666 3838 3713 te-

2227 3758 2477 3826 stimonii,
2501 3759 2651 3828 quasi
2673 3755 2929 3812 Hebrattts
2949 3770 3012 3810 ea:
3032 3752 3294 3821 Hebraeis,
3316 3752 3534 3808 assumit
3555 3752 3838 3824 apostolus

2230 3849 2434 3905 Paulus
2460 3850 2523 3906 de
2551 3848 2866 3905 autltenticis
2901 3847 3049 3903 libris
3089 3848 3144 3902 in
3170 3844 3416 3915 Epistula
3452 3860 3607 3916 quam
3648 3843 3844 3899 scribit

2230 3942 2300 3997 ad
2341 3938 2662 3996 Corinthios.
2712 3938 2836 3994 Illas
2877 3952 3008 4008 ergo
3049 3936 3403 3994 Hebraeorum
3442 3933 3844 4005 primigenias,

2232 4034 2634 4111 πρωτοτύπους,
2664 4030 2997 4102 Scripturas,
3032 4030 3149 4085 sive
3179 4027 3337 4084 libros
3367 4027 3693 4083 authenticos
3724 4023 3849 4079 sibi

2234 4125 2574 4196 comparavit
2592 4123 2881 4195 Origenes,
2911 4136 3049 4192 quos
3078 4120 3211 4176 tanti
3244 4119 3498 4187 iaciebat,
3530 4126 3588 4173 ut
3611 4116 3854 4173 decimo

2234 4221 2568 4275 Strontatum
2610 4230 2830 4272 suorum
2872 4213 3011 4269 libro
3038 4212 3177 4269 nihil
3211 4210 3585 4283 recipiendum
3624 4209 3863 4282 putarit

2236 4320 2435 4382 praeter
2462 4324 2527 4366 ea
2560 4323 2680 4381 qua:
2709 4308 2764 4362 in
2797 4305 2953 4362 labris
2979 4305 3264 4363 Hebraicis
3303 4305 3637 4375 legerentur.
3674 4301 3863 4360 Unde

2237 4404 2305 4459 de
2343 4402 2570 4458 historia
2617 4403 2880 4475 Susanna:
2924 4400 3106 4456 aiebat
3154 4399 3296 4471 apud
3344 4398 3739 4469 Hieronymum
3794 4398 3865 4455 in

2238 4496 2347 4553 line
2373 4487 2904 4551 Commentariorum
2935 4494 2989 4550 in
3016 4493 3297 4550 Daniclem
3325 4510 3339 4549 :
3364 4492 3499 4561 Quia
3519 4490 3734 4547 Hebraei
3767 4507 3869 4546 re-

554 4606 933 4677 Octogesimum
958 4612 1155 4671 quoque
1180 4609 1378 4649 nouum
1403 4590 1680 4664 psalmum,
1711 4588 1801 4658 qui
1841 4584 2137 4640 inscribitur
2162 4581 2216 4642 Ι)
2240 4589 2459 4663 probant
2504 4589 2775 4645 historiam
2806 4586 3086 4653 Susannaz,
3117 4587 3343 4642 dicentes
3369 4602 3483 4642 eam
3512 4586 3567 4640 in
3596 4582 3872 4639 Danielia

556 4701 738 4756 Oratio
766 4696 958 4768 Moysi,
992 4690 1216 4747 hominis
1253 4686 1380 4753 Dei,
1418 4694 1464 4738 et
1488 4682 1716 4752 reliquos
1746 4679 2017 4746 undecim,
2050 4677 2140 4748 qui

553 4808 656 4846 non
674 4788 855 4843 habent
877 4784 1080 4850 titulos,
1097 4776 1384 4834 secundum
1398 4773 1446 4828 Η
1455 4774 1566 4828 uilli
1583 4770 1977 4843 expositionem,
2003 4769 2049 4840 ej
2057 4784 2142 4823 us-

553 4884 669 4937 dem
699 4878 873 4948 Moysi
919 4884 1064 4947 putat
1105 4888 1124 4928 :
1160 4886 1253 4925 nec
1296 4867 1632 4938 dedignatur,
1683 4862 1954 4919 Hebraeum
1997 4858 2144 4915 Scri-

554 4986 759 5048 pturam
792 4972 1139 5040 interpretans
1188 4978 1282 5033 per
1317 4958 1525 5030 singula
1563 4958 1709 5025 loca,
1749 4955 1874 5027 quid
1907 4952 2143 5008 Hebraeis

555 5046 809 5130 uideatur,
839 5063 1077 5116 inserere.
1109 5057 1165 5112 in
1193 5056 1300 5110 ﬁne
1327 5052 1447 5109 libri
1473 5049 1702 5106 secundi
1724 5046 1969 5118 ejusdem
1993 5048 2144 5115 Apo-

558 5159 745 5231 logias,
777 5156 844 5210 de
876 5151 1111 5221 Origene
1143 5148 1341 5202 iterum
1364 5185 1380 5213 ,
1421 5154 1474 5200 et
1508 5140 1759 5213 Didyme,
1796 5150 1851 5194 et
1880 5137 2142 5204 Eusebio,

556 5249 757 5311 asserit
787 5248 934 5318 ipsos
968 5241 1281 5299 Judzcorum
1315 5236 1699 5294 translationes
1729 5231 2051 5303 explanasse
2091 5231 2147 5285 in

559 5345 814 5403 omnibus
834 5341 948 5396 suis
970 5336 1122 5391 libris
1141 5349 1156 5390 :
1177 5331 1433 5402 quodque
1460 5327 1793 5400 praecipuum
1813 5334 1899 5381 est
1920 5325 1973 5379 in
1997 5337 2147 5379 com-

562 5434 963 5495 mendationem
990 5425 1274 5482 llebraicte
1302 5421 1567 5487 veritatis,
1601 5419 1706 5475 hoc
1736 5419 1806 5473 ita
1837 5415 2148 5487 subjungit;

560 5527 843 5604 Apostolici
866 5523 960 5578 uiri
980 5519 1191 5588 Scripta
1201 5517 1272 5571 ris
1295 5522 1507 5567 utuntur
1521 5510 1796 5567 Hebraicis
1822 5526 1837 5564 :
1860 5510 2001 5580 ipsos
2022 5523 2148 5579 apo-

555 5599 714 5679 stclos
740 5628 788 5673 et
829 5608 1296 5686 evattgclislas'hec
1337 5607 1515 5678 fecisse
1555 5605 1881 5676 perspicuum
1911 5613 2006 5657 est.
2039 5599 2150 5655 Do-

550 5718 732 5771 ‘minus
773 5720 926 5782 atque
969 5706 1235 5771 Saluator,
1286 5699 1595 5768 ubicumque
1637 5697 1817 5751 veteris
1860 5695 2147 5767 Scriptura:

560 5805 810 5874 meminit,
835 5802 899 5859 de
926 5795 1190 5855 Hebraicis
1221 5788 1567 5850 voluminibus
1588 5789 1731 5862 ponit
1760 5787 2018 5859 exempla,
2041 5797 2148 5844 etc.

2240 4681 2499 4737 volumine
2524 4697 2628 4734 non
2652 4679 2849 4746 haberi,
2878 4677 3122 4733 debemus
3147 4677 3423 4750 diligenter
3450 4677 3713 4748 inquirere
3746 4690 3873 4731 ao—

2242 4776 2381 4830 mina
2406 4776 2596 4847 σχίνου
2621 4775 2704 4830 καὶ
2720 4775 2905 4851 πρίνου
2933 4786 3049 4840 qua:
3068 4769 3248 4825 Latini
3273 4769 3464 4825 illicem
3489 4777 3539 4824 et
3566 4768 3879 4824 lentiscum

2241 4869 2666 4940 interpretantur,
2694 4866 2741 4920 si
2768 4865 2873 4919 sint
2897 4864 3040 4933 apud
3067 4860 3338 4930 Hebraeos,
3365 4868 3415 4915 et
3441 4877 3595 4933 quam
3614 4859 3884 4914 habeant

2243 4962 2639 5035 etymologiam,
2668 4969 2723 5015 ut
2751 4975 2784 5013 a
2812 4960 3019 5032 σχίνῳ,
3053 4957 3253 5025 scissio,
3285 4965 3334 5012 et
3362 4973 3396 5010 a
3424 4956 3618 5031 πρὶνῳ,
3655 4954 3889 5021 sectio,

2246 5057 2352 5112 sive
2376 5054 2612 5119 serratio,
2648 5051 2853 5107 dicatur
2876 5051 3056 5123 lingua
3080 5066 3280 5105 eorum.
3314 5050 3463 5115 Quod
3483 5049 3530 5104 si
3553 5064 3657 5103 non
3689 5049 3898 5116 fuerit

2248 5149 2534 5215 inventum,
2555 5146 2850 5201 necessitate
2874 5159 3118 5216 cogemur
3142 5152 3190 5201 et
3212 5160 3305 5198 nos
3326 5158 3500 5198 eorum
3520 5140 3899 5211 acquiescere

2249 5238 2537 5304 sententiae,
2564 5237 2655 5309 qui
2682 5236 2850 5293 Graeci
2876 5244 3076 5292 tantum
3103 5235 3350 5291 sermonis
3374 5234 3512 5289 hanc
3533 5233 3718 5289 uolunt
3748 5249 3905 5290 esse

2251 5333 2562 5407 περικοπὴν,
2591 5344 2707 5399 quer
2732 5326 2971 5388 ercam
3004 5328 3185 5383 habeat
3223 5325 3614 5398 etymologiam,
3648 5335 3705 5379 et
3743 5322 3906 5380 Hea-

2251 5426 2473 5481 braicam
2505 5442 2607 5478 non
2637 5425 2837 5480 habeat.
2871 5423 3025 5493 Quod
3064 5423 3111 5477 si
3152 5422 3266 5491 quis
3304 5419 3581 5477 ostenderit
3620 5419 3910 5475 dirarum

2251 5518 2468 5572 istarum
2494 5515 2739 5570 arborum
2757 5515 3019 5570 scissionis
3048 5523 3095 5569 et
3121 5513 3363 5568 sectionis
3383 5513 3437 5568 in
3470 5510 3697 5567 Hebraeo
3720 5520 3912 5569 stare

2251 5608 2635 5681 etymoloyiam,
2671 5618 2790 5662 tunc
2836 5592 3117 5676 poterimus
3156 5607 3309 5661 etiam
3337 5604 3474 5662 hanc
3515 5604 3917 5674 Scripturaru

2262 5700 2509 5772 recipere.
2540 5698 2741 5756 Ibidem
2772 5696 3031 5753 nonnulla
3061 5696 3374 5754 edisserens
3396 5694 3467 5751 de
3494 5692 3687 5751 verbis
3715 5696 3917 5766 regis

2253 5790 2581 5864 Babylonis,
2616 5790 2791 5861 deque
2822 5788 2967 5846 idolo
2995 5787 3110 5846 Beli
3156 5788 3298 5861 apud
3333 5786 3666 5860 Babylonios
3687 5825 3709 5857 ,
3750 5788 3927 5858 prii.
