4040 6360
189 241 242 282 Γ

261 333 324 389 'i‘l
931 327 1496 390 PROLEGOMENON
1539 329 1623 387 Ill.
1668 328 1754 385 DE
1792 323 2067 383 CANONE
2107 325 2481 386 HEBRAICAZ
2522 326 2910 390 VERITATIS.
3485 337 3552 395 78

259 447 382 499 rlire
413 445 750 500 sententiam
778 461 929 502 suam
956 457 1136 504 tuetur
1159 448 1479 519 exceptione
1503 449 1602 504 hac
1629 445 1812 503 subtili
1840 463 1851 496 ε
1885 441 1935 502 Α
1963 442 2099 498 LXX
2121 444 2516 515 interpretibus
2537 449 2943 504 succenseatob
2961 449 3302 505 occasionem
3323 451 3554 518 erroris,

259 537 370 591 Hoc
396 537 546 608 quod
569 530 852 608 Scriptura
873 555 1014 595 nunc
1041 539 1168 594 dicit
1191 555 1209 594 :
1231 540 1568 597 Exclamavit
1588 554 1722 596 voce
1745 555 1860 595 ma-

257 629 522 700 gna;quia
549 629 618 683 de
640 628 925 685 idololatra
954 642 1003 687 et
1029 632 1298 706 ignorante
1313 631 1477 687 Deum
1493 632 1702 702 dicitur,
1720 632 1858 686 vide-

259 734 337 776 tur
368 722 783 779 observationem
810 735 1043 780 nostram
1063 727 1351 782 subvertere
1370 743 1516 796 ,qua
1542 724 1741 780 dudum
1766 743 1855 780 as-

258 815 513 870 sentimus
533 859 549 882 ,
581 833 760 871 uocem
786 833 1030 888 magnam
1067 819 1119 872 in
1157 821 1353 873 sanctis
1393 828 1592 872 tantum
1617 819 1851 888 reperiri.

260 907 407 973 Quod
436 909 600 962 soluet
634 908 790 979 facile
818 909 906 979 qui
930 907 1065 962 hanc
1093 909 1361 963 historiam
1387 909 1440 964 in
1466 908 1596 965 libro
1622 909 1856 966 Danielis

255 999 392 1071 apud
422 999 687 1056 Hebrwos
723 1003 910 1056 dixerit
948 1018 1049 1056 non
1081 1003 1273 1059 haberi.
1309 1003 1373 1060 Si
1399 1005 1512 1073 quis
1554 1015 1723 1060 autem
1763 1021 1858 1078 po-

256 1096 403 1151 tlrrit
427 1109 546 1150 eam
567 1096 861 1167 approbare
887 1112 995 1150 esse
1020 1097 1084 1152 de
1114 1095 1342 1165 Conone,
1373 1109 1493 1152 tunc
1523 1099 1856 1168 quwrendum

255 1199 324 1243 est
348 1188 478 1257 quid
518 1188 564 1242 ei
605 1189 917 1257 respondere
951 1188 1245 1244 debeamus.
1282 1190 1359 1245 Ex
1390 1189 1475 1244 liis
1506 1190 1851 1246 manifestum

255 1279 408 1335 nobis
429 1288 544 1345 est,
569 1280 867 1352 Origenem
891 1282 963 1336 ita
987 1281 1270 1337 Hebraicze
1290 1283 1506 1338 veritati
1532 1284 1849 1349 adha‘Si858,

257 1381 310 1427 ut
337 1373 475 1426 nihil
515 1384 673 1428 extra
703 1373 981 1429 Cononem
1015 1374 1364 1430 Hebraeorum
1409 1376 1672 1447 recipere,
1721 1377 1853 1433 nihil

256 1480 358 1520 non
388 1465 724 1522 Hebraicum
756 1467 1049 1525 defendere
1091 1470 1350 1525 voluerit.
1391 1469 1504 1527 Nec
1533 1482 1677 1527 vetat
1708 1472 1852 1543 quod

253 1560 525 1630 scriptum
567 1561 640 1614 ab
675 1577 746 1618 eo
774 1561 1004 1634 legimus
1043 1563 1094 1617 in
1138 1565 1369 1634 epistola
1408 1565 1474 1620 ad
1504 1565 1850 1632 Africanum;

252 1652 373 1721 quia
410 1652 676 1721 prudenli
701 1654 940 1709 consilio
977 1655 1203 1711 usitatos
1234 1657 1288 1711 in
1336 1656 1579 1714 Ecclesia
1613 1660 1850 1725 codices,

253 1741 657 1818 Vulgatamque
684 1747 978 1804 lectionem
1007 1749 1306 1819 Scriptura:
1335 1749 1402 1806 ad
1432 1752 1848 1809 :cdiﬁcationem

1963 551 2119 606 quam
2152 539 2394 608 pra-bent
2428 539 2504 594 illi
2529 539 2582 596 in
2609 556 2702 596 sua
2736 539 3090 596 translatione
3121 542 3552 611 Scripturarunt.

1961 626 2025 680 At
2051 628 2096 682 si
2121 630 2352 695 velimus,
2395 631 2597 702 inquit,
2635 632 2909 688 Hebrazam
2955 633 3226 688 observare
3254 635 3548 701 ueritatem,

1959 720 2224 774 sciendum
2253 733 2328 777 est
2357 721 2606 794 principii
2637 740 2816 779 nomen
2848 725 3144 796 signiﬁcare
3168 734 3344 797 caput.
3368 725 3556 798 Itaque

1960 813 2130 868 licebit
2151 813 2287 868 hunc
2313 818 2580 888 assignare
2599 833 2805 872 sensum
2828 834 2845 871 :
2871 816 3040 873 Moses
3062 818 3245 872 coelum
3266 827 3315 873 et
3337 827 3551 885 terram,

1957 919 2074 974 qua:
2103 905 2269 974 prima
2300 915 2418 960 sunt
2447 909 2642 961 entium
2683 909 2936 977 risibilia,
2971 919 3127 979 caput
3165 920 3310 964 vocat
3332 953 3346 977 ,
3394 919 3500 966 etc.
3530 927 3547 978 ;

1958 995 2156 1051 deinde
2188 997 2399 1068 singula
2430 997 2729 1055 discutiens
2757 999 2826 1056 de
2852 1001 3018 1055 verbo
3045 1002 3254 1067 creavit,
3291 1003 3342 1057 in
3377 1003 3551 1073 primo

1957 1090 2237 1146 Geneseos
2259 1106 2440 1156 versu,
2488 1091 2606 1149 haec
2637 1097 2688 1148 in
2722 1094 2906 1164 primis
2937 1105 3126 1150 notare
3155 1094 3358 1151 studuit
3397 1115 3407 1148 :
3448 1095 3546 1150 Ve-

1955 1199 2074 1238 rum
2105 1185 2151 1237 si
2180 1183 2498 1240 Hebraicam
2527 1185 2801 1242 dictionem
2829 1187 3135 1262 diligentius
3164 1200 3401 1245 excutere
3426 1192 3550 1245 veli-

1958 1293 2092 1343 mus,
2121 1277 2428 1349 reperiemus
2451 1293 2563 1332 eam
2588 1294 2758 1333 vocem
2783 1295 2886 1332 non
2907 1278 3212 1351 simpliciter
3231 1279 3550 1352 signiﬁcare,

1957 1369 2096 1439 fecit,
2131 1371 2219 1424 sed
2241 1370 2492 1435 condidit,
2517 1371 2570 1424 in
2599 1382 2924 1440 conspectum
2948 1381 3177 1426 nostrum
3203 1374 3362 1438 dedit,
3388 1383 3434 1428 et
3461 1377 3552 1429 de-

1956 1465 2256 1519 monstravit
2290 1481 2308 1518 :
2339 1467 2454 1535 qua?
2499 1465 2672 1519 omnia
2716 1465 3094 1536 quodammodo
3145 1467 3362 1534 docent,
3411 1467 3550 1538 quod

1954 1570 2089 1621 eam,
2123 1571 2242 1609 cum
2266 1556 2413 1625 prius
2435 1572 2537 1609 non
2561 1555 2742 1626 fuerit,
2773 1572 2865 1610 nec
2893 1572 2958 1610 ea:
2985 1559 3312 1629 prtejacente,
3337 1561 3554 1613 materia

1956 1646 2312 1712 constituerit,
2347 1656 2394 1700 et
2435 1646 2710 1701 videndam
2753 1645 3063 1702 exhibuerit.
3100 1648 3239 1704 Nam
3277 1652 3417 1721 quod
3458 1653 3555 1707 Se-

1957 1737 2230 1806 ptuaginta
2251 1737 2556 1807 interpretes
2592 1738 2856 1808 inquiunt,
2888 1741 3044 1808 fecit;
3071 1749 3205 1794 certe
3235 1743 3554 1798 occasionem

252 1837 450 1908 plebis,
483 1839 656 1895 noluit
683 1856 714 1894 a
739 1839 1069 1896 Christianis
1096 1843 1369 1911 repudiari
1395 1854 1668 1916 tamquam
1693 1846 1849 1902 adul-
1885 1835 1926 1896 Β
1954 1829 2263 1900 quibusdam
2293 1831 2470 1901 ηιαςηί
2510 1833 2704 1886 erroris
2745 1830 2993 1886 οωηιετεα
3040 1830 3239 1889 Facere
3267 1835 3451 1889 etenim
3492 1838 3554 1892 de

249 1932 423 1986 terina
452 1931 857 2003 additamenta,
889 1945 983 1990 aut
1010 1935 1301 1992 mimorum
1333 1946 1452 1992 arte
1479 1948 1754 1994 contexta.
1788 1940 1845 1994 In

248 2022 496 2079 homiliis
526 2025 696 2094 igitur
729 2027 866 2093 suis,
904 2043 1037 2098 quas
1060 2028 1126 2081 ad
1159 2028 1377 2099 vulgum
1408 2028 1668 2100 loquitur,
1699 2047 1851 2086 com-

248 2131 471 2173 munem
502 2117 813 2174 editionem
841 2134 904 2175 ac
935 2120 1200 2178 lectiones
1232 2121 1457 2178 usitatas
1485 2123 1729 2194 sequitur
1756 2145 1765 2178 :
1793 2125 1847 2180 in

248 2209 410 2264 tomis
441 2226 604 2278 vero,
633 2212 686 2266 id
714 2225 821 2280 est,
857 2213 912 2269 in
941 2214 1307 2286 disputatione
1335 2217 1551 2287 majori,
1581 2217 1847 2275 llcbraica

245 2305 477 2359 veritate
501 2306 764 2376 stipatus,
791 2317 846 2362 et
871 2322 1093 2364 suorum
1119 2308 1492 2364 circumdatus
1519 2312 1844 2381 agminibus,

247 2398 519 2453 interdum
554 2397 755 2469 linguae
786 2401 1093 2472 peregrina:
1121 2401 1314 2472 quierit
1337 2403 1554 2458 auxilia.
1589 2403 1741 2472 Quod
1775 2404 1846 2459 ita

249 2498 507 2546 testatum
543 2491 817 2548 habemus
860 2492 929 2548 ab
966 2493 1298 2566 Hieronymo
1350 2497 1663 2566 prmfntione
1692 2496 1851 2564 Qua:-

250 2583 492 2637 stionum
525 2583 927 2640 llebraicarum
963 2586 1014 2639 in
1037 2585 1314 2642 Genesitn.
1345 2585 1638 2643 Sciendum
1670 2598 1847 2644 tamen

247 2678 298 2731 in
333 2676 598 2732 ilomiliis
637 2676 802 2732 etiam
837 2678 1088 2748 Origcnis
1116 2680 1254 2735 bene
1303 2680 1476 2734 audiri
1527 2679 1847 2737 chraicam

247 2769 560 2834 veritatem,
582 2783 647 2824 ac
677 2771 875 2838 saepius
903 2771 1144 2842 praeferri
1177 2772 1530 2844 Septuaginta
1554 2773 1846 2831 Seniorum

248 2860 828 2932 interpretationibus.
860 2863 1095 2918 llomilia
1123 2865 1362 2920 secunda
1393 2863 1446 2920 in
1477 2864 1696 2922 Cantica
1722 2882 1850 2921 Can-

252 2955 482 3010 ticorum
510 2969 640 3010 cum
676 2956 962 3010 recitasset
987 2955 1249 3026 Origenes
1280 2957 1396 3011 hinc
1427 2957 1592 3012 verba
1616 2956 1844 3012 Prover-

252 3046 470 3101 biorum
503 3061 660 3102 xxut
681 3089 695 3113 ,
731 3047 798 3102 10
822 3064 836 3101 :
861 3045 928 3100 In
960 3048 1169 3101 domum
1199 3049 1375 3117 fratris
1404 3048 1565 3102 tuine
1593 3050 1750 3102 intres
1771 3050 1851 3103 in-

250 3140 398 3210 felix,
425 3143 478 3196 in
510 3142 763 3196 ultimam
787 3156 1002 3209 vocem,
1034 3142 1242 3213 infelix,
1271 3141 1348 3197 sic
1378 3142 1721 3198 observatum
1756 3159 1848 3194 Vti-

1953 1923 2033 1976 Itis
2057 1924 2366 1993 pradicant,
2397 1940 2510 1994 qua:
2562 1941 2626 1979 ea:
2672 1925 2895 1996 quadam
2928 1928 3144 1981 materia
3173 1929 3552 1998 producuntur,

1952 2024 2005 2068 ut
2047 2030 2110 2069 ea:
2152 2017 2293 2086 {erro
2324 2017 2467 2086 falx,
2514 2025 2560 2069 et
2603 2017 2710 2070 alia
2738 2032 2854 2088 qua:
2882 2017 3028 2071 trabis
3059 2019 3285 2089 artiﬁces
3315 2023 3554 2092 efﬁciunt.

1952 2105 2095 2162 Hinc
2114 2109 2327 2180 quidam
2350 2110 2405 2164 in
2438 2110 2572 2163 hunc
2601 2125 2824 2165 errorem
2853 2111 3114 2183 provoluti
3147 2124 3266 2167 sunt
3286 2157 3299 2179 ,
3328 2124 3382 2168 ut
3414 2119 3552 2170 voci-

1952 2202 2215 2271 ferarent,
2251 2201 2435 2256 Mosen
2473 2202 2534 2255 ab
2561 2201 2831 2275 nggptiis
2859 2204 3130 2268 edoctum,
3169 2207 3451 2264 credidisse
3494 2225 3556 2264 ex

1953 2295 2262 2366 prtejat'ente
2306 2297 2524 2350 materia
2559 2297 2654 2350 hoc
2687 2297 2981 2352 universum
3014 2297 3311 2369 conditum,
3345 2317 3557 2369 eamque

1951 2390 2255 2442 sententiam
2287 2389 2463 2442 statim
2502 2391 2553 2443 in
2583 2390 2666 2443 siti
2695 2392 2861 2462 operis
2902 2391 3050 2447 initio
3081 2394 3226 2448 nobis
3263 2394 3551 2464 inculcare,

1952 2497 2069 2534 cum
2092 2490 2268 2534 utatur
2290 2482 2463 2544 verbo,
2488 2483 2626 2552 fecit.
2647 2481 2696 2536 Η
2703 2499 2845 2537 orum
2870 2484 3245 2555 impudentiam
3266 2504 3383 2541 cum
3407 2490 3555 2559 igno-

1949 2584 2124 2628 rarent
2156 2575 2498 2646 Septuaginta
2538 2575 2872 2645 interpretes,
2911 2587 3212 2646 pra’sentem
3250 2579 3423 2634 locum
3462 2598 3552 2653 per

1951 2665 2184 2730 verbum,
2213 2665 2364 2733 fecit,
2397 2682 2691 2737 exposuere,
2723 2683 2843 2720 cum
2883 2669 3044 2722 satius
3076 2670 3253 2736 fuisset
3284 2672 3437 2725 aliter
3465 2688 3554 2727 ea:-

1953 2761 2179 2831 positum
2207 2775 2334 2821 esse,
2369 2769 2415 2812 et
2448 2775 2538 2830 per
2565 2760 2801 2828 verbum,
2836 2761 2974 2831 quod
3006 2761 3228 2818 Hebraeo
3262 2781 3351 2832 per
3381 2767 3554 2820 omnia

1950 2852 2308 2925 responderet,
2336 2852 2469 2906 sicut
2502 2851 2704 2908 Mosem
2739 2854 2904 2926 egisse
2940 2863 3168 2921 constat,
3195 2857 3282 2926 qui
3318 2873 3376 2912 eo
3404 2859 3555 2913 verbo

1951 2944 2088 3022 quod
2111 2945 2283 3016 ponit,
2313 2945 2458 3012 quasi
2497 2945 2780 2998 reluctatur
2807 2962 3008 3000 summa
3037 2947 3083 3000 vi
3107 2947 3234 3012 illis,
3269 2949 3358 3017 qui
3397 2959 3558 3003 male--

1953 3040 2083 3092 riam
2116 3038 2451 3105 inducebant,
2492 3041 2774 3094 ostendens
2806 3040 3064 3095 evidenter
3091 3059 3204 3096 eam
3230 3059 3331 3097 non
3358 3049 3553 3116 prtcja-

1952 3131 2134 3184 cuisse.
2167 3129 2335 3185 Immo
2359 3131 2543 3184 caelum
2567 3173 2580 3196 ,
2606 3140 2828 3197 terram,
2863 3133 3202 3203 alyssttmque
3227 3137 3556 3191 antecessisse

249 3232 373 3287 luit.
425 3231 533 3285 Pro
577 3249 635 3286 eo
664 3234 802 3302 quod
850 3232 1230 3304 Septuaginta,
1277 3235 1488 3306 infelix,
1532 3235 1849 3304 interpretati
1877 3213 1924 3278 C
1954 3223 2225 3276 materiam
2269 3230 2673 3285 commonstrat,
2725 3222 2846 3275 dum
2878 3241 2940 3277 ex
2968 3222 3052 3276 his
3097 3227 3276 3279 mundi
3312 3239 3554 3282 ornatum

255 3335 406 3390 sunt,
431 3325 633 3394 Aquila,
670 3324 950 3380 Hebrteam
980 3328 1274 3395 exprimens
1302 3328 1586 3396 veritatem,
1617 3328 1850 3406 ἀγροικὸν

253 3419 454 3487 posuit.
487 3417 718 3473 llomilia
749 3433 970 3490 quoque
1001 3419 1286 3475 undecima
1317 3421 1370 3474 in
1398 3420 1692 3476 Jereniiam
1734 3434 1849 3474 mae

253 3511 488 3566 nilestus
510 3519 598 3566 est
625 3521 869 3568 assertor
889 3512 1246 3568 Hebraeorum
1270 3513 1631 3580 voluminum,
1654 3513 1705 3567 in
1736 3523 1852 3566 tan-

254 3612 364 3657 tum
392 3614 448 3656 ut
468 3618 535 3658 ea
555 3613 715 3658 vocet
734 3604 1068 3684 exemplaria
1088 3605 1344 3669 certiora,
1362 3613 1524 3675 atque
1544 3605 1845 3668 veraciora,

261 3694 442 3750 habita
457 3697 627 3751 etiam
653 3696 864 3752 ratione
887 3695 954 3750 ad
971 3697 1279 3752 versionem
1305 3695 1444 3752 LXX
1469 3701 1846 3767 interpretum.

257 3785 463 3856 Duplex
486 3789 712 3860 quippe,
759 3789 967 3859 inquit,
998 3788 1274 3862 Scriptura
1300 3797 1394 3844 est.
1427 3788 1566 3843 Nam
1593 3790 1647 3842 in
1673 3788 1852 3844 multis

261 3879 650 3951 επηιριυήὺω
687 3879 1152 3935 continetur:Non
1189 3879 1404 3950 profui,
1436 3895 1610 3952 neque
1653 3879 1853 3950 profuit

257 3972 384 4027 mihi
416 3974 732 4043 quisquam.
775 3971 841 4027 In
883 3973 963 4029 his
995 3990 1112 4028 vero
1150 3989 1263 4044 quae
1297 3974 1614 4042 exemplaria
1650 3974 1851 4029 reriora

257 4072 391 4130 sunt,
423 4071 474 4118 et
495 4079 618 4117 cum
651 4063 888 4119 Hebraeis
911 4073 1218 4132 consonant,
1241 4065 1462 4119 habetur
1485 4081 1503 4120 :
1523 4065 1639 4121 Non
1664 4067 1846 4132 debui,

258 4170 431 4226 neque
460 4155 660 4211 debuit
689 4156 820 4212 mihi
847 4157 1158 4226 quisquam.
1207 4156 1422 4228 Oportet
1448 4158 1607 4228 igitur
1633 4169 1682 4213 et
1714 4157 1852 4230 quod
1890 4224 1894 4228 ι

259 4249 306 4300 in
337 4263 438 4302 usst
467 4255 567 4317 est,
599 4258 750 4318 atque
779 4251 832 4302 in
859 4247 1108 4304 Ecclesiis
1139 4249 1346 4320 legitur,
1377 4265 1650 4321 exponere,
1683 4260 1729 4304 et
1757 4251 1853 4304 hoc

258 4339 394 4409 quod
410 4341 465 4394 in
485 4339 725 4394 Hebreis
745 4340 1007 4396 codicibus
1035 4342 1309 4408 inuenitur,
1325 4342 1570 4395 intactum
1594 4358 1694 4395 non
1723 4357 1856 4412 prat-

259 4433 433 4488 terire.
462 4434 532 4488 Et
561 4443 684 4504 post
716 4448 884 4502 pauca
911 4449 922 4486 :
955 4432 1092 4498 Quia
1117 4443 1284 4487 autent
1316 4443 1360 4487 et
1388 4433 1494 4486 alia
1523 4433 1664 4487 nobis
1695 4450 1855 4505 expo-

258 4525 374 4577 sitio
396 4524 614 4578 residua
637 4533 734 4590 est,
758 4535 966 4595 propter
988 4523 1302 4596 exemplaria
1327 4527 1564 4591 certiora,
1590 4525 1643 4579 in
1667 4525 1850 4595 quibus

1954 3312 2287 3386 processisse,
2351 3315 2604 3385 populum
2654 3329 2758 3367 sum
2815 3314 2939 3384 ﬁdei
2988 3317 3318 3370 commissum
3356 3318 3548 3372 erudit.

1954 3407 2160 3476 Quanta
2190 3417 2312 3461 sunt
2345 3409 2394 3461 iti
2423 3406 2519 3460 hac
2550 3407 2883 3476 Procopiana
2915 3409 3278 3478 expositione,
3306 3426 3426 3480 qua:
3456 3427 3549 3464 vc-

1957 3499 2168 3554 rilatem
2193 3497 2540 3554 liebrmorum
2569 3495 2902 3553 voluminum
2930 3500 3314 3555 commendant
3339 3517 3352 3555 :
3379 3516 3550 3571 quan-

1956 3605 2006 3651 ta
2037 3596 2363 3660 ccontrario,
2401 3611 2519 3666 qua:
2549 3597 2954 3652 translationem
2988 3597 3339 3668 Septuaginta
3376 3601 3548 3656 inier-

1957 3701 2170 3759 pretum
2202 3687 2544 3758 explodunt?
2571 3687 2647 3743 Ne
2682 3691 2804 3758 quis
2838 3697 3016 3744 tatnen
3057 3689 3157 3745 sibi
3193 3691 3294 3746 soli
3334 3691 3547 3760 doctus,

1955 3784 2110 3838 nobis
2135 3797 2264 3839 vero
2279 3783 2501 3838 multum
2529 3781 2776 3838 indoctus
2797 3793 3162 3855 propugnator
3183 3784 3329 3841 LXX
3350 3785 3550 3842 Trans-

1955 3877 2219 3942 latorum,
2273 3875 2581 3942 existimet,
2643 3875 2970 3946 Proc0pium
3013 3878 3173 3934 unico
3216 3877 3382 3934 hocce
3429 3880 3551 3937 loco

1955 3968 2213 4024 tribuisse
2263 3969 2644 4024 auctoritatem
2692 3969 3097 4040 exemplaribus
3139 3971 3422 4028 Hebraicis
3465 3989 3551 4029 sa-

1954 4079 2167 4118 crorum
2209 4063 2505 4119 Bibliorum
2529 4106 2544 4130 ,
2579 4063 2718 4135 legat
2757 4063 2997 4134 ejusdem
3028 4063 3467 4123 Commentarios
3495 4069 3548 4124 in

1954 4165 2117 4225 caput
2145 4155 2492 4211 undecimum
2523 4155 2825 4222 Geneseos,
2853 4157 2941 4211 ubi
2975 4159 3241 4229 scriptum
3273 4161 3551 4231 reperiet:

1958 4245 2082 4301 Sent
2114 4246 2212 4317 fuit
2235 4245 2378 4315 ﬁlius
2410 4257 2610 4301 centum
2642 4265 2922 4317 annorum,
2953 4261 2998 4303 et
3031 4251 3203 4321 genuit
3230 4251 3548 4323 Arphaxad,

1959 4338 2163 4393 biennio
2199 4347 2314 4410 post
2355 4338 2625 4392 diluvium.
2676 4338 2930 4394 llebraica
2957 4343 3142 4396 veritas
3169 4343 3340 4408 habet,
3375 4343 3552 4399 Solam

1957 4429 2186 4502 genitum
2213 4445 2320 4484 esse
2350 4428 2412 4483 ab
2444 4431 2747 4499 Arphaxad.
2792 4432 2919 4500 Quae
2946 4433 3134 4488 deinde
3157 4434 3211 4488 in
3240 4434 3410 4490 medio
3455 4451 3551 4505 po-

1962 4530 2174 4588 nantur,
2209 4522 2427 4576 obelisco
2459 4523 2661 4593 signata
2690 4524 2945 4578 visuntur.
2977 4526 3214 4582 Junioris
3249 4525 3429 4596 igitur,
3461 4530 3554 4597 qui

258 4618 594 4672 continetur:
617 4632 723 4671 non
759 4616 942 4685 debui,
979 4631 1153 4688 neque
1181 4616 1366 4674 debuit
1388 4617 1516 4672 mihi
1541 4617 1848 4687 quisquam,
1881 4599 1938 4660 Ῑ)
1963 4627 2206 4684 vocatur,
2230 4613 2456 4671 Cainani
2496 4617 2736 4687 jugulata
2767 4627 2851 4671 est
2889 4617 3129 4672 obelisco
3158 4618 3508 4688 progenitura
3535 4634 3549 4686 ;

257 4722 303 4763 et
323 4711 467 4764 hunc
492 4708 670 4765 locum
695 4711 1097 4765 consideremus.
1126 4709 1226 4777 Qui
1248 4710 1404 4781 plura
1427 4709 1770 4774 desiderarit,
1795 4721 1853 4765 ut

262 4817 593 4872 persuasum
627 4801 824 4860 habeat
851 4801 1143 4874 Origencm
1187 4803 1239 4857 in
1279 4802 1535 4858 omnibus
1567 4801 1854 4874 agnovisse

260 4895 655 4952 auctoritatem
695 4894 1085 4950 ﬂebraicorum
1117 4895 1482 4959 voluminum,
1518 4896 1659 4965 legat
1687 4893 1855 4948 libros

262 4987 518 5057 ejusdem
549 4997 741 5042 contra
769 4987 1018 5056 Celsum,
1048 4997 1100 5043 et
1131 4995 1306 5042 tomos
1331 4987 1853 5043 Commentariorum

262 5082 316 5136 in
341 5082 685 5137 lautianm.
717 5082 871 5137 Nunc
902 5096 1044 5136 unus
1086 5096 1185 5152 pro
1225 5081 1347 5136 aliis
1376 5082 1630 5136 omnibus
1656 5081 1858 5137 Crtecis

184 5225 186 5227 .
250 5173 526 5229 ‘Patribus
558 5174 743 5229 veniat
784 5174 849 5229 ad
897 5173 1274 5245 probationem
1303 5183 1502 5230 nostrai
1538 5173 1858 5230 assertionis

267 5263 578 5335 Procopius
611 5264 843 5321 Gnatus
889 5264 1166 5336 Sophiste,
1203 5267 1291 5337 qui
1333 5266 1764 5321 Commentarios
1803 5264 1859 5320 in

184 5376 186 5384 ί
264 5357 664 5414 Octateuchum
686 5371 753 5414 ex
782 5359 1168 5414 vetustissimis
1189 5359 1614 5416 orthodoxorum
1639 5359 1858 5414 Patrum

266 5452 613 5522 aliorumque
661 5451 1003 5522 Scriptorum
1035 5453 1473 5509 enat-rationibus
1513 5452 1860 5508 accuratissi-

268 5559 358 5602 me
385 5545 762 5612 conciliavit,
784 5554 842 5601 et
865 5548 1160 5602 sententias
1180 5564 1376 5603 eorum
1401 5548 1454 5602 iti
1479 5565 1641 5603 unum
1667 5564 1863 5617 corpus

186 5653 193 5668 ι
275 5637 1868 5708 acperpetuuminterpretationiscontextumdelibavit.llic

273 5728 699 5799 itaqueGraci-us
718 5731 1054 5798 Scriptor,“
1079 5733 1310 5801 primum
1324 5733 1599 5787 Geneseos
1621 5731 1866 5798 verbum,

274 5821 594 5878 llebraicam
629 5824 878 5892 agnoscit
908 5824 1208 5890 veritatem,
1234 5839 1532 5894 parumque
1563 5823 1714 5879 abest
1743 5839 1872 5900 quill

1961 4708 2081 4777 quia
2126 4706 2271 4761 nulla
2304 4706 2408 4762 fuit
2433 4707 2487 4762 in
2516 4708 2726 4762 veritate
2761 4707 3017 4763 Hebraica
3042 4707 3202 4780 hujus
3227 4710 3551 4780 patriarcha:

1962 4802 2438 4856 commemoratio.
2469 4802 2544 4856 Ea
2574 4812 2750 4856 autem
2785 4817 2905 4872 qua:
2931 4802 3101 4857 obelis
3131 4803 3336 4875 signata
3364 4816 3547 4868 erant.

1963 4891 2112 4946 nulla
2145 4893 2485 4962 expositione
2518 4894 2879 4964 dignabantur
2906 4893 3045 4966 apud
3074 4893 3324 4962 Graecos,
3357 4897 3556 4968 quippe

1964 4983 2107 5054 quod
2141 4985 2318 5039 aliena
2349 4999 2378 5037 a
2423 4983 2572 5038 fonte
2599 4984 3035 5054 Scripturarnm,
3069 4997 3122 5041 et
3154 4987 3422 5043 adscititia
3453 4989 3550 5043 ha-

1965 5076 2226 5131 berentur
2244 5076 2297 5130 in
2316 5075 2498 5129 verbis
2519 5074 2870 5144 propheticis.
2887 5076 3124 5147 Tempus
3147 5093 3233 5134 me
3251 5079 3485 5148 deﬁciet,
3508 5086 3554 5136 si

1963 5185 2155 5233 cuncta
2198 5177 2488 5246 replicem,
2518 5193 2634 5248 quae
2668 5178 2718 5230 in
2753 5175 2998 5249 Procopii
3029 5178 3204 5232 Gazmi
3228 5179 3554 5237 collectione

1964 5271 2165 5326 ati‘atitn
2218 5279 2514 5327 occurrunt
2541 5270 2605 5324 ad
2635 5269 3086 5326 manifestaudam
3137 5271 3551 5338 auctoritatem,

1963 5379 2123 5434 quam
2151 5362 2415 5418 Hebraicis
2433 5362 2633 5417 veritati
2660 5362 2895 5418 tribuere
2913 5361 3086 5418 Gra'ci
3115 5363 3428 5435 scriptorcs.
3449 5364 3554 5420 Ve-

1966 5472 2082 5511 rum
2117 5455 2267 5511 nefas
2307 5456 2376 5509 sit
2400 5456 2649 5510 omisisse
2680 5471 2800 5525 quas
2844 5454 2912 5510 de
2947 5454 3107 5510 annis
3145 5454 3554 5527 chronologicis

1970 5551 2205 5619 priorum
2241 5547 2664 5618 patriarcharum
2699 5559 2822 5602 ante
2872 5545 3168 5613 diluvium,
3202 5547 3390 5603 scribit
3422 5545 3555 5602 Pro-

1972 5642 2179 5711 Copitts,
2211 5647 2364 5713 quasi
2402 5641 2620 5696 nomine
2652 5642 2880 5695 aliorum
2913 5641 3157 5695 omnium
3191 5642 3416 5697 Graecia:
3448 5649 3559 5696 ttat--

1975 5743 2246 5792 Ctatorunt
2285 5752 2294 5787 :
2332 5733 2637 5788 Notandum
2667 5744 2764 5797 est,
2812 5732 3006 5800 inquit,
3047 5730 3323 5786 Ilebra'um
3367 5740 3565 5801 semper

1978 5826 2114 5880 circa
2137 5828 2486 5880 centenarium
2512 5842 2778 5880 numerum
2806 5825 2997 5878 versari
3023 5824 3072 5876 in
3106 5825 3458 5893 componenda
3477 5842 3564 5896 ge-
