3992 6338
3735 149 3817 173 ⁸”“”Ί

439 305 510 362 79
1033 303 1130 362 AD
1166 303 1226 365 s.
1264 300 1645 363 HIERONYMI
1686 279 1972 361 otvtnsn
2014 299 2524 363 BlBLlOTilECAM
2564 301 3108 364 PROLEGOMENA:
3659 299 3733 358 so

442 420 706 491 ncalcgia,
733 419 956 489 exciitpli
986 420 1155 490 gratia
1183 435 1202 473 :
1230 418 1400 473 Adam
1431 427 1583 474 natus
1621 433 1785 471 annos
1812 414 1920 470 2'50
1947 431 2034 489 ge-
2059 420 2108 477 Α
2135 417 2269 473 Cum
2297 427 2479 473 autem
2506 418 2800 474 creationis
2830 417 3020 474 mundi
3043 432 3111 472 ex
3142 413 3313 470 nihilo
3346 412 3510 470 ﬁdem
3541 415 3726 472 exclu-

437 515 554 568 nuit
597 513 723 569 Setlt
746 551 761 579 ,
807 513 897 582 qui
927 512 1305 584 primogenitus
1347 518 1582 566 censetur
1615 525 1630 562 :
1660 507 1748 562 sed
1782 505 2032 561 Hebrwus

435 607 515 661 sic
534 603 709 660 scribit
739 619 758 658 :
781 604 948 657 Adam
971 615 1124 658 natus
1146 620 1309 658 annos
1336 604 1438 658 130
1464 602 1638 674 genuit
1662 599 1860 655 Sclh...
1891 596 2032 654 Enos

439 715 563 754 vero
594 699 721 752 vixit
751 697 1035 768 nonaginta
1061 698 1237 765 annis,
1266 704 1313 751 et
1343 695 1520 766 genuit
1558 692 1818 746 Kenan...
1851 690 2037 745 Kenan

435 805 559 846 vero
586 791 712 844 vixit
733 789 1062 860 septuaginta
1092 789 1266 854 annis,
1288 797 1338 842 et
1364 785 1539 859 genuit
1570 782 1892 849 Maha’lalel,
1922 789 2028 838 etc.

439 882 520 940 lla
563 892 972 952 consequenter
1019 896 1193 951 usque
1239 879 1305 934 ad
1363 877 1730 949 patriareham
1785 874 2034 941 Henoch,

441 975 535 1045 qui
566 990 686 1029 cum
720 973 832 1029 Deo
863 973 1154 1028 ambulans
1178 971 1424 1026 sublatus
1448 977 1555 1035 est,
1586 984 1656 1025 ne
1681 968 1888 1024 malitia
1913 983 2052 1022 mli--

439 1075 583 1123 taret
611 1067 948 1122 intellectum
992 1067 1134 1134 ejus.
1165 1063 1432 1119 Minorem
1466 1078 1600 1119 vero
1629 1077 1916 1118 numerum
1947 1075 2037 1116 co-

439 1159 622 1216 dicnm
654 1160 1006 1215 Hebraeorum
1032 1157 1136 1212 hoc
1164 1155 1329 1211 modo
1357 1163 1681 1226 prosecutus
1706 1152 2034 1223 Procopius,

439 1253 691 1324 agnoscit
716 1253 874 1306 Ialem
898 1250 1314 1320 chronologiam
1339 1262 1550 1303 summa
1571 1247 1845 1318 diligentia
1865 1245 2039 1300 fuisse

439 1354 762 1400 annotatam
790 1359 819 1397 a
848 1343 1031 1413 Moyse
1045 1360 1080 1410 _:
1111 1341 1247 1397 Ecce
1290 1350 1485 1410 quanta
1522 1341 1792 1416 diligentia
1819 1347 2036 1393 annota-

403 1441 556 1492 ’tum
602 1438 668 1492 sit
701 1448 934 1508 tempus,
983 1435 1120 1505 quod
1173 1435 1432 1505 praecessit
1482 1433 1868 1506 generationem
1914 1430 2040 1483 libe-

438 1545 655 1596 rorum,
687 1537 735 1582 et
781 1527 921 1599 quod
959 1527 1175 1598 denique
1208 1527 1496 1580 insecutum
1541 1533 1637 1578 est.
1680 1522 1779 1578 Hic
1819 1520 2040 1592 quidem

443 1623 501 1678 in
529 1637 651 1692 cap.
687 1636 720 1674 v
751 1619 1031 1676 Geneseos
1074 1618 1269 1689 probat
1313 1617 1656 1687 Scripturam
1689 1614 2036 1678 Hebraicam;

442 1725 502 1771 at
525 1717 578 1770 in
600 1713 1025 1774 Commentariis
1047 1712 1115 1767 ad
1139 1725 1362 1766 versum
1382 1720 1636 1766 octavum
1665 1709 1859 1779 capitis
1891 1721 2040 1762 χχιιι

2137 511 2269 565 dant
2301 511 2484 582 aliquo
2529 511 2691 566 modo
2721 511 3070 582 Septuaginta
3111 508 3525 576 Translatores,
3576 509 3732 580 pejus

2138 602 2318 659 adhuc
2347 603 2678 659 creationem
2711 603 2978 659 inducunt
3023 602 3076 656 in
3123 612 3387 658 :eternam
3439 600 3734 671 Sapientia:

2138 696 2236 751 Dei
2265 698 2695 766 generationem,
2727 706 2783 753 et
2805 697 2930 754 inde
2958 697 3174 752 Arianae
3202 695 3394 752 haeresi
3427 710 3617 751 ansam
3650 696 3736 752 sui

2137 790 2405 860 dOgmatis
2435 792 2877 848 subministrant.
2928 791 3058 848 Ideo
3085 792 3262 848 sancti
3306 790 3496 847 Patres
3537 805 3736 861 provo-

2139 893 2267 938 cant
2294 885 2361 939 ad
2385 884 2707 941 Hebraicam
2746 886 3058 952 veritatem,
3088 900 3189 956 qua
3223 901 3377 941 error
3405 885 3736 941 Arianorum

2140 975 2483 1033 validissime
2496 978 2826 1034 confutatur.
2847 977 3183 1050 Epiphanius
3200 977 3334 1034 haar.
3353 978 3444 1046 68,
3462 993 3585 1050 pag.
3605 977 3734 1046 320,

2139 1069 2379 1136 Arianis,
2398 1072 2578 1128 locum
2595 1087 2625 1127 a
2639 1071 2784 1127 LXX
2809 1073 2949 1129 male
2971 1073 3199 1138 editum,
3220 1073 3246 1129 ὁ
3265 1075 3446 1152 Κύριος
3465 1071 3629 1130 ἔκτισε
3648 1095 3735 1145 με,

2142 1163 2482 1235 urgentibus,
2516 1166 2588 1220 ita
2619 1165 2902 1236 reSpondit
2933 1183 2947 1220 :
2981 1166 3060 1221 Hi
3101 1183 3216 1221 cum
3241 1166 3529 1221 Hebraicas
3552 1166 3738 1220 dictio-

2141 1271 2232 1310 nes
2254 1271 2418 1326 neque
2438 1257 2725 1328 attigerint,
2750 1273 2908 1328 neque
2928 1259 3176 1325 noverint,
3208 1274 3369 1329 neque
3391 1257 3662 1312 commodo
3685 1273 3743 1313 se

2143 1348 2330 1403 habeat
2360 1351 2543 1405 harum
2571 1351 2669 1422 vis,
2690 1351 2857 1407 sciant
2887 1367 2906 1406 :
2927 1360 3160 1422 proterve
3183 1362 3234 1407 et
3253 1352 3544 1423 petulanter
3572 1349 3741 1406 insul-

2143 1449 2337 1510 tarunt,
2370 1458 2548 1514 graves
2580 1442 2777 1496 inimici
2802 1459 2819 1497 :
2856 1453 3139 1514 querentes
3167 1443 3488 1499 occasionem
3515 1443 3650 1497 unde
3673 1443 3742 1511 ﬁ-

2144 1537 2259 1592 dem
2285 1537 2548 1606 mutilent,
2574 1539 2732 1593 immo
2757 1539 2924 1610 magis
2961 1541 3178 1610 seipsos,
3219 1556 3312 1596 nec
3349 1541 3488 1595 enim
3524 1548 3740 1611 possunt

2144 1631 2430 1684 veritatem.
2462 1628 2532 1684 Et
2557 1631 2678 1702 quia
2707 1631 3041 1698 invenerunt,
3079 1632 3344 1688 Dominus
3382 1633 3592 1689 creavit
3625 1648 3739 1701 me,

2148 1722 2433 1792 periculose
2454 1721 2588 1776 velut
2607 1723 2949 1796 imaginantes
2969 1726 3252 1792 somniant,
3281 1741 3364 1792 ea,
3383 1741 3498 1795 qute
3519 1724 3589 1778 ad
3607 1722 3748 1777 nihil

438 1806 896 1871 Deuteronomii,
938 1819 1184 1861 errorem
1228 1804 1587 1874 Septuaginta
1625 1800 1913 1856 manifeste
1949 1814 2041 1854 re-

2147 1813 2414 1866 commoda
2441 1822 2579 1882 sunt,
2611 1815 2726 1868 vitta
2751 1815 3048 1887 inferentes,
3078 1824 3125 1870 et
3153 1816 3327 1872 orbem
3355 1825 3612 1871 terrarum
3633 1825 3746 1868 tur-

437 1900 662 1970 darguit
693 1899 776 1954 his
814 1898 1043 1954 verbis:
1077 1897 1152 1950 Ab
1195 1895 1364 1949 Adam
1410 1911 1571 1964 usque
1611 1893 1680 1947 ad
1724 1892 1840 1948 Noe
1882 1889 1944 1946 ab
1978 1905 2040 1945 eo

442 1995 722 2062 decimum,
754 1993 906 2047 annis
934 1992 1141 2046 circiter
1173 1989 1248 2044 bis
1271 1989 1411 2043 mille
1439 1986 1789 2060 quadraginta
1817 1987 2036 2056 duobus,

445 2089 534 2160 qui
576 2104 720 2143 error
759 2084 904 2139 LXX
937 2084 1275 2155 interpretum
1304 2090 1412 2147 est,
1448 2081 1627 2135 nullus
1655 2081 1708 2134 in
1753 2083 2040 2152 spatiosum

439 2184 539 2237 iter
561 2179 855 2251 deﬂexisse,
881 2176 1096 2230 historia
1123 2175 1311 2245 fertur.
1337 2171 1416 2228 Ne
1438 2171 1726 2242 congeries
1748 2174 2038 2228 multorum

440 2275 708 2333 similium
746 2271 1188 2329 testimoniorum
1240 2268 1502 2324 lectorem
1545 2267 1830 2333 obrueret,
1883 2267 2042 2338 plura

441 2367 808 2441 praetermitto
857 2380 925 2420 ex
957 2364 1025 2418 iis
1054 2378 1175 2433 quae
1207 2361 1312 2430 legi
1349 2361 1405 2415 in
1457 2357 1880 2414 Commentariis
1911 2359 2044 2415 Pro—

441 2461 614 2530 copii.
647 2459 703 2514 Si
731 2457 816 2512 cui
841 2457 952 2526 jam
979 2455 1140 2510 allata
1186 2467 1297 2508 non
1327 2450 1624 2518 sufﬁciant,
1649 2452 1901 2508 consulat
1929 2453 2042 2523 ipse

443 2549 888 2607 Commentarios
918 2547 972 2601 in
1003 2543 1418 2609 Octateucbum,
1451 2551 1506 2598 et
1529 2558 1716 2598 verum
1747 2558 1834 2599 me
1861 2542 2043 2600 dicere

449 2638 855 2713 comprobabit.

521 2735 789 2792 Caeterum
820 2732 890 2788 de
915 2739 1076 2787 aetate
1123 2730 1374 2800 Proc0pii
1411 2728 1592 2784 Gazazi
1618 2727 1891 2798 SOpllisltB
1933 2745 2040 2784 non

441 2844 555 2886 una
585 2835 671 2884 est
691 2824 1032 2882 eruditorum
1054 2821 1350 2879 sententia.
1382 2819 1453 2875 At
1473 2821 1518 2876 si
1545 2835 1676 2876 vera
1705 2831 1785 2876 est
1809 2822 2044 2892 epistola

445 2920 695 2992 ejusdem
746 2916 998 2988 Proc0pii
1038 2915 1104 2970 ad
1155 2917 1335 2985 ipsum
1387 2914 1774 2985 Hieronymum
1817 2915 2042 2986 scripta,

445 3017 611 3085 quam
640 3011 787 3065 Isaac
817 3008 1040 3063 Vossius
1069 3004 1404 3062 alierehatin
1438 3007 1797 3074 responsione
1824 3006 1894 3061 ad
1935 3015 2045 3063 ter-

446 3106 558 3161 tias
598 3101 826 3160 Simonii
870 3099 1241 3169 objectiones,
1285 3112 1406 3168 pag.
1444 3097 1564 3164 117,
1596 3097 1833 3169 aequales
1878 3097 2048 3154 fuisse

2145 1906 2322 1959 bantes
2353 1921 2370 1958 :
2407 1915 2463 1960 at
2498 1905 2760 1961 Hebraica
2801 1907 2982 1980 lingua
3022 1925 3123 1964 non
3176 1912 3251 1963 sic
3289 1907 3460 1962 habet.
3500 1907 3652 1964 Unde
3695 1915 3746 1961 et

2143 1996 2335 2069 Aquila
2377 1999 2521 2067 dicit,
2563 1999 2824 2056 Dominus
2867 2001 3115 2071 possedit
3148 2017 3255 2070 me,
3285 2012 3381 2058 etc.
3426 2002 3502 2058 De
3547 2000 3742 2058 eodem

2143 2092 2458 2147 testimonio
2487 2092 2603 2148 haec
2627 2092 2791 2148 habet
2812 2093 3174 2167 Hieronymus
3203 2096 3298 2152 lib.
3326 2112 3365 2152 ll
3390 2095 3748 2152 Commenta-

2143 2185 2347 2240 riorum
2378 2184 2433 2240 in
2465 2194 2625 2256 caput
2655 2202 2708 2240 tv
2739 2186 2998 2257 Epistolas
3036 2188 3105 2244 ad
3143 2187 3414 2258 Ephesios
3455 2205 3470 2244 :
3512 2187 3665 2243 Unde
3693 2196 3744 2241 et

2145 2276 2354 2332 haeresis
2401 2278 2722 2332 nativitatem
2774 2279 2970 2334 Christi
3021 2279 3386 2349 calumnians,
3445 2280 3746 2337 Salomonis

2145 2380 2364 2440 usurpat
2393 2371 2686 2441 exemplum
2718 2388 2736 2425 :
2771 2369 3026 2428 Dominus
3053 2375 3246 2430 creavit
3282 2392 3363 2430 me
3396 2375 3603 2430 initium
3632 2375 3745 2429 via-

2143 2478 2261 2516 rum
2303 2478 2537 2516 suarum.
2568 2462 2721 2531 Quod
2753 2463 2872 2534 ipse
2899 2463 3128 2536 castigat
3171 2465 3266 2522 lib.
3310 2481 3349 2522 ιι
3390 2465 3748 2521 Commenta-

2145 2551 2347 2608 riorum
2391 2553 2444 2608 in
2477 2569 2597 2626 cap.
2641 2569 2690 2610 tv
2722 2554 2982 2622 Michzeae,
3016 2555 3205 2612 dicens
3233 2572 3249 2612 :
3292 2557 3411 2612 Sire
3438 2565 3493 2612 ut
3518 2555 3744 2611 Hebraeo

2145 2644 2411 2712 scribitur,
2457 2645 2714 2701 Dominus
2759 2647 2987 2714 possedit
3025 2663 3125 2703 me.
3167 2664 3364 2704 canam
3401 2650 3540 2704 enim
3575 2649 3746 2736 (’33P)

2147 2751 2252 2790 non
2279 2738 2468 2792 crearit
2493 2755 2593 2805 me,
2625 2739 2718 2792 sed
2747 2739 2968 2808 possedit
2995 2757 3096 2806 me,
3127 2739 3426 2811 habuitque,
3456 2740 3743 2811 signiﬁcat.

2146 2828 2356 2885 Clarius
2381 2830 2560 2886 adhuc
2592 2831 2645 2886 in
2666 2833 2902 2902 epistola
2935 2834 3003 2887 ad
3023 2832 3377 2906 Cyprianum,
3410 2833 3502 2890 ubi
3523 2833 3746 2904 exponit

2146 2924 2541 2994 octogesimum
2574 2940 2776 2980 nonum
2803 2925 3094 2996 psalmum.
3126 2927 3218 2981 Ait
3247 2925 3411 2998 igitur
3439 2941 3546 2981 non
3581 2926 3744 2997 longe

2146 3016 2217 3072 ab
2248 3018 2400 3073 initio
2435 3061 2446 3071 .
2482 3018 2668 3074 Simile
2686 3020 2816 3092 quid
2840 3023 2963 3076 etin
2997 3021 3290 3076 Proverbiis
3312 3038 3377 3076 ea:
3402 3037 3623 3090 persona
3639 3021 3747 3077 Sa-

2147 3112 2379 3182 pientiae,
2411 3113 2497 3184 qui
2547 3113 2779 3168 Christus
2825 3125 2920 3185 est,
2959 3115 3148 3187 legitur
3177 3131 3198 3171 :
3238 3115 3499 3172 Dominus
3537 3113 3750 3172 creavit

446 3197 843 3268 llieronymum
873 3207 940 3248 ac
960 3190 1283 3262 Procopium
1304 3204 1532 3247 necesse
1561 3200 1666 3246 est.
1699 3191 1898 3247 Probat
1917 3207 2048 3249 vero
2075 3196 2123 3262 ο
2153 3218 2240 3258 me
2281 3203 2494 3259 initium
2533 3204 2744 3261 viarum
2773 3219 2994 3262 suarum
3025 3205 3079 3262 in
3118 3220 3281 3277 ορεη
3313 3222 3409 3262 sua
3445 3223 3458 3260 ε
3490 3214 3614 3261 mle
3639 3220 3749 3260 δεε-

442 3292 684 3350 Joannes
705 3286 1004 3352 Curterius,
1023 3287 1292 3355 interpres
1321 3283 1582 3353 Procopii
1606 3284 1660 3338 in
1684 3283 1874 3338 Isaiam
1917 3299 2048 3356 pro-

450 3385 692 3457 phetam,
727 3379 1021 3436 Theodosii
1052 3377 1211 3447 primi
1252 3377 1511 3432 sarculum
1553 3376 1801 3446 attigisse
1836 3376 2050 3446 sophis-

447 3486 564 3532 tam
610 3483 853 3530 nostrum
902 3471 1156 3527 Gazaeum
1191 3487 1203 3523 :
1255 3469 1420 3523 immo
1463 3477 1517 3524 et
1556 3467 1706 3538 prius
1744 3469 1906 3523 etiam
1951 3471 2050 3524 ali-

449 3576 657 3640 quanto
677 3568 935 3636 cmpisse,
954 3579 1081 3618 cum
1105 3562 1194 3616 hic
1216 3576 1277 3617 se
1299 3562 1497 3615 multos
1518 3560 1773 3615 alacriter
1793 3562 2048 3632 martyris

451 3663 755 3720 subeuntes
785 3657 986 3713 vidisse
1025 3663 1276 3720 testetur,
1306 3670 1426 3725 qua:
1457 3654 1511 3708 in
1559 3652 1775 3708 Juliano
1803 3667 2050 3710 cessasse

447 3755 802 3826 reperiuntur
830 3772 843 3807 ;
873 3765 903 3803 a
935 3749 1091 3819 cujus
1128 3748 1359 3818 imperio
1403 3745 1472 3800 ad
1513 3745 1779 3800 idolorum
1819 3747 2048 3802 alteram

452 3837 630 3918 usque
655 3844 1041 3915 dejectionem,
1066 3838 1315 3909 Procopii
1338 3839 1594 3894 suaettlum
1619 3838 1841 3908 produci
1865 3851 2044 3907 queat.

453 3942 596 3996 Vide
647 3936 1015 4009 pra-lationem
1063 3934 1301 3990 Curterii
1346 3933 1399 3988 in
1440 3933 1726 4006 Epitomen
1775 3934 2047 3990 variarum

453 4030 978 4092 commentationum
1022 4028 1074 4082 in
1126 4024 1320 4080 Isaiam
1371 4023 1714 4097 prophetam.
1757 4024 1828 4082 Ut
1868 4028 1941 4082 sit
1980 4027 2050 4083 de

462 4138 718 4196 tempore
751 4119 1004 4190 Procopii
1035 4119 1240 4183 Gazazi,
1270 4128 1479 4173 certum
1512 4118 1581 4173 ab
1607 4133 1673 4174 eo
1703 4129 1878 4175 exstat
1902 4119 2052 4177 Cra:-

453 4237 556 4279 cos
586 4219 884 4288 scriptores
913 4212 1317 4270 ecclesiasticos
1334 4227 1527 4267 omnes
1548 4214 1798 4269 veritatis
1826 4215 2052 4271 Hebrai-

453 4327 538 4370 czc
569 4307 944 4365 tenacissimos
966 4303 1132 4360 fuisse
1149 4317 1272 4358 cum
1299 4302 1631 4374 Hieronymo
1657 4322 1668 4356 ε
1693 4304 2047 4377 Septuaginta

453 4419 591 4462 vero
628 4405 953 4472 interpretes
983 4399 1180 4469 saepius
1209 4397 1275 4452 ah
1299 4397 1428 4467 ipsis
1455 4397 1701 4466 ahjectos
1729 4413 1876 4455 esse.
1905 4400 2048 4457 Prte-

453 4497 607 4555 clare
632 4493 851 4566 quidem
882 4487 1300 4547 commendatur
1334 4487 1596 4544 Hebraica
1641 4490 1840 4546 veritas
1882 4507 1948 4548 ex
1980 4493 2047 4547 iis

2149 3299 2268 3354 cula
2295 3299 2542 3354 fundavit
2562 3315 2651 3356 me
2675 3301 2726 3356 in
2759 3301 3031 3372 principio
3063 3318 3076 3355 :
3105 3310 3398 3372 antequam
3427 3307 3625 3357 terram
3656 3299 3746 3354 fa-

2149 3402 2300 3450 ceret
2326 3402 2382 3449 et
2404 3395 2652 3467 abyssos,
2687 3395 2999 3466 priusquam
3022 3395 3354 3466 produceret
3371 3395 3553 3452 fontes
3574 3410 3746 3466 aqua-

2149 3499 2290 3550 rum,
2339 3486 2653 3556 priusquam
2696 3496 2912 3544 montes
2956 3486 3336 3556 firmarentur,
3373 3497 3501 3542 ante
3550 3501 3748 3544 omnes

2149 3577 2316 3632 colles
2361 3579 2642 3648 generavit
2684 3594 2790 3635 me.
2849 3578 3078 3634 Nullum
3121 3589 3295 3635 autem
3341 3580 3486 3635 debet
3536 3579 3747 3634 verbum

2151 3669 2425 3722 errationis
2451 3686 2668 3739 movere,
2693 3688 2810 3726 cum
2839 3672 2892 3726 in
2927 3671 3147 3728 Hebraeo
3177 3689 3282 3728 non
3303 3674 3371 3727 sit
3388 3672 3598 3738 creatio,
3624 3688 3750 3742 qua:

2151 3758 2341 3815 dicitur
2369 3777 2508 3816 ΒΑΜ
2539 3761 2756 3834 (δι-13),
2791 3763 2883 3817 sed
2906 3764 3162 3835 possessio
3189 3780 3207 3818 :
3234 3765 3310 3818 ita
3330 3764 3467 3819 enim
3491 3763 3751 3832 scriptum

2152 3860 2249 3918 est,
2278 3867 2473 3909 ADONAI
2512 3870 2705 3910 CANANI
2736 3871 2936 3913 uesnrn
2973 3871 3181 3914 ueneno
3209 3856 3444 3930 (nmis-1
3473 3863 3588 3944 mp
3619 3862 3748 3913 mm

2149 3947 2324 4018 1.311),
2355 3949 2493 4018 quod
2520 3949 2573 4002 in
2597 3950 2774 4022 lingua
2801 3961 2978 4005 nostra
2999 3951 3306 4023 exprimitur
3331 3951 3588 4007 Dominus
3617 3963 3753 4020 pos-

2150 4037 2291 4094 sedit
2316 4055 2424 4108 me,
2457 4041 2669 4098 initium
2690 4043 2900 4099 viarum
2925 4058 3170 4099 suarum.
3200 4043 3349 4098 Inter
3370 4042 3751 4116 possessionem

2151 4139 2325 4186 autem
2351 4140 2399 4186 et
2420 4134 2730 4190 creationem
2761 4135 2925 4190 multa
2953 4135 3224 4192 diversitas
3253 4146 3346 4192 est.
3377 4135 3646 4191 Possessio
3671 4135 3752 4190 si-

2151 4223 2384 4294 gniﬁcat,
2421 4227 2563 4296 quod
2593 4243 2798 4300 semper
2822 4226 2995 4282 Filius
3031 4229 3085 4283 in
3111 4227 3274 4284 Patre
3297 4236 3345 4282 et
3375 4227 3539 4283 Pater
3562 4228 3617 4282 in
3645 4223 3752 4280 Fi-

2152 4314 2224 4368 lio
2256 4317 2429 4386 fuerit.
2456 4317 2659 4374 Creatio
2680 4330 2853 4376 autem
2873 4325 3011 4395 ejus,
3040 4321 3129 4392 qui
3155 4321 3302 4394 prius
3329 4337 3434 4376 non
3459 4329 3592 4387 erat,
3617 4335 3752 4374 con-

2153 4403 2370 4465 ditionis
2399 4413 2688 4470 exordium.
2720 4412 2868 4470 ldem
2895 4416 3277 4488 Hieronymus,
3310 4415 3450 4472 libro
3476 4413 3752 4483 Quaestio-

2155 4519 2281 4559 num
2317 4504 2705 4564 Hebraicarum
2745 4509 2798 4564 in
2841 4509 3120 4576 Genesim,
3164 4518 3220 4566 et
3247 4509 3386 4567 libro
3417 4509 3592 4581 primo
3638 4507 3749 4564 ad-

450 4606 580 4660 ηυδε
607 4586 769 4643 ωοάο
798 4582 1178 4640 “Censuimus
1211 4581 1583 4652 τρί’ωοίριιυιη
1625 4591 1804 4639 tamen
1842 4601 1907 4640 ac
1933 4586 2046 4642 sin-
2072 4583 2127 4646 D
2153 4611 2346 4653 versus
2401 4596 2750 4656 Jovinianum
2775 4641 2791 4669 ,
2845 4609 3002 4673 urget
3057 4602 3463 4660 immaculatum
3529 4611 3750 4672 partum

453 4683 644 4755 gulare
665 4689 750 4736 est
777 4677 844 4734 ad
875 4677 993 4748 ejus
1016 4675 1194 4732 laudis
1215 4675 1607 4741 accessionem,
1634 4677 1778 4746 quod
1801 4679 1852 4732 in
1883 4681 2046 4737 rebus

451 4773 682 4833 maximi
714 4771 996 4835 momenti,
1020 4782 1084 4823 ac
1107 4767 1267 4822 fidem
1289 4765 1619 4822 catholicam
1651 4771 2045 4842 spectantibus,

454 4864 527 4920 ad
560 4866 756 4917 fontem
785 4860 1070 4916 Hebraeum
1098 4873 1409 4927 recurrere,
1435 4865 1491 4913 et
1517 4857 1716 4930 lingua:
1746 4866 2048 4935 peregrina:

455 4954 660 5010 auxilia
687 4965 933 5022 quaerere
962 4960 1248 5005 teneantur
1269 4948 1442 5004 Graeci
1471 4957 1635 5018 atque
1658 4949 1832 5008 Latini
1861 4955 2050 5012 ortho-

457 5046 609 5104 doxi.
646 5043 968 5113 Procopium
998 5043 1108 5112 jam
1142 5042 1380 5098 vidimus
1421 5042 1796 5112 repudiantem
1823 5048 2050 5120 Supina-

457 5139 611 5212 ginta
659 5137 1006 5204 interpretes,
1057 5132 1147 5202 qui
1191 5133 1533 5188 occasionem
1565 5138 1769 5191 erroris
1799 5140 2047 5209 praebue-

454 5239 593 5290 runt
619 5233 670 5285 in
700 5229 876 5300 primo
904 5226 1181 5282 versiculo
1221 5225 1522 5295 Geneseos,
1569 5240 1791 5300 propter
1822 5235 2046 5292 verbum

451 5325 579 5396 fecit
606 5339 626 5378 :
658 5332 717 5378 ut
746 5321 901 5376 multi
929 5319 1175 5375 dicerent
1217 5318 1400 5373 Mosen
1433 5319 1734 5379 credidisse
1763 5339 1830 5380 ex
1857 5329 2049 5399 prteja-

450 5425 613 5473 conte
654 5414 885 5469 materia
931 5410 1244 5468 universum
1283 5409 1410 5466 caeli
1455 5426 1520 5468 ac
1566 5421 1726 5470 terrae
1770 5419 2046 5488 opiﬁcium

453 5508 736 5567 COnditum
781 5506 973 5564 fuisse.
1029 5505 1199 5574 Hujus
1247 5503 1522 5574 opinionis
1566 5507 1890 5578 imperitiam
1940 5530 2047 5571 non

456 5601 679 5658 aliunde
709 5599 911 5654 refellit
939 5596 1258 5665 Procopius,
1292 5611 1451 5665 quam
1500 5612 1564 5652 ex
1608 5599 1874 5659 llebraico
1918 5620 2050 5662 con-

453 5705 630 5765 textu,
667 5691 756 5748 ubi
788 5690 987 5745 diserte
1017 5696 1242 5743 testatur
1273 5687 1450 5742 Moses
1471 5688 1638 5743 Deum
1661 5707 1896 5764 creasse,
1928 5709 2046 5759 an;

463 5787 611 5854 bant,
641 5784 695 5840 id
719 5792 821 5852 est,
855 5799 919 5837 ex
945 5779 1110 5836 nihilo
1129 5819 1145 5848 ,
1191 5779 1482 5836 condidisse
1509 5782 1707 5840 coelum
1735 5797 1788 5843 et
1820 5796 2042 5848 terram.

2149 4684 2388 4756 Virginis
2418 4688 2603 4746 Mariae
2632 4699 2746 4747 tum
2767 4701 2956 4748 contra
2982 4692 3224 4759 Judasos,
3258 4703 3368 4749 tum
3397 4702 3589 4749 contra
3618 4691 3749 4747 Ha:-

2148 4781 2373 4853 reticos,
2402 4798 2469 4839 ex
2499 4783 2740 4841 dictione
2773 4786 3037 4843 llehraica
3062 4771 3282 4856 advari,
3312 4788 3637 4859 aalma,qute
3659 4787 3744 4844 le-

2148 4873 2290 4945 gitur
2340 4873 2493 4932 lsaite
2539 4894 2636 4944 vn,
2692 4894 2806 4944 xw,
2863 4880 2954 4937 ubi
3001 4882 3152 4954 virgo
3193 4883 3435 4953 paritura
3487 4890 3741 4939 nostrum

2152 4965 2472 5024 Emmanuel
2520 4969 2782 5041 praedicta
2825 4983 2963 5028 erat.
3012 4973 3282 5046 Loquatur
3325 4973 3521 5043 Isaias,
3564 4973 3751 5046 inquit

2151 5068 2371 5115 sanctus
2398 5059 2599 5116 Doctor
2626 5062 2722 5118 lib.
2747 5077 2762 5116 ι
2788 5063 3051 5122 adversus
3076 5065 3444 5134 Iovinianum,
3473 5068 3584 5137 spei
3620 5083 3751 5122 nos-

2151 5159 2245 5205 tra:
2279 5152 2503 5223 ﬁdeique
2528 5156 2844 5227 mysterium.
2878 5159 3021 5216 Ecce
3065 5160 3216 5232 virgo
3264 5162 3318 5216 in
3360 5170 3519 5218 utero
3557 5165 3752 5219 conci-

2151 5243 2287 5312 piet,
2314 5252 2370 5298 ct
2394 5246 2575 5315 pariet
2603 5245 2796 5316 illium,
2830 5259 2886 5306 et
2914 5251 3137 5309 vocabis
3160 5269 3359 5311 nomen
3385 5256 3502 5328 ejus
3522 5255 3753 5311 Emma-

2153 5333 2301 5389 nuel.
2322 5335 2447 5392 Scio
2468 5336 2681 5395 Judteos
2707 5358 2968 5412 apponere
2990 5346 3180 5415 solere,
3203 5347 3259 5403 in
3283 5347 3506 5405 Hebraeo
3533 5352 3750 5407 verbum

2152 5441 2349 5491 sum,
2383 5444 2486 5483 non
2520 5431 2768 5503 virginem
2806 5453 3012 5508 sonare,
3048 5440 3139 5493 sed
3175 5441 3629 5498 adolescentulam.
3672 5443 3748 5498 Et

2149 5534 2324 5574 revera
2345 5521 2487 5593 virgo
2510 5528 2718 5596 proprie
2738 5545 2987 5586 uernum
3007 5573 3020 5596 ,
3042 5532 3427 5590 adolescentulo
3455 5544 3630 5590 autem
3658 5539 3746 5592 uel

2148 5613 2346 5684 puella,
2381 5633 2480 5672 non
2511 5636 2688 5677 AALIA
2715 5623 2924 5691 dicitur,
2960 5624 3053 5678 sed
3079 5641 3276 5684 muns.
3315 5625 3454 5693 Quid
3479 5639 3550 5684 est
3581 5631 3748 5702 igitur

2146 5705 2288 5774 quod
2299 5707 2568 5778 signiﬁcat
2582 5715 2786 5768 AALIIA?
2799 5715 3162 5772 Absconditam
3175 5721 3442 5793 virginem,
3458 5722 3514 5776 id
3524 5730 3617 5788 est,
3633 5739 3743 5779 non

2145 5799 2313 5855 solum
2339 5801 2618 5876 virginem,
2643 5806 2734 5862 sed
2762 5823 2879 5864 cum
2905 5810 3135 5870 ἐπιτάσει
3170 5814 3415 5886 virginem
3436 5829 3457 5870 :
3489 5816 3610 5886 quia
3634 5832 3746 5874 non
