4040 6360
273 335 329 390 8!
915 333 1480 393 PROLEGOMENON
1518 335 1607 393 Ill.
1654 338 1740 393 DE
1780 339 2056 397 CANONE
2098 340 2474 402 HEBRAICIE
2513 343 2900 403 VERITATIS.
3488 347 3560 402 ΒΞ

270 449 584 520 omnisvirgo
600 450 1860 530 absconditaest,necabhomiuumfortuitosepa-
1888 464 1933 523 Α
1964 478 2055 517 nos
2083 464 2146 520 de
2185 463 2390 520 Christo
2431 468 2678 536 prtedicta
2721 469 2882 539 fuisse
2928 469 3175 538 dicimus,
3196 470 3344 540 quasi
3385 486 3418 522 a
3462 485 3556 523 no-

268 553 374 597 rata
391 555 742 614 conspectu...
760 546 828 601 In
845 563 904 602 eo
927 549 1042 604 loco
1064 550 1117 604 in
1137 566 1238 620 quo
1259 551 1334 604 ait
1359 566 1378 605 :
1403 550 1566 623 Virgo
1588 568 1703 623 quae
1719 569 1862 624 egre-

268 635 455 700 dietur,
475 649 531 691 ut
549 638 754 693 hauriat
777 657 987 711 aquam,
1009 643 1061 696 in
1083 641 1342 698 Hebraico
1358 645 1608 718 scriptum
1634 655 1706 701 est
1730 663 1863 702 AAL-

266 745 356 794 ιλ,
374 729 432 782 id
443 740 537 796 est,
553 733 696 802 virgo
707 741 923 797 secreta,
941 742 987 788 et
1006 736 1164 790 nimia
1175 746 1447 807 parentum
1464 738 1733 810 diligentia
1746 755 1862 794 cus-

265 822 445 878 todita.
466 821 566 877 Aut
585 832 720 879 certe
750 825 988 882 ostendat
1007 828 1154 897 ntihi,
1187 829 1271 882 ubi
1296 830 1393 882 hoc
1413 829 1564 884 verbo
1585 829 1858 902 appellen-

264 923 342 969 tur
373 928 421 971 et
449 928 649 990 nuptm,
679 927 726 974 et
756 921 1073 991 imperitiam
1093 922 1399 992 conﬁtebor.
1424 922 1532 978 Pro
1569 925 1862 995 purissimo

257 1009 587 1081 virginitatis
619 1020 674 1068 et
718 1013 1045 1086 integritatis
1075 1014 1284 1072 honore
1310 1016 1575 1072 adversus
1603 1017 1859 1074 eumdem

257 1102 613 1159 Iovinianum
653 1103 781 1160 dum
815 1122 978 1178 supra
1008 1107 1269 1163 militaret
1312 1108 1452 1163 libro
1481 1109 1595 1179 jam
1641 1110 1861 1166 laudato

256 1195 653 1270 Hieronymus,
686 1199 792 1256 hoc
816 1200 1092 1257 Zachariae
1118 1213 1393 1259 commate
1427 1204 1675 1259 lueresim
1702 1205 1861 1277 jugu-

252 1291 418 1346 labat.
453 1289 525 1345 Et
554 1292 813 1362 expletur,
837 1293 1036 1365 inquit,
1071 1295 1206 1349 illud
1235 1297 1535 1351 vaticinium
1559 1297 1858 1366 Zacliariw,

253 1386 535 1441 dumtaxat
554 1391 715 1461 juxta
742 1388 1060 1444 Hebraicam
1088 1391 1353 1447 veritatem
1381 1392 1445 1447 de
1475 1392 1726 1449 Ecclesiw
1759 1396 1863 1450 vir-

252 1480 465 1552 ginibus
511 1482 914 1554 prophetantis:
958 1481 1391 1556 Complebuntur
1437 1488 1758 1556 infantibus,
1806 1499 1861 1546 et

231 1574 452 1646 puellis
499 1575 818 1635 ludentibus
871 1580 1066 1650 platea:
1108 1581 1252 1652 ejus.
1284 1582 1426 1650 Quid
1468 1583 1612 1639 enim
1657 1585 1861 1641 bonum

245 1671 370 1738 ejus
396 1679 498 1738 est,
526 1672 732 1741 etquid
757 1673 1044 1744 pulchrum
1067 1677 1205 1747 ejus,
1235 1677 1340 1734 nisi
1364 1677 1692 1735 frumentum
1717 1682 1862 1738 elec-

248 1771 456 1829 torum,
489 1770 547 1818 et
569 1763 757 1819 vinum
792 1766 1108 1836 germinans
1143 1767 1402 1840 virgines.
1447 1767 1573 1825 Istw
1603 1781 1726 1826 sunt
1755 1773 1861 1826 vir-

1967 555 2040 610 bis
2069 567 2232 611 essent
2259 559 2500 628 conﬁcta,
2534 562 2794 615 mittamus
2824 576 2909 614 eos
2940 563 3009 614 ad
3038 561 3278 616 inimicos
3308 562 3431 631 ﬁdei
3457 579 3560 616 ηοεο

1965 655 2086 702 stra:
2107 647 2340 718 Judwos,
2366 653 2454 722 qui
2479 652 2635 707 libros
2657 664 2857 708 nostros
2884 655 3269 726 circumferunt,
3296 657 3348 710 in
3377 655 3566 726 quibus

1965 739 2142 793 eadem
2170 739 2441 806 habentur,
2471 761 2589 814 qua:
2616 761 2708 799 nos
2737 747 3100 817 prcedicamus.
3131 747 3225 802 His
3255 755 3563 802 consonant

1967 849 2090 903 quae
2138 834 2395 905 leguntur
2441 838 2582 909 apud
2635 840 2909 896 JuSIinum
2962 843 3257 914 Martyrem
3300 843 3567 899 Oratione

1966 927 2141 998 prima
2164 930 2231 984 ad
2265 929 2515 1000 Graecos,
2559 932 2647 987 ubi
2695 933 2999 1005 Religionis
3027 935 3348 990 Chrisuante
3389 936 3564 991 libros

1967 1031 2276 1077 asservatos
2317 1038 2439 1079 esse
2488 1025 2804 1094 pronuntiat
2842 1041 2967 1081 cum
3018 1027 3192 1082 sacris
3238 1026 3563 1082 indecorum

1965 1115 2370 1184 exemplaribus
2402 1133 2414 1169 ε
2450 1130 2551 1171 nec
2581 1117 2633 1172 id
2665 1119 2883 1188 quidem
2917 1117 3140 1174 fortuito
3163 1161 3178 1188 ,
3223 1119 3318 1175 sed
3365 1134 3433 1175 ex
3476 1119 3561 1174 di—

1963 1207 2102 1262 vinae
2147 1207 2514 1277 providentiae
2560 1211 2791 1266 consilio
2839 1211 3142 1266 admirabili
3186 1229 3198 1266 :
3243 1211 3383 1266 Nam
3420 1213 3560 1282 quod

1964 1301 2118 1354 etiam
2147 1317 2283 1355 nunc
2315 1300 2455 1371 apud
2481 1300 2695 1358 Iudaeos
2718 1303 2922 1372 pietatis
2952 1312 3138 1358 nostra:
3159 1304 3276 1358 libri
3294 1320 3561 1359 asservan-

1963 1403 2066 1461 tur,
2101 1394 2288 1448 divina:
2316 1395 2371 1448 id
2401 1395 2464 1449 de
2494 1395 2636 1450 nobis
2665 1412 2794 1464 Opus
2813 1405 2887 1449 est
2910 1397 3216 1467 prudentiae.
3239 1396 3559 1453 Audiendus

1966 1487 2034 1544 de
2063 1487 2256 1543 eodem
2289 1499 2608 1559 argumento
2636 1489 3032 1558 'l‘ertullianus,
3076 1493 3166 1561 qui
3209 1492 3574 1560 apertissime.

1965 1580 2306 1636 demonstrat
2332 1596 2645 1650 supremam
2675 1583 2839 1637 fuisse
2863 1582 2916 1637 in
2942 1581 3188 1638 Ecclesia
3219 1583 3420 1638 Christi
3453 1600 3554 1637 an-

1964 1673 2274 1729 ctoritatem
2302 1672 2651 1730 Hebraeorum
2684 1675 3024 1731 voluminum
3054 1676 3120 1731 ad
3149 1691 3332 1732 rerum
3365 1676 3560 1732 inclia-

1967 1766 2153 1822 bilium
2187 1767 2471 1824 veritatem
2503 1770 2990 1840 comprobandam.
3033 1779 3089 1826 et
3125 1770 3358 1826 ethnicis
3396 1770 3561 1826 tidem

244 1856 420 1925 gines,
447 1865 560 1911 etc.
600 1856 790 1924 Vides,
827 1859 1066 1928 prudens
1100 1860 1299 1929 lector,
1332 1863 1444 1929 spei
1478 1873 1670 1919 nostrae
1698 1865 1853 1934 ﬁdei-
1889 1861 1936 1922 B
1965 1859 2356 1918 faciendamde
2378 1864 2528 1919 cultu
2546 1863 2872 1920 Christianae
2896 1864 3176 1936 religionis
3198 1875 3421 1920 nostrae.
3444 1863 3561 1919 lnao

243 1962 348 2016 que
380 1947 669 2018 mysteriis,
696 1964 818 2004 cum
862 1950 1128 2008 adversus
1157 1952 1400 2021 Iudaeos,
1445 1963 1558 2010 tum
1589 1955 1854 2014 adversus

245 2042 572 2110 haereticos,
610 2047 916 2117 patrocinia
958 2050 1185 2120 quaesita
1216 2066 1248 2106 e
1281 2050 1561 2106 codicibus
1594 2051 1854 2107 Hebraeo-

245 2149 400 2199 rum,
445 2145 503 2192 et
549 2137 813 2195 Ecclesia:
856 2140 1141 2198 catholica:
1191 2142 1576 2198 invictissimos
1621 2144 1850 2214 pugiles,

245 2228 342 2283 ubi
377 2231 614 2300 quzestio
642 2242 722 2286 est
755 2233 824 2288 de
846 2233 953 2290 lide
983 2235 1284 2290 nativitatis
1314 2235 1546 2304 Christi,
1583 2235 1853 2307 Verbique

245 2329 458 2376 aeterna
509 2325 888 2396 generatione,
919 2326 987 2381 ad
1036 2327 1360 2385 llebraicam
1391 2343 1609 2398 semper
1655 2342 1856 2398 provo-

245 2427 408 2469 casse
437 2415 754 2472 veritatem.
785 2416 939 2486 Quod
970 2419 1155 2492 utique
1187 2421 1464 2477 incassum
1506 2421 1714 2489 ivisset,
1750 2421 1853 2477 nisi

243 2516 516 2562 constans
537 2522 601 2563 ac
628 2519 894 2580 perpetua
924 2509 1117 2569 fuisset
1148 2514 1328 2569 habita
1358 2515 1502 2585 apud
1534 2529 1730 2570 omnes
1755 2531 1852 2570 au-

243 2600 480 2657 ctoritas
511 2601 869 2659 Hebraeorum
892 2605 1252 2662 voluminum;
1277 2607 1469 2664 Merito
1499 2609 1728 2679 proinde
1750 2611 1853 2665 aie-

246 2694 336 2749 bat
353 2695 730 2767 Hieronymus
751 2699 914 2770 epist.
947 2699 1038 2767 74,
1063 2701 1131 2757 ad
1159 2702 1472 2758 Marcellam
1498 2701 1854 2776 :Jampridem

249 2802 369 2840 cum
413 2786 772 2845 voluminibus
818 2789 1157 2847 Hebrworum
1189 2795 1467 2849 editionem
1501 2794 1703 2867 Aquila:
1733 2813 1855 2851 con-

247 2878 387 2948 fero,
422 2895 488 2934 ne
514 2881 642 2951 quid
672 2883 892 2951 forsitan
917 2895 1127 2956 prapter
1154 2887 1334 2941 odium
1362 2887 1558 2943 Christi
1588 2905 1854 2962 synagoga

248 2975 550 3038 mutaverit,
588 2985 639 3030 et
667 2987 724 3032 ut
751 2977 932 3033 amicre
957 2980 1120 3034 menti
1157 2983 1346 3052 fatear,
1375 2996 1490 3053 qua:
1527 2982 1595 3034 ad
1623 2991 1853 3036 nostram

247 3069 408 3137 ﬁdem
435 3071 734 3140 pertineant
760 3072 1130 3142 roborandam,
1161 3075 1317 3144 plura
1342 3075 1560 3146 reperio.
1598 3074 1854 3146 Suspica-

245 3159 408 3216 batur
437 3161 530 3217 vir
569 3171 790 3218 sanctus
832 3163 1087 3234 Aquilam
1131 3165 1360 3221 subdola
1401 3166 1851 3236 interpretatione

1958 1955 2108 2010 nium
2152 1956 2334 2028 itaque
2363 1957 2591 2012 deorum
2634 1957 2876 2013 cultores
2906 1957 3008 2013 hoc
3051 1957 3213 2013 modo
3243 1957 3552 2026 compellit,

1957 2061 2012 2106 et
2049 2050 2379 2121 interpellat.
2408 2051 2696 2123 Apologet.
2735 2067 2856 2122 cap.
2892 2051 2958 2108 18
2991 2060 3048 2107 et
3078 2051 3144 2106 l9
3177 2070 3189 2107 :
3226 2050 3351 2105 (lare
3378 2060 3426 2106 et
3454 2067 3549 2106 nos

1956 2143 2164 2198 risimus
2193 2143 2497 2215 aliquando.
2532 2143 2610 2199 De
2639 2145 2818 2199 vestris
2859 2144 3051 2216 fuimus
3085 2160 3102 2197 :
3134 2143 3287 2212 ﬁunt,
3319 2159 3421 2198 non
3456 2159 3556 2197 na—

1955 2243 2170 2289 scuntur
2199 2234 2501 2290 Christiani.
2548 2235 2692 2302 Quos
2731 2237 2955 2291 diximus
2995 2236 3387 2308 praedicatores,
3428 2251 3555 2306 pro-

1957 2328 2122 2397 pheta:
2146 2329 2210 2383 de
2234 2329 2408 2400 ofﬁcio
2429 2329 2684 2402 prwfandi
2699 2339 2965 2384 vocantur.
3005 2329 3165 2385 Voces
3188 2345 3385 2399 eorum,
3408 2330 3560 2382 item-

1954 2437 2054 2491 que
2074 2421 2304 2490 virtutes,
2337 2438 2464 2493 quas
2490 2423 2559 2476 ad
2588 2422 2744 2492 ﬁdem
2775 2422 3060 2476 divinitatis
3099 2421 3331 2488 edebant,
3363 2422 3416 2476 in
3444 2420 3558 2476 the-

1956 2513 2124 2566 sauris
2158 2513 2444 2568 litterarum
2473 2522 2702 2579 manent,
2731 2530 2821 2567 nec
2845 2514 2940 2569 iste
2962 2527 3098 2566 nunc
3123 2513 3354 2568 latent...
3383 2511 3555 2567 Hodie

1955 2610 2096 2681 apud
2124 2607 2433 2678 Serapeum,
2474 2607 2753 2663 Ptolomaei
2782 2605 3103 2662 bibliotheca:
3139 2624 3259 2661 cum
3288 2608 3410 2678 ipsis
3437 2607 3553 2660 Ile-

1957 2700 2142 2756 braicis
2179 2701 2362 2756 litteris
2400 2700 2724 2756 exhibentur.
2759 2700 2866 2755 Sed
2895 2709 2940 2754 et
2976 2697 3153 2753 Judaei
3191 2697 3369 2768 palam
3411 2698 3560 2752 lecti-

1958 2803 2090 2848 tant.
2119 2792 2399 2867 Vectigalis
2426 2794 2639 2849 libertas
2662 2793 2813 2863 vulgo
2838 2791 3015 2846 aditur
3040 2790 3263 2844 sabbatis
3295 2790 3552 2844 omnibus.

1961 2889 2063 2957 Qui
2101 2889 2352 2954 audierit,
2377 2889 2597 2942 inveniet
2626 2886 2791 2941 Deum
2823 2888 2952 2957 :qui
2982 2895 3154 2939 autem
3185 2885 3436 2938 studuerit
3469 2883 3550 2936 in-

1957 2983 2205 3054 telligere,
2239 2990 2450 3055 cogetur
2477 2990 2523 3034 et
2547 2979 2770 3035 credcre.
2798 2977 3032 3032 Primam
3056 2976 3410 3031 instrumentis
3438 2975 3552 3028 istis

1956 3076 2316 3130 auctoritatem
2337 3091 2537 3128 summa
2559 3073 2838 3144 antiquitas
2864 3072 3160 3126 vindicat...
3185 3070 3306 3123 deos
3335 3078 3549 3134 vestros,

1959 3168 2073 3239 ipsa
2105 3169 2315 3240 templa,
2354 3177 2399 3221 et
2439 3165 2672 3231 oracula,
2703 3175 2748 3220 et
2779 3180 2950 3228 sacra,
2997 3163 3150 3218 unius
3192 3162 3398 3216 interim
3431 3176 3552 3230 pro-

246 3253 501 3308 nonnihil
553 3263 798 3311 mutasse
851 3255 919 3311 de
959 3256 1261 3328 Scripturis
1315 3258 1521 3312 sanctis
1540 3302 1554 3324 ,
1609 3258 1848 3324 dumque
1876 3251 1920 3313 C
1955 3261 2122 3332 pheta:
2148 3257 2617 3315 scriniumsazculis
2635 3257 2810 3322 vincit,
2840 3255 2894 3309 in
2921 3272 3020 3325 quo
3052 3254 3250 3310 videtur
3277 3253 3552 3308 thesaurus

246 3345 549 3401 editionem
578 3346 698 3415 ejus
726 3362 850 3403 cum
899 3349 1044 3404 fonte
1091 3348 1319 3406 Hebrzeo
1363 3349 1664 3418 contendit,
1694 3350 1850 3421 plura

243 3438 454 3508 reperit
499 3438 767 3496 Hebraica
806 3441 1041 3498 veritate
1083 3441 1150 3498 ad
1205 3442 1712 3514 comprobationem
1756 3459 1854 3500 no-

243 3544 376 3591 strae
399 3533 550 3590 ﬁdei.
576 3535 757 3602 Quare
779 3535 909 3592 alibi
924 3535 1161 3608 pudebat
1179 3544 1386 3592 tantum
1410 3536 1694 3593 doctorem
1721 3551 1852 3593 con-

244 3624 514 3682 tentionis
546 3636 863 3683 nostrorum
911 3628 1226 3696 sciolorum,
1266 3629 1363 3699 qui
1405 3628 1726 3684 Hebraicam
1756 3644 1850 3685 ve-

248 3717 496 3782 ritatem,
531 3718 588 3773 id
617 3728 720 3787 est,
753 3734 905 3775 suam
939 3735 1005 3775 ex
1045 3720 1275 3776 Hebraeo
1315 3720 1730 3776 translationem
1760 3735 1848 3776 ar-

242 3809 506 3881 guebant.
536 3809 740 3878 Juda’i,
771 3812 966 3882 inquit,
1001 3822 1181 3868 contra
1206 3829 1262 3867 se
1291 3813 1491 3883 legunt,
1525 3821 1574 3866 et
1597 3813 1723 3883 quid
1752 3831 1848 3885 pro

243 3919 296 3958 se
320 3904 411 3971 sit,
437 3906 600 3960 nescit
623 3903 882 3960 Ecclesia.

325 3994 434 4049 Pro
463 3994 717 4051 Ecclesia
748 3997 986 4052 maxime
1020 4006 1138 4053 erat
1167 3997 1310 4068 quod
1351 3999 1402 4054 in
1453 3998 1843 4070 prophetarum

241 4085 620 4143 voluminibus
647 4087 892 4145 Hebrreis
912 4090 1198 4161 legebatur
1226 4109 1237 4144 :
1266 4099 1430 4162 utque
1455 4092 1842 4147 inconcussum

243 4179 475 4235 haberet
516 4179 652 4236 ﬁdes
681 4181 988 4238 Christiana
1037 4183 1175 4252 apud
1217 4184 1363 4252 ipsos
1409 4183 1661 4240 inimicos
1692 4185 1846 4240 testi-

241 4271 514 4328 monium.
555 4273 872 4330 Judzeorum
904 4283 1120 4346 gentem
1168 4276 1312 4331 Deus
1359 4293 1455 4346 per
1505 4285 1678 4333 terras
1724 4276 1842 4332 dis-

241 4369 396 4439 pergi
427 4368 603 4423 voluit
625 4384 748 4424 cum
779 4370 1158 4426 instrumentis
1189 4370 1498 4426 divinarum
1524 4371 1842 4442 Scriptura-

240 4477 388 4528 rum,
419 4461 618 4531 quibus
647 4471 851 4518 nostrae
882 4461 1161 4533 religionis
1192 4474 1535 4519 sacramenta
1565 4480 1674 4520 non
1705 4479 1841 4519 con-

241 4555 395 4620 ﬁcta,
427 4557 523 4610 sed
553 4571 584 4611 a
613 4571 745 4611 vero
773 4557 882 4612 Deo
912 4556 1208 4627 promissa,
1250 4565 1413 4628 atque
1443 4557 1711 4628 completa
1742 4557 1837 4613 de-

240 4661 646 4708 monstrantur.
687 4651 824 4708 Hinc
861 4662 1084 4708 sanctus
1122 4653 1460 4725 Augustinus
1499 4655 1568 4710 de
1610 4654 1842 4711 Civitate

241 4747 340 4802 Dei
389 4745 492 4800 lib.
528 4761 682 4809 xvm,
723 4761 845 4816 cap.
886 4746 976 4802 46.
1028 4745 1198 4801 Nobis
1233 4747 1456 4814 quidem,
1498 4745 1692 4818 inquit,
1734 4746 1841 4802 illa:

241 4840 503 4916 sufﬁciunt
533 4839 839 4910 prophetiw,
868 4856 983 4910 qua:
1004 4839 1068 4894 de
1088 4851 1379 4894 nostrorum
1403 4841 1732 4894 inimicorum
1755 4857 1843 4895 co-

241 4931 444 4984 dicibus
466 4932 825 5002 proferuntur,
847 4948 974 5002 quos
993 4933 1319 5004 agnoscimus
1345 4942 1558 5005 propter
1579 4932 1676 4987 hoc
1700 4935 1840 4988 testi-

239 5026 503 5093 monium,
535 5025 676 5096 quod
703 5025 849 5080 nobis
875 5026 1022 5080 inviti
1065 5026 1353 5096 perhibent,
1403 5026 1610 5082 eosdem
1637 5026 1840 5082 codices

240 5118 488 5171 habendo
514 5127 667 5186 atque
693 5119 966 5185 servando,
997 5135 1087 5189 per
1110 5135 1285 5172 omnes
1317 5127 1493 5190 gentes
1519 5119 1676 5173 etiam
1697 5121 1839 5192 ipsos

241 5229 351 5268 esse
379 5213 668 5282 dispersos,
711 5228 1123 5283 quaquaversum
1149 5212 1344 5267 Christi
1376 5211 1615 5267 Ecclesia
1647 5212 1839 5268 dilata-

241 5317 396 5364 tur...
419 5311 668 5380 quoniam
703 5309 744 5363 si
770 5325 888 5363 cum
919 5309 1012 5363 illo
1034 5308 1329 5362 testimonio
1361 5307 1758 5379 Scripturarum
1785 5309 1840 5363 in

240 5419 335 5456 sua
365 5402 724 5458 tantummodo
760 5411 897 5458 terra
921 5420 1023 5458 non
1048 5402 1232 5468 ubique
1260 5411 1448 5471 essent,
1473 5407 1706 5476 profecto
1736 5402 1839 5459 Ec-

241 5493 421 5559 clesia,
475 5510 590 5564 qua:
624 5494 816 5565 ubique
859 5501 970 5563 est,
1015 5509 1101 5547 eos
1150 5493 1576 5564 prophetiarum,
1613 5510 1731 5563 qua:
1771 5493 1836 5549 de

243 5583 451 5640 Christo
475 5589 757 5659 praemissa:
794 5594 930 5654 sunt,
965 5594 1114 5640 testes
1151 5586 1460 5658 in_omnibus
1491 5586 1722 5659 gentibus
1747 5589 1838 5642 ha-

244 5679 358 5735 bere
384 5697 489 5735 non
520 5689 716 5751 posset.
744 5680 889 5736 Idem
924 5679 1153 5736 docebat
1182 5679 1234 5735 in
1263 5679 1530 5750 psalmum
1575 5695 1681 5744 LVI,
1712 5694 1837 5735 cum

243 5774 451 5832 diceret
477 5795 490 5830 :
530 5775 598 5832 Ut
622 5775 799 5832 Judrei
821 5785 1082 5847 tamquam
1103 5774 1330 5863 capsarii
1357 5775 1519 5828 nostri
1557 5773 1716 5829 libros
1746 5791 1841 5829 no-

246 5880 375 5928 stros
403 5873 819 5943 circumferrem,
847 5880 902 5927 ut
937 5886 1056 5927 cum
1099 5869 1294 5942 pagani
1332 5883 1434 5924 non
1461 5869 1694 5937 credunt,
1728 5883 1842 5940 quia

1955 3353 2230 3408 collocatus
2260 3353 2417 3405 totius
2437 3349 2647 3404 Iudaici
2675 3348 3012 3416 sacramenti,
3047 3355 3092 3400 et
3122 3345 3241 3400 inde
3270 3345 3423 3400 etiam
3454 3359 3550 3398 no-

1953 3446 2069 3501 stri.
2118 3445 2196 3500 De
2237 3443 2480 3500 Hebraais
2521 3441 2888 3497 voluminibus
2937 3440 3177 3495 locutum
3222 3439 3388 3494 fuisse
3415 3437 3551 3492 'l‘er-

1953 3537 2240 3592 tullianum
2267 3537 2368 3591 hoc
2386 3534 2722 3606 Apologetici
2748 3534 2890 3600 loco,
2918 3547 3082 3587 nemo
3106 3531 3346 3602 prudens
3371 3545 3435 3586 ac
3456 3545 3548 3584 so-

1952 3630 2103 3686 brius
2126 3628 2476 3686 inliciabitur.
2508 3627 2566 3684 Si
2593 3627 2684 3698 qui
2713 3637 2873 3683 erunt
2904 3625 3069 3680 tantis
3092 3625 3423 3690 cervicibus,
3453 3623 3554 3694 qui

1951 3721 2189 3777 audeant
2217 3720 2285 3776 ad
2329 3735 2459 3776 suos
2511 3733 2707 3776 sensus
2744 3726 3114 3787 contorquere
3157 3725 3264 3772 tam
3297 3722 3549 3786 apertum

1951 3814 2314 3885 antiquissimi
2356 3813 2642 3884 scriptoris
2686 3810 3077 3875 testimonium,
3109 3808 3272 3864 facile
3311 3825 3378 3864 ex
3426 3809 3546 3877 ipso

1951 3916 2120 3975 textu,
2159 3906 2460 3977 ordineque
2502 3905 2772 3961 sermonis
2817 3917 3006 3959 eorum
3047 3901 3410 3973 pervicaciam
3456 3914 3544 3955 re-

1948 4003 2173 4058 vincere
2215 4009 2508 4071 poterunt,
2551 3999 2644 4070 qui
2689 3998 3095 4053 controversias
3138 3995 3402 4059 scribunt,
3455 3995 3545 4050 vel

1947 4093 2342 4166 disputationes
2374 4092 2612 4162 prolian
2640 4091 2958 4146 instituunt.
2990 4088 3102 4144 Nos
3122 4089 3292 4158 aequis
3321 4087 3544 4142 lectori-

1947 4190 2072 4254 bus,
2104 4202 2213 4243 non
2252 4185 2524 4257 litigiosis,
2555 4185 2674 4240 haec
2699 4183 2960 4254 scripisse
2990 4182 3262 4248 contenti,
3294 4179 3362 4236 ad
3403 4179 3538 4235 alias

1947 4296 2236 4354 pergemus
2258 4279 2632 4352 probationes.
3131 4263 3135 4267 ’

2020 4376 2298 4433 Summam
2345 4389 2412 4430 ex
2459 4374 2566 4429 alio
2591 4371 2767 4442 capite
2817 4371 3192 4426 auctoritatem
3225 4367 3546 4424 deducimus

1946 4468 2300 4524 Hebraeorum
2331 4465 2688 4521 voluminum.
2722 4461 2853 4518 Nam
2884 4462 3184 4518 secundum
3226 4466 3541 4515 sanctorum

1945 4561 2164 4616 Patrum
2183 4556 2600 4614 celebratissimi
2649 4554 2883 4610 Hilarius
2914 4563 2968 4609 et
2997 4551 3316 4608 Ambrosius
3346 4566 3540 4606 exem-

1867 4638 1918 4699 Ῑ)
1946 4653 2187 4725 plaribus
2227 4650 2525 4707 secundum
2559 4650 2840 4704 Hebraeum
2874 4647 3135 4704 correctis
3163 4654 3218 4702 et
3241 4644 3542 4701 emendatis

1945 4760 2162 4816 semper
2187 4743 2516 4800 adhaeserint
2539 4789 2552 4814 ,
2585 4758 2651 4799 ex
2679 4757 2744 4797 eo
2774 4741 2929 4796 nobis
2965 4738 3428 4796 evidentissimum
3458 4739 3542 4796 in-

1945 4836 2144 4892 dicium
2178 4835 2422 4906 praabent
2443 4842 2640 4905 quanta
2671 4832 2831 4888 fuerit
2855 4829 2996 4900 apud
3023 4829 3145 4885 illos
3175 4831 3407 4901 dignitas
3437 4830 3542 4887 He-

1942 4929 2214 4985 brarorum
2245 4927 2514 4983 codicum.
2550 4925 2697 4981 Hanc
2717 4925 2767 4979 in
2798 4931 2986 4979 sancto
3012 4923 3213 4979 llilario
3241 4925 3544 4980 veneratio-

1945 5037 2068 5077 nem
2097 5037 2225 5092 erga
2276 5019 2479 5076 fontem
2532 5018 2816 5075 Hebraeum
2848 5019 3103 5072 observat
3134 5016 3323 5072 Petrus
3353 5027 3544 5075 noster

1943 5115 2212 5182 Coutant,
2247 5129 2476 5171 numero
2524 5113 2591 5170 l9
2620 5123 2675 5168 et
2698 5111 2769 5167 20
2794 5153 2809 5178 ,
2841 5110 3224 5166 admonitionis
3273 5111 3325 5166 in
3373 5109 3539 5167 Com-

1943 5208 2267 5263 mentarium
2294 5206 2630 5262 Psalmorum
2655 5197 2680 5272 ,’
2709 5204 2824 5260 sive
2854 5203 2908 5257 in
2940 5211 3201 5258 tractatus
3231 5202 3421 5258 Hilarii
3449 5219 3542 5259 su-

1942 5315 2041 5372 per
2063 5300 2326 5356 Psalmos.
2359 5299 2407 5355 1s
2438 5298 2649 5354 tametsi
2681 5305 2860 5352 natam
2905 5296 2972 5351 de
3000 5296 3184 5350 mundi
3217 5304 3375 5352 aetate
3405 5312 3540 5353 con-

1942 5392 2264 5448 troversiam
2297 5390 2508 5468 ingredi
2536 5389 2674 5445 forte
2694 5389 2907 5455 nolens,
2931 5403 3146 5445 omnem
3169 5402 3200 5443 a
3221 5402 3281 5444 se
3297 5399 3543 5447 removet

1947 5487 2312 5556 suspicionem
2344 5485 2616 5556 Opinionis
2643 5483 3010 5556 praeiudicata:
3055 5484 3108 5539 in
3152 5484 3381 5554 gratiam
3427 5483 3538 5539 He-

1944 5580 2218 5637 braeorum
2242 5579 2570 5635 voluminum
2599 5621 2615 5648 ,
2649 5581 2908 5650 testisque
2927 5577 3136 5635 accedit
3182 5577 3425 5648 locuples
3469 5577 3542 5632 ad

1942 5674 2364 5731 declarationem
2396 5675 2677 5731 sententia:
2721 5674 2892 5730 sancti
2921 5672 3152 5741 Hilarii,
3189 5687 3349 5743 quem
3379 5670 3540 5726 nobis

1942 5769 2133 5826 edidit.
2184 5768 2275 5824 Sic
2306 5769 2466 5841 igitur
2493 5767 2748 5824 nonnulla
2794 5767 2910 5822 loca
2941 5767 3178 5838 Operum
3218 5779 3250 5819 a
3277 5778 3338 5822 se
3367 5777 3546 5835 nuper

1943 5865 2214 5926 editorum
2241 5865 2547 5938 expendit:
2585 5863 2779 5932 Quanti
2803 5863 2958 5920 etiam
3011 5863 3189 5935 fecerit
3235 5859 3540 5934 (Hilarius)
