4040 6360
473 333 542 388 83
1081 327 1171 382 Al)
1208 326 1266 384 S.
1313 322 1688 381 HIERONYMI
1730 318 2015 376 DIVINAM
2057 315 2569 375 BIBLIOTIIECAM
2611 310 3147 371 PROLEGOMENA.
3696 305 3768 364 81

478 448 809 501 Psalmorum
837 444 1025 499 librant
1048 443 1192 514 apud
1217 440 1424 497 ercos
1451 482 1466 508 ,
1507 437 1789 495 secundum
1820 407 2071 495 Hebraeos
2099 443 2146 502 Α
2178 433 2384 490 Hilario
2411 432 2767 489 indubitatam
2802 432 3185 487 auctoritatem
3228 426 3406 483 astatis
3456 435 3621 495 atque
3672 424 3769 479 do-

478 540 801 596 entemlatnm
818 580 835 605 ,
867 536 1017 592 initio
1046 536 1218 591 littera
1242 533 1276 590 8
1293 576 1308 601 ,
1340 533 1474 605 psal.
1499 544 1662 587 cxvm
1686 569 1702 596 ,
1729 536 1968 583 testatum
1990 541 2072 581 re-

476 634 628 705 liquit
661 648 678 684 :
708 630 794 685 ubi
821 649 851 684 a
875 637 1226 701 pru'coneepta
1251 625 1521 690 sententia,
1552 637 1704 693 quam
1731 619 1904 673 Latini
1929 618 2069 673 codi-

477 742 560 782 ces
585 722 960 794 conﬁrmabant
983 764 997 788 ,
1042 738 1104 775 ac
1134 719 1374 775 nonnulli
1413 714 1583 772 Grteci
1602 757 1617 781 ,
1664 713 1726 768 ob
1754 729 1906 767 unam
1931 710 2074 766 illius

477 819 839 873 auctaritatem
867 815 1101 871 discedit.
1152 810 1217 867 In
1247 811 1476 885 ejusdem
1527 807 1646 862 libri
1671 806 2032 863 emendatione
2056 845 2070 871 ,

475 920 534 964 ut
563 910 617 964 in
641 910 797 963 totius
824 907 1013 979 psalmi
1039 920 1203 963 cxvm
1238 901 1601 975 explanatione
1623 940 1639 967 ,
1669 899 1926 955 consensit
1955 900 2077 951 Ληι-

479 1000 682 1055 brosius
712 1000 762 1053 in
793 1000 1028 1054 eumdem
1077 996 1266 1050 locum.
1313 990 1595 1064 Utriusque
1623 992 1775 1046 verba
1826 991 1893 1043 ad
1906 994 1909 997 ’
1942 987 2076 1043 illud

478 1090 703 1147 Luciani
730 1090 972 1161 martyris
996 1105 1126 1158 opus
1149 1083 1414 1141 commode
1437 1086 1648 1155 referes,
1672 1080 1856 1152 dequo
1878 1076 2049 1151 Euthy
2064 1107 2076 1117 -

478 1185 614 1240 mins
669 1191 885 1238 testatur
916 1179 1211 1236 :omnihus
1258 1175 1592 1258 editionibus
1624 1173 1793 1240 visis,
1849 1183 1901 1229 et
1953 1187 2076 1227 cum

478 1276 751 1333 llehraica
781 1276 1011 1329 veritate
1051 1270 1467 1344 diligentissime
1495 1269 1708 1324 collatis
1733 1311 1747 1335 ,
1799 1266 2078 1339 propriam

480 1369 795 1431 editionem,
823 1366 952 1421 nihil
977 1381 1252 1431 mancum,
1272 1363 1406 1420 nihil
1432 1362 1718 1420 habentem
1742 1359 2078 1433 superﬂuum

479 1463 805 1520 Christianis
835 1461 1091 1527 tradidit,
1124 1470 1232 1517 etc.

556 1556 655 1611 Ille
696 1573 812 1610 cum
856 1571 918 1609 ea:
956 1556 1052 1609 hoc
1081 1554 1192 1609 loco
1222 1596 1237 1622 ,
1288 1568 1389 1623 quo
1420 1550 1605 1606 librum
1646 1548 1943 1607 secundum
1978 1547 2085 1604 He-

484 1652 665 1705 bra'os
694 1649 1022 1703 emendatum
1045 1646 1175 1700 tanti
1204 1645 1368 1710 ducit,
1397 1653 1505 1698 tum
1527 1659 1590 1698 ea:
1608 1642 1790 1708 altero,
1815 1657 1917 1714 quo
1938 1638 2084 1696 στω-

484 1744 559 1796 eis
601 1739 861 1794 codicibus
892 1783 905 1804 ,
962 1738 1083 1810 quia
1123 1753 1190 1793 ex
1226 1736 1452 1793 ilebrzeo
1494 1736 1641 1792 fonte
1672 1733 1904 1806 proximi
1935 1744 2081 1802 sunt,

2175 527 2387 583 ctrina).
2418 526 2526 582 Sed
2556 542 2681 581 cum
2726 540 2794 580 eo
2844 523 3162 579 consentire
3201 535 3311 577 non
3363 532 3582 590 possum
3610 556 3629 585 ,
3676 517 3770 574 ubi

2176 622 2451 678 exiStimat
2507 617 2758 674 librarum
2813 631 3080 672 sacrarunt
3133 614 3397 670 Canonem
3464 609 3773 666 recensitum

2178 713 2338 784 fuisse
2367 712 2430 767 ab
2461 711 2670 767 Hilario
2684 713 2846 784 juxta
2878 707 3128 764 Hebraeos
3151 744 3170 773 ,
3202 721 3307 760 non
3319 707 3479 777 juxta
3498 718 3648 757 usum
3670 699 3773 759 Erv-

2176 804 2344 860 clesiaz
2393 804 2505 859 suis
2549 801 2859 875 temporibus
2911 807 3194 869 receptum.
3241 795 3453 866 Quippe
3496 808 3668 867 usque
3705 793 3771 853 ad

2177 906 2394 952 aetatem
2438 895 2599 967 hujus
2624 895 2793 950 sancti
2834 892 3088 948 Doctoris
3110 904 3252 947 unus
3275 888 3377 946 fuit
3404 903 3532 947 usus
3555 887 3775 945 Iudaeo-

2180 1005 2303 1045 rum
2336 1003 2400 1044 ac
2428 986 2867 1044 Christianorum
2918 986 2971 1043 in
3000 982 3300 1054 Scripturis
3328 978 3610 1039 canonicis
3639 980 3780 1035 reci-

2181 1082 2397 1156 piendis
2428 1101 2440 1134 :
2474 1082 2544 1136 ita
2590 1091 2647 1137 ut
2681 1095 2790 1136 non
2833 1079 3017 1150 plures
3050 1077 3105 1133 in
3126 1074 3406 1132 Canonem
3438 1075 3639 1131 veteris
3668 1071 3777 1128 Te-

2180 1176 2436 1232 stamenti
2467 1175 2891 1231 admitterentur
2917 1173 2985 1229 ab
3026 1169 3291 1229 Eeclesiis
3318 1167 3523 1227 Christi
3550 1209 3567 1237 ,
3614 1181 3778 1239 quam

2182 1269 2368 1342 viginti
2397 1270 2510 1326 duo
2536 1312 2551 1339 ,
2586 1269 2680 1340 qui
2710 1269 2762 1323 in
2800 1266 3117 1323 Judasorum
3148 1264 3369 1321 Canoua
3418 1260 3779 1323 habebantur.

2182 1363 2377 1421 Testes
2429 1361 2554 1419 huic
2595 1360 2887 1418 assertioui
2929 1366 3059 1417 sunt
3115 1356 3391 1415 bieiitouis
3439 1352 3786 1413 Sardicensis

2185 1456 2480 1529 Cataiogus
2528 1455 2671 1529 apud
2720 1453 3013 1512 Eusebium
3046 1452 3188 1508 libro
3223 1467 3274 1507 tv
3315 1450 3571 1507 [lictoriae
3598 1447 3788 1505 Eccle-

2185 1551 2440 1619 siasticae,
2480 1549 2793 1621 capiteﬂli;
2838 1547 3102 1618 Origenes
3148 1542 3372 1603 homilia
3406 1542 3437 1598 7
3476 1541 3532 1601 in
3578 1540 3787 1610 Josue,

2188 1645 2584 1700 commentario
2616 1643 2670 1698 in
2694 1641 2960 1714 psalmum
2993 1654 3010 1694 ι
3040 1678 3055 1703 ,
3085 1646 3142 1694 et
3166 1635 3308 1708 apud
3336 1633 3588 1693 eumdem
3622 1632 3791 1690 Euse-

2192 1738 2336 1793 bium
2370 1735 2511 1791 libro
2543 1751 2638 1791 vnt
2661 1781 2677 1806 ,
2706 1734 2885 1805 capite
2907 1731 3014 1798 25;
3047 1730 3367 1791 Laodiceam
3393 1725 3586 1799 synodi
3614 1740 3789 1782 canon

484 1838 758 1909 aliquanto
804 1836 921 1907 plus
950 1851 1101 1906 quam
1144 1833 1347 1888 Latinis
1377 1833 1701 1889 auctoritatis
1740 1847 1847 1886 esse
1874 1829 2045 1884 innuit
2071 1870 2087 1897 ,
2124 1826 2168 1891 B
2196 1830 2265 1887 60
2290 1847 2307 1897 ;
2337 1829 2605 1903 Synopsis
2632 1828 2797 1900 vulgo
2828 1826 3106 1885 Athanasii
3141 1822 3490 1879 Alexandrini
3521 1821 3667 1877 dicta
3696 1863 3713 1889 ,
3736 1830 3795 1877 et

485 1946 633 1984 suam
683 1929 747 1983 de
794 1927 1019 1984 Hebra'o
1059 1936 1196 1982 textu
1230 1928 1535 1981 sententiam
1564 1922 1893 1996 manifestam
1942 1922 2102 2000 [coite

489 2021 676 2094 Neque
716 2038 831 2076 rero
862 2032 1031 2076 textus
1063 2020 1221 2093 hujus
1250 2019 1598 2075 sinceritatem
1628 2019 1830 2089 arguit,
1855 2017 1946 2070 sed
1975 2024 2089 2070 tan-

488 2128 599 2172 tum
629 2116 691 2170 ab
721 2119 836 2189 ejus
873 2114 1208 2187 ambiguitate
1252 2112 1349 2170 sibi
1379 2112 1665 2169 cavendum
1693 2121 1885 2165 monet.
1918 2107 2090 2165 Immo

489 2212 537 2262 si
566 2206 714 2263 rerba
760 2206 903 2261 illius
944 2207 1000 2260 in
1052 2206 1185 2279 psal.
1218 2222 1257 2261 tt
1279 2250 1293 2274 ,
1321 2222 1464 2261 num.
1493 2205 1527 2259 5
1554 2204 1568 2274 ’,
1597 2202 1943 2272 assequimur,
1973 2198 2092 2255 libri

491 2300 705 2357 Hebr-(ei
734 2298 893 2356 simul
916 2317 1032 2355 cum
1058 2301 1121 2355 iis
1146 2342 1161 2367 ,
1204 2317 1332 2371 quos
1363 2299 1711 2372 Septuaginta
1751 2297 2091 2351 translatores

489 2396 778 2464 ediderant,
830 2405 943 2451 post
971 2394 1396 2450 resurrectionem
1427 2392 1635 2449 Domini
1665 2391 1841 2445 collati
1872 2399 2011 2459 sunt,
2043 2399 2089 2444 et

492 2508 607 2544 cum
639 2488 861 2559 ﬁdeliter
885 2498 1179 2543 constantes
1210 2488 1460 2557 comperti
1485 2495 1677 2550 essent,
1711 2485 1980 2555 utriusque
2008 2484 2091 2538 in-

492 2581 832 2635 dissolubilis
860 2581 1154 2635 constituta
1184 2592 1266 2635 eet
1294 2579 1576 2651 privilegio
1602 2577 1871 2634 doctrinm
1892 2585 1950 2632 et
1971 2586 2095 2630 aeta-

492 2676 563 2727 tis
595 2674 913 2729 auctoritas.
944 2671 1093 2728 Certe
1118 2689 1233 2727 cum
1262 2671 1453 2729 ibidem
1485 2678 1697 2744 fatetur,
1724 2669 1962 2727 Hebraeis
1991 2687 2093 2726 non

492 2763 811 2818 necessarias
835 2763 997 2836 fuisse
1020 2752 1301 2818 Seniorum
1324 2762 1671 2837 Septuaginta
1700 2761 2094 2827 translationes,

495 2871 712 2927 cumque
736 2872 952 2909 numero
982 2857 1015 2911 4
1049 2852 1216 2908 Paulo
1261 2852 1487 2909 Hebrteo
1531 2855 1670 2927 apud
1704 2851 1951 2909 Hebrteos
1978 2852 2088 2910 He-

497 2949 638 3002 brteo
669 2956 811 3002 textu
840 2947 913 3001 uti
943 2947 1150 3002 licuisse
1184 2945 1409 3001 ostendit
1438 2987 1452 3011 ,
1492 2957 1667 3015 aperte
1710 2946 1935 3010 inlicat,
1987 2962 2097 3002 sese

500 3040 634 3093 hunc
663 3048 967 3109 corruptum
998 3055 1319 3111 nequaquam
1364 3040 1639 3104 suspicari.
1674 3038 1903 3094 Tantum
1945 3040 2097 3095 abest

499 3136 562 3183 ut
587 3130 913 3200 depravatos
945 3137 1161 3201 putaret
1194 3128 1428 3185 Hilarius
1457 3130 1674 3185 codices
1708 3128 2094 3199 Hebraeorum;

2194 1922 2439 1992 ejusdem
2470 1920 2713 1993 Epistola
2745 1919 2947 1979 festiva
2974 1935 2990 1985 ;
3018 1917 3256 1991 Cyrillns
3303 1914 3795 1988 Jerosolymitanus

2192 2014 2481 2072 Catechesi
2510 2013 2545 2068 4
2571 2029 2587 2082 ;
2618 2012 2916 2084 Gregorius
2944 2010 3322 2066 Nazianzenus
3350 2007 3605 2065 Carmine
3636 2004 3707 2063 de
3738 2005 3796 2063 li.

2195 2108 2307 2164 bris
2366 2106 2743 2173 Authenticis;
2795 2102 3212 2177 Amphilochius
3264 2102 3329 2157 ad
3376 2100 3673 2157 Seleucum
3723 2099 3795 2156 de

2195 2203 2384 2260 iisdem
2420 2201 2718 2272 Scripturis
2739 2244 2754 2269 ,
2788 2209 2841 2256 et
2867 2199 2959 2254 alii
2988 2198 3129 2254 bene
3155 2196 3306 2251 multi
3333 2235 3349 2261 ,
3395 2209 3531 2266 quos
3567 2192 3655 2251 hic
3684 2207 3794 2249 non

2196 2310 2477 2351 recenseo.
2501 2292 2823 2348 Latinorum
2838 2305 2966 2347 vero
2986 2288 3096 2345 duo
3119 2290 3171 2343 in
3198 2286 3408 2359 primis,
3434 2286 3797 2358 Hieronymus

2180 2382 2247 2447 ‘et
2277 2387 2505 2445 Ruﬁnus
2534 2386 2895 2460 Aquileiensis
2920 2426 2936 2452 ,
2977 2386 3070 2458 qui
3132 2383 3336 2438 diserte
3367 2380 3548 2437 testati
3579 2388 3706 2436 sunt
3733 2380 3799 2435 li-

2197 2483 2324 2538 bros
2350 2482 2660 2555 Sapientiae,
2698 2477 3046 2535 Ecclesiastici
3066 2521 3081 2547 ,
3110 2475 3326 2541 Iudith,
3354 2474 3560 2544 Tobite,
3587 2485 3642 2530 et
3670 2470 3797 2528 Ma-

2196 2576 2517 2630 chabaeomm
2540 2620 2553 2643 ,
2589 2573 2693 2644 legi
2721 2571 2939 2645 quidem
2980 2578 3274 2627 consuetos
3305 2583 3428 2625 esse
3465 2568 3518 2625 in
3551 2566 3797 2624 Ecclesia

2198 2671 2263 2723 ad
2297 2667 2714 2723 aediﬁcationem
2739 2665 2916 2736 plebis
2946 2682 2960 2718 :
2992 2679 3100 2719 non
3122 2673 3301 2720 tamen
3336 2662 3474 2718 inter
3502 2661 3801 2716 canonicas

2196 2764 2508 2835 Scripturas
2556 2762 2723 2818 fuisse
2763 2758 2941 2816 adhuc
2990 2757 3282 2817 admissos.
3310 2754 3555 2812 Consule
3607 2754 3803 2810 Hiero-

2198 2857 2348 2930 nymi
2376 2854 2743 2929 praelationem
2777 2855 2831 2908 in
2857 2851 3020 2909 libros
3042 2850 3373 2912 Salomonis,
3397 2855 3454 2904 et
3476 2847 3793 2920 Symbolum

2199 2964 2358 3020 supra
2390 2948 2514 3004 dicti
2570 2946 2767 3002 Rutilii.
2813 2944 3076 3000 Prteterea
3107 2942 3286 3013 colligi
3335 2948 3509 3012 potest
3551 2944 3619 2995 ex‘
3669 2941 3805 3010 ipsis

2202 3042 2388 3099 Hilarii
2416 3041 2596 3097 verbis
2636 3040 2899 3095 librorum
2949 3036 3256 3095 divinorum
3285 3034 3559 3095 Canonem
3603 3050 3802 3093 recen-

2200 3137 2395 3206 sentis,
2421 3140 2489 3193 de
2520 3151 2618 3192 usu
2646 3136 2701 3193 in
2733 3134 2973 3191 Ecclesia
3019 3141 3236 3202 recepto
3264 3146 3391 3189 eum
3438 3130 3604 3189 fuisse
3651 3132 3806 3188 locu-

499 3225 629 3293 qttin
665 3222 843 3293 potius
869 3219 1285 3276 indissolubilem
1305 3224 1385 3277 eis
1412 3221 1687 3276 Constituit
1714 3223 2096 3290 auctoritatem,
2125 3218 2172 3281 C
2205 3243 2336 3289 ιιιιιι,
2407 3230 2538 3289 Nam
2572 3246 2695 3286 cum
2726 3228 2888 3284 addat
2905 3268 2922 3299 ,
2955 3235 3085 3300 pou
3106 3227 3403 3283 recensitos
3432 3224 3617 3295 viginti
3663 3223 3808 3281 duos

500 3330 624 3370 cum
656 3315 818 3369 docet
845 3315 1013 3369 libros
1043 3314 1166 3370 illos
1196 3313 1443 3386 diligenti
1474 3327 1527 3372 et
1572 3316 1822 3388 religiosa
1852 3314 2097 3372 custodia

499 3407 673 3462 fuisse
699 3415 948 3463 servatos
978 3449 993 3472 ,
1047 3421 1161 3478 post
1212 3411 1518 3480 passionem
1557 3422 1612 3465 et
1643 3408 2097 3467 resurrectionem

502 3499 707 3555 Christi
740 3498 973 3555 eollatos
1003 3515 1126 3553 cum
1158 3502 1407 3557 versione
1438 3498 1581 3556 LXX
1612 3502 1835 3570 interpr.
1859 3511 1970 3556 tum
1991 3540 2010 3569 ,
2038 3515 2101 3558 ac

504 3608 606 3647 usu
636 3591 953 3664 quotidiano
976 3593 1287 3649 celebratos
1313 3636 1327 3661 ,
1360 3593 1615 3650 Hebraeos
1640 3594 1783 3649 inter
1803 3605 1858 3650 et
1882 3604 2101 3665 aposto-

503 3683 619 3740 lum
665 3685 909 3741 Paulum.
948 3684 1214 3757 Insignem
1263 3685 1399 3742 adeo
1450 3687 1627 3742 locum
1660 3685 1802 3741 haud
1831 3684 2100 3757 integrant

505 3774 767 3834 recitasse
814 3781 898 3834 vix
945 3779 1074 3833 mihi
1120 3781 1493 3837 concederent
1542 3781 1773 3835 lectores
1824 3779 2099 3836 studiosi:

507 3886 678 3943 quare
709 3880 882 3927 totum
916 3870 1119 3940 altero,
1149 3882 1313 3944 prout
1340 3873 1516 3928 editus
1540 3884 1622 3928 est
1671 3888 1701 3927 a
1751 3882 1935 3928 nostro
1964 3871 2104 3928 Cou-

506 3976 627 4021 tant
658 3982 673 4020 :
707 3963 915 4020 Horum
943 3965 1103 4038 igitur
1131 3965 1496 4021 translationes
1528 3965 1759 4023 Hebraeis
1791 3976 1896 4022 tum
1925 3963 2105 4038 lingua

504 4066 710 4111 tantum
740 4074 838 4112 sua
866 4057 1121 4113 utentibus
1147 4072 1249 4112 non
1293 4070 1439 4113 erant
1484 4059 1805 4113 necessariae.
1835 4057 1975 4131 ipsis
2020 4070 2103 4113 ta-

506 4165 625 4204 men
655 4149 891 4207 omnibus
917 4151 1155 4223 diligenti
1181 4161 1228 4207 et
1252 4153 1496 4223 religiosa
1521 4152 1755 4207 custodia
1786 4151 2063 4209 observatis
2087 4194 2104 4223 ,

506 4239 689 4311 quibus
716 4252 895 4313 postea
918 4258 1071 4313 quam
1101 4240 1355 4297 Dominus
1373 4243 1534 4314 legem
1561 4260 1762 4299 omnem
1780 4253 2106 4300 sacramento

507 4342 558 4387 et
587 4336 974 4406 corporationis
999 4351 1110 4390 sua?
1133 4346 1183 4389 et
1212 4337 1496 4408 passionis,
1526 4346 1573 4392 et
1594 4338 1986 4393 resurrectionis
2010 4338 2110 4393 im-

509 4421 739 4495 pleverat
763 4464 779 4490 ,
811 4442 929 4479 cum
960 4426 1038 4480 his
1070 4420 1217 4480 libris
1241 4468 1256 4495 ,
1288 4444 1418 4499 quos
1447 4429 1554 4500 regi
1580 4429 1737 4483 iidem
1775 4429 2111 4488 translatores

511 4516 787 4573 ediderant
810 4560 825 4589 ,
856 4516 1057 4575 collatis
1080 4561 1096 4587 ,
1130 4530 1176 4575 et
1201 4518 1425 4591 fideliter
1446 4521 1846 4578 consonantibus
1872 4539 2107 4596 comper-

2204 3326 2370 3381 libros
2395 3365 2412 3390 ,
2447 3322 2764 3393 Quibusdam
2803 3330 2975 3377 autem
2997 3320 3107 3375 uisu
3127 3335 3157 3371 ιι
3182 3327 3258 3373 est
3276 3356 3296 3387 ,
3340 3315 3537 3372 additis
3566 3314 3729 3370 Tobia
3753 3323 3808 3371 et

2202 3415 2409 3484 Iudith,
2432 3414 2610 3487 viginti
2631 3423 2852 3483 quatuor
2876 3412 3033 3469 libros
3054 3411 3335 3467 secundum
3364 3425 3631 3465 numerum
3658 3408 3809 3464 Crte-

2203 3508 2681 3564 carumlitterarum
2692 3521 3082 3574 connumerare,
3107 3514 3240 3573 etc.;
3264 3505 3545 3576 perSpicue
3567 3503 3811 3561 ostendit

2204 3601 2541 3659 Christianos
2568 3600 2619 3655 in
2651 3599 2751 3655 hac
2772 3597 3183 3655 enumeratione
3207 3611 3333 3653 esse
3370 3595 3755 3669 intelligendos
3787 3613 3805 3651 :

2205 3698 2325 3765 quis
2352 3693 2496 3750 enim
2528 3692 2670 3748 inter
2695 3691 3084 3759 Circumcisus,
3118 3690 3311 3749 librum
3341 3686 3547 3757 Judith,
3583 3688 3666 3745 vel
3692 3686 3805 3743 To:

2206 3786 2308 3845 hia:
2362 3787 2416 3841 in
2467 3792 2771 3840 sanctarum
2839 3781 3245 3855 Scripturaruut
3303 3782 3579 3841 Cononem
3634 3780 3812 3841 fertur

2207 3875 2531 3932 admisisse?
2558 3875 2847 3933 Christiani
2873 3878 3032 3947 igitur
3055 3885 3235 3943 erant,
3262 3886 3318 3932 et
3339 3875 3431 3948 qui
3456 3874 3643 3946 viginti
3670 3873 3812 3931 dnuo

2208 3981 2414 4028 tantum
2439 3970 2608 4027 libros
2633 3969 2930 4026 canonicos
2955 3967 3368 4040 suscipiebant,
3413 3975 3470 4025 et
3490 3964 3587 4036 ιιιιί
3616 3962 3810 4037 viginti

2208 4070 2437 4134 quatuor
2493 4063 2967 4119 conuumcrahant
3012 4061 3313 4119 secundum
3345 4075 3628 4121 numerum
3658 4057 3813 4117 Gm-

2209 4170 2397 4212 Carum
2450 4157 2778 4213 litterarum.
2842 4157 2935 4213 lia:
2980 4158 3219 4213 rationes
3273 4156 3406 4212 tanti
3457 4154 3814 4211 momentiac

2212 4250 2469 4322 ponderis
2494 4250 2625 4307 mihi
2656 4249 2929 4315 videntur,
2963 4260 3018 4307 ut
3049 4251 3303 4307 recedere
3330 4264 3419 4305 me
3449 4246 3816 4317 compulerint

2211 4358 2240 4397 a
2266 4342 2534 4413 superiori
2562 4342 2765 4399 sodalis
2793 4342 2963 4398 nostri
2990 4343 3279 4411 sententia,
3312 4340 3660 4413 quantumvis
3691 4342 3816 4409 ejus

2213 4436 2268 4490 itt
2299 4434 2422 4490 aliis
2450 4434 2691 4490 studium
2724 4434 2971 4505 probem.
3005 4434 3199 4490 Verum
3242 4432 3385 4489 inter
3413 4434 3620 4490 amicos
3648 4431 3815 4491 etiam

2214 4534 2272 4582 et
2298 4525 2494 4581 fratres
2521 4524 2656 4581 nihil
2678 4524 2839 4584 oflicit
2871 4525 2986 4582 haec
3013 4525 3328 4598 Opiniouum
3350 4525 3659 4581 diversitas.

513 4612 581 4665 tis
611 4652 627 4678 ,
673 4611 1048 4669 indissolubilis
1077 4614 1356 4668 constituta
1380 4624 1456 4669 est
1485 4616 1755 4688 privilegio
1784 4615 2041 4673 doctrinm
2065 4626 2113 4673 et
2139 4607 2194 4669 D
2287 4619 2504 4686 Quanta
2524 4618 2742 4674 demum
2774 4616 2939 4675 fuerit
2967 4618 3260 4675 auctoritas
3291 4618 3640 4677 Hebraeorum
3670 4615 3818 4675 codi-

514 4703 684 4758 tetatis
725 4705 1013 4761 auctoritas
1042 4720 1062 4760 :
1090 4702 1284 4760 Beatus
1314 4722 1436 4779 ergo
1465 4708 1731 4780 apostolus
1773 4704 2001 4778 Paulus,
2032 4726 2114 4766 se-

515 4794 746 4850 cundum
799 4796 1175 4869 professionem
1225 4815 1375 4853 suam
1425 4797 1673 4857 Hebrwus
1714 4818 1779 4857 ex
1833 4801 2109 4873 Hebraeis,

513 4889 669 4946 etiam
685 4889 971 4948 secundum
993 4889 1307 4947 Hebraicam
1329 4895 1671 4968 cognitionem
1693 4907 1739 4952 et
1768 4894 1927 4968 ﬁdem
1966 4880 2113 4970 pstil-

514 4998 657 5037 mum
688 4982 824 5038 hunc
869 4986 1097 5057 primum
1128 5003 1237 5042 esse
1285 4989 1457 5056 dixit,
1506 4991 1881 5047 translatorum
1925 4993 2116 5048 distin-

516 5075 686 5130 ctione
728 5093 832 5131 non
872 5094 997 5133 usus
1029 5096 1048 5133 :
1077 5081 1161 5134 cui
1206 5082 1487 5137 maximum
1533 5084 1629 5137 hoc
1681 5083 2003 5156 prmdicandi
2039 5084 2108 5140 ad

519 5169 816 5245 Sgnagogte
842 5173 1101 5244 principes
1131 5173 1360 5231 studium
1390 5188 1497 5232 erat
1522 5221 1539 5247 ,
1588 5187 1646 5233 ut
1691 5175 1977 5234 Dominum
2009 5194 2108 5239 no-

517 5268 683 5316 strum
711 5260 892 5320 Iesum
921 5263 1185 5322 Christum
1215 5267 1309 5324 Dei
1339 5266 1537 5324 Filium
1563 5310 1577 5337 ,
1610 5278 1814 5338 natum,
1848 5285 2057 5343 passum
2092 5310 2111 5337 ,

514 5360 862 5429 resurgentem
887 5402 902 5427 ,
959 5375 1179 5430 regnare
1227 5361 1283 5416 in
1326 5370 1573 5416 internum
1616 5377 1681 5418 ea:
1721 5362 1955 5417 doctrina
1983 5361 2112 5436 legis

516 5445 827 5503 ostenderet.
860 5442 1052 5506 Tenuit
1083 5453 1258 5524 itaque
1295 5454 1430 5508 hunc
1456 5455 1665 5509 modum
1689 5497 1706 5523 ,
1762 5464 1815 5508 ut
1858 5452 2112 5512 Hebr-ams

514 5538 627 5609 ipse
657 5547 703 5593 et
725 5536 961 5597 Hebrteis
989 5540 1286 5617 praedicans
1313 5586 1328 5613 ,
1368 5541 1710 5601 Hebrteorum
1740 5548 2114 5604 consuetudine

514 5638 766 5687 uteretur.
801 5631 946 5692 Bene
976 5646 1161 5693 monet
1198 5650 1361 5710 supra
1387 5635 1563 5694 dictus
1594 5650 1778 5696 noster
1806 5639 1984 5697 editor
2013 5639 2112 5698 Hi-

516 5724 635 5780 larii
662 5769 676 5793 ,
704 5726 865 5785 verba
915 5730 1105 5787 lsthaec
1138 5739 1393 5789 tractatus
1424 5730 1477 5788 in
1507 5749 1544 5789 ιι
1576 5733 1845 5805 psalmum
1877 5733 2113 5793 maxime

512 5812 695 5874 favere
746 5818 1012 5880 llebraico
1046 5820 1256 5897 textui,
1316 5824 1503 5899 illique
1530 5841 1846 5885 concessam
1886 5844 2007 5887 esse
2038 5830 2106 5888 ab

2218 4724 2340 4766 cum
2372 4710 2511 4783 apud
2540 4710 2952 4785 Hieronymum,
2983 4710 3365 4784 Augustinum,
3394 4709 3813 4785 Cassiodorum,

2220 4805 2546 4865 Eucherium
2596 4802 3009 4876 Lugdunensem
3036 4848 3052 4873 ,
3098 4814 3152 4861 et
3198 4813 3429 4861 caeteros
3482 4802 3820 4877 posteriores

2219 4899 2424 4956 Latina:
2457 4898 2652 4973 linguae
2682 4896 2962 4965 homines,
2992 4896 3323 4972 superﬂuum
3353 4904 3499 4957 esset
3526 4896 3615 4952 hic
3639 4911 3817 4963 anno-

2220 5003 2363 5053 tasse
2387 5013 2399 5050 :
2427 4992 2550 5065 quia
2579 4992 2850 5050 neminem
2872 4993 3110 5053 virorum
3138 4991 3511 5049 studiosorum
3538 4992 3692 5057 novi,
3720 4989 3821 5062 qui

2215 5104 2323 5143 non
2356 5087 2610 5152 fateatur,
2641 5086 2931 5157 praedictos
2956 5086 3145 5143 Patres
3167 5084 3377 5143 veritati
3410 5085 3690 5143 iiebraicae
3713 5084 3821 5155 pri-

2216 5196 2330 5237 mas
2378 5188 2561 5252 partes
2599 5194 2820 5251 semper
2851 5178 3105 5236 tribuisse
3152 5181 3204 5235 in
3249 5179 3575 5235 auctoritate
3603 5175 3820 5234 divino-

2214 5289 2332 5329 rum
2365 5273 2718 5329 voluminum.
2747 5273 2816 5329 Et
2845 5273 2945 5331 uisi
2975 5289 3061 5331 me
3089 5272 3242 5333 fallat
3262 5274 3444 5343 opinio
3471 5313 3489 5341 ,
3536 5274 3669 5330 satis
3716 5287 3816 5330 su-

2216 5381 2420 5439 perque
2450 5381 2541 5422 res
2562 5366 2671 5431 ipsa
2700 5366 3065 5423 demonstrata
3089 5376 3173 5422 est
3194 5366 3247 5424 in
3280 5365 3557 5436 opusculis
3587 5362 3820 5437 nostris,

2219 5475 2339 5533 qum
2382 5474 2552 5529 nuper
2576 5459 2723 5516 edidi
2772 5459 2825 5515 in
2867 5459 3241 5517 defensionem
3268 5458 3514 5530 Vulgata:
3565 5458 3821 5524 Latium,

2219 5572 2281 5612 ac
2314 5555 2591 5613 Ilebraicm
2617 5555 2882 5612 veritatis.
2920 5555 3033 5611 Huc
3076 5569 3185 5610 non
3236 5552 3493 5611 timemus
3519 5553 3824 5617 amandare

2217 5662 2587 5721 quoscumque
2632 5648 2868 5704 delectat
2919 5646 3183 5720 simplicis
3240 5662 3305 5705 ac
3372 5661 3521 5719 pura:
3573 5645 3825 5705 veritatis

2216 5753 2487 5812 aspectus,
2512 5754 2617 5796 non
2651 5737 3056 5799 mendaciorum
3089 5739 3268 5797 fucata
3299 5740 3489 5810 iacies,
3517 5737 3828 5799 sermonis-2

2215 5851 2321 5908 que
2358 5834 2702 5893 lenocinium.
2738 5832 3015 5893 Praeterea
3059 5836 3273 5894 consuli
3312 5834 3477 5895 velim
3501 5849 3622 5908 quae
3651 5846 3827 5909 supe-
