4040 6360
258 324 329 380 85
907 300 1461 379 PROLEGOMENUN
1503 321 1591 379 Ill.
1637 322 1724 379 DE
1764 322 2041 381 CANONE
2082 322 2455 381 HEBRAICE
2493 323 2892 384 VERITATIS.
3479 324 3549 381 86

255 439 408 491 riusa
434 437 599 491 nobis
618 435 1159 508 explicataleguntur
1179 438 1565 507 prolegomene
1585 436 1847 505 secundo,
1880 442 1924 500 Α
1953 440 2076 493 eiim
2092 439 2422 496 altharonim.
2458 441 2677 496 Priores
2724 450 2851 496 sunt
2878 451 3133 511 quatuor,
3163 442 3255 510 qui
3287 442 3546 499 librorum

251 543 403 583 num.
431 528 469 582 Δ
494 536 554 583 et
575 528 632 583 5.
662 527 928 595 Quoniam
953 532 1006 581 in
1037 527 1145 582 illis
1177 528 1520 596 apertissima
1556 538 1640 584 est
1664 537 1853 585 aucto-

249 621 407 685 ritas,
437 634 545 688 qua
578 618 886 687 gaudebant
914 618 1057 688 apud
1088 618 1413 689 Gregorium
1446 620 1693 691 Magnum
1721 662 1735 686 ,
1786 635 1850 676 ac

247 712 305 769 in
346 710 649 767 Gallicanis
679 711 979 777 Ecclesiis,
1030 712 1170 766 sacri
1221 711 1435 767 Hebraei
1490 712 1726 768 codices.
1780 712 1853 768 At

248 805 506 876 praesenti
554 806 967 874 quaestiunculas
1022 804 1185 860 ﬁnem
1234 804 1533 872 iacientes,
1587 805 1848 862 lectorem

244 897 554 954 studiosum
606 912 892 953 monemus
916 936 932 965 ,
976 906 1181 954 textum
1214 898 1539 955 llebraicum
1573 899 1851 968 conceptis

245 990 426 1045 verbis
454 990 755 1060 apellatum
790 989 956 1045 luisse
980 991 1242 1046 veritatem
1274 989 1610 1057 llebraicam,
1644 1001 1750 1045 tam
1781 989 1850 1045 ab

242 1081 566 1137 auctoribus
595 1081 838 1151 Graecis,
879 1097 1041 1153 quam
1098 1098 1128 1136 a
1176 1083 1383 1138 Latinis
1434 1084 1705 1139 Patribus.
1759 1082 1850 1139 Sic

243 1177 512 1247 Origenes
539 1176 659 1232 loco
681 1192 849 1248 supra
877 1178 1080 1244 citato,
1136 1176 1438 1247 Procopius
1476 1178 1743 1244 similiter,
1795 1185 1852 1233 et

244 1268 578 1339 Enthymius
606 1269 926 1339 prmlatione
948 1270 1001 1324 iu
1040 1269 1306 1326 Psalmos.
1333 1270 1477 1326 inter
1507 1271 1728 1325 Latinos
1756 1285 1850 1329 au—

240 1368 349 1417 tem
412 1360 780 1431 Hieronymus
838 1361 1035 1431 ubique
1090 1376 1272 1417 arcem
1305 1371 1450 1418 tenet
1475 1363 1705 1417 veritatis
1739 1361 1850 1417 He-

237 1454 432 1507 braicis
464 1468 483 1505 :
512 1457 848 1523 Augustinus
873 1455 967 1509 lib.
1002 1470 1135 1509 xvut
1163 1455 1230 1510 de
1254 1454 1412 1511 Civit.
1442 1456 1561 1521 Dei,
1590 1472 1709 1525 cap.
1744 1457 1845 1525 ιι,

235 1552 293 1601 et
318 1545 735 1613 Quaestionibus
773 1548 827 1602 in
859 1548 1287 1615 Heptateuchum
1316 1592 1329 1617 ,
1366 1549 1434 1605 de
1467 1550 1662 1621 quibus
1688 1562 1845 1606 antea

237 1636 449 1692 dictum
478 1648 564 1694 est
588 1654 604 1705 ;
636 1640 801 1707 Beda,
828 1639 1080 1711 Albinus,
1112 1641 1316 1712 Joseph
1347 1643 1516 1699 abbas
1543 1644 1661 1713 ejus
1682 1644 1848 1700 disci-

236 1731 423 1801 pulus,
453 1732 713 1789 Rabanus
745 1734 963 1790 Maurus
990 1776 1007 1797 .
1035 1735 1356 1806 Agobardus
1381 1780 1395 1805 ,
1421 1735 1679 1793 Claudius
1707 1737 1843 1791 Tau-

1953 530 2133 598 Iosue,
2163 533 2431 597 Iudicum,
2463 532 2743 599 Samuelis,
2774 543 2831 590 et
2878 533 3187 599 Malachim,
3223 534 3275 588 id
3305 544 3409 600 est,
3449 536 3548 589 Re-

1955 641 2095 695 gum,
2152 626 2313 681 titulo
2365 634 2758 696 prienotantur.
2801 626 3146 682 Posteriores
3201 636 3383 681 autem
3414 640 3546 697 pro-

1958 719 2131 788 pheta:
2155 731 2386 790 quatuor
2419 721 2606 776 itidem
2623 721 2897 777 volumina
2924 722 3319 788 constituunt,t
3353 718 3549 787 Isaias,

1955 825 1993 865 ιι
2022 808 2295 876 Jcremias,
2346 828 2405 868 ιιι
2434 810 2704 878 Ezechiel,
2736 826 2786 867 tv
2838 812 3127 867 Duodecim
3178 811 3412 866 Minores
3442 826 3546 867 una

1953 904 2135 959 simul.
2162 904 2296 960 Octo
2350 906 2512 976 igitur
2564 906 2732 961 habet
2779 906 2949 961 libros
2993 904 3227 961 secunda
3264 905 3455 960 classis
3494 906 3548 960 in

1952 996 2169 1050 Canone
2222 995 2505 1052 Hebraicis
2556 996 2819 1055 veritatis.
2862 995 2940 1052 Ita
2972 1006 3147 1051 tamen
3192 1004 3253 1051 ut
3298 996 3549 1051 volumen

1954 1090 2095 1145 Ruth
2116 1090 2273 1145 unico
2300 1090 2575 1146 volumine
2594 1090 2937 1161 complexum
2961 1090 3028 1145 sit
3060 1104 3180 1145 cum
3204 1088 3452 1144 Judicum
3482 1089 3548 1143 li-

1953 1185 2072 1251 bro,
2106 1185 2197 1256 qui
2226 1185 2364 1254 apud
2396 1185 2667 1239 limbrmos
2700 1191 2940 1251 uiuam,
2986 1181 3263 1255 Saphtim,
3290 1182 3373 1238 vel
3398 1182 3552 1252 juxta

1951 1275 2240 1347 Origenem
2264 1279 2511 1351 Σωφετίμ.
2543 1275 2838 1345 Saphctim,
2865 1276 3068 1352 dictum
3100 1284 3202 1331 est.

2025 1370 2240 1427 Tertius
2260 1387 2324 1427 ac
2350 1370 2576 1426 ultimus
2588 1370 2723 1425 ordo
2737 1368 3116 1441 Hagiographa
3143 1369 3405 1439 possidet,
3428 1382 3548 1439 qua:

1954 1464 2019 1519 ab
2049 1462 2291 1518 Hebraeis
2320 1471 2526 1523 niam:
2560 1461 2840 1515 Kethuvim
2893 1470 3297 1531 nuncupantur,
3350 1460 3402 1514 id
3431 1470 3547 1524 est,

1955 1556 2199 1625 Scripta;
2242 1571 2349 1610 non
2389 1555 2603 1625 quidem
2647 1554 2910 1623 vulgaria,
2954 1554 3050 1608 sed
3100 1561 3286 1607 sancta
3317 1561 3373 1607 et
3397 1561 3541 1613 nm

1950 1659 2137 1734 W‘ipn,
2168 1648 2394 1703 bervahh
2424 1648 2760 1714 haccodesch,
2792 1664 2882 1718 per
2912 1646 3169 1717 Spiritum
3196 1652 3433 1700 sanctum
3461 1644 3549 1699 lit-

1954 1745 2086 1797 teris
2116 1742 2451 1813 consignata,
2485 1740 2587 1795 hoc
2614 1750 2721 1806 est,
2761 1755 2861 1811 per
2910 1738 3281 1794 immediatum
3313 1736 3550 1791 afﬂatum

234 1824 483 1880 rinensis
510 1869 525 1895 ,
560 1825 871 1897 Stephanus
899 1826 1264 1885 Civerciensis
1289 1871 1303 1897 ,
1348 1840 1402 1885 et
1447 1830 1535 1886 alii
1581 1832 1847 1887 innumeri
1878 1839 1927 1902 Β
1954 1835 2126 1891 sancti
2159 1834 2410 1904 Spiritus.
2440 1833 2677 1889 Consule
2699 1832 3083 1887 Maimonidcm
3113 1832 3163 1885 in
3199 1830 3350 1885 More
3380 1829 3554 1886 Nevo-
3622 1882 3625 1883 ν

234 1915 324 1970 his
357 1917 718 1976 recentiores.

307 2010 405 2067 IV.
452 2011 655 2067 Facilis
705 2022 791 2069 est
846 2029 909 2069 ac
955 2014 1206 2085 expedita
1239 2016 1467 2085 partium
1508 2015 1844 2087 singularum

236 2102 490 2159 Cononis
513 2105 819 2174 expositio:
846 2106 966 2173 quia
999 2116 1107 2160 lt'cs
1135 2106 1357 2162 ordines
1387 2108 1583 2177 quibus
1610 2116 1844 2177 constat,

236 2197 501 2254 distincte
521 2207 578 2254 et
604 2199 873 2269 explicate
894 2200 962 2254 ab
988 2200 1323 2273 Hieronymo
1349 2200 1609 2269 descripti
1640 2211 1765 2256 sunt
1792 2202 1845 2256 in

233 2291 472 2362 prologo
498 2290 728 2348 Galeato
759 2293 1189 2364 Scripturarum,
1225 2311 1385 2364 quem
1421 2294 1679 2364 prmmisit
1706 2311 1845 2365 qua-

233 2393 364 2440 tuor
393 2385 607 2455 Regnm
639 2386 794 2443 libris
821 2426 837 2454 ,
867 2388 933 2442 ad
965 2403 1191 2457 quorum
1222 2390 1385 2445 etiam
1429 2388 1656 2444 frontem
1688 2404 1719 2443 a
1746 2405 1844 2444 no.

232 2474 318 2529 bis
358 2475 542 2530 editus
568 2485 673 2530 est.
718 2475 798 2531 Ne
828 2486 1007 2531 actum
1037 2487 1213 2533 tamen
1244 2478 1331 2534 hic
1353 2494 1513 2549 agere
1541 2479 1840 2548 videamur,

234 2567 507 2622 nonnulla
536 2567 608 2623 de
631 2568 822 2623 eodem
844 2568 1066 2625 Canone
1086 2570 1440 2637 disseremus,
1464 2587 1584 2642 qua:
1608 2571 1844 2626 nondum

230 2656 701 2729 disputationibus
725 2660 980 2716 ventilata
1012 2671 1159 2728 sunt,
1181 2678 1356 2733 neque
1385 2664 1438 2717 in
1468 2664 1638 2728 notis,
1672 2678 1847 2733 neque

231 2754 288 2806 in
321 2751 737 2821 prolegomenis
766 2756 987 2811 n05lt‘is.
1020 2754 1076 2810 In
1111 2765 1220 2811 tres
1250 2758 1431 2826 itaque
1462 2766 1643 2827 partes
1671 2760 1846 2813 omnis

232 2841 523 2912 Scriptura
547 2858 577 2896 a
605 2842 807 2900 Judzeis
831 2845 999 2900 divisa
1026 2856 1135 2913 est,
1182 2848 1235 2902 in
1273 2848 1460 2920 Legem
1488 2892 1503 2917 ,
1535 2848 1586 2903 in
1613 2847 1846 2918 Pmphe-

232 2946 351 3001 tas,
398 2946 456 2991 et
484 2936 538 2990 in
571 2935 968 3010 Hagiographa.
1002 2939 1182 2995 Prima
1212 2940 1406 2996 classis
1431 2930 1455 3010 ,’
1495 2942 1611 2997 sive
1642 2943 1845 3013 primus

230 3030 373 3084 ordo
401 3072 418 3098 ,
474 3033 567 3103 qui
611 3043 757 3093 min
804 3032 975 3087 Thura
1000 3077 1014 3103 ,
1054 3036 1102 3090 id
1132 3046 1240 3104 est,
1272 3036 1385 3091 Lex
1412 3040 1480 3093 ab
1510 3039 1592 3095 eis
1620 3039 1840 3109 dicitur,

232 3125 482 3197 quinque
534 3126 703 3181 libros
760 3127 923 3182 Musis
972 3131 1255 3197 continet,
1304 3130 1541 3186 Genesim
1588 3134 1836 3202 scilicet,

1950 1927 2094 1982 chim
2127 1935 2279 1997 parte
2330 1942 2391 1995 ll,
2433 1941 2558 1997 cap.
2608 1926 2700 1981 45.
2735 1924 3112 1996 Hagiographa
3144 1933 3323 1979 autem
3356 1938 3549 1980 novem

1951 2028 2328 2083 numerantur,
2376 2017 2498 2087 Job,
2561 2017 2786 2085 Psalmi,
2831 2017 3136 2085 Proverbia,
3187 2016 3548 2083 Ecclesiastes,

1950 2112 2220 2167 Canticum
2276 2112 2619 2175 canticorum,
2652 2110 2862 2175 Daniel,
2905 2108 3334 2181 Paralipomena,
3364 2108 3547 2177 Ezras,

1947 2216 2004 2263 et
2035 2206 2236 2261 Esther.
2258 2206 2410 2276 Apud
2438 2207 2728 2277 Origenem
2757 2206 2895 2262 liber
2923 2206 3265 2261 Psalmorum
3305 2206 3552 2261 inscribi-

1949 2305 2035 2351 tur
2079 2300 2231 2371 σέφερ
2270 2298 2433 2369 θιλλὶμ.
2454 2339 2466 2361 ,
2500 2298 2701 2369 Sepher
2729 2297 2943 2363 thillim’,
2997 2308 3052 2353 et
3082 2298 3373 2354 Proverbia
3408 2314 3550 2368 prae-

1947 2400 2206 2446 notantur
2235 2391 2389 2445 titulo
2435 2393 2651 2463 μισλώθ,
2685 2390 2923 2445 Mislath.
2971 2390 3129 2459 Quod
3174 2390 3297 2447 ideo
3322 2399 3549 2446 annota-

1948 2498 2107 2550 mus,
2167 2500 2233 2537 ne
2287 2497 2384 2537 nos
2431 2490 2721 2553 praetereat
2773 2484 2987 2538 varians
3018 2483 3210 2537 horum
3264 2484 3543 2537 nominum

1945 2575 2105 2630 lectio
2133 2574 2274 2644 apud
2298 2584 2509 2630 veteres
2538 2591 2553 2640 ;
2578 2590 2702 2629 nam
2730 2575 2885 2630 aliter
2916 2577 3166 2644 leguntur
3190 2576 3329 2645 apud
3355 2575 3545 2630 Hiero-

1946 2683 2187 2737 nymum,
2203 2681 2396 2737 nempe
2408 2666 2609 2738 Sephar
2628 2668 2816 2733 tallint,
2833 2678 2881 2721 et
2896 2667 3182 2735 Masalotlt,
3201 2666 3542 2722 velMasloth.

1944 2760 2150 2821 Czetera
2180 2759 2379 2814 videsis
2408 2758 2462 2813 in
2490 2758 2715 2815 scholiis
2753 2758 2819 2814 ad
2848 2760 3131 2830 prologum
3154 2759 3460 2815 Galeatum.

2016 2849 2188 2918 Hujus
2219 2848 2504 2906 divisionis
2533 2848 2831 2919 Scripturae
2884 2865 3052 2905 sacrae
3085 2851 3139 2905 in
3197 2859 3309 2906 tres
3367 2859 3546 2916 partes

1944 2942 2358 3015 principaliores
2391 2941 2634 2999 meminit
2677 2942 2927 2998 Salvator
2953 2952 3137 2996 noster
3164 2941 3414 3001 Christus
3445 2941 3549 2995 Do-

1946 3037 2126 3093 minus
2176 3037 2309 3092 Luc.
2355 3052 2502 3099 xstv,
2526 3034 2597 3092 44
2637 3035 2936 3102 :Quoniam
2984 3051 3186 3089 necesse
3209 3045 3308 3101 est,
3347 3034 3543 3104 inquit,

1944 3132 2148 3201 impleri
2198 3133 2394 3195 omnia,
2434 3145 2549 3198 quae
2595 3130 2786 3199 scripta
2827 3139 2947 3183 sunt
2988 3130 3044 3183 iu
3089 3128 3227 3198 Lege
3270 3126 3468 3199 Moysi,
3494 3136 3542 3183 ct

234 3216 488 3273 Harudum
510 3260 525 3284 .
557 3219 869 3287 Lerilicum,
895 3221 1155 3279 Numeros
1192 3234 1249 3281 et
1279 3224 1748 3282 Deuteronomium.
1776 3228 1837 3283 Hi
1868 3217 1915 3283 C
1953 3221 2252 3292 Prophetis,
2281 3231 2327 3275 et
2384 3219 2609 3275 Psalmis
2636 3223 2699 3274 de
2741 3236 2840 3274 me.
2877 3220 2977 3276 Ubi
3024 3220 3225 3277 Psalmi
3272 3229 3545 3289 ponuntur

232 3328 428 3368 omnes
456 3328 487 3366 a
516 3314 795 3385 principiis
826 3317 939 3370 suis
970 3319 1189 3372 nomina
1236 3320 1538 3375 sortiuntur
1564 3322 1707 3389 apud
1747 3322 1841 3377 Ju-

231 3407 408 3474 daeos,
458 3407 534 3463 ita
577 3418 640 3463 ut
680 3410 909 3466 Genesis
938 3421 1165 3468 vocetur
1193 3412 1420 3481 Bresith,
1452 3416 1574 3485 quia
1610 3416 1841 3484 primum

1946 3329 2044 3384 pro
2072 3313 2323 3368 omnibus
2355 3310 2759 3382 hagiographis,
2787 3312 2986 3382 quibus
3016 3318 3307 3367 constituta
3331 3321 3413 3366 est
3439 3322 3545 3367 ter—

1947 3406 2017 3462 tia
2041 3405 2231 3461 classis
2263 3406 2526 3460 librorum
2556 3403 2811 3460 Cononis.
2846 3403 2901 3459 In
2926 3403 3156 3460 Psalmis
3180 3419 3409 3474 namque
3436 3418 3545 3460 ma-

232 3499 399 3569 hujus
428 3500 554 3556 libri
585 3501 903 3558 vocabulum
939 3506 988 3560 in
1020 3514 1170 3561 textu
1201 3506 1468 3563 Hebraico
1494 3519 1579 3564 est
1605 3517 1841 3571 nium-1;
1939 3502 2027 3573 jor
2048 3517 2173 3571 pars
2204 3502 2635 3570 pi-Ophetiarum,
2668 3515 2731 3554 uc
2790 3499 3167 3554 manifestiora
3220 3496 3289 3554 de
3320 3497 3544 3555 Christo

234 3592 664 3666 Beresith,qund
691 3597 984 3666 signiﬁcat,
1014 3598 1077 3653 In
1098 3602 1375 3668 principio.
1406 3600 1669 3657 Similiter
1700 3603 1842 3659 Exo—

234 3685 381 3741 dutn.
420 3696 622 3742 vocant
686 3687 999 3743 Elle-smoth
1028 3731 1042 3757 ,
1108 3694 1223 3747 sive
1263 3693 1625 3767 οὐελλισμώθ,
1664 3693 1839 3749 Velle-

235 3776 428 3844 smoth,
464 3787 523 3833 ut
553 3777 684 3849 legit
707 3779 971 3851 Origenes
999 3785 1401 3839 commentario
1427 3785 1482 3840 in
1510 3786 1775 3855 psalmum
1804 3803 1840 3841 ι.

235 3868 377 3925 Nam
428 3871 619 3939 primae
652 3887 813 3928 voces
859 3875 909 3927 in
957 3876 1098 3931 libro
1147 3875 1324 3933 Exodi
1374 3880 1492 3934 ista:
1535 3892 1663 3934 sunt
1711 3865 1844 3941 riam

235 3972 433 4030 mm,
475 3959 813 4031 i’ellcsmotlt,
845 3966 987 4035 quod
1032 3966 1441 4038 interpretatur,
1496 3969 1562 4025 Et
1610 3971 1719 4026 lucc
1752 3988 1844 4026 no-

237 4057 382 4110 mina
404 4099 422 4125 ,
460 4057 546 4112 vel
580 4056 706 4113 ch
735 4068 854 4114 sunt
883 4061 1116 4117 nomina.
1142 4060 1415 4120 Leviticus
1444 4062 1660 4129 dicitur,
1695 4064 1845 4137 Vajio

233 4168 329 4205 cra
354 4168 371 4217 ,°
396 4152 543 4222 apud
574 4151 895 4223 Origenem,
925 4157 1140 4234 Οὐικρά,
1179 4155 1337 4213 Vikra
1362 4172 1381 4221 ,'
1407 4158 1548 4227 apud
1575 4158 1843 4230 Hierony-

234 4260 390 4300 mum
413 4288 429 4311 ,
476 4244 740 4316 Vajecra;
785 4246 840 4302 in
880 4246 1114 4303 Hebraeo
1144 4249 1405 4318 scriptum
1438 4260 1522 4304 est
1562 4258 1750 4337 mpii.
1785 4249 1843 4306 ld

236 4352 375 4391 vero
402 4337 693 4409 signiﬁcat,
724 4336 787 4394 Et
818 4340 1030 4395 vocavit.
1059 4340 1296 4408 Quartus
1326 4342 1462 4396 Mosi
1495 4336 1657 4407 liber,
1682 4358 1841 4412 quem

239 4429 507 4485 Numeros
541 4446 817 4500 vocamus,
851 4434 1038 4503 incipit
1064 4434 1133 4490 ab
1164 4436 1265 4490 hoc
1307 4438 1473 4491 verbo
1505 4444 1684 4499 nam.
1736 4436 1840 4491 Va-

237 4525 510 4595 icdabbcr,
542 4537 599 4581 et
630 4526 823 4582 eodem
856 4528 1021 4584 modo
1052 4539 1278 4584 vocatur
1312 4530 1379 4584 ah
1409 4528 1675 4586 Hebraeis.
1708 4531 1842 4587 Nam

1944 3595 2162 3651 oracula
2198 3594 2495 3665 praenuntia
2528 3594 2780 3663 leguntur
2812 3608 2825 3644 :
2857 3592 2978 3647 ideo
3006 3591 3259 3647 volumen
3300 3590 3545 3646 Psalmo—

1945 3706 2063 3747 rum
2091 3688 2385 3745 nominavit
2412 3688 2661 3743 Christus
2688 3696 2961 3757 tamquam
2988 3684 3312 3741 nobiliorem
3337 3696 3545 3754 partem

1946 3784 2001 3839 in
2031 3782 2221 3838 ordine
2256 3779 2777 3851 llagiOgraphorum.
2805 3778 2949 3832 Alibi
2976 3775 3115 3846 apud
3144 3775 3398 3831 eumdem
3428 3773 3539 3829 Ln-

1945 3892 2062 3932 cam
2100 3892 2210 3941 xvr,
2238 3875 2326 3937 16,
2356 3873 2489 3931 duas
2515 3882 2719 3928 tantum
2754 3879 2937 3940 partes
2967 3870 3283 3931 nominavit.
3312 3867 3501 3923 dicens
3527 3885 3540 3923 :

1945 3968 2055 4024 Lex
2092 3978 2137 4021 et
2176 3965 2453 4038 Propheta:
2485 3981 2643 4034 usque
2668 3963 2735 4018 ad
2755 3961 3036 4018 Joannem.
3061 3960 3213 4019 Sicut
3236 3975 3367 4030 ergo
3398 3959 3545 4016 Psal-

1948 4076 2066 4116 mos
2092 4060 2193 4116 hoc
2243 4042 2794 4129 loco'praetermissos
2842 4055 3250 4126 conspicimus:
3284 4052 3359 4109 ita
3414 4053 3543 4109 nihil

1949 4156 2146 4211 mirum
2178 4156 2268 4220 sit,
2290 4152 2433 4224 quod
2473 4152 2541 4207 de
2565 4152 2707 4207 serie
2731 4150 3232 4222 Hagiograpborum
3282 4147 3546 4205 memine-

1949 4248 2018 4303 rit
2040 4247 2293 4304 Christus
2321 4246 2483 4301 unico
2511 4255 2717 4300 tantum
2741 4243 2900 4313 hujus
2917 4241 3124 4299 ordinis
3151 4240 3427 4297 volumine
3454 4254 3549 4309 ap-

1950 4338 2168 4409 pellato.
2200 4336 2512 4393 Notandum
2536 4350 2667 4391 vero
2698 4350 2797 4405 per
2821 4332 3197 4405 synecdochen
3225 4340 3431 4403 partem
3465 4332 3548 4387 in-

1949 4440 2153 4501 tegram
2199 4429 2493 4498 Scriptura:
2540 4427 2670 4483 alibi
2713 4426 2942 4497 positam
2972 4440 3091 4481 esse
3123 4440 3221 4495 pro
3260 4437 3369 4478 uno
3400 4422 3540 4478 libro
3620 4425 3629 4434 ‘

1949 4522 2187 4592 ejusdem
2241 4519 2454 4589 partis;
2502 4528 2559 4573 ut
2597 4516 2821 4573 Joannis
2876 4532 2970 4581 v1,
3021 4516 3124 4582 45,
3155 4514 3400 4570 dicitur:
3452 4511 3547 4575 Est

238 4618 391 4690 quod
439 4617 703 4689 Origenes
752 4622 959 4676 notavit
1003 4620 1057 4676 in
1103 4620 1296 4689 psalm.
1347 4637 1402 4685 ι,
1457 4621 1526 4677 de
1569 4611 2196 4687 volumineDscriptum
2242 4614 2293 4668 in
2344 4611 2650 4684 Prophetis,
2698 4620 3030 4665 cumtamen
3084 4603 3449 4662 testimonium
3482 4604 3544 4661 il-

240 4711 637 4780 Numerorum,
671 4727 775 4768 non
801 4712 1033 4783 primam
1059 4727 1245 4768 vocem
1278 4723 1507 4784 Spectat,
1538 4714 1634 4770 sed
1663 4715 1842 4785 potius

242 4818 629 4877 argumentum
660 4807 714 4862 in
742 4823 811 4862 eo
848 4815 1237 4876 pertractatum
1269 4847 1283 4874 ,
1314 4816 1374 4864 ut
1399 4808 1636 4863 diximus
1664 4808 1719 4863 in
1749 4825 1841 4864 no~

243 4903 317 4957 tis
347 4901 415 4957 ad
450 4900 735 4972 prologum
766 4901 1046 4957 Calcatum
1076 4942 1091 4966 ,
1118 4902 1225 4958 col.
1259 4903 1384 4958 518.
1431 4902 1664 4970 Quintus
1692 4904 1845 4961 deni-

244 5010 357 5063 que
383 4994 545 5065 Legis
581 4993 830 5048 Mosaicae
862 4992 998 5049 liber
1025 4992 1203 5048 dictus
1229 5004 1310 5049 est
1342 4994 1459 5048 Elle
1496 4995 1802 5049 addabarim
1827 5037 1843 5062 ,

245 5088 332 5141 vel
362 5102 430 5142 ex
477 5084 710 5155 Origene
737 5083 876 5143 Ἐλλε
916 5082 1206 5158 ὰδδεϐαρὶμ
1230 5124 1244 5146 .
1280 5084 1435 5145 Helle
1473 5084 1845 5153 Itaddebarim;

249 5180 304 5236 in
332 5180 564 5236 Hebraeo
593 5180 737 5235 enim
770 5178 912 5235 iStud
958 5178 1121 5235 habet
1164 5178 1378 5234 initium
1407 5222 1421 5245 ,
1453 5186 1673 5239 cit-im
1694 5165 1805 5239 Πὲκ
1830 5219 1845 5245 .

253 5273 373 5330 Ειιε
402 5275 776 5341 haddebarim,
824 5272 875 5328 id
907 5282 990 5327 est
1014 5313 1030 5339 ,
1082 5270 1206 5327 ch
1247 5284 1363 5327 sunt
1392 5273 1559 5327 verba.
1614 5273 1737 5329 Htec
1767 5282 1853 5330 est

262 5369 433 5436 prima
468 5380 593 5435 pars
621 5364 856 5420 Canonis
887 5364 1165 5420 Hebraica:
1194 5365 1458 5433 veritatis,
1512 5380 1617 5433 qua
1660 5365 1853 5422 Pentav

257 5460 453 5515 leucho
483 5459 649 5515 Musis
674 5458 1039 5514 constituitur.

323 5550 576 5607 Secunda
608 5550 761 5617 Pars,
794 5550 910 5605 sive
952 5548 1227 5605 secundus
1280 5548 1413 5605 ordo
1442 5547 1704 5605 librorum
1745 5547 1848 5603 Ca—

253 5646 409 5700 uonis
439 5643 823 5713 complectitur
835 5657 1029 5698 omnes
1044 5641 1359 5712 prophetas,
1380 5638 1587 5695 Priores
1620 5639 1853 5707 scilicet,

1945 4708 2038 4763 lud
2070 4722 2097 4759 τι
2125 4708 2331 4763 Joanne
2370 4705 2651 4761 recitatum
2681 4704 2734 4758 in
2759 4715 2866 4757 uno
2896 4700 3044 4756 Isaias
3074 4698 3373 4763 volumine,
3417 4711 3541 4766 cap.

1948 4818 2079 4865 Liv,
2129 4802 2197 4856 15
2232 4842 2248 4866 ,
2299 4800 2560 4867 scriptum
2606 4797 2931 4866 reperiatur.
2990 4792 3096 4849 Sed
3154 4790 3423 4857 dicendo,
3483 4790 3539 4844 in

1948 4893 2242 4964 Prop/telis,
2275 4892 2565 4947 secundam
2610 4890 2837 4944 classem
2879 4886 3140 4941 librorum
3189 4883 3426 4939 Canonis
3454 4882 3539 4937 in-

1948 4988 2143 5057 telligit
2174 4985 2503 5055 evangelista
2540 5001 2552 5039 :
2586 4996 2780 5052 nempe
2809 4989 3014 5050 partem
3047 4978 3219 5043 illam,
3249 4990 3371 5047 qua:
3394 4973 3536 5029 Pro-

1950 5082 2129 5155 phetas
2149 5079 2414 5136 continet.
2440 5076 2584 5133 Idem
2616 5075 2857 5132 occurrit
2882 5081 3067 5128 Actor.
3106 5085 3220 5139 xm,
3245 5068 3315 5124 40
3340 5066 3550 5122 :Videtc

1952 5192 2072 5249 ergo
2104 5191 2165 5229 ne
2184 5171 2506 5243 superveniat
2538 5169 2675 5224 vobis
2696 5167 2834 5240 quod
2856 5167 3049 5221 dictum
3071 5174 3143 5219 est
3170 5163 3222 5216 in
3248 5159 3549 5229 Prophctis,

1954 5266 2088 5324 Nam
2116 5267 2263 5322 locus
2287 5265 2358 5319 ibi
2390 5264 2587 5318 citatus
2608 5262 2927 5330 desumptus
2956 5266 3042 5313 est
3079 5272 3110 5312 e
3141 5254 3319 5324 capite
3350 5250 3548 5322 primo,

1957 5375 2101 5417 vers.
2127 5358 2182 5425 5,
2213 5355 2505 5420 Habacuci,
2534 5369 2640 5410 non
2665 5368 2730 5409 ex
2763 5350 3025 5409 omnibus
3050 5343 3555 5419 prephetisNerum

1957 5456 2012 5510 in
2040 5450 2314 5522 Prophetis
2346 5448 2521 5515 dixit,
2550 5448 2675 5519 quia
2703 5452 2941 5502 attentus
2980 5449 3103 5498 erat
3125 5441 3178 5496 in
3200 5454 3317 5495 eam
3346 5447 3554 5507 partem

1957 5546 2417 5615 Scripturaa,qu:e
2457 5554 2649 5596 omnes
2682 5538 2848 5593 libros
2904 5532 3252 5607 prepheticos
3304 5527 3549 5596 comple~

1958 5638 2141 5702 ctitur,
2171 5642 2505 5704 vocaturque
2532 5632 2657 5686 ordo
2700 5629 3105 5699 PrOpIieturum.
3134 5623 3278 5680 Nihil
3307 5621 3374 5675 de
3398 5620 3553 5674 Jose-

253 5746 306 5790 et
364 5710 731 5803 Posteriores,
796 5733 873 5787 uti
927 5710 1193 5788 vocantur
1248 5748 1276 5787 a
1345 5730 1588 5799 Judaeis,
1660 5739 1861 5791 avum
1964 5729 2074 5800 pho
2094 5727 2407 5785 Iudaeorum
2457 5724 2743 5781 vernaculo
2793 5721 3094 5790 Scriptore,
3148 5714 3236 5771 vel
3265 5728 3333 5769 ex
3384 5710 3553 5803 Coms

256 5840 533 5898 mrem,
570 5798 776 5883 Neviim
814 5826 1114 5894 rischonim,
1149 5836 1201 5883 ct
1231 5834 1469 5887 D‘JT'lnN
1499 5798 1723 5893 D’tz‘vza,
1760 5824 1867 5883 Νε-
1964 5798 2251 5880 inentariis
2305 5816 2677 5877 Masoretbicis
2739 5815 2828 5871 hic
2885 5810 3119 5883 amplius
3147 5804 3466 5877 adiiCiemus
3493 5798 3561 5855 ad
