4040 6360
505 307 575 363 87
989 333 994 338 ·
1101 306 1197 364 AD
1233 305 1292 364 S.
1335 303 1716 363 HIERONYMI
1755 304 2039 362 DlVlNAM
2077 299 2588 361 BIBLIOTHECAM
2628 300 3166 362 PROLEGOMENA.
3727 305 3796 362 88

498 426 836 502 probandam
865 426 1141 498 antiquam
1198 425 1344 482 illam
1373 426 1736 484 diversionem
1776 425 2090 495 Scriptura-
2119 427 2168 488 Α
2199 425 2351 482 Unde
2369 434 2416 479 et
2439 441 2530 480 nos
2574 433 2697 479 ante
2723 441 2890 480 annos
2918 425 3171 498 plurimos
3207 441 3324 480 cum
3348 431 3658 479 verteremus
3689 421 3800 480 Da-

502 539 624 579 rum
660 523 714 578 in
741 532 850 577 tres
871 532 1057 593 partes
1080 522 1382 593 prmcipuas
1409 539 1421 574 :
1451 521 1704 576 sufﬁcere
1743 521 1886 576 enim
1914 521 2092 576 credi-

504 633 626 674 mus
650 632 714 674 ea
741 615 1039 672 adduxisse
1057 656 1074 684 ,
1115 632 1236 688 qua:
1263 616 1638 673 auctoritatem
1660 615 1861 672 habent
1882 631 1912 670 a
1939 615 2097 672 Chri-

507 720 594 768 sto
623 721 677 767 et
703 711 771 766 ab
797 711 1079 781 apostolis.
1102 710 1204 780 Qui
1235 710 1385 781 plura
1416 709 1486 766 de
1515 707 1618 765 hoc
1661 718 1978 779 argumento
1999 724 2096 781 po.

506 807 700 878 poscit,
720 806 878 862 adeat
917 804 1243 872 Buxtorﬁos,
1267 802 1613 873 Boni'rerum,
1649 811 1704 859 et
1730 803 1931 859 multos
1959 804 2096 860 alios

501 906 989 967 commentatores,
1022 897 1112 968 qui
1145 895 1401 966 przeludia
1428 895 1697 966 isagogica
1721 894 2095 968 scriptitarunt

505 993 572 1049 ad
596 1007 874 1048 sacrorum
905 990 1203 1048 Bibliorum
1228 988 1662 1058 intelligentiam.

579 1085 643 1142 V.
677 1085 872 1140 Odium
897 1130 910 1153 ,
944 1097 1050 1154 quo
1090 1079 1320 1136 Ruﬁnus
1351 1081 1739 1154 Hieronymum
1773 1083 2094 1152 prosecutus

500 1189 606 1244 est,
635 1179 903 1250 persuasit
924 1176 1216 1248 aliquando
1239 1175 1315 1232 illi
1344 1176 1724 1232 calumniatori
1749 1187 1929 1248 partes
1959 1193 2095 1232 non-

504 1273 682 1329 nullas
715 1271 1012 1341 Scriptura:
1039 1285 1070 1325 e
1096 1269 1373 1326 volumine
1399 1269 1636 1324 Danielis
1674 1269 1948 1326 abscissas
1973 1283 2094 1325 esse

503 1378 560 1424 et
615 1366 854 1436 abjectas
880 1375 1121 1420 asancto
1166 1364 1416 1421 Doctore.
1450 1363 1542 1420 Sic
1583 1363 1740 1420 eninr
1774 1362 2094 1418 criminatur

500 1461 700 1518 invect.
733 1475 769 1514 tt
801 1459 854 1514 in
912 1457 1304 1529 Hieronymum
1339 1473 1353 1511 :
1405 1457 1586 1511 Omnis
1639 1455 1740 1511 illa
1781 1455 2000 1510 historia
2031 1455 2093 1509 de

501 1553 769 1621 Susanna,
819 1567 936 1620 qua:
965 1550 1219 1604 castitatis
1253 1549 1541 1620 exemplum
1587 1547 1843 1620 praebebat
1869 1547 2092 1601 ecclesiis

501 1645 622 1710 Dei,
655 1645 720 1698 ab
743 1645 846 1698 isto
877 1644 1104 1698 abscissa
1150 1651 1225 1697 est
1249 1652 1294 1697 et
1331 1642 1550 1714 abjecta,
1591 1651 1748 1713 atque
1776 1641 2088 1714 posthabita.

506 1738 581 1794 De
609 1736 823 1792 cantico
869 1736 1221 1791 Hebraeorum
1270 1749 1559 1806 puerorum
1617 1734 1673 1790 in
1705 1735 1924 1790 camino
1954 1733 2092 1804 ignis

2199 519 2405 585 nielem,
2435 519 2528 572 has
2555 519 2772 574 visiones
2823 519 2965 574 obelo
3001 519 3419 592 prtenotavimus,
3448 519 3800 590 signiﬁcantes

2197 627 2282 668 eas
2320 629 2422 668 non
2445 613 2625 667 haberi
2643 613 2699 667 in
2729 612 3010 668 Hebraico.
3040 613 3110 666 Et
3143 599 3302 668 miror
3327 613 3577 683 quosdam
3605 613 3801 687 μεμψι-

2199 707 2286 778 μοί
2307 727 2418 778 ρυι,
2442 705 2708 776 indignari
2735 705 2884 772 mihi,
2907 707 3056 775 quasi
3077 723 3170 778 ego
3184 706 3558 760 decurtaverirn
3583 707 3793 776 librum,

2199 804 2307 852 etc.
2335 796 2480 868 Ergo
2507 812 2653 852 nunc
2689 811 2812 852 cum
2867 797 3085 852 Amasio
3131 813 3230 852 suo
3256 797 3510 854 Ruﬁnum
3569 799 3800 869 probent

2196 888 2409 960 quidem
2443 891 2802 968 μεμψίμοιροι,
2854 891 3156 947 abscissam
3200 900 3255 948 et
3282 891 3644 964 posthabitam
3673 908 3798 952 esse

2195 982 2477 1038 historiam
2503 983 2774 1040 Susanna:
2801 985 2870 1041 ab
2916 985 3268 1059 ilieronymo,
3301 987 3528 1059 ideoque
3551 988 3628 1044 illi
3652 989 3795 1046 malo

2196 1073 2502 1130 Ecclesiam
2529 1075 2729 1132 Christi
2761 1077 3115 1146 succurrisse,
3141 1077 3360 1150 quando
3381 1079 3660 1150 Vulgalam
3692 1081 3794 1138 La-

2197 1166 2363 1220 tinam
2411 1167 2665 1222 utendam
2714 1169 2935 1224 tradidit
2989 1169 3260 1226 ﬁdelibus.
3318 1171 3474 1241 Apud
3515 1172 3633 1242 pios
3663 1189 3796 1231 vero

2195 1273 2260 1316 ac
2306 1259 2444 1316 bene
2483 1261 2728 1317 eruditos
2755 1262 2888 1318 illud
2921 1262 3270 1320 observatum
3309 1264 3493 1330 velim,
3535 1265 3792 1338 hymnum

2198 1353 2358 1408 trium
2414 1369 2749 1424 puerorum,
2803 1354 3085 1411 historiam
3121 1355 3425 1422 Susannte,
3467 1366 3522 1413 et
3571 1357 3798 1414 alteram

2175 1445 2341 1502 'Belis
2387 1447 2645 1504 draconis
2672 1491 2687 1515 ,
2743 1459 3014 1522 sumptam
3071 1449 3239 1506 fuisse
3280 1465 3390 1506 non
3430 1465 3498 1506 cx
3541 1449 3686 1506 LXX
3716 1450 3799 1506 in-

2198 1540 2527 1610 terpretibus
2573 1541 2714 1614 (qui
2773 1553 2923 1598 recto
2966 1542 3172 1612 judicio
3222 1543 3481 1599 Ecclesia:
3527 1544 3800 1614 repudiati

2196 1643 2323 1689 sunt
2354 1635 2409 1689 in
2441 1644 2554 1690 toto
2582 1635 2822 1692 Danielis
2839 1635 3157 1710 volumine),
3182 1637 3276 1693 sed
3307 1653 3375 1693 ex
3398 1637 3797 1708 Theodoﬁone,

2196 1725 2321 1782 licet
2364 1727 2620 1783 Ebionita
2678 1738 2731 1785 et
2761 1729 3110 1799 Semijudmo,
3145 1730 3274 1800 quia
3329 1729 3491 1801 hujus
3519 1732 3800 1789 translatio

502 1829 766 1892 ardentis,
814 1829 1019 1884 similes
1067 1826 1231 1884 habet
1253 1827 1624 1898 querimonias
1656 1843 1670 1882 :
1703 1825 1886 1881 Trium
1909 1843 2095 1896 puero-
2128 1825 2177 1886 B
2205 1819 2418 1876 veritati
2441 1836 2682 1876 consona
2708 1832 2924 1892 reperta
2957 1833 3062 1892 est,
3092 1837 3214 1878 cum
3247 1823 3334 1878 illa
3365 1839 3487 1895 qua:
3517 1825 3802 1882 circumfe-

500 1938 620 1976 rum
648 1921 896 1992 hymnus,
920 1920 1010 1992 qui
1038 1920 1262 1975 maxime
1287 1920 1465 1974 diebus
1490 1919 1805 1975 solemnibus
1823 1919 1880 1973 in
1916 1918 2098 1974 Eccle-

501 2013 582 2067 sia
612 2011 708 2066 Dei
739 2021 997 2081 cantatur,
1037 2012 1101 2066 ab
1117 2014 1212 2068 isto
1240 2029 1267 2066 e
1295 2013 1406 2067 loco
1453 2029 1546 2067 suo
1569 2013 1772 2083 penitus
1801 2028 1976 2067 erasus
2001 2021 2096 2066 est.

499 2105 659 2161 Hanc
691 2103 874 2160 Ruﬁni
907 2104 1214 2175 imperitam
1269 2105 1749 2176 reprehensionem
1789 2120 1894 2159 non
1926 2105 2097 2160 solum

504 2199 749 2254 imitatus
774 2201 1102 2270 estscriptor
1116 2214 1354 2270 nuperns
1378 2215 1393 2265 ;
1417 2198 1535 2265 sed,
1550 2199 1877 2254 calumniam
1897 2199 2101 2254 calum-

504 2294 610 2348 niis
640 2293 920 2348 cumulans
939 2335 954 2360 ,
983 2308 1146 2349 ausus
1176 2292 1276 2348 fuit
1301 2307 1548 2348 asserere
1579 2291 1876 2348 Ecclesiam
1899 2291 2100 2348 Christi

501 2388 800 2458 castigasse
827 2387 1300 2458 Hieronymianam
1330 2386 1658 2457 versionem,
1675 2394 1730 2443 et
1756 2386 2102 2442 easDanielis

506 2489 688 2551 partes
728 2480 1029 2536 restituisse
1086 2481 1138 2534 in
1165 2479 1388 2536 Canonc
1421 2525 1435 2549 ,
1481 2495 1613 2550 quas
1658 2496 1821 2536 sensu
1877 2480 2102 2536 Judaico

503 2583 559 2629 et
612 2572 912 2628 Rabbinico
961 2572 1150 2643 spiritu
1201 2573 1563 2646 Hieronymus
1612 2573 1944 2629 absciderat.
1990 2573 2104 2630 illis

505 2681 636 2736 ergo
662 2681 725 2720 ac
755 2665 1028 2722 similibus
1052 2665 1313 2723 conviciis
1344 2667 1395 2722 id
1441 2668 1657 2738 reponit
1676 2668 1734 2724 S.
1787 2667 2095 2738 interpres:

509 2756 661 2826 Quod
719 2768 891 2813 autem
933 2763 1124 2832 refero,
1155 2761 1279 2831 quid
1330 2761 1604 2816 aduersum
1659 2761 1919 2818 Susanna:
1943 2762 2106 2816 histo-

501 2851 657 2914 riam,
682 2860 731 2904 et
763 2851 1011 2922 hymnum
1059 2853 1218 2906 triunt
1257 2869 1559 2924 puerorum,
1593 2862 1640 2908 et
1670 2852 1809 2908 Belis
1861 2854 2105 2909 draconis

504 2940 734 3013 fabulas,
769 2958 886 3013 qua:
928 2945 982 2997 in
1004 2943 1262 2999 volumine
1283 2944 1337 2998 ΙΙ
1342 2945 1545 3000 εὐναίου
1571 2961 1672 2999 non
1694 2944 1968 3011 habentur,
1995 2946 2107 3001 He-

504 3036 630 3092 bra’i
668 3035 866 3091 soleant
921 3038 1090 3092 dicere
1117 3053 1134 3090 :
1165 3038 1255 3105 qui
1284 3054 1364 3092 me
1393 3039 1698 3092 criminatur
1727 3081 1743 3107 ,
1805 3039 2020 3094 stultum
2055 3056 2110 3095 se

504 3131 880 3201 symphoniam
909 3130 1110 3198 probat.
1133 3130 1255 3186 Non
1285 3132 1420 3186 enim
1445 3133 1571 3204 quid
1597 3133 1707 3204 ipse
1730 3133 1990 3203 sentirem,
2017 3134 2107 3189 sed

2202 1913 2427 1970 rebatur
2454 1916 2673 1972 nomine
2702 1915 2844 1972 LXX
2874 1917 3308 1985 Translalorum,
3340 1919 3566 1974 multum
3607 1933 3637 1974 a
3659 1921 3802 1976 veri-

2205 2014 2314 2062 tate
2339 2007 2696 2064 discordaret.
2749 2009 2923 2080 thue
2957 2025 3277 2080 persuasum
3329 2011 3566 2068 habeant
3611 2027 3802 2070 omnes

2203 2098 2508 2156 Ecclesiam
2555 2101 2879 2157 catholicam
2912 2118 3008 2174 per
3055 2106 3238 2158 omnia
3293 2103 3575 2161 adhmrerc
3610 2105 3803 2161 Iliero-

2203 2210 2368 2265 nymo
2398 2194 2452 2250 in
2480 2195 2672 2252 Latina
2705 2196 2947 2253 Danielis
2999 2197 3263 2266 editione,
3293 2199 3538 2256 conferat
3587 2201 3675 2271 qni
3709 2215 3805 2255 vo-

2205 2287 2384 2356 luerit,
2415 2290 2557 2360 apud
2585 2289 2784 2347 Carum
2839 2290 3199 2363 Theologum,
3234 2294 3511 2350 variantes
3538 2295 3804 2351 lectiones

2204 2382 2404 2438 cantici
2449 2383 2656 2439 Azaria:
2696 2399 2727 2439 a
2750 2399 2910 2440 versu
2962 2384 3033 2440 26
3063 2385 3132 2440 ad
3157 2401 3371 2442 versum
3402 2386 3492 2453 45,
3519 2387 3606 2443 ubi
3635 2389 3805 2444 multa

2206 2473 2580 2543 deprehendet
2626 2474 2838 2530 diversa
2873 2476 2926 2531 in
2979 2475 3222 2532 editione
3250 2478 3449 2544 veteri,
3479 2478 3547 2532 ab
3592 2479 3655 2534 iis
3683 2493 3807 2550 quae

2205 2564 2457 2636 leguntur
2472 2566 2525 2621 in
2546 2565 2796 2638 Vulgata,
2811 2581 2877 2623 ac
2904 2567 2955 2623 in
2983 2567 3204 2626 Canone
3230 2569 3513 2626 Hebraica:
3533 2571 3805 2638 veritatis,

2205 2675 2237 2716 a
2268 2660 2426 2717 nobis
2447 2661 2616 2718 edito.
2649 2646 2918 2718 Praeterea
2939 2660 3165 2719 inserta:
3203 2663 3345 2718 intra
3367 2672 3547 2720 textus
3577 2665 3813 2722 Daniciis

2207 2755 2664 2811 annotatinnculte
2687 2755 3002 2828 Hieronymi
3032 2756 3533 2813 manifestissimum
3567 2759 3816 2830 praebent

2208 2860 2610 2921 argumentum,
2637 2849 2936 2906 Ecclesiam
2968 2849 3268 2906 Romanam
3290 2868 3401 2908 non
3443 2851 3604 2906 aliam
3645 2855 3802 2923 sequi

2208 2944 2522 3001 versionem
2557 2943 2610 2999 in
2655 2943 2794 3000 libro
2836 2943 3098 3011 Danielis,
3138 2959 3300 3016 quam
3350 2944 3496 3000 illam
3546 2944 3818 3018 Hierony-

2209 3038 2449 3095 mianam
2482 3047 2593 3094 tum
2622 3053 2690 3094 ex
2718 3037 2971 3107 Hebrazo,
3004 3047 3116 3094 tum
3175 3055 3252 3096 ex-
3296 3038 3672 3097 Theodoﬁone
3717 3055 3820 3096 es-

2216 3147 2481 3204 pressam.

503 3225 629 3296 quid
659 3225 738 3279 illi
765 3233 940 3280 contra
963 3241 1056 3280 nos
1081 3227 1252 3280 dicere
1276 3227 1497 3294 soleant,
1521 3229 1792 3299 explicavi.
1823 3228 1888 3284 Et
1915 3227 2052 3284 infra
2084 3246 2097 3283 :
2127 3219 2174 3284 C
2276 3223 2430 3280 Nunc
2459 3225 2615 3296 signa
2647 3224 2928 3282 obelorum
2980 3227 3188 3298 quibus
3239 3241 3430 3284 omnes
3477 3227 3597 3284 illas
3629 3239 3818 3299 partes

507 3315 695 3382 Quteso
719 3326 787 3386 te,
835 3318 1000 3373 amice
1051 3317 1369 3388 dulcissime,
1399 3320 1488 3390 qui
1537 3331 1641 3375 tant
1671 3322 1903 3376 curiosus
1947 3339 2023 3390 es,
2050 3332 2107 3376 ut

507 3409 661 3464 etiam
688 3413 889 3465 somnia
929 3427 1042 3467 mea
1071 3413 1291 3480 noveris,
1319 3413 1614 3483 omniaque,
1648 3430 1764 3484 quae
1789 3429 1880 3486 per
1907 3424 1982 3469 tot
2007 3432 2106 3470 an-

504 3519 600 3558 nos
629 3503 820 3576 absque
844 3512 985 3558 metu
1024 3506 1214 3575 futurte
1241 3506 1423 3579 scripsi
1465 3506 1766 3575 calumnite,
1802 3508 1855 3562 in
1886 3525 2105 3563 accusa-

507 3596 701 3650 tionem
729 3612 898 3662 vocas,
927 3605 982 3650 ut
1029 3597 1367 3666 respondeas,
1396 3599 1653 3670 quomodo
1684 3615 1861 3654 eorum
1909 3600 2105 3672 praefa-

506 3688 670 3743 tiones
701 3687 952 3743 librorum
1005 3691 1230 3756 nescias,
1262 3707 1390 3760 quos
1435 3708 1648 3746 accusas
1670 3695 1695 3747 ?
1719 3692 1846 3760 Qua:
1879 3692 2108 3764 quodam

503 3782 745 3836 vaticinia
793 3783 992 3853 futura:
1044 3782 1317 3837 calumniae
1362 3785 1735 3856 responderunt
1767 3825 1784 3850 ,
1831 3785 2106 3856 implentes

507 3875 836 3944 proverbium
859 3890 878 3929 :
910 3873 1068 3929 Prius
1092 3875 1413 3944 antidotum,
1436 3891 1592 3947 quam
1631 3892 1900 3931 venenum.
1946 3875 2106 3934 Certe

505 3981 574 4023 ex
608 3968 721 4036 ipsa
755 3967 1071 4037 prtelatione
1125 3970 1180 4023 in
1211 3969 1490 4025 Danielem
1540 3969 1606 4026 de
1656 3969 1886 4026 Hebraeo
1915 3969 2106 4028 Latine

505 4073 856 4129 conversum,
889 4062 1173 4118 manifeste
1196 4073 1349 4134 patet
1369 4063 1619 4120 Ruﬁnum
1642 4064 1870 4136 ejusque
1893 4065 2108 4122 hodier-

508 4168 610 4210 nos
653 4157 898 4226 gregales
929 4172 1034 4213 non
1066 4157 1265 4228 legisse
1295 4159 1550 4229 prologos
1579 4158 1860 4227 librorum,
1881 4175 2018 4231 quos
2049 4161 2114 4215 in‘

506 4246 1018 4304 condemnationem
1049 4259 1260 4304 vocant.
1305 4250 1494 4306 Nonne
1519 4251 1590 4305 ibi
1615 4259 1952 4307 contestatur
1979 4250 2106 4307 Hie-

503 4354 767 4412 ronymus
794 4351 976 4410 partes
1008 4342 1146 4411 illas,
1173 4359 1294 4413 qua:
1325 4343 1376 4398 in
1421 4343 1651 4399 Hebraeo
1681 4360 1788 4399 non
1819 4344 2106 4400 inveniun-

505 4441 662 4500 tur,a
692 4448 751 4489 se
780 4433 949 4490 fuisse
978 4435 1250 4506 subjectas
1275 4451 1398 4491 cum
1429 4437 1598 4507 signis
1626 4437 1952 4494 obelorum?
1978 4437 2104 4494 Htec

502 4524 702 4579 idcirco
727 4528 921 4596 refero,
951 4527 1152 4597 inquit,
1203 4536 1256 4580 ut
1303 4527 1670 4597 difﬁcultatem
1693 4529 1834 4584 vobis
1863 4528 2102 4585 Danielis

2209 3315 2743 3372 deuterocanonicas
2767 3319 3099 3388 praenotavit
3139 3319 3526 3388 Hieronymus,
3577 3321 3818 3392 diligen-

2212 3417 2294 3464 ter
2341 3409 2740 3466 consideranda
2791 3420 2922 3467 sunt
2951 3412 3005 3467 in
3057 3411 3298 3469 Danielis
3344 3414 3645 3470 volumine.
3674 3415 3816 3472 Nam

2209 3500 2388 3573 primo
2425 3501 2734 3570 sciendum,
2761 3503 2851 3559 illa
2875 3503 3030 3576 signa
3055 3521 3152 3575 per
3173 3506 3500 3577 scriptorum
3529 3509 3817 3580 negligen-

2212 3593 2341 3649 tiam
2371 3609 2402 3650 e
2431 3595 2678 3666 pluribus
2701 3611 2832 3653 mss.
2863 3597 3016 3655 libris
3057 3615 3180 3656 esse
3211 3601 3509 3658 subtracta.
3535 3603 3666 3670 Qua:
3713 3620 3821 3659 no-

2209 3691 2472 3745 tariorum
2514 3691 2724 3746 incuria
2762 3701 2918 3748 vetus
2950 3692 3090 3750 adeo
3138 3704 3242 3762 est,
3277 3704 3336 3750 ut
3362 3696 3508 3751 illam
3553 3695 3633 3753 bis
3660 3705 3824 3756 terve

2208 3793 2580 3856 conqueratur
2606 3785 2977 3859 Hieronymus
3017 3787 3180 3857 epist.
3216 3789 3319 3844 155
3344 3806 3356 3843 :
3387 3788 3517 3856 Qua:
3535 3790 3704 3862 signa,
3733 3791 3823 3847 in-

2209 3875 2345 3946 quit,
2404 3877 2529 3930 dum
2577 3894 2668 3946 per
2719 3878 3031 3950 scriptorum
3085 3879 3451 3952 negligentiam
3493 3899 3525 3936 a
3555 3883 3823 3955 plerisque

2207 3968 2360 4039 quasi
2379 3970 2648 4041 superﬂua
2678 3972 3065 4042 relinquuntur,
3097 3990 3316 4044 magnus
3340 3976 3394 4028 in
3419 3974 3635 4046 legendo
3664 3991 3821 4031 error

2208 4063 2461 4116 exoritur.
2508 4064 2816 4135 Supersunt
2843 4074 3024 4122 tamen
3047 4067 3253 4137 aliquot
3281 4067 3520 4134 codices,
3551 4069 3642 4140 qui
3674 4069 3818 4125 obe-

2209 4151 2292 4209 los
2314 4155 2546 4211 retinent
2573 4165 2906 4226 praenotatos
2935 4167 3045 4213 tam
3076 4158 3130 4213 in
3162 4159 3438 4230 prioribus
3467 4160 3817 4217 additamen-

2209 4250 2280 4306 tis
2310 4250 2573 4316 Danielis,
2617 4267 2777 4323 quam
2805 4253 2858 4307 in
2905 4252 3297 4324 appendicibus
3321 4253 3589 4310 Estheris.
3619 4254 3818 4309 Manu-

2208 4343 2444 4414 scriptus
2491 4342 2693 4416 Regius
2730 4343 3031 4400 Bibliorum
3071 4361 3383 4412 sacrorum,
3435 4347 3598 4418 vulgo
3627 4347 3817 4404 dictus

2209 4436 2384 4493 codex
2414 4437 2470 4494 S.
2505 4437 2698 4504 Mauri,
2731 4447 2952 4492 notatus
2983 4453 3132 4492 num.
3167 4438 3302 4494 556i
3359 4446 3414 4494 et
3443 4454 3646 4502 ccxxu.
3669 4440 3775 4494 reti
3796 4471 3818 4484 -

2209 4538 2303 4585 net
2331 4528 2614 4598 diligenter
2644 4529 2824 4585 omnia
2846 4529 3039 4587 isthwc
3060 4530 3212 4602 signa
3234 4530 3516 4587 obelorum
3545 4531 3611 4586 ad
3631 4533 3811 4604 Hym-

505 4617 844 4684 ostenderem,
873 4618 962 4687 qui
981 4617 1123 4687 apud
1144 4617 1394 4673 Hebraeos
1418 4635 1510 4674 nec
1545 4620 1804 4676 Susanna:
1845 4622 1995 4678 habet
2026 4623 2105 4677 hi-
2134 4613 2184 4674 Ι)
2211 4642 2338 4682 num
2367 4626 2528 4682 trium
2555 4643 2852 4699 puerorum
2899 4629 2952 4684 in
2986 4627 3226 4685 Danielis
3271 4627 3574 4684 volumine.
3606 4628 3818 4686 Simili-

500 4708 742 4773 storiam,
771 4725 863 4762 nec
893 4710 1140 4780 hymnum
1165 4713 1320 4765 trium
1359 4728 1659 4784 puerorum,
1691 4730 1781 4768 nec
1803 4713 1942 4769 Belis
1980 4715 2102 4768 dra-

503 4800 646 4852 conis
671 4799 893 4869 {abulas,
912 4817 1038 4870 quas
1053 4819 1166 4869 nos,
1200 4803 1321 4874 quia
1340 4804 1394 4858 in
1414 4813 1519 4860 toto
1542 4805 1662 4859 orbe
1688 4805 1936 4879 disperses
1955 4817 2098 4874 sunt,

501 4904 619 4943 vero
651 4892 940 4962 anteposito
968 4908 1154 4963 easque
1172 4895 1471 4965 jugulanle,
1505 4898 1842 4970 subjecimus,
1873 4915 1936 4952 ne
1958 4899 2102 4953 ride-

498 4995 672 5035 rentur
700 4982 843 5052 apud
893 4984 1159 5054 imperitos
1191 5003 1431 5058 magnam
1460 5000 1656 5060 partem
1693 4993 1971 5047 voluminis
2001 4973 2096 5047 de-

500 5083 785 5129 truncasse.
812 5076 1141 5150 Hieronymo
1167 5080 1329 5152 igitur
1352 5084 1594 5138 animum
1637 5084 1920 5140 Judaicum
1953 5088 2100 5157 quis-

498 5167 622 5238 quis
670 5167 938 5240 impingit,
968 5174 1190 5228 stultum
1243 5190 1302 5231 se
1329 5176 1522 5246 probat
1553 5177 1968 5249 sycophantam,
2017 5190 2102 5236 ut-

499 5271 629 5334 pote
658 5263 751 5333 qui
780 5265 988 5320 nesciat
1011 5265 1070 5322 S.
1096 5266 1386 5325 Doctorem
1413 5269 1468 5325 in
1509 5285 1605 5326 sua
1648 5271 1884 5328 Danielis
1910 5273 2099 5330 Latina

500 5357 878 5424 conversione,
909 5368 963 5415 et
1004 5359 1206 5433 hymno
1237 5364 1396 5419 trium
1426 5379 1740 5435 puerorum,
1773 5378 1828 5423 et
1853 5367 2096 5426 historia:

501 5447 764 5506 Susanna:
810 5453 1082 5522 proprium
1123 5456 1378 5512 tribuisse
1399 5458 1597 5524 locum,
1631 5457 1876 5531 nihilque
1895 5461 1964 5516 de
1986 5462 2096 5517 illis

496 5543 745 5610 partibus
773 5542 1143 5614 detruncasse,
1175 5563 1276 5604 nec
1327 5548 1543 5620 quidem
1591 5550 2010 5608 Commentariis
2038 5554 2093 5608 in

500 5635 800 5691 Danielem.
831 5639 1065 5696 Audiant
1105 5650 1436 5712 quapropter
1464 5642 1857 5700 obtrectatores
1879 5647 1956 5701 illi
1986 5647 2085 5703 do-

496 5729 799 5786 ctissimum
830 5733 1003 5788 virum
1032 5735 1085 5789 in
1131 5749 1350 5790 Causam
1377 5750 1530 5791 suam
1561 5738 1840 5808 eleganter
1860 5740 2092 5797 descen-

494 5820 712 5878 dentem
737 5826 1000 5895 prooemio
1016 5827 1126 5898 jam
1156 5827 1500 5887 laudatorum
1527 5829 2081 5893 Commentariorum:

2207 4728 2289 4776 ter
2336 4721 2839 4792 splendidissimum
2907 4724 3194 4794 exemplar
3230 4723 3566 4780 Colbertina:
3613 4724 3819 4779 biblio-

2204 4811 2376 4868 thecae
2404 4829 2557 4870 num.
2620 4819 2670 4878 i,
2704 4814 2850 4886 quod
2900 4813 3100 4870 Carolo
3151 4813 3318 4871 Calvo
3363 4816 3638 4872 donarunt
3673 4815 3812 4872 olim

2203 4905 2455 4961 Monachi
2505 4908 2565 4962 S.
2595 4906 2810 4961 Martini
2839 4906 3201 4975 Turonensis,
3256 4908 3422 4964 habet
3471 4917 3811 4978 praenotatas

2203 4998 2322 5054 illas
2344 4999 2582 5070 virgulas
2611 4999 2804 5054 eodem
2835 4999 3076 5056 Danielis
3101 5000 3247 5069 loco,
3274 5009 3330 5056 et
3369 4999 3471 5056 hoc
3493 5000 3711 5072 quidem
3735 5003 3810 5057 ad

2206 5102 2368 5160 caput
2393 5091 2634 5146 omnium
2665 5089 2954 5147 linearum.
2989 5091 3104 5146 Non
3133 5093 3214 5147 sic
3241 5092 3585 5163 Exemplaria
3617 5091 3810 5148 Cano-

2205 5181 2289 5237 nis
2323 5181 2602 5238 Hebraicae
2653 5183 2927 5252 veritatis,
2963 5183 3054 5239 ubi
3085 5184 3433 5240 librariorum
3468 5193 3525 5242 et
3556 5187 3808 5242 notario-

2203 5291 2324 5331 rum
2349 5275 2554 5330 incuria
2581 5275 2893 5346 ltujusmodi
2937 5277 3088 5348 signa
3121 5277 3489 5348 praetermissa
3515 5288 3660 5335 sunt.
3694 5280 3808 5334 Ex-

2199 5367 2509 5438 cipiendum
2536 5379 2714 5424 tamen
2765 5369 2994 5440 Regium
3035 5371 3340 5440 exemplar,
3361 5382 3607 5428 notatum
3631 5373 3800 5442 5564,

2198 5461 2341 5532 quod
2397 5476 2504 5516 non
2534 5463 2713 5516 omnia
2763 5462 3044 5518 obelorum
3091 5463 3245 5534 signa
3288 5479 3511 5534 prorsus
3567 5465 3793 5537 abjecit,

2196 5562 2425 5623 quatuor
2450 5555 2618 5619 enim,
2647 5558 2732 5610 vel
2757 5556 2994 5625 quinque
3018 5555 3180 5611 habet
3201 5557 3476 5628 adscripta
3500 5559 3553 5614 in
3581 5560 3796 5626 capite,

2194 5645 2396 5716 medio,
2449 5655 2504 5701 et
2553 5647 2658 5701 ﬁne
2707 5647 3110 5713 columnarum,
3145 5649 3246 5703 sub
3293 5651 3489 5721 quibus
3533 5666 3794 5722 compre-

2192 5737 2358 5794 hendi
2385 5739 2556 5796 voluit
2580 5740 2752 5795 lineas
2778 5740 3018 5812 singulas
3045 5740 3237 5797 harum
3265 5743 3496 5814 partium
3525 5743 3785 5800 Danielis.

2185 5835 2338 5906 Quod
2369 5845 2578 5908 spectat
2607 5835 2887 5893 historiam
2934 5835 3233 5909 Susannte,
3271 5847 3329 5896 et
3380 5838 3544 5910 Belis,
3574 5839 3782 5896 nullum
