4040 6360
270 340 339 396 89
602 311 643 316 Γ
752 349 757 354 ‘
924 331 1487 392 PROLEGOMENON
1525 332 1613 390 Ill.
1658 332 1744 389 DE
1785 330 2058 390 CANONE
2100 329 2475 389 HEBRAICAE
2516 328 2909 388 VERITATIS.
3480 324 3552 384 90

265 471 435 529 usque
452 456 505 513 in
528 468 773 529 prmsens
796 455 1041 511 codicem
1062 468 1167 511 ms.
1203 454 1446 510 invenire
1464 452 1639 526 potui,
1667 454 1720 508 in
1750 467 1856 523 quo
1880 454 1930 515 Α
1962 450 2353 524 Hieronymum
2372 494 2386 519 ,
2411 450 2798 507 confodiendas
2844 465 2970 507 esse
2994 446 3303 521 huiusmodi
3329 458 3508 520 partes
3530 485 3549 518 ,

265 552 417 622 signa
446 550 736 607 obelorum
768 564 874 603 non
905 547 1110 605 fuerint
1151 547 1375 614 omissa,
1407 547 1859 618 quamvislliero-

264 660 460 717 nymus
497 656 759 714 expresse
786 651 1013 698 testatus
1039 642 1133 708 sit,
1161 640 1256 695 has
1286 641 1505 696 visiones
1536 640 1698 695 obetis
1726 656 1859 711 prte-

263 748 468 793 notatas
492 753 622 803 esse,
653 745 713 791 ut
741 736 960 792 lectoris
990 735 1381 790 admoneretur
1408 734 1657 800 intentio,
1683 747 1776 788 eas
1803 732 1855 787 itt

265 832 535 888 llebraico
554 847 666 886 non
694 830 880 886 haberi
893 870 906 883 .
925 829 1105 898 Quare
1129 828 1348 883 visiones
1361 826 1521 883 dictae
1542 826 1649 882 sint
1669 842 1695 881 a
1710 834 1859 882 vete-

262 924 415 980 ribus
437 924 799 995 scriptoribus
827 923 937 978 illte
957 923 1386 991 sectiones,quae
1407 918 1547 990 apud
1575 934 1673 974 nos
1697 918 1857 975 hodie

257 1015 447 1089 Capita
487 1020 860 1086 nominantur,
891 1015 1232 1073 commodius
1278 1014 1415 1071 infra
1455 1014 1779 1071 declaratur.

324 1114 637 1171 Notandum
668 1126 748 1171 est
772 1114 1011 1172 secundo
1042 1113 1373 1185 inaequalem
1412 1126 1533 1167 esse
1562 1110 1853 1167 obolorum

253 1211 489 1265 formam
524 1226 633 1265 non
668 1211 721 1266 in
752 1210 984 1266 diversis
1008 1209 1184 1263 solum
1208 1253 1221 1276 ,
1257 1209 1353 1263 sed
1382 1207 1436 1262 in
1468 1206 1660 1261 iisdem
1689 1204 1852 1259 etiam

252 1315 390 1357 mss.
412 1302 716 1357 codicibus.
736 1301 829 1357 Sic
848 1300 1103 1356 laudatus
1129 1314 1291 1369 supra
1316 1297 1717 1367 manuscriptus
1732 1295 1856 1351 Col-

250 1394 511 1451 bertinus
535 1396 693 1466 signa
722 1394 841 1451 lucc
862 1395 916 1450 in
940 1403 1053 1450 toto
1079 1392 1404 1465 Hieronymi
1428 1389 1695 1446 Psalterio
1719 1388 1856 1443 scri»

246 1500 338 1561 pta
371 1490 577 1545 retinet
616 1505 741 1545 cum
773 1489 986 1545 duobus
1031 1490 1250 1560 punctis
1273 1528 1287 1552 ,
1332 1500 1439 1541 uno
1470 1482 1771 1560 superiori,
1800 1488 1855 1537 et

247 1581 504 1636 inferiori
531 1581 707 1637 altero
730 1623 743 1646 ,
776 1582 842 1636 ad
876 1581 1038 1637 istum
1065 1579 1285 1634 modum
1319 1592 1379 1633 ὴ
1419 1579 1471 1633 in
1514 1576 1853 1632 additamen-

246 1675 315 1729 tis
350 1684 540 1730 autem
573 1674 819 1730 Danielis
870 1686 925 1729 et
961 1674 1181 1742 Esther,
1216 1673 1461 1729 eamdem
1495 1676 1854 1741 repraesentat

243 1767 523 1837 virgulam
555 1794 615 1808 μα
654 1812 667 1837 ,
705 1776 1096 1835 transversam,
1126 1766 1221 1822 sed
1251 1766 1459 1837 absque
1482 1764 1595 1820 ullo
1627 1771 1847 1834 puncto.

1962 562 2082 618 quae
2110 548 2309 603 absunt
2339 548 2392 602 in
2420 546 2663 602 Hebraeis
2691 545 3114 617 exemplaribus.

2030 640 2108 697 De
2135 642 2415 697 obelorum
2443 640 2676 711 denique
2706 640 2900 712 signis,
2929 638 3061 694 illud
3098 638 3258 694 etiam
3288 638 3550 694 lectorem

1960 749 2266 803 monemus,
2291 736 2503 792 diversa
2529 750 2650 791 esse
2675 736 2829 805 signa
2856 734 3046 791 isthmc
3074 733 3125 788 in
3154 732 3303 788 libris
3329 731 3556 789 Samue-

1960 827 2029 882 lis
2047 874 2061 897 ,
2090 837 2145 884 et
2175 827 2480 885 Salomonis
2508 828 2824 886 Proverbiis
2842 872 2857 896 ,
2883 827 2952 883 ad
2978 827 3247 897 margines
3271 825 3462 882 horum
3488 825 3555 881 li-

1956 919 2176 975 brorum
2208 935 2236 975 a
2277 920 2434 977 nobis
2464 922 2639 992 posita
2661 963 2675 988 ,
2723 920 2792 975 ab
2824 920 2936 975 illis
2978 917 3419 990 Hicronymianis
3441 959 3454 983 ,
3486 916 3554 973 de

1957 1014 2152 1084 quibus
2182 1014 2464 1086 hucusque
2489 1014 2751 1070 diximus.
2779 1013 2973 1069 Nostra
3002 1013 3148 1068 enim
3178 1012 3328 1083 signa
3362 1010 3551 1067 obelo-

1959 1124 2081 1165 rum
2112 1125 2218 1165 non
2250 1109 2557 1181 signiﬁcant
2597 1108 2898 1165 addititium
2928 1107 3058 1180 quid
3103 1116 3195 1163 aut
3221 1105 3553 1177 superﬂuum

1955 1212 2172 1260 exstare
2199 1204 2251 1258 in
2279 1212 2430 1259 textu
2455 1244 2468 1269 ,
2501 1217 2659 1274 quem
2685 1202 2954 1258 edidimus
2991 1202 3041 1256 in
3082 1200 3234 1255 libris
3254 1199 3460 1268 Regum
3497 1204 3554 1252 et

1957 1295 2418 1363 Proverbiorum;
2486 1295 2581 1352 sed
2637 1294 2897 1351 studiosis
2955 1293 3255 1363 quibusque
3308 1289 3553 1346 indicant

1956 1389 2240 1461 Vulgatam
2270 1391 2521 1445 Latinam
2557 1388 2641 1444 his
2669 1388 2804 1443 locis
2829 1385 3034 1457 aliquid
3065 1384 3412 1450 redundans,
3438 1392 3493 1438 et
3519 1397 3550 1438 a

1956 1482 2096 1538 LXX
2133 1483 2528 1554 interpretibus
2560 1489 2863 1536 mutuatum
2897 1480 3132 1546 habere,
3187 1478 3330 1549 quod
3360 1490 3462 1531 nec
3491 1475 3548 1529 in

1954 1592 2085 1649 pura
2120 1576 2439 1649 Hieronymi
2470 1576 2723 1632 versione
2744 1619 2758 1643 ,
2788 1588 2891 1629 nec
2920 1574 2974 1628 in
3004 1572 3152 1628 fonte
3184 1571 3449 1627 Hebraico
3472 1572 3546 1627 le-

1954 1681 2133 1741 gatur.
2158 1670 2323 1726 Usum
2357 1671 2542 1741 itaque
2564 1669 2843 1726 obolorum
2871 1674 3183 1724 nostrorum
3215 1664 3397 1719 nullus
3424 1678 3552 1734 pro-

1955 1764 2162 1820 miscue
2183 1764 2447 1834 accipiat,
2472 1771 2671 1834 putans
2696 1761 2949 1818 eumdem
2978 1773 3103 1815 esse
3124 1773 3247 1814 cum
3271 1758 3366 1814 illo
3390 1772 3548 1827 quem

243 1861 452 1932 Regius
476 1877 695 1933 quoque
722 1877 870 1917 num.
901 1862 1034 1918 ’5561
1064 1863 1116 1916 in
1145 1860 1387 1916 Danielis
1411 1858 1848 1931 llymnoobelttm
1882 1854 1927 1915 Β
1957 1857 2160 1915 habent
2185 1860 2237 1914 in
2267 1858 2624 1914 translatione
2654 1856 2894 1912 Danielis
2913 1865 2965 1911 et
2988 1853 3238 1909 Estlteris
3264 1852 3404 1923 apud
3430 1851 3554 1907 Hie-

241 1954 417 2011 babet
446 1956 661 2027 punctis
694 1965 948 2011 ornatum
988 1970 1048 2010 +
1080 1963 1139 2009 at
1181 1956 1234 2009 in
1265 1954 1371 2008 line
1404 1951 1646 2007 Estlteris
1676 1951 1849 2006 solam

240 2047 484 2104 exhibet
512 2049 778 2119 virgulam
798 2048 1070 2118 jacentem
1099 2079 1151 2092 ν
1189 2048 1307 2103 sine
1333 2056 1656 2117 punctorum
1685 2045 1853 2100 comi-

246 2149 366 2194 tatu
392 2182 406 2204 ,
438 2139 586 2210 quod
618 2139 869 2195 imitatur
895 2140 1249 2196 Corbeiensis
1272 2155 1374 2194 ms.
1401 2139 1580 2194 codex
1612 2154 1765 2194 num.
1796 2138 1846 2193 1.

244 2230 450 2288 Czeteri
479 2231 1025 2288 San-Germanenses
1058 2232 1233 2287 nostri
1264 2241 1318 2287 et
1343 2230 1702 2287 Memmianus
1735 2228 1841 2285 Ca-

240 2339 359 2380 non
409 2335 601 2395 partes
630 2324 882 2381 Estheris
923 2323 1147 2380 ultimas
1178 2324 1351 2380 obclis
1380 2330 1686 2396 prtenotant
1726 2339 1847 2379 cum

237 2416 449 2487 duplici
483 2425 688 2487 puncto
716 2432 977 2488 supremo
1022 2426 1079 2473 et
1127 2415 1315 2472 inﬁmo
1342 2432 1379 2472 ἀ
1411 2452 1430 2473 .
1461 2416 1662 2471 Eadem
1696 2418 1848 2486 signa

238 2498 547 2566 obelorum
572 2510 721 2566 binis
744 2510 959 2579 punctis
988 2510 1378 2565 instructorum
1396 2509 1647 2564 visuntur
1666 2509 1719 2564 in
1742 2506 1853 2563 edi-

238 2602 395 2657 tione
434 2601 725 2673 Origenica
749 2601 878 2657 libri
902 2601 1123 2669 Esther,
1152 2617 1218 2657 ex
1240 2601 1634 2657 Arundelliana
1657 2601 1851 2657 biblio-

236 2697 404 2751 theca
461 2695 741 2767 producti.
796 2696 997 2753 Caveat
1043 2707 1228 2753 autem
1272 2697 1517 2767 prudens
1560 2697 1751 2765 lector,
1783 2712 1850 2753 ne

235 2790 487 2843 notulam
511 2790 982 2860 compendiariam
1012 2790 1068 2846 in
1097 2805 1233 2845 mss.
1264 2789 1419 2846 libris
1443 2790 1696 2846 usitatam
1720 2805 1849 2848 con-

233 2881 435 2937 fundat
485 2896 611 2938 cum
665 2884 823 2955 signo
871 2884 1055 2952 obeli,
1095 2894 1319 2955 propter
1344 2884 1590 2940 eamdem
1623 2889 1850 2942 omnino

233 2975 470 3048 ﬁguram
508 2978 797 3047 utriusque
828 2980 1188 3050 assignatam.
1215 2978 1345 3034 Nam
1378 2981 1585 3036 librarii
1618 2990 1672 3036 et
1714 2980 1851 3036 scri-

232 3082 429 3141 ptores
459 3073 673 3142 antiqui
702 3080 933 3127 utuntur
960 3072 1066 3131 hoc
1091 3072 1413 3129 charactere
1442 3090 1501 3129 ομ
1532 3088 1632 3144 pro
1653 3073 1845 3144 verbo,

233 3175 312 3220 est
344 3208 361 3230 ,
393 3168 556 3221 tertia
593 3181 831 3241 persona
862 3166 1124 3239 singulari
1151 3168 1305 3223 verbi
1338 3169 1667 3223 substantivi
1714 3184 1843 3222 sum.

1954 1969 2242 2027 ronymum
2265 1997 2280 2022 ,
2306 1954 2432 2025 quia
2462 1952 2635 2008 nostri
2666 1951 2813 2008 obeli
2841 1948 3106 2021 quosdam
3128 1962 3320 2003 versus
3350 1946 3550 2001 absen-

1955 2056 2035 2103 tes
2066 2048 2310 2103 indicant
2330 2090 2343 2113 ,
2370 2047 2458 2102 alii
2489 2062 2618 2102 veru
2643 2044 2943 2101 sententias
2972 2050 3276 2112 praesentes
3308 2040 3553 2110 Scriptu-

1956 2158 2033 2199 rae
2054 2186 2067 2209 ,
2095 2143 2249 2213 quasi
2284 2157 2419 2199 veru
2446 2141 2756 2212 anteposito
2777 2138 3048 2211 jugulatas
3070 2135 3298 2203 docent,
3323 2142 3376 2190 et
3402 2147 3551 2189 com-

1953 2235 2344 2292 monefaciunt.

2023 2328 2113 2384 Vl.
2138 2327 2257 2383 Non
2292 2341 2512 2398 parvam
2541 2326 2592 2381 in
2616 2324 2720 2381 hoc
2748 2324 3002 2395 praesenti
3031 2320 3264 2378 articulo
3285 2318 3543 2392 quaestio-

1950 2436 2074 2478 nem
2106 2435 2422 2489 movemus,
2476 2421 2814 2491 inquirentes
2857 2418 3105 2489 quisnam
3140 2414 3308 2470 fuerit
3337 2415 3542 2484 primus

1951 2522 2145 2569 auctor
2170 2514 2503 2569 scholiorum
2538 2511 2919 2583 tnarginalium
2944 2552 2957 2575 ,
2986 2523 3107 2582 quin
3141 2509 3195 2564 in
3220 2506 3550 2578 exemplari—

1952 2608 2053 2665 bus
2084 2608 2324 2665 Canonis
2363 2607 2649 2663 Hebraicis
2696 2607 2945 2662 veritatis
2980 2605 3151 2675 posita
3196 2602 3507 2673 reperimus
3530 2642 3547 2669 ,

1952 2710 2259 2773 quantaque
2301 2702 2373 2756 sit
2402 2699 2776 2771 hujuscemodi
2808 2698 3224 2754 annotationum
3250 2695 3457 2750 utilitas
3485 2706 3550 2749 ac

1950 2794 2294 2865 praestantia.
2325 2793 2441 2865 Ego
2464 2792 2685 2864 quidem
2717 2791 2852 2846 nihil
2884 2791 3031 2861 prius
3061 2788 3192 2845 mihi
3245 2785 3549 2843 faciendum

1952 2887 2134 2956 putavi
2160 2931 2173 2956 ,
2199 2902 2359 2955 quam
2384 2897 2441 2940 ut
2472 2885 2643 2941 fatear
2667 2899 2753 2939 me
2780 2883 3075 2955 aliquando
3099 2895 3314 2938 errasse
3343 2881 3396 2934 in
3424 2894 3551 2935 auc-

1954 2987 2069 3034 tore
2099 2978 2433 3035 scholiorum
2453 3019 2467 3044 ,
2490 2992 2652 3048 quem
2686 2977 2982 3046 ipsummet
3013 2974 3402 3045 Hieronymum
3426 2971 3546 3042 cpi-

1952 3072 2140 3139 nabar,
2166 3087 2266 3129 nec
2295 3072 2417 3127 sine
2441 3072 2621 3143 aliqua
2648 3070 3003 3126 similitudine
3030 3069 3170 3125 veri.
3202 3068 3452 3126 Sciebam
3482 3068 3551 3121 ab

1953 3164 2149 3221 eodem
2179 3164 2235 3222 S.
2264 3165 2499 3221 Doctore
2529 3164 2766 3219 monitus
2793 3163 2846 3218 in
2880 3162 3112 3232 epistola
3142 3160 3246 3215 155
3275 3174 3551 3214 nonnum-

234 3255 403 3314 Unde
435 3257 668 3328 legimus
694 3259 899 3327 sacpius
924 3276 936 3312 ε
968 3258 1035 3312 Et
1072 3274 1130 3314 σθ
1165 3277 1343 3314 sensus
1372 3278 1386 3316 :
1418 3276 1515 3330 pro
1545 3259 1613 3314 Et
1640 3270 1713 3315 est
1736 3278 1848 3315 scn-
1874 3254 1929 3321 C‘
1953 3273 2115 3330 quam
2145 3274 2245 3329 pro
2275 3258 2584 3315 eruditione
2607 3257 2904 3328 legentium
2926 3256 3311 3311 annotationes
3341 3254 3551 3309 additas

230 3370 351 3408 sus.
391 3354 522 3422 Quis
555 3369 615 3409 -:~
644 3355 701 3407 in
732 3355 872 3409 vobis
898 3371 917 3409 :
947 3369 1069 3425 pro,
1096 3353 1225 3423 Quis
1255 3366 1330 3409 est
1354 3355 1408 3409 in
1456 3355 1616 3410 vobis.
1651 3355 1849 3426 Sicque

230 3447 373 3501 aliis
401 3447 536 3501 locis
563 3447 868 3502 innumeris
893 3488 906 3512 ,
953 3456 1121 3517 prout
1153 3446 1355 3517 placuit
1382 3447 1661 3503 veteribus
1691 3454 1848 3502 nota-

230 3541 377 3605 riis,
402 3540 495 3611 qui
522 3540 589 3595 ab
612 3540 772 3596 annis
800 3541 1160 3612 septingentis
1194 3542 1312 3612 plus
1343 3541 1520 3597 minus
1542 3542 1718 3597 libros
1746 3556 1846 3597 ex-

232 3638 493 3693 scribere
531 3645 816 3693 curarunt.

316 3728 597 3785 Caeterum
640 3729 927 3785 obelorum
956 3730 1107 3800 signa
1140 3728 1193 3783 in
1227 3728 1615 3784 additamentis
1656 3727 1852 3783 Danie-

234 3821 314 3878 lis
346 3832 402 3877 et
431 3822 632 3878 Esther
664 3838 771 3878 non
800 3831 1097 3894 potuerunt
1128 3823 1381 3893 proprias
1426 3823 1635 3893 ubique
1685 3822 1852 3879 sedes

234 3916 451 3972 habere
478 3918 528 3972 in
581 3916 683 3972 hac
726 3919 980 3989 przesenti
1009 3917 1249 3973 editione
1279 3925 1495 3972 nostra:
1528 3932 1649 3972 nam
1682 3916 1849 3971 libra-

231 4011 454 4066 riorum
502 4009 925 4077 bodiernorum,
977 4026 1073 4066 seu
1126 4012 1514 4082 impressorum
1562 4025 1689 4065 usus
1737 4026 1847 4065 non

230 4104 449 4175 patitur
479 4105 729 4160 eamdem
760 4106 1077 4175 paginarum
1112 4115 1168 4161 et
1195 4105 1575 4160 columnarum
1612 4105 1849 4175 disposi-

232 4206 455 4262 turam,
507 4212 630 4267 quae
690 4198 744 4252 in
798 4198 1077 4253 codicibus
1121 4213 1252 4253 mss.
1313 4207 1757 4268 repraesentatur.
1790 4199 1848 4255 ln

229 4290 628 4360 manuscriptis
652 4290 795 4345 obeli
819 4307 1035 4361 semper
1058 4301 1431 4362 prmnotantur
1452 4291 1518 4347 ad
1542 4302 1703 4361 caput
1728 4308 1852 4348 ver-

230 4397 408 4437 suum
433 4428 447 4451 ,
482 4384 601 4438 sive
645 4384 987 4455 singularum
1021 4384 1287 4439 linearum
1318 4386 1460 4441 sacri
1510 4395 1805 4442 contextus
1828 4428 1843 4454 ,

226 4485 349 4531 tam
377 4476 431 4532 in
455 4477 693 4533 secunda
722 4479 1041 4550 paginarum
1065 4479 1339 4548 columna,
1364 4496 1528 4551 quam
1572 4481 1625 4536 in
1650 4482 1845 4551 prima,

225 4570 475 4624 medium
534 4571 679 4626 enim
732 4574 968 4643 spatium
1010 4572 1326 4643 relinquunt
1368 4574 1644 4629 sufﬁciens
1695 4576 1837 4629 inter

1951 3366 1984 3409 e
2038 3353 2214 3408 latere
2242 3360 2531 3407 contextus
2555 3369 2567 3406 :
2603 3351 2704 3407 has
2729 3366 2861 3407 vero
2893 3348 3201 3405 temeritate
3225 3391 3239 3415 ,
3264 3348 3348 3403 vel
3379 3348 3551 3417 impc-

1950 3445 2076 3500 ritia
2123 3444 2477 3501 librariorum
2534 3444 2588 3499 in
2637 3458 2867 3513 corpore
2922 3442 3094 3498 fuisse
3136 3440 3363 3514 positas.
3396 3439 3551 3496 Unde

1953 3540 2115 3597 docta
2145 3539 2351 3595 scholia
2387 3539 2707 3611 marginalia
2731 3538 2947 3595 veritati
2978 3538 3259 3593 Hebraicze
3284 3550 3550 3603 consona,

1952 3635 2005 3690 in
2036 3648 2251 3690 sacrum
2285 3641 2492 3689 textum
2525 3632 2829 3703 Scripturae
2884 3632 3128 3687 derivata
3183 3646 3305 3686 cum
3357 3628 3555 3699 depre-

1952 3724 2301 3791 hendissem,
2337 3724 2493 3780 facile
2552 3723 2683 3779 mihi
2743 3724 2926 3779 statim
2978 3722 3378 3794 persuadeham
3412 3721 3552 3775 idem

1951 3819 2006 3873 in
2033 3819 2274 3887 pluribus
2302 3818 2553 3873 evenisse
2577 3860 2590 3883 ,
2615 3815 2761 3887 quod
2794 3817 2913 3887 ipse
2944 3814 3173 3885 epistola
3194 3814 3305 3885 jam
3333 3814 3554 3869 laudata

1950 3911 2311 3981 conqueritur
2340 3909 2407 3964 ad
2435 3909 2697 3980 psalmum
2723 3923 2891 3962 Lxxut
2913 3948 2928 3975 ,
2959 3922 3105 3961 vers.
3139 3907 3194 3975 8,
3223 3905 3321 3961 ubi
3350 3906 3424 3963 ait
3448 3923 3459 3959 :
3486 3906 3554 3961 In

1951 4000 2134 4056 Grch
2160 4003 2409 4073 scriptum
2439 4010 2510 4055 est
2542 3999 2980 4072 καταπαύσωμεν,
3013 4008 3061 4052 et
3090 4015 3182 4052 nos
3220 3999 3294 4051 ita
3327 4006 3557 4051 transtu-

1952 4093 2104 4148 limus
2126 4111 2146 4149 :
2178 4094 2472 4162 Quiescere
2521 4091 2787 4146 faciamus
2819 4104 3012 4147 omnes
3053 4089 3170 4145 dies
3204 4091 3371 4146 festos
3402 4090 3495 4145 Dci
3525 4105 3555 4145 a

1951 4196 2118 4244 terra.
2139 4185 2210 4242 Et
2234 4188 2393 4239 miror
2413 4184 2668 4256 quomodo
2694 4201 2721 4240 e
2743 4184 2897 4238 latere
2922 4183 3305 4237 annotationem
3328 4192 3555 4237 nostram

1950 4282 2124 4334 nescio
2146 4280 2258 4350 quis
2285 4277 2584 4331 temerarius
2610 4276 2935 4331 scribendam
2955 4276 3009 4329 in
3037 4291 3250 4347 corpore
3276 4276 3554 4345 putavcrit,

1950 4392 2102 4446 quant
2126 4391 2219 4428 nos
2247 4390 2340 4444 pro
2368 4371 2658 4427 eruditione
2683 4371 2897 4443 legentis
2918 4371 3216 4440 scripsimus
3242 4370 3335 4423 hoc
3361 4368 3513 4422 modo
3532 4385 3553 4424 :

1952 4467 2078 4523 Non
2121 4466 2273 4521 habet
2327 4468 2777 4539 καταπαύσωμεν,
2828 4473 2885 4518 ut
2932 4464 3143 4534 quidam
3194 4471 3411 4533 putant;
3467 4463 3556 4517 scd

1951 4563 2359 4635 κατακαύσωμεν
2382 4601 2396 4626 ,
2426 4561 2482 4614 id
2510 4568 2614 4627 est,
2646 4558 3023 4623 incendamus;
3052 4568 3105 4612 et
3132 4557 3327 4610 iterum
3358 4556 3552 4612 eodem

224 4662 518 4717 columnas
535 4706 551 4730 ,
577 4663 631 4717 in
651 4677 757 4733 quo
788 4665 965 4735 spatio
992 4665 1253 4720 continue
1278 4664 1601 4721 describunt
1626 4665 1839 4722 obelos.

1955 4655 2072 4711 loco
2099 4673 2109 4707 :
2153 4654 2306 4734 Unde
2335 4653 2380 4706 si
2428 4652 2552 4723 quid
2583 4666 2679 4720 pro
2706 4650 2877 4704 studio
2904 4666 2931 4705 e
2960 4648 3119 4702 latere
3167 4646 3405 4702 additum
3436 4658 3509 4701 est
3534 4692 3549 4715 ,

228 4753 440 4809 Contra
498 4754 553 4808 in
584 4752 749 4809 editis
798 4755 952 4810 libris
981 4756 1114 4811 nihil
1164 4769 1246 4811 est
1278 4756 1661 4812 intermedium
1692 4800 1707 4825 ,
1741 4759 1843 4813 nisi

227 4845 556 4916 majusculae
596 4847 792 4902 litterae
839 4848 907 4903 ad
955 4849 1366 4904 distinctionem
1419 4850 1796 4905 columnarum
1825 4892 1838 4916 ,

225 4939 317 4993 vel
360 4939 601 5008 partium
629 4947 945 4995 contextus.
971 4939 1079 4995 Nec
1112 4940 1243 5012 quid
1268 4940 1415 4995 aliud
1448 4941 1504 4996 in
1532 4942 1715 4997 medio
1745 4957 1845 5013 po-

226 5030 395 5085 situm
426 5030 716 5087 hodiernae
741 5031 1115 5104 typograpbiae
1141 5034 1295 5103 leges
1319 5040 1638 5103 paterentur
1662 5076 1675 5100 ,
1704 5050 1844 5105 pra:-

228 5132 320 5177 ter
371 5123 485 5193 jam
532 5122 707 5179 dictas
762 5124 1003 5193 litteras,
1060 5138 1149 5181 aut
1193 5125 1390 5181 lineam
1441 5127 1765 5197 pendentem
1813 5142 1843 5183 a

232 5231 454 5271 summo
477 5231 653 5287 usque
683 5217 749 5271 ad
777 5217 945 5272 imum
974 5219 1183 5289 paginae
1218 5234 1459 5275 versum.
1492 5219 1622 5276 Ideo
1651 5235 1847 5276 neces-

232 5310 397 5364 sitate
438 5308 708 5378 compulsi
730 5350 746 5376 ,
778 5325 846 5365 ne
874 5326 1067 5365 novam
1108 5306 1842 5382 induceremus'dispositio-

237 5415 363 5455 nem
392 5400 536 5470 apud
566 5401 954 5473 typographos,
984 5403 1153 5459 satius
1186 5417 1308 5459 esse
1333 5403 1586 5459 duximus
1605 5445 1625 5471 ,
1655 5404 1846 5460 obelo-

241 5494 573 5565 rum'signa
605 5495 657 5549 in
697 5496 943 5573 margine
989 5495 1248 5552 exteriori
1288 5512 1505 5568 semper
1533 5497 1843 5564 ascribere,

238 5596 298 5640 et
330 5585 383 5640 in
419 5586 593 5656 prima
629 5587 850 5659 quidem
902 5589 1155 5645 columna
1201 5589 1268 5645 ad
1299 5600 1462 5662 caput
1510 5592 1842 5662 singularum

237 5678 508 5734 linearum
528 5680 855 5751 Scriptura),
877 5681 931 5738 in
956 5684 1252 5754 posteriori
1285 5693 1465 5740 autem
1495 5685 1749 5740 columna
1774 5686 1842 5740 ad

241 5769 406 5825 ﬁnem
444 5771 748 5840 linearum;
788 5774 862 5829 ita
892 5784 1073 5833 tamen
1104 5785 1165 5832 ut
1194 5776 1457 5847 cujusque
1484 5776 1627 5832 obeli
1658 5778 1842 5847 cuSpis

240 5863 292 5919 in
344 5865 677 5936 scripturam
709 5867 780 5923 sit
826 5881 1121 5942 conversa,
1164 5885 1271 5941 qua
1301 5870 1649 5943 significatur
1694 5868 1837 5941 apud

1948 4765 2050 4803 non
2079 4746 2223 4802 debet
2253 4745 2375 4815 poni
2404 4744 2461 4798 in
2491 4758 2739 4811 corpore,
2794 4758 2857 4795 ne
2899 4741 3122 4813 priorem
3153 4740 3545 4794 translationem

1954 4858 2048 4913 pro
2073 4840 2403 4896 scribentium
2432 4837 2697 4892 voluntate
2746 4837 3033 4891 conturbet.
3082 4836 3353 4892 Praeterea
3404 4835 3555 4891 aliud

1955 4932 2264 5003 exemplum
2293 4930 2536 5000 ejusdem
2572 4929 2895 4984 temeritatis
2919 4927 3266 4983 librariorum
3290 4970 3306 4996 ,
3333 4928 3432 4983 nisi
3462 4943 3555 4998 po-

1955 5030 2061 5083 tius
2090 5022 2379 5095 imperititc
2407 5021 2571 5077 fuerit
2598 5065 2613 5091 ,
2644 5021 3001 5076 animadverti
3031 5021 3084 5075 in
3117 5021 3345 5090 epistola
3396 5022 3501 5075 “2
3534 5062 3548 5086 ,

1951 5119 2018 5176 ad
2047 5119 2339 5173 Damasum
2369 5130 2564 5186 papam
2592 5132 2603 5167 ε
2635 5128 2758 5168 nam
2802 5114 2854 5168 in
2887 5129 2996 5169 uno
3046 5112 3365 5169 Colbertino
3410 5114 3553 5169 anti-

1949 5212 2212 5285 quissimo
2240 5209 2429 5265 codice
2459 5206 2825 5277 Epistolarum
2855 5206 2915 5263 S.
2946 5206 3261 5278 Hieronymi
3286 5247 3301 5275 ,
3327 5222 3358 5262 e
3383 5206 3554 5263 latere

1950 5305 2189 5363 additam
2220 5301 2408 5360 inveni
2439 5302 2846 5357 annotationem
2877 5301 3166 5373 quamdam
3198 5301 3552 5372 marginalem

1950 5415 2072 5472 qua:
2107 5399 2159 5453 in
2189 5396 2296 5452 alio
2328 5394 2518 5450 codice
2542 5395 2862 5450 monasterii
2887 5392 3323 5464 San-Cygiranni
3349 5395 3402 5450 in
3433 5410 3555 5449 cor-

1952 5507 2084 5564 pore
2114 5490 2289 5561 posita
2322 5488 2539 5558 legitur.
2576 5487 2829 5544 Monebat
2859 5487 3218 5558 Hieronymus
3240 5488 3551 5558 pontificem

1953 5586 2257 5642 Romanum
2290 5582 2356 5637 de
2388 5581 2609 5637 nomine
2639 5580 2898 5637 ineffabili
2952 5580 3085 5648 Dei,
3134 5589 3187 5636 et
3244 5581 3385 5651 apud
3444 5581 3553 5635 lle-

1951 5682 2125 5737 brteos
2149 5676 2342 5751 (nam),
2365 5684 2838 5746 tetragrammato;
2858 5676 3045 5747 sicque
3068 5691 3179 5730 rem
3205 5674 3550 5744 observabat,

1949 5773 2201 5828 Dominus
2227 5784 2425 5840 quoque
2452 5768 2563 5840 ipse
2591 5768 2675 5821 hic
2702 5777 2924 5839 quatuor
2956 5766 3247 5822 litterarum
3272 5778 3374 5833 est,
3409 5768 3549 5840 quod

1941 5865 2149 5940 praprie
2175 5865 2227 5920 in
2249 5860 2359 5920 Deo
2390 5861 2601 5934 ponitur
2622 5875 2738 5933 τοι),
2774 5876 2882 5933 ne,
2914 5875 3028 5932 JOD,
3056 5877 3157 5932 ne,
3188 5860 3243 5916 id
3270 5871 3383 5937 est,
3417 5862 3546 5919 dua-
