3992 6338
486 305 552 363 9l
1082 302 1176 358 AD
1213 303 1272 361 S.
1319 303 1695 362 HIERONYMI
1737 303 2026 362 DIVINAM
2064 303 2578 365 BIBLIOTHECAM
2619 307 3153 366 PROLEGUMENA.
3706 311 3777 369 θε

492 420 584 476 bus
613 435 667 472 η
691 459 706 486 ,
729 433 842 489 qua:
863 418 1132 487 duplicata
1152 416 1417 484 ineffabile
1446 418 1579 472 illud
1602 429 1650 472 et
1677 419 1962 490 gloriosum
1992 419 2086 474 Dei
2115 422 2164 485 Α
2192 421 2323 476 Ιιουα
2345 465 2360 488 ,
2389 424 2480 478 sed
2507 422 2610 479 laa
2628 441 2647 478 :
2671 441 2827 494 quam
2873 425 3141 482 lectionem
3169 445 3473 498 germanam
3503 445 3614 484 esse
3633 472 3648 497 ,
3691 431 3776 486 in-

489 531 675 570 nomen
697 515 958 584 efﬁciunt.
996 514 1067 570 At
1097 529 1341 570 errorem
1369 514 1682 570 Graecorum
1708 554 1720 574 ,
1767 513 1860 582 qui
1889 529 2085 568 nomen

488 608 620 668 illud
644 618 876 678 quatuor
899 607 1234 674 litterarum,
1266 618 1412 674 Πτυ,
1446 608 1730 678 legebant,
1754 617 1900 674 null,
1932 607 2086 681 Pipi,

491 700 732 756 imitatus
760 700 814 755 in
866 711 1123 756 contextu
1151 701 1400 770 epistola:
1444 700 1842 773 Hieronymus,
1901 701 2084 757 statim

490 804 649 860 sese,
691 801 748 848 et
788 808 912 848 eum
958 793 1232 864 redarguit
1260 791 1469 847 addens
1499 808 1529 847 e
1560 793 1728 850 latere
1759 797 1898 848 hanc
1917 809 2090 849 anno-

493 885 757 942 tationem
798 901 812 940 :
845 884 952 940 Pro
977 886 1204 942 secundo
1228 899 1320 940 too
1361 884 1544 939 melius
1572 901 1676 941 νιν
1721 887 1908 957 legitur
1938 897 1994 942 ut
2024 890 2090 943 sit

490 993 611 1034 uo.
645 979 757 1034 Hoc
787 980 947 1049 igitur
973 979 1221 1034 Scholion
1271 979 1568 1047 marginale
1598 994 1696 1035 suo
1739 981 1860 1036 loco
1892 983 2090 1038 retinet

496 1070 849 1128 Colbertinus
878 1071 1048 1126 codex
1076 1071 1439 1127 minutissimo
1479 1071 1714 1144 scriptus
1737 1073 2084 1140 charactere,

497 1165 758 1236 ponitque
782 1165 994 1233 signum
1019 1164 1419 1220 emendationis
1450 1174 1569 1236 post
1594 1166 1695 1221 ista
1717 1211 1731 1235 ,
1756 1167 1808 1220 id
1829 1177 1934 1234 est,
1960 1167 2090 1220 dua-

493 1259 588 1314 bus
613 1275 690 1314 JA.
716 1258 1147 1328 San-Cygiranni
1172 1269 1354 1314 autem
1383 1275 1484 1316 ms.
1514 1260 1692 1315 locum
1717 1261 1936 1318 citatum
1965 1275 2086 1314 cum

491 1353 848 1407 annotatione
874 1351 1164 1408 confundit
1190 1351 1293 1408 hoc
1347 1353 1551 1408 modo:
1587 1353 1843 1409 Dominus
1889 1369 2092 1423 quoque

490 1444 604 1514 ipse
627 1443 712 1498 hic
737 1453 962 1514 quatuor
990 1445 1280 1499 litterarum
1305 1454 1412 1511 est,
1462 1449 1599 1516 quod
1652 1448 1857 1518 preprie
1879 1447 1934 1502 in
1984 1445 2090 1508 Deo

492 1539 726 1608 parcitur,
759 1526 852 1592 too
874 1578 890 1604 ,
943 1553 1044 1606 ne,
1077 1554 1208 1607 too,
1240 1554 1328 1593 ne.
1368 1537 1474 1593 Pro
1505 1540 1727 1594 secundo
1776 1555 1867 1595 JOD
1904 1540 2090 1594 melius

493 1647 595 1686 vav
637 1631 843 1702 legitur,
879 1641 934 1684 ut
960 1632 1026 1685 sit
1051 1647 1165 1699 JAO;
1193 1633 1246 1685 id
1277 1643 1350 1686 est
1380 1633 1579 1688 duabus
1611 1650 1671 1689 JA
1700 1675 1715 1699 ,
1742 1651 1860 1706 qua:
1908 1634 2085 1706 dupli.-

492 1735 609 1778 cata
633 1723 898 1791 ineffabile
928 1723 1064 1780 illud
1085 1735 1131 1780 et
1156 1725 1441 1796 gloriosum
1488 1725 1585 1781 Dei
1619 1744 1803 1782 nomen
1831 1728 2086 1798 efﬁciunt.

2191 517 2337 586 quit,
2368 517 2541 571 nullus
2570 519 2767 572 dubito.
2815 517 3069 591 Imperita
3127 523 3390 578 temeritas
3425 538 3518 591 pro
3563 523 3778 595 antiqua

2189 610 2415 679 reposuit
2443 622 2696 665 recentem
2720 651 2735 678 ,
2759 610 2815 665 h.
2842 625 2887 670 ο.
2925 629 3019 682 pro
3041 631 3160 670 vera
3207 625 3534 684 corruptam.
3581 616 3659 673 De
3683 633 3778 674 eo-

2189 702 2310 758 dem
2368 704 2584 759 nomine
2634 711 3082 773 tetragrammato
3115 715 3275 774 mm,
3325 705 3556 775 labora,
3599 707 3776 779 Jalto,

2189 797 2273 850 vel
2299 794 2402 851 Jao
2423 839 2437 864 ,
2469 797 2695 852 consule
2727 795 2924 853 laudati
2951 798 3064 868 jam
3102 799 3279 856 Drusii
3315 801 3774 872 Disputationem.

2188 886 2395 943 Caveas
2441 897 2621 942 autem
2653 888 2815 942 velim
2847 888 3245 958 ineptissimam
3283 892 3575 948 lectionem
3633 892 3778 962 eiusa

2191 981 2311 1035 dem
2344 981 2576 1036 nominis
2606 981 2989 1051 gloriosissimi
3011 1023 3026 1045 ,
3058 997 3180 1052 qua:
3206 983 3310 1038 hoc
3339 983 3503 1039 modo
3523 984 3778 1040 scribitur

2191 1072 2441 1142 Proc0pii
2463 1071 2625 1128 Gazei
2647 1072 3072 1130 Commentariis
3099 1075 3154 1134 in
3186 1075 3365 1134 Exod.
3395 1093 3446 1131 vt
3473 1095 3484 1134 :
3515 1075 3776 1132 Praeterea

2189 1167 2442 1236 majorem
2481 1163 2564 1218 his
2599 1174 2782 1219 nactus
2809 1181 2860 1218 es
2886 1167 2983 1220 mei
3009 1166 3279 1238 notitiam,
3304 1167 3429 1222 dum
3455 1168 3546 1222 tibi
3567 1169 3780 1223 demon-

2190 1257 2348 1312 straui
2372 1273 2557 1311 nomen
2580 1273 2746 1312 meum
2765 1267 3271 1330 letragrantmatum,
3294 1261 3505 1330 reliquis
3524 1277 3626 1315 non
3653 1260 3781 1328 cffa-

2190 1350 2289 1405 bile
2317 1350 2414 1404 nisi
2443 1350 2567 1404 solis
2593 1350 2983 1414 sacerdotibus,
3029 1351 3169 1422 quod
3200 1352 3572 1408 inseribebatur
3607 1369 3782 1408 aurea:

2192 1447 2376 1499 mitrte.
2407 1441 2512 1497 Ha:
2535 1453 2742 1508 autem,
2785 1459 2848 1498 ea
2873 1444 3062 1515 quibus
3111 1444 3244 1498 illud
3273 1462 3459 1500 nomen
3499 1450 3779 1517 conﬂatur,

2189 1537 2440 1612 suntilla:
2467 1549 2689 1606 quatuor
2715 1537 2899 1592 littera:
2923 1554 2941 1606 ς
2961 1539 3065 1610 jod
3086 1579 3102 1604 ,
3134 1537 3286 1611 aleph
3305 1581 3318 1601 ,
3345 1541 3435 1612 [au
3458 1585 3472 1609 ,
3502 1540 3630 1595 thet.
3665 1539 3781 1595 Hoc

2190 1609 2375 1683 nomen
2411 1628 2674 1698 signiﬁcat
2699 1626 2798 1682 Dei
2823 1609 2982 1682 vitam
3020 1609 3291 1698 perennem
3320 1609 3367 1686 et
3419 1632 3776 1688 teternitatem.

2193 1719 2409 1790 Linguae
2443 1720 2722 1775 llebraica:
2751 1719 3196 1790 imperitissimus
3256 1720 3355 1777 luit
3397 1724 3615 1796 quiquis
3643 1723 3782 1780 hanc

494 1814 734 1882 Quorum
758 1817 1054 1872 verborum
1102 1817 1282 1872 nullus
1314 1826 1397 1872 est
1427 1832 1623 1874 sensus
1663 1829 1886 1890 propter
1914 1835 2086 1875 anuo-
2119 1809 2165 1870 Β
2194 1812 2478 1868 lectiOnem
2533 1813 2766 1868 nominis
2795 1823 3027 1883 quatuor
3057 1813 3362 1870 litterarum
3391 1857 3406 1881 ,
3451 1821 3569 1875 ΓΓΠτ
3593 1861 3606 1884 ,
3634 1817 3778 1886 quod

495 1909 756 1965 tationem
789 1910 844 1964 in
903 1925 1134 1980 corpore
1192 1913 1424 1980 positam
1465 1912 1670 1968 librarii
1701 1914 1888 1969 nescio
1931 1915 2086 1985 cujus

495 2001 825 2058 temeritate.
857 2003 912 2058 Si
937 2005 1022 2058 cui
1063 2013 1242 2058 tamen
1296 2005 1409 2060 haec
1440 2006 1726 2063 incesserit
1751 2007 1936 2078 opinio
1962 2049 1977 2073 ,
2001 2025 2088 2064 er-

491 2111 675 2152 rorem
705 2098 922 2168 quidem
953 2101 1202 2156 lectionis
1233 2103 1285 2157 in
1316 2104 1535 2159 nomine
1567 2103 1660 2159 Dei
1693 2113 1834 2172 mro,
1860 2103 2084 2171 Jehova,

494 2189 610 2244 sive
637 2189 847 2244 Adonei
870 2233 885 2259 ,
909 2193 978 2248 ab
1010 2194 1339 2266 Hieronymo
1371 2211 1648 2263 manasse;
1677 2199 2086 2268 castigationem

496 2295 626 2336 vero
657 2282 836 2340 eidem
859 2286 1034 2341 errori
1058 2287 1126 2342 ab
1145 2289 1250 2342 alio
1271 2289 1542 2358 scriptore
1571 2289 1739 2344 fuisse
1762 2289 2082 2358 adhibitam,

495 2373 813 2429 meminerit
842 2374 986 2430 idem
1019 2393 1213 2434 nomen
1248 2396 1369 2435 cum
1397 2380 1597 2436 litteris
1626 2381 1738 2437 suis
1761 2384 1965 2450 optime
1992 2400 2087 2440 ex-

496 2477 746 2533 pressum
769 2481 889 2521 esse
930 2469 1156 2538 epistola
1185 2470 1285 2526 136
1311 2471 1621 2542 Hieronymi
1646 2474 1712 2526 ad
1741 2474 2085 2534 Marcellam:

499 2556 717 2612 Nonum
737 2598 751 2624 ,
778 2559 985 2630 inquit,
1028 2578 1210 2618 nomen
1245 2563 1367 2630 Dei,
1417 2569 1884 2642 τετραγράμματον
1909 2609 1923 2634 ,
1952 2570 2090 2634 quod

492 2652 852 2726 ἀνεκφὼνητον,
876 2655 932 2709 id
945 2665 1016 2710 est
1029 2656 1311 2727 ine/fabile,
1335 2669 1672 2731 putaverunt,
1693 2663 1832 2732 quod
1849 2662 1929 2716 his
1951 2663 2091 2716 litte-

492 2748 568 2801 ris
597 2747 856 2815 scribitur,
890 2764 980 2805 too
1001 2791 1016 2817 ,
1040 2765 1111 2806 us
1137 2795 1151 2821 ,
1179 2767 1303 2818 vsv,
1334 2769 1404 2808 ne
1433 2795 1446 2819 ,
1473 2756 1610 2824 quod
1633 2755 1846 2826 quidam
1877 2773 1983 2810 non
2007 2757 2092 2810 in-

499 2837 792 2909 telligentes
843 2851 1054 2912 propter
1093 2843 1458 2899 elementorum
1507 2844 1936 2915 similitudinem,
1974 2864 2092 2902 cum

492 2929 550 2984 in
585 2931 779 2988 Gracis
817 2932 961 2986 libris
997 2937 1308 3004 repereriut,
1344 2937 1452 3006 pipi
1484 2937 1646 3006 legere
1693 2948 2088 2992 consueverunt.

500 3024 664 3080 Vides
691 3041 800 3081 non
843 3025 1127 3096 ignorasse
1153 3026 1547 3099 Hieronymum
1578 3043 1778 3085 nomen
1805 3029 1899 3085 Dei
1929 3038 2091 3085 tetra.

497 3125 843 3186 grammaton
870 3119 1231 3188 compositura
1263 3133 1384 3174 esse
1405 3135 1468 3174 ex
1492 3121 1592 3192 jod
1623 3131 1677 3175 et
1702 3135 1802 3174 vau
1831 3135 1954 3178 cum
1993 3121 2094 3176 du—

2190 1907 2387 1961 dicitur
2412 1905 2720 1970 iuell‘abile,
2754 1906 2825 1961 ita
2850 1906 3206 1978 depravatum
3237 1907 3518 1974 exhibuit,
3551 1919 3608 1964 ut
3635 1909 3780 1966 dice-

2193 2013 2271 2053 ret
2301 1998 2595 2054 secundam
2624 1998 2860 2053 litteram
2889 2013 3012 2054 esse
3043 1998 3195 2071 aleph
3221 2041 3237 2068 ,
3265 2009 3322 2056 et
3364 2009 3610 2071 quartam
3657 2015 3780 2058 esse

2190 2093 2292 2146 thet
2317 2113 2336 2165 ί
2365 2107 2490 2148 cum
2525 2101 2750 2162 utraque
2781 2093 2851 2146 sit
2873 2103 2911 2150 Π
2947 2090 3055 2158 lle,
3088 2093 3173 2148 vel
3205 2091 3350 2163 apud
3381 2108 3480 2149 eos
3505 2133 3522 2160 ,
3545 2095 3633 2164 qui
3677 2094 3780 2149 mi-

2193 2189 2391 2243 nimam
2443 2186 2829 2244 llebraicorum
2859 2187 3261 2242 elementorum
3303 2187 3550 2244 notitiam
3580 2202 3777 2244 conse-

2190 2281 2301 2334 cuti
2357 2289 2504 2335 sunt.
2558 2279 2665 2336 Sed
2719 2279 2830 2350 jam
2883 2279 3168 2334 redeamus
3241 2278 3386 2334 unde
3435 2278 3776 2336 divertimus.

2191 2375 2482 2429 Auctorem
2513 2372 2842 2428 scholiorutn
2874 2372 3112 2428 Canonis
3147 2387 3246 2442 pro
3279 2373 3396 2443 ipso
3447 2370 3783 2444 Hieronymo

2194 2465 2457 2520 habebam
2492 2471 2543 2520 In
2568 2464 3012 2520 annotationibus
3043 2463 3342 2534 prodromi,
3368 2478 3490 2537 pag.
3516 2464 3604 2534 85,
3629 2473 3683 2520 et
3723 2469 3780 2522 in

2194 2558 2338 2614 notis
2357 2561 2518 2614 etiam
2543 2559 2700 2630 hujus
2721 2558 2920 2613 divina:
2942 2557 3316 2624 Bibliotheca,
3340 2558 3448 2614 col.
3468 2559 3568 2615 l60
3582 2569 3638 2614 et
3654 2559 3786 2628 165,

2192 2653 2348 2722 cujus
2372 2654 2574 2708 erroris
2602 2669 2762 2708 causa
2790 2668 2932 2708 nunc
2962 2653 3090 2708 mihi
3121 2664 3204 2710 est
3229 2655 3510 2710 temeritas
3540 2664 3783 2712 veterum

2196 2746 2538 2800 librariorum
2561 2790 2575 2814 ,
2602 2746 2691 2816 qui
2723 2744 2902 2816 plures
2931 2745 3178 2816 ejusdem
3209 2746 3383 2801 sancti
3406 2746 3648 2802 doctoris
3680 2761 3784 2803 no-

2196 2839 2551 2904 tatiunculas,
2592 2853 2624 2894 e
2651 2841 2824 2894 latere
2849 2840 2917 2893 ab
2947 2841 3137 2896 eodem
3168 2839 3380 2894 additas
3403 2881 3418 2905 ,
3472 2841 3522 2894 in
3551 2854 3786 2910 corpore

2193 2939 2480 2985 contextus-
2511 2945 2784 3002 apponere
2837 2946 2943 2986 non
2999 2931 3338 2986 dubitarunt.
3372 2929 3526 3000 Quod
3576 2946 3694 2986 cum
3728 2932 3786 2990 in

2194 3022 2417 3078 scholiis
2434 3024 2545 3092 jam
2568 3023 2729 3078 dictis
2754 3024 3052 3078 factitatum
3076 3039 3294 3094 quoque
3315 3024 3604 3088 vidissem;
3626 3023 3788 3081 facile

2194 3130 2309 3172 erat
2335 3127 2390 3171 ut
2415 3118 2694 3174 crederem
2722 3119 2913 3174 eadem
2936 3119 3142 3175 scholia
3169 3121 3237 3174 ab
3265 3119 3595 3192 Hieronymo
3617 3119 3789 3177 luisse

498 3207 628 3278 plici
661 3209 762 3275 he;
800 3223 906 3264 non
934 3225 1002 3264 ex
1041 3210 1249 3265 duabus
1301 3210 1370 3264 Ja
1396 3256 1411 3280 ,
1443 3219 1501 3266 ut
1548 3226 1709 3283 supra
1749 3213 1962 3270 dicebat
1984 3255 2000 3280 ,
2035 3213 2088 3270 id
2117 3200 2164 3266 C
2197 3208 2436 3280 profecta
2463 3253 2476 3278 ,
2513 3211 2673 3282 idque
2701 3214 2931 3265 maxime
2951 3211 3094 3281 quod
3121 3211 3191 3266 ab
3217 3212 3439 3268 homine
3461 3212 3656 3284 linguae
3678 3213 3780 3268 lle-

497 3310 602 3370 est,
637 3302 977 3376 duplicijod,
1009 3313 1063 3360 et
1090 3321 1157 3360 ex
1185 3305 1386 3374 duplici
1413 3304 1496 3360 Ite.
1532 3306 1606 3362 De
1637 3308 1870 3364 lectione
1897 3309 2089 3366 simili-

497 3404 602 3463 ter,
642 3394 748 3450 Jao
768 3437 784 3463 ,
813 3396 946 3452 nihil
977 3397 1318 3456 dubitaveris
1342 3397 1515 3466 ipsam
1546 3413 1672 3456 eSse
1715 3401 2091 3471 llieronymia-

499 3502 621 3540 nam
648 3504 659 3541 :
692 3503 814 3541 nam
841 3490 892 3542 in
928 3491 1314 3557 prophetarum
1346 3492 1757 3548 commentariis
1785 3507 1979 3550 nomen
2013 3502 2091 3548 te-

499 3585 948 3648 tragrammaton,
979 3587 1099 3639 mn?
1128 3621 1143 3647 ,
1177 3581 1464 3650 aliquando
1497 3581 1706 3651 legebat
1729 3580 1832 3636 Jao
1859 3582 1927 3653 (si
1955 3585 2090 3640 bene

497 3677 679 3724 tamen
709 3668 931 3724 tuemini
959 3670 1076 3740 ejus
1103 3671 1248 3742 quod
1273 3681 1516 3742 tempore
1547 3688 1647 3728 suo
1676 3675 1892 3746 neglexi
1921 3691 2092 3734 anno.

499 3769 615 3817 tare
677 3761 730 3818 in
783 3763 1063 3820 scbedulis
1106 3767 1289 3835 meis).
1331 3769 1736 3825 Commentario
1781 3786 1997 3842 quoque
2036 3773 2088 3830 in

487 3858 749 3921 J’sahnos
771 3901 788 3927 ,
816 3875 978 3931 quem
1004 3860 1182 3917 eidem
1225 3862 1554 3935 Hieronymo
1582 3864 1684 3919 viri
1715 3866 1858 3921 docti
1897 3882 2092 3937 accep-

501 3960 612 4006 tum
644 3952 884 4008 referunt
905 3993 920 4018 ,
953 3955 1033 4008 sic
1062 3954 1130 4008 de
1161 3956 1379 4011 nomine
1411 3957 1503 4012 Dei
1545 3956 1805 4027 scriptum
1861 3959 2090 4029 legimus

500 4045 697 4113 psalm.
744 4059 859 4110 vtn,
908 4045 1144 4109 Domine,
1202 4046 1452 4117 Dominus
1483 4057 1676 4104 noster.
1710 4047 1867 4106 Prius
1903 4067 2088 4107 nomen

498 4136 710 4192 Domini
736 4138 879 4210 apud
903 4137 1152 4194 Hebraeos
1179 4150 1403 4211 quatuor
1423 4143 1714 4198 litterarum
1734 4152 1829 4210 est,
1851 4159 1966 4214 too,
1991 4160 2086 4212 tut,

500 4243 633 4298 νΑν,
665 4245 736 4285 ne
764 4271 778 4296 ,
807 4231 947 4301 quod
977 4231 1186 4303 proprie
1229 4229 1328 4286 Dei
1374 4232 1683 4289 vocabulum
1710 4245 1860 4289 sonat
1907 4247 1954 4290 et
1986 4236 2090 4310 legi

501 4331 668 4394 potest
695 4338 827 4380 uno
857 4341 868 4376 :
923 4335 972 4378 et
1007 4323 1210 4379 Hebrtei
1233 4367 1247 4388 ,
1279 4333 1487 4379 arrcton
1509 4367 1524 4393 ,
1558 4326 1613 4380 id
1663 4336 1768 4395 est,
1827 4327 2092 4396 ineffabile

499 4421 802 4490 apinantur.
835 4419 1133 4475 Secundum
1178 4436 1294 4476 uero
1325 4437 1520 4478 ADONM
1549 4423 1775 4478 omnium
1823 4439 2092 4479 commune

500 4521 606 4566 est:
629 4511 768 4583 quod
789 4527 926 4581 καῖρε
972 4522 1021 4566 et
1052 4513 1103 4565 in
1133 4510 1424 4568 hominibus
1452 4514 1687 4586 ponitur.
1722 4513 1875 4574 lluuc
1906 4516 2086 4572 locum

2196 3301 2390 3356 braica:
2421 3302 2750 3372 peritissimo
2799 3302 2997 3360 fuerint
3048 3303 3229 3358 addita
3268 3319 3300 3359 e
3339 3304 3511 3362 latere
3553 3306 3792 3360 transla-

2199 3395 2404 3449 tionum
2428 3397 2598 3452 sancti
2624 3395 2957 3468 Hieronymi.
2984 3396 3190 3452 Deinde
3220 3414 3321 3468 par
3345 3400 3545 3468 aliquot
3571 3399 3623 3454 in
3650 3399 3790 3456 locis

2196 3486 2456 3554 eruditio,
2511 3503 2572 3542 ac
2628 3487 2770 3546 idem
2827 3489 3048 3545 omnino
3079 3490 3253 3563 stylus
3295 3507 3460 3546 unum
3507 3501 3791 3554 auctorem

2195 3579 2494 3634 suadebant
2515 3598 2528 3633 :
2551 3597 2619 3635 ex
2648 3597 2757 3635 uno
2782 3598 3016 3652 namque
3039 3593 3093 3638 et
3117 3582 3308 3640 eodem
3332 3585 3547 3638 calamo
3567 3593 3792 3638 exarata

2196 3672 2494 3727 creduntur
2531 3690 2651 3744 qua:
2703 3676 2928 3730 formam
2964 3676 3263 3732 litterarum
3297 3675 3493 3743 ubique
3522 3675 3793 3746 aequalem

2195 3765 2636 3820 servant.\’erum
2659 3781 3055 3841 quamcumque
3074 3768 3300 3823 habeam
3331 3769 3382 3824 in
3414 3783 3599 3824 errore
3621 3783 3795 3824 excu-

2195 3857 2492 3923 sationem,
2543 3875 2697 3914 error
2737 3871 2913 3915 tamen
2957 3869 3078 3927 est,
3131 3861 3220 3932 qui
3249 3860 3410 3915 modo
3441 3859 3797 3930 castigandus

2197 3947 2326 4004 mihi
2390 3951 2537 4006 venit
2610 3951 3040 4023 hispotissimum
3103 3951 3564 4023 consequentibus
3619 3967 3796 4024 argu-

2196 4042 2413 4099 mentis.

2271 4133 2551 4190 Diversum
2582 4151 2706 4191 esse
2721 4135 3062 4192 scholiasten
3087 4135 3325 4195 Cononis
3351 4139 3624 4198 llebraicm
3647 4143 3802 4200 veri-

2196 4229 2325 4284 tatis
2352 4245 2378 4280 a
2421 4236 2606 4283 sancto
2653 4227 2984 4301 Hieronymo
3019 4245 3214 4287 omnes
3254 4232 3397 4290 docti
3451 4234 3796 4304 fatebuntur,

2196 4324 2287 4380 ubi
2318 4323 2549 4395 primum
2581 4323 2918 4396 exploratum
2952 4323 3084 4396 ipsis
3137 4326 3261 4393 erit,
3307 4343 3472 4383 unum
3504 4328 3802 4384 eumdem-

2196 4432 2303 4488 que
2324 4416 2525 4472 habere
2553 4426 2829 4471 auctorem
2855 4415 3061 4472 scholia
3091 4416 3330 4474 Cononis
3362 4431 3417 4477 et
3441 4421 3802 4486 Uurcstiones

2199 4512 2490 4567 llehraicas
2517 4511 2570 4566 in
2597 4511 2800 4582 Regum
2831 4526 2893 4566 ac
2937 4509 3390 4584 Paralipomenon
3426 4513 3612 4581 libros,
3660 4529 3802 4584 quae

499 4603 680 4661 attulit
717 4619 783 4659 ex
813 4613 1045 4676 quatuor
1074 4602 1467 4674 antiquissimis
1507 4619 1638 4661 mss.
1668 4606 1946 4662 codicibus
1976 4623 2091 4664 mo-
2116 4599 2168 4661 D
2197 4607 2340 4663 inter
2369 4622 2537 4678 opera
2561 4605 2982 4679 Hieronymiana
3000 4605 3165 4661 editae
3213 4614 3341 4662 sunt
3370 4606 3436 4662 ab
3465 4607 3691 4662 Erasmo
3728 4624 3803 4664 ac

503 4697 726 4752 nasterii
755 4698 927 4754 nostri
953 4697 1306 4754 Corbeiensis
1332 4697 1542 4753 duobus
1571 4714 1721 4754 num.
1750 4700 1855 4756 155
1883 4713 1935 4756 et
1961 4700 2086 4771 l36,

499 4803 609 4842 uno
628 4787 973 4844 Cluniacensi
997 4800 1050 4846 et
1078 4789 1249 4844 altero
1276 4789 1600 4848 Sorbonico.
1623 4789 1824 4847 Omnes
1846 4793 1935 4847 isti
1960 4794 2092 4848 scri-

504 4882 638 4938 bunt
663 4883 883 4937 verbum
925 4883 1174 4940 Graecum
1207 4882 1426 4966 ἆρῤητον
1447 4901 1568 4941 cum
1603 4885 1812 4944 Latinis
1863 4886 2091 4944 charac-

502 4975 709 5031 teribus
732 5018 748 5044 ,
784 4976 836 5030 id
864 4986 946 5031 est
970 5018 986 5044 ,
1005 4988 1210 5032 arreton
1235 5020 1251 5046 ,
1280 4979 1426 5051 quod
1479 4979 1749 5051 signiﬁcat
1798 4980 2086 5050 itte/futtile.

499 5065 770 5121 Pranereu
804 5081 912 5122 non
968 5067 1155 5138 legunt
1203 5083 1458 5140 corrupte
1511 5087 1635 5128 cum
1691 5071 1851 5129 editis
1891 5089 2088 5130 nomen

497 5157 631 5215 illud
663 5167 809 5227 mm,
854 5159 1089 5228 Jehova;
1118 5163 1212 5217 sed
1241 5163 1383 5220 Jaho
1408 5207 1422 5231 ,
1451 5166 1606 5238 juxta
1636 5167 2086 5224 consuetudinem

497 5251 858 5326 Antiquorum
881 5294 896 5321 ,
953 5257 1068 5311 sive
1119 5257 1296 5327 potius
1321 5260 1425 5316 Jao
1449 5302 1466 5328 ,
1507 5263 1626 5318 sine
1663 5262 1995 5332 aspiratione
2034 5262 2086 5318 in

501 5346 681 5403 tnedio
707 5392 722 5420 ,
777 5356 839 5403 ut
869 5349 939 5405 sit
964 5358 1081 5406 ’1αῶ
1108 5349 1420 5408 Graecorum
1448 5355 1588 5424 apud
1624 5354 1917 5412 Diodorum
1950 5353 2043 5410 lib.
2076 5371 2092 5412 ι

495 5441 756 5498 Biblioth.
785 5442 1018 5510 Histor.,
1049 5449 1190 5522 παρά
1218 5445 1271 5504 δὲ
1344 5446 1604 5512 Ἰουδαίοις
1656 5458 1839 5513 Μωσῆν
1890 5452 2088 5512 τὸντοῖς

493 5533 885 5609 ἐπικαλούμενον
914 5539 1036 5594 Θεὸν
1061 5580 1076 5606 ,
1123 5539 1262 5611 apud
1305 5537 1518 5597 Judazos
1565 5543 1735 5598 Moses
1766 5542 1965 5606 Deum,
2000 5543 2088 5612 qui

494 5624 598 5684 lao
627 5630 842 5698 dicitur,
892 5639 1000 5686 etc.
1035 5632 1170 5686 lliuc
1198 5631 1380 5687 videas
1415 5634 1669 5691 Drusium
1719 5650 1840 5708 cap.
1881 5635 1943 5689 2t
1974 5677 1987 5698 ,
2017 5635 2088 5690 de

496 5723 720 5778 nomine
746 5721 946 5779 Jehova
975 5725 1168 5781 merito
1195 5727 1551 5784 observasse:
1598 5728 1663 5784 In
1695 5730 1921 5786 editione
1953 5728 2088 5785 Fro-

498 5813 713 5871 bcniana
745 5859 760 5889 ,
791 5833 910 5890 qua
931 5822 982 5875 in
1014 5837 1189 5880 anates
1217 5831 1390 5895 partes
1416 5820 1595 5881 melior
1623 5835 1719 5896 est,
1746 5825 1846 5897 legi
1878 5841 1979 5882 non
2001 5822 2093 5884 Je-

2198 4701 2438 4756 Mariano
2469 4699 2734 4756 Victorio.
2767 4699 2898 4754 Nam
2930 4714 3055 4754 cum
3084 4701 3155 4755 sit
3180 4698 3399 4756 omnino
3437 4699 3804 4760 manifestum

2197 4811 2262 4849 ex
2318 4795 2540 4850 Rabano
2583 4793 2792 4863 Mauro,
2825 4792 2989 4847 alium
3035 4807 3162 4848 esse
3207 4808 3269 4847 ac
3307 4792 3467 4862 plane
3507 4792 3803 4850 diversum

2197 4887 2514 4956 Scriptorem
2546 4884 2919 4952 chstionum
2950 4900 3045 4940 seu
3071 4882 3446 4958 Traditionum
3479 4885 3532 4938 in
3575 4883 3804 4953 Regum

2197 4980 2384 5042 libros,
2419 4979 2488 5032 ah
2519 4978 2634 5048 ipso
2669 4978 3000 5051 Hieronymo
3031 4979 3123 5048 qui
3166 4975 3521 5032 Traditiones
3553 4977 3801 5032 Hebrai-

2193 5090 2286 5131 cas
2311 5074 2361 5126 in
2385 5071 2642 5128 Genesim
2671 5072 2826 5126 nobis
2855 5069 3060 5126 edidit:
3086 5071 3430 5126 consectaria
3454 5070 3557 5126 erit
3589 5068 3806 5128 horum

2193 5167 2544 5237 scriptorum,
2577 5161 2632 5218 id
2654 5172 2756 5230 est,
2792 5159 3500 5235 Hieronymietscholiasns
3529 5164 3810 5232 auonytni

2194 5261 2513 5326 diversitas;
2545 5257 2811 5331 siquidem
2841 5255 3245 5313 ostenderimus
3273 5256 3451 5327 ipsum
3477 5271 3596 5312 esse
3626 5257 3812 5313 scho-

2195 5356 2393 5410 Iiasten
2417 5351 2676 5421 Canouis,
2695 5350 2781 5420 qui
2813 5358 2867 5406 et
2884 5348 3234 5404 Traditiones
3258 5348 3550 5405 Hebraicas
3578 5347 3814 5406 scribe-

2200 5447 2292 5502 hat
2321 5447 2372 5502 in
2398 5445 2602 5516 Regum
2624 5443 2922 5500 volumina.
2956 5442 3037 5500 Ad
3070 5440 3122 5497 id
3150 5459 3277 5498 vero
3304 5443 3642 5515 probandum
3669 5444 3813 5506 sola

2193 5540 2351 5597 nobis
2375 5538 2699 5596 instituenda
2716 5547 2798 5594 est
2821 5536 3156 5606 comparatio
3169 5535 3502 5592 scholiorum
3523 5551 3643 5591 cum
3675 5551 3821 5594 me-

2194 5637 2417 5696 moratis
2430 5638 2630 5706 Qmest.
2647 5633 2927 5692 Hebraicis
2944 5651 2960 5692 ς
2989 5632 3111 5702 quia
3133 5633 3420 5705 utrobique
3435 5649 3538 5688 una
3556 5641 3637 5688 est
3654 5633 3825 5689 scri-

2195 5729 2364 5799 ptoris
2379 5727 2638 5794 eruditio,
2661 5725 2865 5784 eadem
2895 5725 3148 5797 phrases,
3173 5734 3228 5781 et
3247 5726 3516 5796 ipsissima
3545 5723 3715 5780 verba
3752 5727 3824 5792 in

2197 5823 2360 5882 obser
2373 5820 2697 5890 rationibus,
2725 5835 2860 5893 quas
2875 5820 3055 5894 utique
3071 5819 3215 5878 haud
3243 5817 3516 5877 immerito
3525 5815 3694 5876 crede
3703 5833 3828 5877 re-
