4040 6360
254 313 327 366 93
782 379 791 383 ﬁ
902 309 1463 368 PROLEGUMMVUN
1507 313 1595 370 111.
1640 314 1726 370 DE
1765 313 2040 372 CAMJNI'I
2081 317 2455 376 HEBRAICAE
2501 320 2880 378 VERITATIS.
3478 324 3543 383 9i

248 440 394 491 mus,
437 424 525 479 vel
560 424 628 479 de
672 425 1079 493 Quzestionibus
1124 426 1406 482 Hebraicis
1461 429 1724 485 transisse
1778 429 1845 485 ad
1875 433 1923 493 Α
1952 430 2152 488 buntur
2181 431 2360 503 potius
2408 434 2702 490 maximum
2741 435 3146 505 Scripturarnm
3191 438 3545 509 interpretem

251 517 528 587 margines
548 519 945 588 exemplarium
988 521 1250 588 Canonis,
1282 533 1375 576 ant
1416 522 1484 579 de
1515 524 1850 594 marginibus

247 614 356 669 illis
382 614 437 668 in
469 613 640 668 libros
672 613 1044 682 Quzestionum
1075 615 1469 671 Hebraicarum
1501 616 1667 672 fuisse
1705 616 1849 673 deri-

249 717 423 763 vatas.
478 706 591 762 Nisi
646 706 777 762 huic
820 707 1067 778 opinioni
1112 707 1361 763 nonnihil
1406 710 1678 764 contraria
1704 718 1851 766 esset

251 799 408 868 copia
444 798 802 866 plurimorum
827 798 1183 864 scholiorum,
1210 816 1331 871 quas
1360 817 1465 855 non
1498 801 1749 869 leguntur
1795 804 1847 857 in

249 889 667 947 Traditionibus
722 890 1001 946 llebraicis
1034 931 1049 955 ,
1098 906 1220 960 qua:
1272 902 1449 947 tamen
1499 893 1747 964 leguntur
1793 895 1846 949 in

249 983 667 1052 exemplaribus
694 982 934 1039 Canonis
979 982 1257 1039 llebraica:
1289 984 1553 1040 veritatis.
1608 986 1849 1041 Primum

246 1077 420 1147 igitur
450 1076 593 1148 quod
622 1093 687 1133 ex
720 1078 953 1133 llebrmo
975 1079 1240 1134 observat
1260 1089 1448 1135 auctor
1470 1080 1855 1146 Quaestionum

245 1186 344 1227 seu
376 1170 758 1227 Traditionum
778 1174 830 1227 in
861 1173 1030 1228 libros
1045 1172 1338 1241 Samuelis,
1365 1176 1662 1229 variantem
1696 1188 1850 1243 Spec-

245 1272 324 1317 tat
355 1263 651 1319 lectionem
682 1264 776 1319 lib.
810 1264 827 1319 1
862 1264 1093 1335 Regum,
1119 1281 1237 1335 cap.
1272 1281 1463 1329 t,vers.
1492 1268 1544 1320 ὅ.
1568 1268 1731 1321 Anna:
1752 1284 1847 1321 au-

244 1362 345 1408 tem
372 1354 517 1410 dedit
556 1364 757 1426 partem
788 1373 948 1410 unum
971 1358 1151 1411 tristis.
1182 1354 1249 1410 In
1276 1356 1520 1423 Hebrazo,
1548 1358 1742 1428 inquit,
1776 1360 1846 1413 ita

239 1448 433 1521 legitur
467 1464 487 1502 :
514 1448 681 1503 Annw
716 1458 889 1503 autem
932 1450 1071 1503 dedit
1120 1462 1315 1519 partem
1365 1467 1519 1505 unant
1562 1449 1843 1522 duplicem,

236 1542 363 1611 quia
396 1541 603 1596 Annam
625 1542 892 1614 diligebat.
936 1542 1052 1597 Non
1098 1541 1262 1597 aliter
1313 1545 1462 1613 legas
1517 1544 1566 1597 in
1624 1543 1844 1600 scholiis

234 1635 502 1702 Canonis,
558 1652 677 1705 qua}
724 1648 999 1707 ponuntur
1052 1653 1082 1692 e
1112 1638 1541 1707 latereejusdem
1592 1639 1844 1695 versiculi

234 1727 348 1781 col.
410 1726 516 1782 526
570 1736 770 1784 nostrae.
805 1730 1082 1785 editionis.
1135 1729 1543 1801 Consequenter
1587 1732 1652 1786 ad
1694 1748 1837 1787 vers.

1952 533 2195 580 nostrum
2228 528 2357 596 ;qui
2394 540 2491 596 pro
2514 536 2731 598 septem,
2785 529 2978 586 Latina
3010 531 3345 601 proprietate
3376 532 3543 601 pluri-

1954 635 2063 673 mos
2094 619 2348 675 reddidit.
2375 621 2715 692 Septenaria:
2754 624 2898 679 enim
2923 639 3203 689 numerus,
3228 626 3404 695 inquit
3423 627 3550 682 Pro-

1953 712 2140 780 COpius
2170 712 2396 769 Gazaius
2416 717 2468 769 in
2503 716 2647 771 hunc
2671 717 2870 783 locum,
2894 718 3285 774 multitudinem
3306 720 3544 777 denotat.

1954 805 2158 863 Deinde
2186 808 2329 877 quod
2356 819 2565 864 asserat
2595 812 2856 865 llebricus
2880 822 3067 869 noster
3094 813 3416 871 scholiastes
3452 814 3548 869 hs.

1955 897 2068 952 beri
2100 898 2151 952 in
2176 896 2347 962 fonte,
2368 899 2579 956 Domini
2606 904 2743 957 enim
2770 912 2891 959 sunt
2921 904 3111 974 afﬂicti
3137 913 3311 971 ωτι-ω,
3357 906 3547 961 nescio

1952 1005 2018 1043 an
2046 990 2287 1046 llehrtea:
2308 1005 2470 1049 voces
2494 993 2631 1059 istm,
2656 1002 2783 1081 vnn
2804 1005 2957 1081 Ῥω
2978 1005 3202 1052 metsuce
3219 1012 3352 1063 eros,
3370 998 3543 1068 magis

1951 1082 2174 1151 afflictos
2190 1093 2340 1138 terrai:
2361 1084 2682 1154 signiﬁcent,
2699 1102 2857 1156 quam
2873 1088 3213 1158 fundamenta
3240 1099 3291 1144 et
3304 1090 3543 1144 cardines

1952 1182 2122 1229 teme.
2153 1175 2429 1246 Quidquid
2453 1179 2523 1233 sit
2550 1178 2618 1233 de
2638 1182 3033 1249 grammaticali
3057 1180 3456 1251 signiﬁcatione
3484 1183 3541 1238 il-

1951 1266 2130 1322 lorum
2156 1268 2469 1335 verborum,
2490 1282 2698 1327 certum
2724 1282 2805 1326 est
2830 1271 3050 1328 Judasos
3073 1289 3194 1328 cum
3226 1274 3544 1344 scholiaste,

1950 1361 2171 1432 mysuca
2217 1364 2406 1419 saltem
2462 1365 2803 1435 expositione
2855 1370 3172 1436 conspirare
3224 1368 3277 1424 in
3325 1383 3543 1425 sensum

1951 1451 2291 1523 ilieronymi.
2330 1454 2462 1522 Quia
2493 1455 2536 1508 si
2570 1454 2782 1510 meritis
2809 1455 3091 1511 humilium
3130 1464 3186 1513 et
3217 1458 3544 1517 alllictorum

1949 1543 2180 1599 mundus
2208 1557 2336 1612 Stat,
2366 1546 2506 1602 baud
2533 1546 2698 1602 dubio
2728 1548 2964 1602 cardines
2988 1548 3063 1603 illi
3093 1560 3217 1603 sunt
3241 1550 3440 1619 quibus
3464 1560 3545 1607 t0-

1951 1646 2037 1692 tus
2067 1638 2212 1693 orbis
2245 1638 2529 1693 innitatur.
2560 1638 2680 1695 Jam
2712 1638 2824 1694 siin
2843 1640 3141 1696 scholiaste
3162 1650 3217 1697 et
3242 1641 3294 1696 in
3323 1651 3545 1699 auctore

1948 1729 2320 1784 Traditionum
2364 1730 2631 1801 ipsissinta
2679 1732 2844 1787 verba
2878 1733 3145 1803 requiras,
3177 1734 3545 1794 consulendus

232 1820 302 1875 21
342 1819 509 1891 hujus
538 1822 762 1892 capituli
816 1824 1097 1895 impugnat
1127 1821 1416 1879 lectionem
1453 1823 1700 1879 rodit-nui
1730 1825 1833 1880 La-
1870 1828 1914 1891 Β
1946 1823 2037 1877 tibi
2070 1833 2151 1877 est
2181 1823 2332 1880 lucus
2380 1824 2481 1879 iste
2511 1839 2631 1893 cap.
2665 1840 2725 1891 ι,
2764 1840 2907 1880 vers.
2944 1825 3048 1880 25:
3079 1824 3307 1882 Locutus
3336 1835 3411 1880 est
3449 1842 3546 1880 au-

232 1913 509 1979 tinorum,
559 1912 665 1969 hoc
699 1924 802 1980 cst,
840 1915 1153 1987 Hieronymi
1195 1918 1625 1982 translationem,
1675 1918 1835 1972 vitio-

231 2017 468 2074 samque
497 2013 730 2059 conatur
761 2007 1046 2061 ostendere
1068 2048 1084 2074 ,
1134 2008 1205 2062 ita
1256 2008 1442 2064 dicens
1469 2027 1484 2064 ;
1517 2008 1583 2063 In
1616 2008 1840 2065 Hebraeo

230 2114 337 2150 non
406 2098 570 2152 tribus
617 2099 803 2154 modiis
834 2100 1056 2170 farinw,
1117 2101 1206 2155 sed
1254 2104 1425 2172 modio
1470 2104 1654 2171 farina:
1703 2102 1843 2174 legi-

230 2203 317 2244 tur
373 2208 394 2247 :
443 2208 594 2262 quem
649 2192 820 2246 locum
876 2194 1016 2266 apud
1074 2191 1283 2249 Latinos
1340 2196 1651 2265 scriptorum
1722 2196 1843 2250 vitio

228 2296 437 2341 constat
485 2304 593 2342 esse
641 2288 999 2357 depravatum.
1034 2288 1095 2344 Si
1151 2290 1284 2343 enim
1329 2306 1445 2344 cum
1484 2291 1654 2345 vitulis
1685 2291 1843 2344 tribus

234 2392 340 2435 tres
372 2383 577 2437 modios
628 2384 814 2453 farina:
864 2384 1071 2451 obtulit,
1125 2395 1302 2439 contra
1352 2395 1663 2458 praeceptum
1719 2388 1844 2456 legis

230 2476 456 2544 βιαία...
494 2473 629 2531 Inde
658 2478 813 2529 datur
842 2477 1058 2548 intelligi
1085 2479 1224 2548 quod
1256 2478 1455 2533 Eleanu
1479 2496 1579 2533 non
1607 2478 1844 2534 obtulerit

232 2579 338 2623 tres
397 2570 599 2624 modios
657 2572 844 2640 farina:
895 2589 1009 2626 cum
1054 2573 1213 2625 tribus
1268 2573 1473 2638 vitulis,
1529 2577 1617 2628 sed
1671 2590 1847 2629 novem

233 2665 488 2735 decimas,
512 2664 720 2735 quibus.
738 2666 1017 2721 secundum
1040 2665 1351 2721 Hebraicatn
1377 2683 1698 2734 mensuram,
1716 2684 1848 2723 unus

233 2755 470 2827 efﬁcitur
511 2754 671 2828 Epiri.
709 2756 762 2811 In
796 2757 1016 2813 scholii~
1043 2756 1277 2814 Cononis
1321 2772 1575 2829 posuerat
1600 2761 1740 2815 idem
1765 2778 1850 2817 au-

237 2857 381 2911 ctor,
402 2846 461 2902 It.
490 2856 538 2902 et
558 2848 731 2903 modio
745 2850 955 2919 farinw;
971 2848 1063 2904 sed
1088 2850 1179 2919 qui
1203 2849 1319 2906 hIL‘C
1342 2852 1545 2906 scholia
1568 2851 1851 2921 descripsit

242 2942 293 2993 in
339 2941 641 3012 exemplari
691 2950 875 2998 nostro
904 2940 1420 3010 San—Germanensi,
1464 2947 1630 3000 erasit
1660 2959 1691 2999 e
1738 2956 1850 2999 tex-

242 3039 301 3086 tu
334 3048 497 3089 sacro
525 3049 717 3090 vocem
744 3034 908 3089 tribus
931 3078 947 3103 ,
979 3036 1493 3106 annotationemque
1540 3037 1591 3091 in
1623 3051 1852 3106 corpore

240 3125 550 3197 ponendam
587 3128 817 3195 putavit,
846 3127 1033 3183 relicta
1065 3128 1241 3183 littera
1264 3127 1297 3180 lt
1321 3129 1377 3182 in
1406 3128 1669 3199 margine,
1700 3136 1758 3183 ul.
1785 3143 1850 3183 ex

1942 1926 2039 1971 tem
2086 1916 2301 1971 Samuel
2327 1919 2393 1969 ad
2436 1917 2688 1988 populum
2730 1918 2890 1988 legent
2933 1919 3102 1989 regni.
3167 1917 3268 1973 Ubi
3321 1926 3547 1989 uterque

1944 2008 2130 2074 habet,
2155 2008 2203 2061 ll
2214 2008 2409 2063 cbrwus
2413 2010 2677 2079 judicium
2691 2011 2861 2082 regni,
2880 2010 3009 2067 nihil
3028 2010 3171 2065 aliud
3186 2010 3543 2067 observantes

1948 2111 2143 2171 prmter
2160 2117 2378 2158 sensum
2402 2103 2870 2173 grammaticalem
2896 2103 3048 2159 verbi
3069 2104 3544 2174 13531773,!nispha8,

1946 2198 2063 2250 sive
2095 2197 2302 2269 niispat.
2332 2196 2483 2252 Idem
2534 2197 2803 2267 intelligas
2842 2196 2911 2252 de
2961 2194 3149 2269 Ephod
3180 2196 3346 2263 lineo,
3382 2194 3543 2262 infra,

1948 2304 2067 2359 cap.
2086 2304 2214 2354 xxu,
2238 2305 2383 2344 vers.
2415 2288 2504 2354 18,
2533 2288 2668 2345 etde
2687 2288 2849 2344 Moon
2868 2290 3229 2359 civitate,cap.
3256 2305 3381 2353 xxv,
3399 2304 3544 2344 vers.

1948 2384 2003 2450 2,
2032 2383 2216 2454 sicque
2246 2382 2314 2437 de
2340 2382 2459 2438 aliis
2486 2382 2759 2454 plurimis,
2792 2383 2844 2437 in
2876 2383 3071 2452 quibus
3104 2398 3170 2437 ne
3197 2382 3305 2436 lato
3328 2382 3547 2451 quidem

1953 2492 2127 2549 ungue
2156 2492 2185 2531 a
2211 2494 2269 2531 se
2295 2478 2412 2546 ipso
2438 2477 2671 2531 discedit
2712 2475 3060 2543 seboliastes,
3092 2477 3142 2530 id
3165 2486 3273 2543 est,
3305 2490 3409 2530 non
3437 2476 3551 2535 dis-

1951 2571 2095 2625 Cedit
2150 2570 2217 2623 ab
2270 2580 2493 2625 auctore
2541 2569 2918 2625 Traditionum
2986 2568 3401 2624 Hebraicarum.
3452 2566 3549 2623 Ut-

1952 2680 2055 2733 que
2082 2663 2302 2718 demum
2328 2678 2434 2718 non
2466 2679 2532 2719 ex
2562 2662 3096 2719 lineamentissolum
3112 2660 3541 2731 pulchrioribus,

1954 2756 2046 2811 sed
2079 2771 2145 2811 ex
2176 2755 2416 2826 propriis
2447 2756 2606 2810 etiam
2633 2754 2801 2810 nzevis
2852 2755 3056 2809 vultum
3080 2754 3381 2809 innotescat
3416 2754 3550 2822 tibi,

1955 2850 2277 2905 sclioliastes
2338 2858 2543 2917 noster,
2580 2849 2893 2919 ipsissimtts
2943 2858 3133 2905 auctor
3170 2848 3550 2904 Traditionum

1960 2943 2345 2999 llebraicarum
2366 2945 2416 2997 in
2438 2943 2609 2998 libros
2639 2942 2847 3013 Regum
2871 2951 2926 2996 et
2949 2942 3425 3015 Paralipomenon,
3456 2940 3555 2995 ad—

1961 3047 2116 3091 verte
2160 3036 2453 3106 diligenter
2501 3052 2620 3106 qua:
2662 3038 2915 3107 leguntur
2947 3034 3086 3089 infra
3133 3035 3240 3090 col.
3300 3035 3428 3104 365,
3464 3034 3553 3090 ubi

1959 3138 2237 3185 auctorem
2270 3129 2419 3183 illum
2447 3138 2499 3183 et
2522 3129 2857 3185 sclioliasten
2883 3139 3129 3184 nostrum
3152 3129 3295 3184 notis
3322 3127 3556 3197 castigas

239 3234 304 3274 ea
340 3220 519 3275 lector
568 3220 1065 3277 commonefaceret
1114 3222 1433 3277 llebraicum
1478 3222 1678 3276 habere
1728 3238 1742 3279 ;
1779 3220 1846 3276 Et
1875 3224 1921 3287 C
1954 3222 2145 3285 vimus,
2178 3220 2320 3292 quod
2350 3236 2453 3273 non
2486 3220 3327 3291 probaveritinterpretationem
3359 3219 3549 3275 Hiero-

241 3314 421 3366 modio
460 3313 669 3384 fariute.
697 3314 775 3369 Ex
801 3316 863 3369 iis
893 3316 1233 3387 apertissime
1262 3314 1662 3370 demonstratur
1685 3331 1847 3371 unum

242 3406 617 3477 eamdemque
650 3406 817 3461 fuisse
875 3408 1195 3483 scriptorem
1238 3406 1570 3461 scholiorunt
1614 3407 1849 3461 (lunonis

242 3515 309 3554 ac
341 3498 723 3555 Traditionum
751 3499 1135 3561 liebraicarum
1161 3502 1212 3555 in
1240 3499 1387 3555 libris
1418 3499 1622 3569 Regum
1660 3517 1672 3554 :
1710 3501 1852 3555 hunc

246 3610 382 3649 vero
412 3595 572 3664 plane
613 3593 885 3651 diversum
926 3610 1047 3649 esse
1072 3609 1101 3649 a
1137 3602 1325 3649 sancto
1362 3592 1715 3665 Hieronymo,
1759 3590 1850 3662 qui

248 3688 536 3743 llebmum
559 3694 724 3756 riam,
761 3687 935 3757 Epha,
960 3700 1176 3758 semper
1199 3688 1585 3756 interpretatur
1610 3694 1709 3738 tres
1738 3698 1849 3735 mo,

246 3781 389 3846 dios,
420 3780 522 3834 tria
543 3789 679 3844 sata,
709 3787 841 3846 etc.,
876 3780 949 3837 uti
1004 3777 1173 3849 liquet
1202 3793 1233 3832 e
1288 3792 1451 3833 versu
1484 3778 1547 3831 17
1576 3775 1767 3846 capitis
1816 3789 1852 3828 ιι

246 3873 349 3928 lib.
373 3871 543 3943 Ruth,
570 3882 627 3927 et
646 3887 712 3927 ex
764 3871 902 3931 libro
953 3887 1046 3927 xrv
1076 3871 1600 3926 Commentariorum
1636 3869 1687 3923 in
1713 3868 1851 3923 Eze-

245 3965 511 4033 chielem,
535 3981 766 4038 quorum
794 3967 960 4023 verba
992 3965 1215 4023 inferius
1245 3964 1462 4019 recitavi
1498 3963 1550 4018 in
1587 3962 1729 4017 notis
1756 3975 1855 4018 no-

247 4060 385 4115 stris
426 4060 494 4116 ad
526 4061 668 4115 hunc
706 4059 973 4117 Samuelis
1017 4061 1218 4127 locum,
1251 4059 1355 4115 col.
1382 4058 1507 4113 527.
1536 4058 1724 4128 Capite
1768 4072 1855 4112 se-

246 4152 459 4218 cundo,
484 4153 603 4208 libri
636 4154 763 4209 item
792 4153 985 4223 prioris
1010 4152 1214 4223 Regum
1260 4151 1329 4208 ad
1377 4166 1516 4207 vers.
1551 4152 1583 4207 ὅ
1607 4149 1853 4206 scholion

248 4244 406 4304 istud
430 4246 752 4317 marginale,
789 4246 843 4301 li.
876 4256 1065 4318 septem
1114 4245 1346 4317 positum
1377 4255 1457 4307 est
1506 4261 1536 4300 e
1584 4245 1827 4315 regione,

248 4340 452 4413 peperit
482 4340 753 4410 plurimos.
774 4338 1074 4399 Adversum
1094 4340 1339 4395 similiter
1362 4350 1614 4393 octavum
1638 4356 1666 4392 e
1685 4338 1856 4394 latere

253 4434 454 4489 horum
495 4435 819 4502 verborum,
866 4444 984 4490 sunt
1015 4434 1251 4488 cardines
1292 4444 1462 4498 terrae,
1496 4434 1566 4487 ita
1592 4433 1853 4502 scriptum

252 4528 478 4598 legitur.
526 4530 580 4581 It.
632 4526 838 4583 Domini
884 4529 1019 4582 enim
1067 4538 1183 4583 sunt
1220 4528 1406 4598 afflicti
1438 4536 1605 4581 terraz.
1659 4526 1857 4597 Hujus-

1957 3314 2101 3383 nymi
2128 3312 2218 3368 lib.
2246 3313 2261 3365 Ι
2285 3314 2575 3378 Samuelis,
2593 3327 2639 3366 c.
2658 3329 2785 3379 xxx,
2805 3328 2962 3367 versu
2986 3312 3214 3369 lOeth.
3233 3312 3551 3368 Putatenim

1957 3405 2321 3461 llelirtcusille
2334 3408 2567 3476 scriptor
2584 3420 2773 3461 vocem
2800 3414 2930 3467 πῆλε
2963 3406 3195 3477 piggeru,
3222 3405 3411 3460 Latine
3429 3404 3549 3461 red-

1954 3496 2189 3552 dendam
2222 3512 2362 3559 esse,
2382 3499 2518 3568 jnssi
2551 3500 2780 3570 fuerant,
2814 3513 2920 3553 non
2954 3498 3078 3552 lassi
3108 3497 3465 3552 substiterant.
3498 3498 3553 3553 In

1955 3604 2062 3660 quo
2084 3592 2284 3645 nullum
2311 3591 2469 3643 habet
2496 3590 2913 3659 astipulatorem
2936 3592 3074 3645 inter
3101 3590 3360 3645 Hebraeos
3378 3606 3555 3658 gram-

1958 3682 2183 3738 maticos
2227 3681 2560 3748 hodiernus,
2614 3698 2789 3753 neque
2846 3682 2895 3737 in
2969 3683 3143 3737 lexico
3220 3682 3558 3753 heptaglotto

1954 3775 2259 3848 linguarum
2292 3777 2669 3833 Orientalium.
2723 3776 2878 3834 Unde
2908 3776 3257 3837 manifestum
3293 3778 3556 3835 habemus

1957 3879 2363 3938 argumentum,
2396 3870 2687 3941 specialem
2710 3885 2774 3927 ac
2802 3872 3079 3942 propriam
3103 3885 3226 3927 esse
3252 3869 3559 3926 illiauctori

1960 3960 2186 4015 llelirmo
2218 3961 2665 4033 signiﬁcationem
2696 3978 2854 4032 quam
2897 3961 3059 4017 all'ert
3094 3970 3204 4017 tam
3240 3962 3292 4018 in
3308 3960 3556 4031 scholiis,

1956 4066 2116 4122 quam
2147 4052 2199 4106 in
2246 4053 2360 4107 suis
2410 4053 2811 4121 QnmStionibns
2862 4052 3162 4113 llebraicis.
3197 4053 3345 4110 Idem
3400 4055 3560 4125 igitur

1959 4146 2238 4203 habendus
2268 4158 2351 4204 est
2376 4158 2564 4204 auctor
2594 4150 2685 4220 qui
2716 4148 2920 4204 scholia
2956 4149 3208 4220 apposuit
3254 4147 3323 4205 ad
3352 4149 3554 4218 margi-

1959 4254 2057 4294 nes
2106 4241 2480 4296 translationis
2505 4241 2968 4314 llieronymianae,
2994 4250 3049 4299 et
3078 4242 3170 4314 qui
3208 4240 3557 4310 Quatstiones

1960 4336 2252 4395 llebraicas
2283 4337 2451 4395 edidit
2478 4338 2532 4394 in
2562 4339 2833 4395 volumina
2865 4338 3163 4410 Regum,ac
3193 4337 3564 4406 Paralipome-

1960 4446 2091 4486 non.
2115 4430 2267 4487 Nunc
2290 4431 2628 4503 inquiramus
2649 4449 2756 4504 quo
2780 4440 3028 4503 tempore
3053 4430 3275 4486 ﬂoreret
3301 4430 3353 4485 in
3383 4429 3559 4484 scien-

1963 4525 2032 4579 tia
2066 4524 2497 4595 Scripturarutu,
2531 4533 2587 4581 et
2607 4526 2751 4581 unde
2778 4540 2949 4596 genus
2979 4540 3135 4579 suum
3164 4522 3409 4577 traxerit.

251 4621 409 4676 modi
483 4620 645 4693 igitur
699 4620 905 4676 scholia
958 4619 1271 4691 marginalia
1332 4620 1553 4675 minime
1618 4619 1861 4688 gentium
1891 4620 1940 4679 Ι)
2048 4618 2209 4676 Pauci
2239 4619 2533 4676 admodum
2584 4620 2699 4675 dies
2724 4628 2871 4685 sunt,
2896 4616 3040 4689 quod
3066 4631 3131 4672 ex
3158 4615 3383 4671 Rabano
3413 4614 3563 4675 Mau-

252 4713 563 4768 omittenda
611 4712 761 4767 duxit
810 4722 1004 4769 auctor
1048 4712 1421 4770 Traditionum
1455 4714 1509 4769 in
1554 4716 1719 4771 libros
1750 4712 1854 4768 Re-

252 4822 383 4875 gum
415 4824 431 4865 ;
464 4806 606 4862 unde
673 4807 788 4863 lucc
819 4808 1030 4869 monuit
1076 4808 1331 4866 lectorem
1379 4811 1681 4868 studiosum
1716 4831 1728 4866 :
1786 4812 1851 4867 In

257 4899 484 4957 Hebraeo
514 4910 563 4955 et
589 4901 644 4955 in
672 4900 1014 4974 Septuaginta
1043 4904 1384 4960 translatione
1405 4946 1420 4972 ,
1477 4924 1577 4960 non
1614 4906 1850 4978 plurimi,

252 4996 348 5049 sed
371 5005 566 5067 septem
602 4996 864 5068 leguntur.
901 4998 965 5053 Et
996 4998 1157 5066 paulo
1204 4998 1344 5054 infra
1381 5017 1393 5054 :
1424 4999 1491 5055 In
1518 5000 1737 5055 Hebraeo
1780 5002 1854 5055 ita

254 5091 498 5156 habetur,
549 5089 758 5145 Domini
806 5092 942 5147 enim
992 5101 1112 5146 sunt
1153 5093 1339 5163 afflicti
1381 5103 1550 5148 terrui.
1614 5094 1855 5165 Afflirtos

257 5192 435 5247 terra',
458 5181 669 5237 Hebraei
691 5200 943 5255 pauperes
968 5186 1177 5255 spiritu,
1204 5194 1249 5239 et
1279 5186 1500 5240 humiles
1521 5187 1675 5241 corde
1706 5187 1860 5242 intel—

254 5276 451 5345 ligant,
496 5293 654 5345 super
677 5293 805 5349 quos
836 5276 1120 5331 Dominum
1162 5278 1335 5333 orbem
1359 5279 1585 5347 posuisse
1634 5280 1814 5335 dicunt
1840 5298 1860 5347 ,-

256 5372 381 5440 quia
404 5386 583 5427 eorum
608 5372 799 5425 meritis
831 5380 1018 5426 terram
1046 5382 1186 5427 stare
1208 5382 1500 5428 autumant.
1538 5373 1653 5429 Non
1684 5374 1859 5430 ambi-

256 5478 344 5533 go,
379 5462 813 5534 quamplurimas
862 5463 1110 5535 reperiri,
1164 5464 1254 5536 qui
1315 5481 1345 5519 c
1390 5466 1591 5521 talibus
1636 5466 1858 5523 sclioliis

258 5553 474 5611 Hebraei
518 5554 776 5627 anonymi
816 5556 1320 5626 reprehendendam
1372 5559 1683 5615 existiment
1734 5560 1859 5616 Ilie-

259 5649 474 5719 ronymi
523 5647 931 5704 translationem
977 5650 1243 5717 Latinam,
1279 5650 1373 5707 sed
1429 5651 1474 5705 si
1509 5654 1857 5710 meminerint

262 5742 401 5799 hanc
423 5758 546 5801 esse
576 5744 817 5814 regulam
867 5744 991 5805 boni
1036 5746 1351 5818 interpretis
1382 5745 1706 5819 υιίδιώματα
1750 5747 1854 5805 lin-

262 5851 382 5907 guae
405 5836 655 5906 alterius,
670 5852 786 5893 suae
809 5838 1003 5910 linguae
1032 5840 1300 5912 exprimat
1326 5840 1674 5913 preprietate,
1696 5840 1860 5897 mira-

1958 4728 2020 4768 ro
2045 4711 2206 4769 didici
2238 4722 2510 4769 auctorem
2531 4713 2902 4781 Quaestionum
2926 4708 3561 4766 llebraicaruminlibros

1959 4806 2164 4878 Regum
2184 4819 2235 4865 et
2260 4808 2712 4877 Paralipomenon
2730 4806 3017 4877 quemdam
3046 4802 3212 4862 fuisse
3242 4803 3558 4870 Hebraeum,

1958 4902 2049 4972 qui
2072 4901 2271 4957 saeculo
2297 4914 2494 4957 octavo
2519 4911 2613 4957 aut
2630 4916 2772 4957 nono
2791 4897 3116 4959 celebratior
3129 4896 3560 4954 eratBibliorum

1959 5012 2236 5052 sacrorum
2273 5012 2371 5051 usu
2421 5013 2486 5055 ac
2517 4995 2895 5067 intelligentia.
2929 4994 3013 5051 An
3046 5008 3179 5050 vero
3219 5007 3423 5063 genere
3458 4991 3561 5047 lle-

1964 5091 2141 5146 brieus
2171 5092 2329 5147 luerit
2356 5101 2411 5147 et
2442 5109 2507 5146 ex
2534 5091 2843 5146 Judacornm
2871 5101 3033 5161 gente
3071 5096 3367 5159 prognatus
3393 5129 3410 5155 ,
3452 5102 3562 5143 non

1964 5187 2097 5241 satis
2145 5185 2313 5257 liquet
2364 5200 2427 5240 ex
2476 5184 2682 5239 Rabani
2733 5182 3155 5255 praelatiunculis
3205 5200 3219 5238 :
3261 5180 3562 5251 quiajuxta

1965 5294 2171 5335 morem
2203 5270 2419 5335 illorum
2454 5286 2756 5348 temporum
2809 5290 2972 5332 causa
3014 5275 3257 5330 nominis
3308 5275 3360 5328 in
3401 5272 3562 5327 dubio

1964 5386 2087 5428 esse
2114 5381 2321 5442 poteSt;
2356 5387 2462 5426 non
2504 5371 2647 5425 enim
2675 5369 2909 5440 propriis
2933 5367 3245 5427 nominibus
3276 5366 3431 5422 multi
3462 5379 3559 5420 vo-

1966 5464 2245 5529 cabantur,
2278 5461 2377 5517 sed
2411 5460 2613 5532 ingenii
2640 5461 2841 5532 saepius
2887 5460 3260 5515 nominatione
3301 5457 3560 5515 ementita

1963 5571 2056 5611 eos
2083 5556 2171 5611 alii
2217 5557 2563 5627 coeptabant.
2608 5556 2761 5614 Unde
2810 5555 3049 5612 Joannes
3078 5554 3421 5615 Mabillonius
3453 5568 3553 5613 no-

1961 5660 2075 5706 ster
2104 5660 2247 5707 tomo
2279 5651 2297 5706 1
2325 5660 2567 5708 veterum
2591 5650 3001 5720 Analectormn,
3030 5665 3153 5724 pag.
3177 5650 3303 5716 570,
3333 5648 3555 5711 fatetur,

1963 5742 2241 5815 Cuculutn,
2272 5743 2566 5803 Menalcam
2588 5754 2634 5801 et
2675 5743 2922 5819 Daphnin
2952 5744 3173 5805 nomina
3204 5757 3328 5798 esse
3360 5754 3559 5811 suppa.

1964 5837 2129 5894 sititia
2163 5854 2259 5909 pro
2306 5841 2469 5911 veris,
2524 5841 2707 5911 qualia
2747 5840 2814 5899 de
2842 5854 2992 5897 more
3020 5850 3245 5911 usurpat
3297 5836 3556 5895 Alcuinus
