3992 6338
468 293 541 352 95
1067 295 1162 353 AD
1301 292 1681 354 HIERONYMI
1719 293 2006 353 DIVINAM
2046 294 2558 354 BIBLIOTHECAM
2597 295 3133 357 PROLEGOMENA.
3693 302 3773 359 96

473 424 529 472 et
568 412 964 485 Theodulphus
991 414 1282 486 episcopus
1309 415 1742 482 Aurelianensis,
1796 429 1896 471 nec
1925 414 2069 472 seire
2096 417 2149 480 Α
2172 411 2608 472 Commentarios
2639 415 2844 482 Mauri,
2875 425 2930 472 et
2951 415 3162 473 Hebraei
3186 415 3508 473 traditiones
3537 417 3679 473 inter
3708 432 3777 476 se

469 513 714 584 potuisse
761 511 982 582 quinam
1029 509 1234 566 fuerint
1279 509 1520 566 Menalca
1550 511 1636 566 vel
1666 507 1928 582 Daphnis,
1977 510 2066 566 vel

469 601 699 659 Cuculus
739 621 750 656 :
794 601 902 659 nisi
931 601 1074 674 quod
1095 603 1372 659 existimat
1409 603 1478 659 de
1525 600 1746 671 Cuculo,
1775 617 1901 659 eum
1946 617 2070 660 esse

471 694 640 752 ﬁlium
671 695 822 752 illum
859 695 1166 768 prodigum,
1193 696 1351 766 cujus
1382 697 1856 768 intemperantiam
1885 705 1940 753 et
1977 711 2068 752 ca-

470 801 591 845 sum
618 789 829 860 plangit
874 790 1136 845 Alcuinus
1181 790 1234 844 in
1287 789 1536 860 epistolis
1567 788 1670 846 105
1689 800 1742 846 et
1775 791 1898 847 tu.
1957 789 2071 847 Hoc

468 882 632 940 modo
653 882 878 939 nomine
915 883 1127 939 Hebrwi
1157 881 1418 954 appellari
1444 892 1658 950 poterat
1685 884 1770 939 vir
1789 883 1984 940 doctus
2013 884 2068 941 in

467 975 649 1046 lingua
675 975 964 1044 Hebraica,
1009 975 1257 1048 quamvis
1294 975 1508 1048 origine
1551 974 1739 1033 Gallus
1783 985 1952 1043 esset,
1984 977 2069 1034 vel

470 1063 796 1123 Germanus.
827 1065 990 1124 Certe
1030 1068 1076 1123 si
1117 1067 1339 1126 natione
1365 1069 1587 1126 Judzeus
1615 1080 1770 1139 erat,
1820 1072 1871 1126 in
1913 1071 2071 1129 Chri-

473 1167 618 1215 stum
674 1168 854 1216 tanten
896 1159 1050 1214 illum
1095 1159 1396 1217 credidisse
1423 1161 1770 1218 manifestum
1806 1163 1963 1219 nobis
1986 1172 2072 1220 est

473 1269 542 1310 ex
560 1254 744 1310 verbis
774 1255 917 1308 intra
946 1254 1262 1310 recitandis.
1305 1255 1382 1312 De
1410 1264 1634 1313 auctore
1679 1256 1847 1328 igitur
1876 1257 2070 1324 Quaas-

474 1350 678 1405 tionum
705 1348 1119 1417 Hebraicarum,
1138 1351 1253 1407 sive
1273 1350 1651 1407 Traditionum
1684 1353 1738 1408 in
1768 1352 1939 1408 libros
1963 1351 2074 1410 Re-

473 1459 598 1516 gum
629 1453 684 1499 et
704 1443 1184 1514 Paralipomenon,
1219 1443 1337 1501 haec
1368 1445 1532 1502 habet
1555 1444 1810 1502 Rabanus
1851 1446 2071 1503 Maurus

473 1535 791 1608 prazl'atione
821 1537 1349 1601 Commentariorum
1381 1538 1437 1594 in
1482 1550 1717 1610 quatuor
1761 1538 1931 1594 libros
1960 1538 2072 1596 Re-

473 1645 598 1702 gum
635 1645 650 1689 :
686 1629 769 1686 Ibi
788 1632 922 1687 enim
949 1633 1168 1688 inveniet
1214 1633 1338 1706 quid
1359 1632 1522 1689 Pater
1568 1635 1918 1706 Augustinus,
1947 1635 2074 1706 quid

475 1724 694 1793 insignis
741 1721 1011 1796 Interpres
1067 1726 1361 1780 divinorum
1415 1725 1671 1781 librorum
1716 1725 2071 1798 Hieronymus

2171 509 2559 579 composuerit.
2601 508 2731 576 Quis
2759 510 2921 579 igitur
2947 509 3108 564 fuerit
3142 509 3464 566 scholiastes
3501 509 3775 580 Canonis,

2171 612 2224 658 et
2249 618 2359 674 quo
2388 611 2631 673 tempore
2653 602 2868 667 vixerit,
2893 610 3101 658 certum
3131 611 3311 658 exstat
3337 617 3406 659 ex
3435 603 3613 660 allatis
3637 605 3776 660 duo-

2172 695 2272 752 bus
2297 695 2504 752 Rahani
2535 697 2704 752 Mauri
2739 697 3086 753 testimoniis.
3121 695 3376 753 Hebrceus
3401 699 3470 754 ab
3500 714 3568 754 eo
3591 699 3776 757 dictus

2172 796 2274 856 est,
2307 790 2361 842 in
2390 789 2609 844 scientia
2640 787 2793 860 Legis
2834 803 2942 844 non
2976 788 3321 845 mediocriter
3345 790 3579 858 celebris,
3614 792 3779 864 cujus

2173 881 2661 937 commentationes
2683 895 2747 936 ac
2777 881 3122 949 Qumstioues
3152 881 3431 938 Hebralcae
3469 884 3642 940 locum
3675 886 3779 940 ha-

2173 975 2303 1032 bere
2333 976 2631 1032 meruerint
2680 975 2823 1031 inter
2861 977 3158 1032 sententias
3199 977 3535 1051 Hieronymi,
3587 979 3780 1052 Augu-

2174 1071 2322 1137 stini,
2374 1080 2430 1126 et
2479 1070 2711 1125 aliorum
2761 1069 3046 1126 doctorum
3101 1071 3661 1128 nominatissimorum
3716 1073 3779 1130 in

2179 1161 2425 1217 Ecclesia
2453 1160 2679 1216 Christi.
2712 1161 2968 1218 Florehat
2996 1172 3177 1219 autem
3209 1163 3439 1220 scientia
3467 1164 3780 1222 divinarum

2173 1256 2580 1328 Scripturarum
2605 1257 2794 1313 eodem
2831 1267 3095 1329 tempore,
3131 1274 3238 1330 quo
3269 1258 3551 1326 Alcuiuus,
3576 1268 3632 1316 et
3658 1262 3782 1331 ipse

2173 1349 2432 1404 Rabanus
2457 1350 2674 1404 Maurus
2701 1368 2712 1402 :
2765 1349 2898 1406 Nam
2927 1350 3067 1422 apud
3092 1351 3338 1405 Maurum
3370 1352 3620 1406 moderno
3647 1362 3784 1406 tem-

2173 1461 2302 1517 pora
2333 1452 2594 1500 vocantur
2628 1443 2718 1498 illa
2752 1454 3026 1516 tempora,
3053 1445 3249 1516 quibus
3275 1446 3392 1516 ipse
3421 1456 3640 1502 aetatem
3681 1446 3786 1502 dc—

2174 1537 2354 1608 gehat,
2387 1547 2445 1592 ut
2477 1538 2634 1594 testis
2654 1546 2740 1594 est
2769 1537 3206 1608 prmfatiuncula,
3241 1553 3336 1594 seu
3357 1539 3586 1610 epistola
3619 1539 3785 1595 dedi-

2176 1629 2380 1686 catoria
2393 1629 2925 1687 Commentariorum
2951 1632 3002 1685 in
3018 1631 3213 1686 librum
3228 1631 3530 1702 Geneseos,
3555 1632 3646 1688 ubi
3665 1648 3788 1688 mo-

2177 1725 2395 1779 dernum
2409 1735 2606 1797 tempus
2619 1725 2855 1796 appellat
2867 1737 3079 1781 :etatem
3095 1723 3473 1796 Freculplti,ad
3494 1742 3646 1797 quem
3663 1727 3790 1798 ipse

473 1818 747 1885 senserint,
808 1819 937 1890 quid
985 1835 1126 1891 papa
1171 1820 1347 1875 beatus
1395 1836 1457 1875 ac
1509 1821 1846 1876 suavissimus
1892 1822 2072 1875 doctor
2107 1808 2451 1887 Brescrihit,
2483 1834 2547 1876 ac
2573 1819 2870 1890 praefatur:
2922 1819 3235 1891 Magnorum
3277 1823 3503 1876 virorum
3532 1837 3790 1876 conamen

479 1909 778 1980 Gregorius,
807 1912 992 1982 quidve
1039 1911 1279 1968 Isidorus
1316 1912 1646 1985 Hispulensis
1686 1914 1977 1986 cpiscOpus,
2026 1922 2072 1968 et

477 2002 605 2073 quid
651 2001 794 2058 Beda
823 2004 1063 2075 magister
1089 2003 1299 2073 nobilis,
1332 2023 1394 2059 ac
1413 2007 1584 2062 crvteri
1616 2005 1825 2074 Patres,
1855 2023 2075 2077 quorum

479 2094 691 2166 longum
713 2103 786 2150 est
812 2098 1026 2150 nomina
1046 2113 1330 2165 recensere,
1359 2099 1457 2154 rite
1474 2097 1889 2155 intellexerint...
1933 2097 2077 2154 Prte-

481 2196 620 2242 terea
663 2186 874 2244 Hebrtei
920 2189 1192 2261 cujusdam
1219 2191 1479 2246 modernis
1509 2192 1825 2262 temporibus
1862 2192 1916 2246 in
1945 2191 2074 2264 legis

477 2281 690 2334 scientia
716 2281 961 2353 capitulis
1005 2283 1330 2339 traditionem
1367 2283 1710 2340 Hebrworum
1737 2284 1924 2340 habere
1973 2301 2076 2339 non

478 2373 658 2445 paucis
689 2374 815 2427 locis
841 2373 995 2428 simul
1018 2392 1136 2431 cum
1163 2385 1286 2431 nota
1317 2379 1538 2434 nominis
1583 2383 1695 2453 ejus
1726 2380 1946 2446 inserui,
1972 2395 2076 2433 non

479 2468 626 2536 quasi
647 2469 884 2539 ingerens
901 2469 1437 2526 alicuiaucton'tatem
1454 2473 1639 2543 ipsius,
1668 2474 1759 2529 sed
1771 2474 2075 2546 simpliciter

483 2561 656 2630 potius
675 2562 816 2631 quod
841 2561 1092 2634 scriptum
1119 2565 1311 2634 reperi,
1341 2569 1458 2639 ejus
1484 2565 1839 2638 probationem
1864 2567 2074 2622 lectoris

473 2655 678 2727 judicio
701 2655 1024 2728 derelinquo.
1059 2657 1217 2714 Hunc
1256 2658 1435 2715 locum
1464 2661 1685 2716 omnino
1714 2661 2066 2731 depravatum

481 2749 772 2806 restituere
790 2752 1040 2808 volebam
1069 2753 1136 2808 ad
1169 2753 1332 2812 ﬁdem
1380 2758 1880 2827 manuscriptorum
1925 2756 2075 2813 codi-

481 2858 602 2897 cum
626 2841 832 2900 Rabani
857 2861 872 2910 ;
898 2844 995 2900 sed
1026 2845 1206 2903 nullus
1225 2847 1276 2903 id
1298 2848 1515 2919 generis
1544 2853 1796 2906 inventus
1824 2851 1962 2906 liber
1987 2859 2073 2906 est

481 2934 535 2990 in
587 2936 1151 2996 nostraBibliotlteca
1190 2938 1734 3010 San-Cermanensi,
1785 2942 1830 2998 si
1880 2959 2072 2999 verum

481 3031 727 3101 estquod
759 3031 892 3086 mihi
929 3034 1262 3090 asseveravit
1287 3035 1491 3092 sodalis
1537 3046 1722 3094 noster
1752 3037 1842 3110 qui
1877 3053 2072 3094 monu-

2177 1911 2464 1975 antiquitus
2485 1911 2607 1982 fuit,
2643 1923 2695 1966 ut
2719 1911 2937 1967 invicem
2968 1911 3261 1978 scribendo,
3296 1929 3390 1966 sua
3445 1920 3792 1982 provocarent

2176 2006 2373 2072 studia,
2421 2016 2469 2060 et
2504 2016 2796 2062 exercerent
2818 2007 3046 2080 ingenia.
3082 2005 3234 2072 Quod
3265 2006 3383 2060 licet
3406 2021 3583 2061 eorum
3614 2023 3797 2061 exem-

2176 2098 2262 2171 plo
2281 2096 2525 2152 moderno
2548 2107 2775 2167 tempore
2791 2114 2942 2169 agere
2968 2098 3272 2162 decreveris,
3307 2107 3478 2152 tamen
3508 2098 3792 2152 mirandus

2177 2191 2229 2244 in
2260 2191 2356 2246 hoc
2385 2207 2458 2260 es,
2500 2193 2637 2262 quod
2663 2193 3047 2248 convenientem
3075 2208 3346 2264 personam
3369 2194 3438 2247 ad
3458 2195 3598 2248 istud
3618 2210 3786 2248 cona-

2177 2299 2293 2340 men
2322 2299 2422 2338 non
2449 2285 2740 2355 qutesieris.
2756 2283 3076 2340 Modernum
3100 2285 3284 2355 itaque
3310 2294 3519 2354 tempus
3535 2287 3792 2359 intelligit

2178 2375 2396 2432 Maurus
2428 2385 2642 2447 tempus
2670 2377 2870 2448 ipsum,
2901 2393 3010 2450 quo
3036 2377 3472 2436 Commentarios
3509 2381 3790 2438 scribebat

2178 2469 2233 2524 in
2263 2469 2540 2538 Cenesim,
2573 2479 2793 2543 rogatus
2820 2471 2888 2526 ab
2915 2473 3175 2544 episcopo
3205 2473 3519 2545 Freculpbo
3548 2493 3560 2529 :
3609 2491 3790 2545 quare

2178 2562 2386 2619 similes
2399 2563 2643 2633 phrases,
2668 2580 2788 2636 qua:
2807 2573 3102 2621 occurrunt
3119 2566 3169 2620 in
3185 2566 3590 2636 praefationibus
3613 2565 3786 2624 Com-

2177 2660 2568 2712 mentariorum
2604 2657 2656 2712 in
2675 2657 2876 2728 [legum
2906 2673 2970 2714 ac
2991 2658 3442 2730 Paralipomenon
3471 2661 3782 2733 volumina,

2179 2761 2286 2804 non
2332 2748 2493 2804 aliter
2523 2749 2944 2820 interpretanda:
2971 2761 3099 2808 sunt
3127 2751 3194 2808 de
3223 2761 3382 2810 aetate
3413 2754 3648 2825 Hebraei,
3680 2757 3785 2828 qui

2177 2841 2388 2898 scholia
2436 2844 2748 2914 marginalia
2775 2844 3011 2900 Canonis
3056 2845 3340 2902 Hebraicaa
3393 2849 3676 2916 veritatis,
3724 2859 3787 2907 et

2178 2937 2500 2994 traditiones
2531 2937 2826 2994 llebraicas
2852 2939 3042 3009 edidit,
3070 2951 3305 2996 exeunte
3330 2943 3534 2998 saeculo
3559 2951 3782 3012 octavo,

2177 3038 2271 3086 aut
2299 3031 2518 3087 ineunte
2547 3046 2712 3086 nono.
2761 3032 2826 3086 Et
2849 3031 2963 3086 haec
2986 3040 3111 3086 sunt
3139 3042 3369 3104 tempora
3393 3034 3636 3088 moderno
3669 3036 3788 3090 Ra-

481 3133 663 3180 meuta
687 3125 995 3197 hujusmodi
1021 3128 1124 3184 sub
1154 3129 1291 3186 clavi
1318 3141 1482 3197 tenet,
1513 3140 1568 3188 et
1608 3141 1922 3189 conservat.
1969 3132 2075 3189 Ne-
2104 3130 2110 3136 ’
2177 3122 2304 3178 bani
2340 3123 2508 3178 Mauri
2533 3164 2549 3190 ν
2585 3123 2636 3178 in
2679 3123 2873 3194 (ιυίὺυε
2903 3132 3134 3178 “sum”
3164 3122 3417 3180 ίιοτυίεδθ
3445 3125 3784 3196 scriptorem

480 3233 588 3290 que
628 3227 810 3276 tamen
833 3220 1217 3293 insuperabilis
1250 3235 1421 3280 restat
1467 3224 1571 3282 hoc
1619 3225 1743 3282 loco
1780 3225 2075 3282 difﬁcultas
2100 3200 2146 3264 C
2178 3215 2358 3283 illum.
2391 3234 2422 3274 e
2446 3233 2553 3288 quo
2581 3217 2815 3288 plurima
2848 3227 3124 3274 mutuatur
3157 3227 3212 3275 et
3253 3218 3546 3291 interponit
3581 3221 3633 3274 in
3662 3223 3786 3278 suis

478 3314 803 3370 restituendi
861 3325 1060 3383 textus,
1092 3327 1187 3373 aut
1213 3320 1544 3390 assequendi
1567 3334 1759 3377 sensus
1778 3322 2071 3378 verborum

2176 3308 2620 3367 Commentariis.
2653 3310 3159 3382 Quantumcumque
3187 3325 3318 3366 vero
3363 3321 3486 3367 nota
3519 3312 3676 3368 nobis
3705 3315 3787 3370 sit

480 3403 652 3461 Mauri
679 3423 694 3474 ;
727 3408 850 3479 quia
896 3409 1038 3480 quod
1081 3411 1150 3466 de
1177 3409 1397 3468 Ηεῡηεο
1429 3411 1517 3470 hic
1547 3415 1844 3482 scribebat,
1875 3415 2072 3472 ῑιοηιηι
2177 3412 2310 3460 mtas
2340 3404 2548 3459 Ilehrtei
2580 3404 2747 3470 illius,
2773 3402 3083 3459 scholiastis
3109 3411 3163 3460 et
3190 3406 3660 3472 commentatoris,
3693 3407 3790 3463 in-

479 3497 663 3553 docuit
689 3499 1013 3570 praefatione
1038 3503 1568 3562 Commentariorum
1617 3507 1670 3561 in
1701 3506 1871 3562 libros
1908 3507 2073 3563 Para-
2177 3502 2388 3549 εετίιιτη
2423 3503 2604 3550 “me”
2632 3510 2806 3566 genus
2859 3505 3125 3551 τθηὶθηθίο
3168 3495 3301 3550 Nam
3334 3496 3477 3567 tl"0d
3523 3512 3644 3552 eum
3670 3497 3786 3552 Ιο-

482 3593 794 3664 lipomenon
827 3637 844 3663 ,
885 3595 1075 3653 dicens
1107 3617 1119 3652 :
1156 3597 1281 3654 Non
1321 3601 1456 3655 enim
1509 3601 1690 3672 longos
1733 3602 2072 3672 ﬂorentesque

2176 3589 2335 3660 seplto
2354 3587 2660 3642 ludworum
2675 3587 2722 3642 11
2729 3589 2938 3643 istorico
2963 3587 3028 3644 ad
3031 3594 3049 3658 j
3057 3588 3311 3660 ungatMa
3320 3604 3446 3644 urus
3461 3589 3786 3659 pratiatione

481 3698 734 3744 tractatus
758 3731 772 3756 ,
801 3691 856 3744 in
879 3692 1068 3761 quibus
1085 3694 1382 3765 plausibilis
1407 3696 1542 3749 ludit
1576 3697 1764 3763 oratio,
1797 3696 1888 3750 sed
1917 3695 2072 3750 Com-

481 3779 763 3834 mentarios
807 3781 860 3834 in
882 3781 1086 3838 divinas
1122 3781 1378 3840 Historias
1427 3785 1644 3840 scribere
1670 3785 1901 3853 decrevi,
1948 3803 2076 3858 quo-

480 3888 595 3926 rum
613 3873 829 3944 oﬂicium
846 3882 921 3928 est
947 3876 1215 3944 prwterire
1237 3877 1539 3947 manifesta,
1555 3877 1776 3932 obscura
1799 3879 2068 3934 disserere.

481 3965 612 4018 Ante
641 3982 807 4020 annos
837 3969 974 4022 enim
1019 3969 1216 4039 aliquot
1271 3979 1454 4042 rogatu
1497 3970 1740 4026 Hildonii
1761 3971 1964 4026 abbatis
2018 3973 2073 4026 in

484 4059 682 4132 Regum
728 4061 904 4132 libros,
957 4065 1241 4119 secundum
1279 4082 1483 4120 sensum
1531 4068 1909 4123 catholicorum
1965 4067 2074 4122 Pa-

478 4162 635 4220 trum,
679 4165 901 4224 quatuor
951 4155 1456 4212 Commentariorum
1507 4159 1666 4214 libros
1705 4159 1890 4228 edidi,
1943 4177 2074 4229 quos

479 4254 529 4300 et
573 4248 923 4303 sacratissimo
953 4250 1178 4320 genitori
1220 4259 1385 4305 vestro
1427 4249 1694 4306 Ludovico
1741 4252 2069 4324 imperatori,

479 4339 876 4408 prmsentialiter
902 4341 955 4396 in
1005 4351 1180 4398 nostro
1218 4344 1526 4399 monasterio
1575 4344 1812 4398 tradidi:
1867 4345 1924 4400 in
1950 4345 2074 4416 qui-

481 4431 574 4486 bus
601 4477 615 4501 ,
666 4434 798 4488 sicut
840 4444 889 4489 et
937 4436 991 4489 in
1022 4437 1262 4505 pt'tesenti
1307 4453 1460 4508 apere
1498 4437 1596 4508 feci
1627 4479 1642 4503 ,
1688 4436 1904 4511 Iosephi
1930 4481 1945 4505 ,
1974 4437 2075 4492 Ju-

477 4526 710 4580 dteorum
747 4525 1002 4596 historici,
1029 4528 1379 4584 narrationem
1404 4571 1418 4594 ,
1449 4538 1496 4583 et
1526 4529 1736 4585 Hebrwi
1775 4531 2068 4602 cujusdam,

2175 3677 2704 3738 Commentariorum
2733 3682 2785 3736 in
2816 3681 3254 3752 Paralipomena,
3289 3682 3476 3738 ambos
3505 3696 3608 3736 una
3634 3686 3788 3740 scri-

2176 3783 2365 3843 ptores
2395 3775 2519 3830 illos
2550 3776 2776 3831 forsitan
2808 3789 3094 3831 recensere
3132 3775 3322 3843 voluit,
3363 3786 3422 3830 ut
3449 3775 3788 3836 doceremur

2175 3866 2420 3923 Judaeum
2450 3875 2737 3940 utrumque
2777 3868 2962 3923 fuisse.
2997 3867 3066 3923 At
3111 3867 3235 3923 huic
3260 3869 3505 3938 opinioni
3537 3884 3643 3924 non
3673 3885 3786 3937 pa-

2179 3977 2298 4018 rum
2331 3971 2597 4033 repugnat
2626 3962 2874 4018 scholion
2899 3963 3204 4034 marginale
3230 3963 3464 4019 Canonis
3486 3964 3785 4021 Hebraicae

2175 4055 2426 4110 veritatis
2478 4055 2711 4126 positum
2761 4055 2868 4111 col.
2903 4056 3026 4122 170,
3059 4056 3153 4111 ubi
3196 4071 3402 4112 morem
3450 4056 3784 4115 Latinorum

2177 4158 2394 4204 secutus
2419 4159 2607 4205 auctor
2631 4149 2937 4220 hujusmodi
2968 4152 3403 4219 annotationum,
3437 4151 3563 4207 dicit
3590 4153 3642 4208 in
3663 4153 3786 4209 lle-

2178 4241 2324 4296 brato
2370 4240 2556 4298 haberi
2588 4241 2945 4298 Numerorum
2989 4242 3167 4312 capite
3190 4259 3322 4307 xvtt,
3353 4257 3499 4298 vers.
3524 4242 3584 4298 6:
3628 4241 3784 4298 Fue-

2175 4342 2396 4405 runtque
2433 4335 2592 4406 virga:
2635 4334 2909 4390 duodecim
2937 4351 3053 4389 cum
3073 4335 3218 4406 virga
3245 4335 3440 4389 Aaron.
3473 4335 3528 4390 In
3559 4334 3783 4392 Latinis

2176 4437 2358 4482 autem
2389 4427 2690 4496 codicibus,
2724 4444 2859 4500 quos
2904 4445 3024 4484 suos
3050 4439 3214 4484 vocat
3238 4429 3392 4499 juxta
3419 4431 3783 4486 consuetudi-

2181 4537 2304 4578 nem
2333 4521 2646 4592 Hieronymi
2667 4532 2722 4577 et
2741 4521 3048 4594 Augustini,
3081 4526 3340 4595 scriptum
3362 4539 3504 4590 esse,
3531 4525 3789 4595 {uerunt-

481 4617 740 4672 modernis
763 4621 1078 4692 temporibus
1105 4620 1158 4674 in
1181 4620 1306 4690 legis
1333 4621 1549 4675 scientia
1570 4595 2070 4695 ﬂorentis,'0pinio;
2101 4595 2150 4656 Ῑ)
2177 4633 2276 4688 que
2314 4616 2472 4687 virga?
2515 4615 2784 4670 duodecim
2811 4618 3000 4687 absque
3048 4619 3194 4686 virga
3244 4617 3441 4672 Aaron.
3495 4616 3784 4687 Ilcbrtrus,

483 4726 571 4764 nes
589 4711 840 4781 plerisque
858 4713 910 4766 in
923 4713 1050 4767 locis
1061 4713 1349 4785 interposui
1363 4729 1381 4768 :
1395 4714 1486 4769 sed
1505 4729 1606 4768 non
1631 4715 1726 4783 ita,
1741 4725 1798 4770 ut
1809 4716 1959 4787 quasi
1971 4716 2077 4770 lec-

485 4812 649 4857 torem
671 4805 884 4859 invitum
905 4807 974 4860 ad
1002 4808 1228 4880 ipsorum
1253 4807 1549 4863 traditionis
1577 4825 1843 4864 assensum
1869 4820 2076 4882 pertra-

487 4897 661 4952 herem
684 4915 704 4964 ;
734 4898 825 4952 sed
870 4901 1032 4971 magis
1049 4902 1253 4973 judicio
1279 4917 1340 4955 ac
1362 4901 1655 4972 probationi
1679 4903 1839 4972 ipsius
1862 4903 1955 4957 illa
1983 4904 2073 4958 de-

481 4994 796 5062 relinquens.
832 4994 909 5049 Ex
952 4995 1018 5050 iis
1061 4995 1401 5066 exploratum
1461 4995 1617 5052 nobis
1667 4995 1755 5063 lit,
1793 4996 2074 5052 Rabanum

485 5085 724 5142 Maurum
754 5087 825 5141 ita
853 5087 908 5142 in
937 5087 1114 5156 primo
1141 5090 1454 5145 testimonio
1488 5089 1895 5162 intelligendum
1924 5105 2068 5159 esse,

480 5186 540 5234 ut
565 5178 769 5235 dixerit
807 5179 1038 5250 capitula
1069 5181 1349 5249 cujusdam
1375 5181 1582 5238 Hebraei
1609 5197 1708 5238 suo
1738 5193 1986 5254 tempore
2017 5184 2070 5240 in

482 5271 708 5328 scientia
766 5273 926 5344 Legis
981 5272 1224 5329 ﬂorentis
1280 5274 1574 5330 inseruisse
1627 5275 1874 5344 plurimis
1939 5277 2074 5333 locis

481 5379 702 5421 suorum
729 5367 780 5422 in
811 5365 1017 5437 Regum
1049 5365 1324 5420 volumina
1355 5366 1899 5434 Commentariorum,
1953 5383 2074 5439 qua:

479 5459 710 5531 capitula
752 5459 1096 5515 traditionem
1141 5457 1494 5514 Hebraeorum
1540 5461 1875 5517 contineant.
1909 5459 2074 5532 quue

483 5552 840 5611 indubitatum
869 5566 991 5608 esse
1020 5553 1322 5623 comperiet
1353 5553 1599 5625 quisquis
1646 5558 1697 5612 in
1730 5557 1938 5613 Rabani
1980 5571 2076 5612 ex-

484 5649 844 5722 positionibus
865 5658 920 5706 et
945 5647 1362 5707 Connnentariis
1388 5651 1674 5720 Opiniones
1705 5670 1768 5710 ac
1799 5655 2076 5711 sectiones

484 5747 724 5818 integras
751 5746 1121 5814 Quaestionum
1149 5745 1534 5802 Hebraicarum
1591 5749 1642 5801 in
1672 5748 1842 5804 libros
1866 5749 2073 5822 Regum

485 5854 517 5887 η
588 5839 1035 5912 Paralipomenon
1103 5840 1306 5912 positas
1360 5839 1842 5906 animadverterit,
1903 5853 2069 5914 atque

2179 4708 2376 4780 inquit,
2405 4725 2560 4775 cum;
2588 4709 2776 4776 nostri,
2805 4710 3028 4780 absque;
3075 4708 3128 4763 id
3163 4718 3268 4776 est,
3294 4709 3555 4765 Hebraeus
3591 4718 3790 4768 textus

2178 4802 2305 4872 legit
2329 4819 2443 4856 cum
2472 4804 2615 4874 virga
2639 4803 2846 4869 Aaron;
2890 4802 3061 4858 nostri
3092 4801 3312 4858 codices
3338 4801 3541 4869 Latini,
3579 4801 3791 4874 absque

2177 4895 2324 4967 virga
2349 4897 2540 4950 Aaron.
2574 4893 2689 4950 Non
2720 4895 2843 4950 aliis
2870 4895 3049 4952 verbis
3079 4910 3207 4950 usos
3244 4894 3412 4950 fuisse
3439 4895 3644 4950 Latinae
3669 4895 3791 4954 lin-

2179 5006 2298 5061 gnae
2338 4990 2585 5047 homines
2636 4990 2691 5044 in
2734 4990 3030 5045 recitandis
3074 4989 3414 5045 variantibus
3443 4989 3791 5046 lectionibus

2175 5081 2574 5153 Scripturarum
2600 5080 2928 5149 divinarum,
2957 5081 3127 5152 probe
3153 5089 3421 5136 noverunt
3447 5081 3792 5152 quicumque

2176 5188 2486 5234 sanctorum
2519 5184 2730 5248 patrum
2762 5175 3166 5234 lucubrationes
3193 5176 3470 5232 evolvunt.
3490 5176 3558 5231 Et
3581 5189 3796 5245 supcr-

2176 5273 2342 5327 ﬂuum
2373 5281 2517 5327 esset
2560 5269 2648 5326 hic
2677 5271 2920 5341 exempla
2949 5285 3246 5342 congerere
3301 5271 3356 5326 in
3398 5285 3516 5326 rem
3565 5272 3795 5328 cunctis

2177 5368 2436 5423 studiosis
2490 5367 2844 5425 indubitatam
2877 5377 3039 5438 atque
3087 5367 3456 5423 manifestam.
3505 5367 3787 5439 Superest

2179 5459 2341 5531 igitur
2367 5469 2426 5516 ut
2451 5459 2696 5517 dicamus
2724 5460 3015 5516 Hebrzeum
3061 5459 3400 5516 scholiasten
3432 5460 3642 5516 Codices
3669 5461 3797 5517 La-

2181 5557 2418 5610 tinorum
2443 5572 2566 5610 suos
2587 5554 2918 5625 appellasse,
2962 5554 3085 5626 quia
3114 5570 3179 5611 ex
3214 5553 3420 5611 Latium
3447 5555 3644 5624 lingua:
3676 5553 3797 5611 ho-

2180 5654 2417 5710 minibus
2450 5657 2744 5722 prognatus
2803 5649 3000 5718 fuerat,
3053 5660 3145 5704 aut
3172 5660 3322 5706 certe
3351 5647 3491 5720 quod
3534 5647 3587 5702 in
3617 5645 3796 5705 Chri-

2177 5757 2320 5804 stum
2333 5745 2580 5811 credens,
2609 5743 2870 5799 Romana:
2890 5744 3144 5800 Ecclesia:
3166 5744 3355 5811 libros,
3375 5757 3498 5796 suos
3513 5741 3794 5814 deinceps

2179 5853 2300 5898 cum
2327 5838 2538 5896 caeteris
2554 5835 2802 5895 ﬁdelibus
2817 5837 3099 5896 nominare
3122 5837 3308 5896 voluit.
3332 5835 3402 5892 At
3421 5834 3562 5892 unde
3577 5834 3763 5892 habes
3775 5881 3794 5908 ,
