4040 6360
204 342 272 399 97
854 333 1419 398 PROLEGOMENON
1461 335 1546 395 lll.
1592 335 1679 394 DE
1721 333 1999 394 CANONE
2044 332 2414 392 llliBRAlCIE
2456 330 2842 392 VERITATIS.
3420 332 3491 389 98

202 456 372 525 inquit
405 455 549 511 forte
580 455 751 513 lector
781 457 978 526 aliquis
999 500 1013 523 ,
1048 456 1380 511 scholiasleu
1411 455 1561 509 illum
1588 465 1637 511 et
1667 471 1794 510 auc-
1824 458 1866 515 A
1900 454 2043 509 notis
2077 463 2285 509 tantum
2320 453 2525 509 criticis
2574 455 2853 509 illustrare
2882 454 3196 526 decreverat
3224 493 3239 518 ,
3281 467 3388 506 non
3425 468 3489 507 ex

198 556 368 602 torem
426 546 809 602 Traditionum
868 548 1256 604 llebraicarum
1315 548 1530 604 Christo
1595 564 1796 604 nomen

196 639 458 695 dedisse?
490 640 994 696 Manifestissimum
1026 640 1270 712 religiosi
1305 649 1359 696 et
1385 639 1680 695 Christiani
1711 639 1795 695 sui

193 734 380 790 cultus
426 743 809 804 argumentum
841 733 1075 805 priebuit
1125 733 1358 803 ipsemet
1409 735 1647 805 scriptor
1692 734 1798 789 He-

192 826 399 895 braeus,
452 836 511 883 et
564 828 618 882 in
665 827 1075 895 Quirstionibus
1121 828 1406 884 Hebraicis
1452 828 1519 883 ad
1550 827 1798 883 librum]

194 920 429 991 Regum,
471 936 595 991 cap.
640 938 750 990 XXI,
786 922 949 977 ﬁdem
1002 936 1155 977 suam
1191 921 1371 991 prodit
1437 922 1522 977 his
1574 921 1793 976 verbis:

196 1014 439 1069 Tradunt
492 1014 707 1070 Hebra'i
776 1032 1103 1085 nequaquam
1153 1014 1323 1069 David
1378 1031 1466 1069 eos
1521 1014 1797 1068 comedisse

193 1124 402 1178 panes;
468 1107 559 1161 sed
621 1106 773 1161 aliter
840 1118 1012 1162 tamen
1064 1106 1321 1161 Dominus
1383 1108 1436 1161 in
1489 1105 1795 1177 Evangelia.

186 1201 471 1256 Christum
514 1217 648 1273 ergo
674 1200 954 1256 Dominum
986 1218 1143 1257 suum
1176 1203 1463 1274 agnoscit,
1510 1211 1565 1258 et
1618 1201 1795 1256 Evan-

186 1293 385 1365 getium
414 1294 535 1363 ejus
558 1338 570 1362 ,
614 1295 948 1350 contrarium
998 1296 1124 1351 licet
1151 1295 1459 1351 Judaeorum
1490 1295 1800 1351 traditioni-

185 1385 307 1441 bus.
326 1386 409 1442 De
423 1386 782 1443 Hebrazorum
796 1387 959 1443 etiam
973 1396 1135 1458 gente
1152 1389 1328 1457 capite
1342 1387 1568 1442 xvilibJ
1590 1387 1795 1457 Regum

187 1478 454 1534 nonnulla
480 1490 839 1547 memoratus,
864 1495 960 1535 eos
989 1480 1332 1535 habetvcluti
1360 1479 1694 1550 alienigenas
1724 1479 1799 1533 si-

187 1574 353 1643 bique
388 1586 705 1629 extraneos.
764 1572 832 1628 In
856 1574 1081 1629 Hebraeo
1102 1575 1175 1627 ita
1202 1573 1439 1639 habetur,
1501 1573 1695 1643 inquit,
1750 1581 1799 1627 et

188 1668 383 1736 fratres
409 1677 527 1721 tuas
556 1666 811 1731 uisitabis,
836 1668 879 1719 si
916 1676 1050 1721 recte
1079 1674 1260 1736 agant,
1299 1675 1346 1719 et
1376 1665 1594 1737 pignora
1620 1681 1799 1718 eorum

188 1756 363 1812 tolles.
413 1756 647 1829 Pignora
686 1760 738 1811 in
756 1757 853 1811 hac
883 1757 997 1811 loco
1018 1756 1228 1811 Hebrtei
1260 1756 1462 1811 libellos
1493 1757 1696 1828 repudii
1717 1757 1801 1811 in-

1898 547 2006 603 odii
2035 548 2478 618 prusuinptione,
2513 548 2599 604 vel
2629 548 2879 603 censorio
2901 524 3191 617 supercilio
3215 546 3383 616 ipsam
3413 553 3491 599 tc-

1896 658 2108 699 merare
2126 658 2190 699 ac
2207 642 2548 697 oblitterare.
2574 640 2787 709 Ubique
2815 650 2999 697 manet
3026 640 3283 696 Hebraeus
3308 648 3493 694 noster

1896 735 2239 794 Christianus
2262 779 2276 802 ,
2332 735 2436 791 hoc
2461 736 2545 792 vel
2579 736 2712 791 illud
2740 749 2845 791 non
2879 733 3075 790 haberi
3102 734 3154 788 in
3188 732 3492 788 Hebraico:

1898 846 2002 887 nec
2026 840 2315 902 propterea
2344 830 2605 901 expungit
2633 829 2687 883 in
2719 842 2877 885 sacro
2893 836 3151 884 contextu
3173 841 3341 882 voces
3358 824 3506 881 Lati-

1898 938 1996 978 nas
2024 922 2334 992 hujusmodi
2378 920 2767 987 redundantes,
2796 934 2931 991 quas
2954 920 3023 975 ab
3068 918 3364 986 interprete
3392 918 3493 973 La-

1902 1017 2015 1071 tino
2038 1014 2252 1070 additas
2281 1023 2541 1080 noverat,
2577 1023 2634 1069 ut
2662 1012 2841 1068 Latini
2892 1012 3161 1069 sermonis
3191 1012 3496 1083 proprietas

1898 1108 2264 1178 compleretur
2292 1106 2852 1178 inScriptura.Quam
2882 1106 3190 1176 opinionem
3216 1104 3262 1159 si
3290 1103 3495 1159 futilem

1899 1202 2286 1268 mstimaveris,
2318 1201 2447 1255 audi
2479 1202 2651 1270 ipsum
2681 1200 3008 1256 scholiasten
3059 1196 3495 1254 Commentario-

1900 1298 1967 1353 lis
2013 1300 2066 1353 in
2113 1296 2390 1353 canticum
2434 1296 2704 1351 Debborae
2735 1296 2806 1350 ita
2830 1295 3191 1351 scribentem:
3227 1294 3331 1350 Sed
3360 1295 3496 1361 quod

1900 1389 2014 1457 ait,
2047 1404 2080 1443 o
2111 1388 2355 1453 Amalec,
2402 1388 2456 1441 in
2490 1386 2707 1441 chrwo
2738 1403 2841 1441 non
2891 1387 3118 1457 legitur;
3166 1386 3258 1440 sed
3279 1385 3500 1440 Latinus

1900 1483 2153 1551 interpres
2182 1498 2357 1536 sensus
2391 1481 2559 1555 gratia
2598 1480 2695 1535 hac
2722 1479 2944 1533 addidit.
2977 1480 3206 1551 Legerat
3236 1480 3375 1535 haud
3398 1479 3501 1535 du-

1902 1574 1989 1629 bie
2017 1574 2313 1646 epistolam
2346 1572 2665 1645 Hieronymi
2706 1571 2772 1627 ad
2802 1572 3063 1628 Sunniam
3113 1581 3169 1627 et
3199 1572 3495 1638 Fretelam,

1903 1668 1959 1724 in
1986 1684 2087 1738 qua
2136 1668 2203 1723 de
2234 1682 2394 1723 versu
2452 1666 2727 1738 trigesimo
2758 1676 2950 1721 octavo
2979 1664 3166 1736 psalmi
3196 1680 3374 1720 Lxxvn
3406 1665 3502 1720 Vir

1905 1773 2127 1819 sanctus
2183 1761 2405 1816 disserit
2456 1760 2509 1815 in
2561 1758 2704 1814 hunc
2758 1758 3016 1815 modum:
3061 1757 3379 1814 lneodem:
3432 1757 3503 1813 Et

186 1850 457 1923 telligunt.
512 1851 787 1921 Siquidem
832 1868 983 1906 usum
1010 1850 1157 1905 illius
1187 1852 1351 1923 gentis
1394 1852 1558 1922 fuisse
1595 1853 1792 1923 ferunt,
1825 1848 1874 1909 Β
1904 1856 2170 1926 prOpitius
2194 1854 2287 1910 fiet
2321 1854 2560 1924 peccatis
2589 1868 2778 1909 eorum
2807 1893 2822 1919 ,
2854 1861 2909 1908 et
2939 1868 3049 1908 non
3077 1851 3354 1922 disperdat
3383 1866 3499 1907 eos.

186 1955 241 1998 ut
281 1944 505 2015 quando
550 1945 722 1999 ibatur
749 1945 812 1999 ab
841 1947 913 2000 eis
959 1946 1013 1999 in
1054 1961 1303 2017 pugnam,
1337 1945 1542 1999 libellos
1591 1945 1797 2013 repudii

186 2036 449 2090 uxoribus
476 2036 584 2089 suis
608 2036 828 2090 darent:
862 2045 919 2090 ut
947 2036 991 2089 si
1023 2036 1321 2108 contigisset
1350 2036 1517 2090 virum
1544 2036 1596 2090 in
1616 2036 1797 2107 praelia

184 2129 325 2199 capi,
375 2141 424 2182 et
452 2128 507 2181 in
533 2128 889 2197 captivitatem
931 2128 1076 2193 duci,
1100 2127 1284 2182 mulier
1307 2131 1442 2201 ejus,
1490 2130 1798 2201 exspectatis

184 2222 353 2275 tribus
400 2221 585 2287 annis,
622 2221 665 2273 si
718 2222 797 2274 vir
842 2222 952 2290 ejus
999 2236 1102 2275 non
1127 2219 1363 2286 redisset,
1397 2224 1560 2276 alium
1590 2222 1800 2276 duceret

182 2316 378 2372 virum.
423 2313 620 2369 Videat
648 2328 793 2370 nunc
820 2314 1063 2385 prudens
1091 2315 1271 2370 lector
1292 2330 1455 2385 quam
1482 2316 1628 2372 clare
1666 2331 1802 2385 gen-

186 2419 298 2465 tem
344 2409 452 2464 sibi
486 2408 714 2464 alienam
771 2408 825 2463 in
872 2408 1180 2464 Iudaeorum
1221 2419 1379 2479 gente
1408 2409 1800 2466 demonstrarit

188 2504 459 2560 Hebrmus
490 2502 850 2568 scholiastes,
898 2512 1087 2558 auctor
1114 2504 1317 2570 Quaest.
1349 2504 1512 2560 Hebr.
1544 2504 1597 2559 in
1629 2504 1800 2562 libros

187 2595 425 2669 Regum.
480 2596 598 2653 Non
621 2597 789 2652 dixit:
820 2597 1092 2667 Siquidem
1121 2614 1247 2653 usus
1271 2608 1462 2654 nostra:
1489 2600 1652 2670 gentis
1676 2600 1795 2670 fuit,

186 2692 332 2763 quod
386 2690 576 2763 utique
605 2691 826 2747 Judazus
876 2691 1039 2747 homo
1091 2691 1274 2747 dicere
1328 2691 1642 2748 debuisset:
1701 2691 1798 2748 sed

188 2793 472 2856 tamquam
486 2786 555 2841 de
573 2784 897 2856 alienigenis
924 2785 1173 2855 loquens,
1199 2785 1455 2853 siquidem
1485 2801 1633 2838 usum
1655 2784 1799 2839 illius

189 2882 365 2952 gentis
394 2882 560 2949 fuisse
590 2881 779 2950 ferunt.
811 2878 956 2934 Nihil
1003 2878 1329 2950 gentilitium
1362 2880 1629 2949 agnoscit,
1665 2878 1798 2935 nihil

190 2974 561 3031 domesticum
594 2974 649 3030 in
678 2975 992 3031 Judreorum
1025 2973 1425 3041 traditionibus,
1456 2988 1574 3044 qua:
1600 2983 1800 3029 matres

190 3075 380 3123 tamen
426 3067 778 3122 llebrazorum
819 3072 1066 3137 spectant
1107 3066 1160 3120 in
1205 3065 1387 3121 libello
1416 3065 1650 3135 repudii.
1696 3065 1799 3121 Po.

190 3160 423 3213 luissem
448 3167 503 3214 ct
530 3173 601 3213 ex
628 3156 750 3213 aliis
792 3157 1045 3228 capitulis
1082 3156 1396 3213 earumdem
1424 3157 1793 3224 Quaestionum

188 3250 596 3308 Hebraicarum
645 3252 701 3307 in
756 3251 927 3307 libros
962 3250 1171 3323 Regum
1222 3261 1277 3308 et
1322 3253 1791 3324 Paralipomenon,
1822 3233 1869 3297 Ο

152 3345 423 3415 planum
491 3345 690 3415 legenti
750 3344 933 3401 facere
992 3344 1322 3401 scholiasten
1387 3345 1629 3401 Canonis
1686 3346 1797 3401 He-

189 3438 401 3495 braica:
434 3439 685 3493 veritatis
740 3438 1015 3494 hominem
1055 3437 1224 3494 fuisse
1249 3437 1649 3506 Christianum;
1704 3440 1799 3495 sed

191 3532 486 3587 anhelanti
517 3530 683 3587 ﬁnem
712 3531 1239 3603 Prolegomenorum
1269 3547 1443 3603 pauca
1488 3548 1585 3602 pro
1616 3533 1801 3589 multis

192 3625 513 3682 sufﬁciant:
548 3626 789 3682 maxime
815 3626 959 3697 quod
1007 3627 1198 3683 eadem
1230 3626 1520 3682 difﬁcultas
1548 3628 1600 3682 in
1626 3629 1800 3684 altero

190 3720 481 3775 volumine
530 3719 719 3776 redeat
772 3720 967 3776 iterum
1019 3720 1381 3776 discutienda.
1413 3720 1798 3778 Verumtamen

191 3827 496 3885 antequam
545 3814 613 3870 de
685 3813 787 3871 hac
841 3815 1042 3870 tabella
1092 3814 1310 3870 tollatur
1362 3830 1594 3884 manus,
1655 3816 1803 3871 utili-

195 3916 373 3963 tatem
445 3906 782 3963 scboliorum
840 3908 1222 3979 marginalium
1266 3907 1503 3964 Cauouis
1560 3908 1801 3965 breviter

195 4004 667 4074 perstringamus.

268 4094 423 4149 Inter
448 4094 747 4165 praecipuas
768 4093 1032 4151 utilitates
1058 4094 1431 4165 marginalium
1470 4094 1799 4152 scholiorum

194 4187 445 4245 Canonis
474 4187 754 4244 llebraicre
776 4188 1047 4258 veritatis,
1081 4188 1313 4258 primam
1344 4204 1626 4257 recenseo,
1655 4189 1798 4260 quod

195 4294 360 4337 arma
424 4279 583 4335 nobis
638 4279 1057 4335 subministrant
1105 4279 1171 4335 ad
1227 4281 1583 4337 revincendos
1642 4279 1802 4351 hujus

196 4370 469 4437 temporis
511 4371 897 4436 heterodoxos,
938 4373 1027 4441 qui
1054 4372 1255 4442 saepius
1282 4372 1541 4429 Ecclesia:
1570 4372 1666 4428 Dei
1713 4373 1799 4428 in-

194 4463 480 4520 sultarunt
507 4462 577 4518 de
625 4463 966 4534 ignoratione
996 4463 1194 4536 lingua:
1224 4464 1526 4531 I'Iebraieae,
1556 4463 1801 4521 dicentes

198 4557 482 4613 neminem
509 4556 875 4613 Romanorum
908 4569 1184 4628 repertum
1225 4558 1393 4615 fuisse
1428 4567 1553 4629 post
1582 4568 1798 4615 aetatem

1904 1947 2107 2014 Dicitis,
2138 1948 2296 2019 quod,
2344 1961 2460 2012 eos,
2494 1947 2548 2001 in
2571 1944 2753 2000 Graeco
2779 1962 2885 2000 non
2916 1946 3116 2011 habeat,
3166 1946 3306 2016 quod
3336 1953 3384 1999 et
3416 1960 3501 1999 ve-

1898 2059 2017 2096 rum
2044 2050 2139 2096 est.
2170 2041 2276 2096 Sed
2322 2057 2415 2094 nos
2444 2056 2509 2095 ne
2536 2040 2789 2094 sententia
2836 2042 3085 2110 pendeat,
3130 2036 3372 2092 Latinum
3395 2054 3503 2092 ser-

1900 2149 2101 2187 monem
2146 2148 2241 2186 sua
2284 2130 2599 2201 proprietate
2650 2130 3041 2201 complevimus.
3085 2129 3158 2183 Et
3185 2145 3315 2184 vero
3370 2128 3498 2200 quid

1900 2227 2187 2283 obscurius
2212 2226 2267 2281 in
2311 2226 2438 2281 totis
2476 2225 2730 2281 codicum
2756 2225 3073 2280 Latinorum
3133 2223 3501 2281 voluminibus

1900 2320 2074 2376 sacris
2103 2328 2405 2382 resonaret,
2443 2334 2603 2389 quam
2637 2318 2746 2373 illa:
2773 2318 3059 2374 sententia!
3091 2316 3415 2388 pendentes,
3447 2316 3504 2373 in

1904 2412 2105 2484 quibus
2137 2412 2305 2469 verba
2332 2412 2616 2480 nonnulla,
2643 2412 2991 2482 pronomina,
3034 2427 3099 2467 ac
3120 2413 3345 2469 verbum
3372 2411 3503 2468 sub-

1900 2506 2219 2572 stantivum,
2272 2505 2593 2561 tollerentur
2620 2506 2642 2559 t
2695 2505 2859 2562 Verbi
2890 2505 3064 2577 gratia
3087 2514 3244 2561 notat
3264 2505 3501 2563 scholia-

1899 2609 2011 2658 stcs
2060 2602 2112 2655 in
2158 2608 2324 2671 caput
2372 2616 2462 2655 χιχ
2514 2598 2745 2656 Levitici
2769 2615 2915 2656 vers.
2950 2601 3015 2655 M
3056 2615 3165 2655 non
3211 2600 3400 2655 haberi
3444 2600 3498 2655 in

1901 2693 2150 2760 Hebraeo,
2176 2694 2321 2760 quia,
2371 2707 2569 2764 neque,
2602 2709 2721 2746 sum
2738 2710 2757 2747 :
2808 2707 2929 2763 qua:
2950 2693 3115 2749 verba
3146 2702 3324 2750 tamen
3350 2708 3500 2749 com-

1898 2788 2048 2860 plent
2078 2789 2468 2860 proprietatem
2512 2787 2781 2845 sermonis
2826 2788 3033 2856 nostri,
3088 2788 3315 2857 pulchre
3354 2790 3497 2845 enim

1899 2882 2257 2939 dicitur:Sed
2285 2882 2484 2938 timebis
2505 2881 2673 2937 Deum
2700 2890 2864 2945 tuum,
2897 2882 3020 2949 quia
3046 2898 3140 2953 ego
3181 2899 3294 2937 sum
3324 2881 3504 2938 Dami-
3588 2924 3597 2935 .

1899 2992 2016 3031 nus.
2046 2975 2155 3031 Nec
2199 2975 2269 3029 ita
2312 2988 2503 3030 sensus
2530 2972 2752 3044 pendet,
2784 2974 2829 3027 sl
2870 2972 3137 3044 legamus,
3182 2973 3275 3028 sed
3305 2974 3502 3029 timebis

1899 3066 2064 3121 Deum
2116 3076 2276 3133 tuum,
2331 3082 2424 3137 ego
2464 3064 2759 3120 Dominus:
2792 3064 2995 3135 pendet
3056 3079 3288 3134 namque
3314 3064 3499 3136 aliquo

1899 3160 2063 3216 modo
2096 3160 2284 3216 isthrcc
2311 3160 2579 3215 sententia
2607 3167 2832 3230 propter
2852 3158 3159 3214 absentiam
3191 3159 3313 3230 quia
3330 3158 3503 3230 parti-

1900 3255 2038 3310 cula:
2066 3254 2323 3317 causalis,
2380 3268 2443 3307 ac
2493 3252 2644 3307 verbi
2698 3250 3025 3306 substantivi
3066 3267 3200 3305 sum.
3237 3249 3312 3303 Ea
3339 3250 3502 3320 igitur

1900 3348 2089 3414 verba,
2115 3363 2235 3418 quze
2264 3348 2315 3402 in
2346 3346 2593 3402 Hebrazis
2621 3345 2984 3402 voluminibus
3008 3361 3104 3417 per
3128 3354 3299 3401 totum
3321 3343 3501 3402 Cano-

1900 3459 2025 3500 ncm
2049 3442 2304 3497 dicuntur
2324 3441 2540 3505 abesse.
2560 3455 2665 3495 non
2690 3438 2968 3509 superﬂue
2997 3437 3179 3495 addita
3204 3446 3501 3494 noscuntur

1902 3537 1955 3592 in
1985 3537 2239 3593 versione
2268 3534 2481 3600 Latina,
2505 3533 2633 3605 quia
2663 3532 2785 3590 sine
2812 3533 2921 3589 illis
2946 3533 3175 3589 obscura
3195 3532 3281 3589 vel
3312 3534 3501 3590 mutila

1900 3628 2077 3685 oratio
2148 3633 2508 3695 remaneret,
2584 3637 2642 3681 ut
2688 3626 2935 3697 diligenti
2992 3626 3181 3682 lectori
3237 3626 3499 3697 liquidum

1900 3722 2025 3788 erit,
2071 3721 2287 3792 quando
2329 3718 2569 3776 monitus
2622 3718 2725 3775 hoc
2766 3718 2981 3775 scholio
3025 3719 3331 3791 marginali,
3386 3719 3498 3776 IIe-

1903 3816 2069 3870 brwus
2110 3832 2211 3870 non
2244 3813 2413 3885 habet,
2441 3813 2654 3870 animos
2684 3812 2981 3870 attenderit
3009 3813 3077 3869 ad
3106 3815 3499 3887 consequentia

1900 3909 2199 3965 sermonis.

1973 4001 2090 4057 Non
2116 3990 2447 4058 mediocrem
2492 4002 2749 4059 existimo
2789 4001 2842 4057 in
2870 4000 3095 4058 scholiis
3124 4000 3366 4058 Canonis
3392 4002 3504 4059 fru-

1900 4104 2049 4152 ctum
2079 4098 2240 4152 etiam
2273 4097 2525 4165 alterum,
2577 4113 2686 4168 quo
2734 4096 3024 4153 occludere
3069 4111 3358 4167 possumus
3400 4097 3505 4153 lin-

1901 4206 2059 4267 guam
2084 4191 2209 4257 illis,
2230 4191 2323 4262 qui
2345 4192 2463 4247 ausi
2489 4201 2615 4247 sunt
2644 4190 2895 4262 plurimis
2918 4192 3063 4247 abuti
3098 4192 3498 4263 Scripturarum

1903 4281 2233 4338 testimoniis
2260 4326 2275 4349 ,
2314 4297 2487 4354 eaque
2531 4283 2586 4338 in
2626 4298 2755 4340 suos
2784 4298 2976 4339 sensus
3007 4285 3223 4341 trahere
3266 4285 3333 4340 ad
3378 4300 3506 4356 pro-

1903 4377 2073 4448 priam
2106 4376 2367 4448 ipsorum,
2386 4387 2440 4432 et
2462 4377 2696 4433 aliorum
2713 4377 3029 4448 perniciem.
3049 4377 3282 4433 Tantum
3306 4377 3504 4447 saepius

1902 4468 2007 4525 sibi
2025 4479 2280 4541 arrogant
2302 4470 2521 4542 quidam
2550 4471 2670 4541 ejus
2699 4476 2797 4527 sevi
2820 4472 3142 4541 scriptores,
3158 4481 3216 4527 ut
3240 4470 3501 4540 receptis-

1904 4566 2095 4622 simam
2143 4581 2207 4621 ac
2253 4565 2739 4623 celebratissimam
2771 4565 3029 4621 Ecclesia:
3060 4564 3403 4620 traditionem
3430 4579 3499 4620 ex

202 4648 527 4720 Hieronymi
553 4649 817 4706 Hebraice
853 4650 1146 4707 scientem:
1194 4650 1429 4722 ideoque
1456 4651 1611 4722 quasi
1651 4651 1798 4706 clau-

1908 4674 2080 4715 saerze
2112 4660 2413 4730 Scriptura:
2462 4657 2656 4714 frivola
2689 4656 3139 4725 interpretatione
3182 4656 3504 4713 subverten-

203 4741 281 4795 sis
305 4740 483 4796 oculis
510 4740 807 4798 catholicos
848 4758 1040 4799 omnes
1078 4742 1381 4800 adhaesisse
1407 4744 1652 4817 Vulgata:
1681 4762 1808 4801 ver-

204 4832 376 4899 sioni,
406 4847 510 4888 nec
540 4847 703 4904 pares
728 4833 896 4891 fuisse
926 4834 993 4890 ad
1025 4836 1142 4906 ejus
1169 4851 1385 4893 errores
1435 4836 1517 4909 (ut
1566 4836 1671 4908 ipsi
1708 4852 1805 4894 vo-

200 4926 372 4992 cant)
401 4926 779 4996 coarguendos
831 4935 887 4983 et
924 4928 1317 4985 emendandos.
1376 4929 1597 4985 Discant
1640 4930 1804 5002 igitur

201 5018 606 5076 obtrectatores
656 5020 736 5076 illi
761 5062 778 5089 ,
806 5020 1065 5077 Ecclesia:
1092 5021 1352 5079 Romanae
1382 5038 1676 5095 numquam
1708 5025 1803 5081 de-

202 5110 373 5168 fuisse
427 5112 581 5168 viros
612 5112 876 5170 Hebraice
902 5114 1115 5178 doctos.
1166 5116 1260 5187 qui
1312 5116 1553 5189 Vulgata:
1598 5118 1806 5175 Latina:

203 5206 426 5263 codices
461 5207 717 5264 manibus
746 5208 991 5280 quotidie
1022 5218 1285 5279 terentes,
1342 5226 1459 5267 eam
1482 5211 1698 5283 publice
1718 5227 1807 5269 re-

204 5302 476 5373 darguere
524 5312 690 5374 atque
740 5304 1011 5375 castigare
1043 5306 1371 5376 potuissent,
1419 5306 1465 5361 si
1510 5307 1637 5378 quid
1659 5322 1805 5364 same

204 5394 474 5452 doetrinte
505 5406 601 5452 aut
635 5399 843 5453 sanctis
884 5397 1127 5454 moribus
1170 5399 1503 5454 contrarium
1546 5398 1619 5455 ibi
1646 5414 1803 5470 repeo

205 5489 429 5547 riretur.
477 5490 694 5559 Quanta
734 5499 891 5561 putas
929 5490 1207 5563 diligentia
1240 5492 1648 5550 translationem
1681 5493 1807 5550 Hie-

206 5583 420 5655 ronymi
453 5583 522 5637 ab
572 5582 865 5639 scholiaste
897 5582 1135 5640 Canonis
1163 5584 1505 5655 expensam?
1544 5584 1661 5640 Non
1707 5586 1807 5641 luit

208 5674 263 5732 in
286 5690 348 5731 ea
377 5674 696 5743 verbulum,
725 5691 832 5731 non
870 5676 1102 5748 syllaba,
1153 5692 1260 5731 non
1295 5690 1455 5746 apex,
1482 5677 1573 5747 qui
1596 5676 1808 5748 fugeret

208 5766 356 5824 illius
377 5769 583 5825 eruditi
613 5770 902 5839 scriptoris
926 5784 1243 5825 censuram:
1277 5769 1371 5825 sed
1412 5770 1564 5825 salvo
1589 5786 1807 5841 semper

210 5859 706 5935 honoreVulgatae,
738 5862 853 5921 sive
872 5861 1309 5935 Hicronymiaua:
1338 5863 1626 5936 versionis,
1645 5879 1805 5939 quam

1908 4750 2033 4807 dam
2062 4760 2318 4821 sperent,
2352 4756 2409 4805 et
2449 4750 2563 4805 suis
2607 4749 2789 4821 potius
2820 4748 3147 4805 commentis
3196 4746 3502 4804 credituros

1910 4842 2168 4909 lcetores,
2196 4858 2356 4913 quam
2382 4840 2589 4897 Christi
2617 4840 3290 4897 attestantisoraculo.Sic
3314 4840 3501 4897 videas

1905 4950 2073 5008 opera
2121 4934 2377 5007 pestifera
2423 4943 2480 4992 et
2507 4935 2700 4991 Latino
2728 4934 3013 4992 etGallico
3057 4949 3311 4992 sermone
3366 4951 3504 4991 con-

1906 5028 2128 5099 scripta,
2162 5028 2252 5083 ubi
2280 5028 2561 5099 prtelracte
2584 5036 2783 5099 negant
2810 5028 2996 5085 Mosen
3029 5036 3304 5084 auctorem
3336 5026 3507 5083 fuisse

1912 5122 2174 5177 librorum
2234 5119 2629 5177 Pentateuchi:
2689 5120 2833 5192 quod
2895 5130 2955 5175 ut
3031 5120 3265 5191 probent
3315 5128 3506 5177 contra

1909 5212 2113 5270 Christi
2164 5221 2221 5270 et
2266 5213 2640 5285 apostolorum
2685 5211 2803 5283 ejus
2833 5212 3210 5269 auctoritatem
3239 5253 3254 5279 ,
3303 5211 3507 5284 aliquot

1910 5308 2029 5365 loca
2077 5308 2312 5365 aﬂ'eruut
2355 5306 2655 5377 praesertim
2697 5320 2765 5362 ex
2794 5304 3255 5374 Deuterouomio,
3310 5307 3509 5377 quibus

1916 5401 2156 5473 perversi
2199 5400 2470 5471 dogmatis
2497 5408 2551 5455 et
2592 5398 2875 5470 hucusque
2928 5398 3155 5455 inauditi
3191 5399 3504 5469 opinionem

1909 5494 2104 5551 fultam
2133 5508 2257 5550 esse
2286 5492 2494 5549 volunt.
2536 5491 2805 5562 Scriptum
2857 5499 2978 5559 est,
3029 5492 3309 5563 inquiunt,
3357 5492 3505 5548 Deu-

1911 5586 2204 5644 teronomii
2227 5600 2348 5656 cap.
2380 5601 2420 5651 1,
2448 5600 2588 5642 vers.
2625 5586 2686 5640 l:
2723 5583 2853 5639 Htec
2881 5593 3001 5639 sunt
3029 5585 3201 5650 verba,
3230 5584 3505 5654 quietam-

1914 5692 1993 5738 tus
2035 5690 2109 5736 est
2132 5679 2303 5736 Moses
2353 5678 2422 5735 ad
2475 5696 2677 5735 omnem
2706 5676 2877 5735 Israel
2903 5688 3046 5733 trans
3074 5677 3397 5747 Iordanem;
3449 5686 3507 5735 et

1914 5772 2111 5830 deinde
2134 5788 2255 5845 cap.
2290 5789 2372 5840 tu,
2402 5789 2548 5830 vers.
2580 5774 2647 5829 8:
2688 5770 3027 5843 Tulimusque
3055 5771 3147 5827 illo
3190 5775 3243 5826 in
3279 5781 3506 5847 tempore

1918 5876 2113 5925 terram
2145 5866 2209 5923 de
2237 5882 2394 5923 manu
2437 5866 2658 5923 duorum
2714 5880 2894 5938 regum
2940 5863 3381 5938 Amorrltteorum,
3417 5864 3506 5939 qui
