4040 6360
529 303 601 365 99
1127 305 1222 365 AD
1256 304 1318 367 Β.
1360 304 1743 367 lllERONYMI
1784 305 2070 367 Dll'lX'AM
2113 305 2626 371 BIBLIOTHECAM
2665 306 3204 373 PROLEGOMENA.

3721 312 3833 376 {00

526 432 679 479 erant
745 430 890 481 trans
934 425 1247 482 Iordanem.
1319 426 1605 501 Repugnat
1654 439 1836 485 autem
1890 427 2007 482 haec
2058 426 2126 482 ab
2153 428 2207 490 A
2234 432 2412 483 tamen
2444 427 2635 500 pagina
2659 429 2986 502 multiplices
3010 430 3242 488 ostendo
3268 409 3599 489 scholiorum
3621 430 3827 488 fructos

528 518 649 589 ipso
692 519 842 576 Mose
896 518 1071 577 fuisse
1122 520 1317 577 litteris
1379 520 1611 590 tradita,
1675 535 1799 575 cum
1859 518 1956 576 ille
2000 534 2129 575 nus~

528 628 691 684 quam
753 612 1058 671 Jordanem
1132 616 1451 683 transierit,
1508 625 1561 669 et
1612 628 1768 686 reges
1822 613 2133 673 Amorrhtei

530 713 782 777 respectu
839 706 1011 776 ipsius
1050 706 1163 765 'non
1218 716 1401 771 trum,
1438 705 1532 762 sed
1571 707 1644 762 cis
1685 704 1982 763 Jordanem
2035 707 2130 763 ha-

530 798 838 856 bitaverint.
873 799 932 858 Si
979 810 1161 858 autem
1204 814 1543 873 opponamns
1590 798 1645 855 in
1676 798 1945 857 Hebraico
1994 800 2131 857 serio

529 901 678 962 ptum
719 892 823 963 legi
862 901 1058 963 ﬁam,
1109 893 1287 948 (roever
1316 930 1334 959 ,
1368 890 1514 963 quod
1552 890 1776 949 omnino
1814 892 2127 965 ambiguum

527 998 652 1058 est,
698 1000 755 1047 et
800 990 869 1046 ad
921 990 1236 1047 citeriorem
1263 1031 1278 1057 ,
1327 988 1415 1045 vel
1446 986 1760 1046 ulteriorem
1787 1000 1991 1059 partem
2036 1004 2127 1046 ac-

523 1085 861 1145 commodari
891 1094 1073 1155 potest
1094 1098 1193 1155 pro
1232 1084 1628 1157 consequentia
1680 1084 1985 1143 sermonis:
2040 1098 2131 1139 ur-

522 1187 654 1249 gent
672 1178 849 1235 adhuc
870 1176 1139 1243 dicentes,
1159 1184 1316 1242 nam
1329 1190 1567 1246 semper,
1586 1185 1750 1241 trans,
1778 1173 2129 1243 interpretari

524 1271 669 1341 apud
701 1284 893 1326 ornues
915 1277 1153 1336 veteres,
1186 1268 1278 1339 qui
1319 1267 1561 1338 linguam
1598 1266 1931 1325 llebraicam
1962 1264 2131 1321 calle-

523 1361 675 1417 bant.
706 1362 775 1417 At
819 1359 1009 1429 velint,
1042 1358 1246 1428 nolint,
1283 1358 1693 1417 Denteronomii
1746 1356 1984 1429 scriptor
2032 1356 2131 1414 fuit

524 1453 642 1523 ipse
674 1452 894 1510 Moses:
929 1466 1030 1510 uec
1074 1452 1369 1510 temeritati
1411 1451 1821 1511 neotericornm
1869 1448 2128 1521 deinceps

524 1545 852 1618 relinquitur
894 1545 1081 1613 locus,
1113 1546 1374 1616 quoniam
1420 1543 1632 1601 scholia
1664 1540 1988 1616 marginalia
2022 1542 2128 1597 Ca-

525 1639 686 1697 nonis
741 1639 1022 1696 liebraieaa
1060 1637 1310 1697 veritatis
1356 1638 1705 1709 apertissime
1738 1636 2128 1694 demonstrant

524 1748 717 1799 vocem
742 1733 1047 1801 Hebraeum,
1070 1731 1267 1800 (roever,
1298 1748 1407 1789 non
1427 1742 1596 1801 trans,
1618 1745 1740 1788 esse
1765 1730 2123 1799 reddendam,

2230 527 2287 574 et
2316 518 2598 591 utilitates,
2623 532 2683 579 ut
2714 523 2796 579 sic
2813 521 2885 583 de
2909 523 3125 582 emeris
3156 522 3458 580 innumeris
3485 522 3644 586 bonis
3680 522 3829 594 judi-

2231 610 2371 667 cium
2392 626 2462 668 ex
2489 627 2596 669 uno
2623 612 2885 672 faciamus
2916 616 3053 673 loco.
3077 614 3346 673 Columna
3368 614 3529 684 igitur
3548 615 3618 671 99
3639 625 3696 671 et
3724 617 3831 675 100

2232 701 2332 759 ista
2379 715 2676 761 occurrunt
2716 706 3035 778 marginalia
3080 706 3290 765 scholia
3315 750 3333 777 ,
3380 707 3556 778 primo
3589 722 3622 765 ο
3656 707 3830 765 latere

2231 793 2391 867 hujus
2428 798 2572 855 sacri
2611 809 2941 856 contextus:
2994 797 3064 855 Et
3096 800 3318 872 populus
3362 808 3481 857 tutu
3507 816 3658 868 quem
3701 800 3830 855 edu-

2228 889 2373 961 an'sti,
2402 900 2511 948 etc.
2544 891 2624 947 lta
2656 902 2845 949 mouet
2867 892 3213 962 Scholiastes,
3244 893 3495 951 Hebraeus
3520 910 3626 950 non
3649 891 3825 964 habet,

2231 991 2370 1036 tuus.
2423 982 2480 1039 ln
2525 982 2628 1039 hac
2672 984 2957 1041 notatione
3008 984 3143 1042 ﬁdes
3180 985 3300 1057 ejus
3345 985 3582 1047 maxime
3624 985 3829 1055 elucet,

2230 1084 2394 1147 atque
2430 1077 2733 1149 diligentia.
2763 1080 3179 1151 Consequenler
3219 1097 3351 1141 vero
3392 1082 3462 1138 ad
3502 1081 3595 1141 illa
3625 1082 3826 1138 verba:

2232 1166 2370 1223 Novi
2400 1178 2449 1224 te
2475 1186 2539 1225 ea:
2559 1172 2784 1240 nomine,
2817 1172 2985 1230 semel
3010 1185 3065 1230 et
3101 1176 3300 1233 iterum
3326 1174 3486 1233 docet
3518 1175 3573 1233 in
3597 1174 3830 1235 Hebraeo

2231 1258 2443 1330 haberi,
2479 1261 2761 1319 Notescent
2797 1263 2891 1320 tibi
2921 1266 2975 1321 in
3024 1267 3264 1322 nomine:
3286 1266 3457 1335 Quam
3502 1266 3830 1336 interpreta-

2229 1351 2435 1410 tionem
2465 1353 2521 1410 in
2559 1355 2684 1412 aliis
2724 1355 2969 1413 Hebraeis
2998 1357 3390 1434 scriptoribus,
3419 1368 3478 1417 et
3514 1359 3829 1417 Latinorum

2231 1447 2480 1518 plurimis
2507 1447 2932 1509 Commentariis
2967 1451 3167 1509 frustra
3206 1452 3452 1524 quaesivi.
3494 1455 3667 1524 Quam
3707 1455 3833 1525 pius

2229 1558 2449 1615 quoque
2479 1544 2641 1601 fuerit
2666 1560 2733 1601 ac
2752 1544 3045 1618 religiosus
3072 1557 3261 1605 noster
3285 1546 3631 1617 scholiastes,
3656 1548 3830 1607 disci-

2232 1649 2373 1703 mus,
2426 1638 2481 1692 ni
2529 1637 2719 1705 fallor,
2763 1654 2828 1695 ex
2881 1639 3046 1697 modo
3091 1640 3399 1710 exponendi
3459 1640 3602 1701 hunc
3648 1640 3834 1701 Exodi

2230 1726 2446 1782 locum:
2481 1727 2597 1802 Ego
2641 1730 2906 1785 ostendam
2952 1748 3100 1788 omne
3144 1732 3338 1789 bonum
3378 1733 3508 1801 tibi,
3544 1743 3593 1792 et
3643 1733 3837 1790 uocabo

523 1824 643 1897 sed,
673 1825 727 1880 ίη
763 1825 1010 1881 gramm,
1049 1824 1181 1895 Qum
1204 1824 1308 1882 hoc
1357 1824 1520 1881 modo
1562 1823 1704 1881 tecta
1743 1834 1799 1881 θι
1844 1823 2122 1881 intellecta
2154 1814 2203 1876 B
2227 1818 2284 1872 in
2309 1819 2516 1876 nomine
2547 1820 2781 1891 Domini,
2804 1833 2914 1879 etc.
2944 1823 3062 1881 Non
3088 1825 3235 1881 enim
3273 1840 3338 1885 ea
3366 1825 3531 1884 verba
3566 1826 3734 1883 refert
3760 1826 3833 1884 ad

527 1917 739 1989 optime
784 1918 1041 1974 convenit
1092 1916 1229 1975 Mosi
1272 1917 1515 1988 loquenti
1557 1929 1623 1974 ac
1661 1916 1922 1973 seribenti
1957 1932 1972 1970 :
2004 1922 2126 1971 erat

525 2012 672 2068 enim
695 2012 750 2070 in
777 2013 1063 2083 procinctu
1089 2011 1158 2067 ad
1185 2008 1885 2069 transemldumiordanem
1908 2007 2126 2077 quando

528 2106 695 2164 verba
742 2106 1154 2164 Denteronomii
1198 2105 1410 2163 locutus
1447 2114 1531 2161 est
1579 2101 1648 2159 ad
1680 2116 1898 2161 omnem
1931 2100 2124 2159 Israel.

526 2200 665 2257 Ecce
685 2214 845 2271 quam
877 2199 984 2256 levi
1024 2198 1276 2271 negotio,
1307 2196 1471 2253 unius
1507 2193 1719 2252 voculae
1760 2204 1911 2251 recta
1948 2194 2126 2249 inter-

525 2293 853 2364 pretatione,
884 2291 1206 2349 dissolvitur
1230 2288 1589 2347 formidolosa
1633 2286 1726 2343 illa
1757 2298 1813 2343 et
1845 2291 2130 2360 insupera-

526 2384 675 2455 bilis,
708 2393 770 2442 ut
797 2384 903 2442 sibi
932 2384 1223 2441 videbatur
1243 2425 1259 2451 ,
1294 2383 1622 2454 objectionis
1648 2381 1899 2439 machina
1919 2421 1934 2447 ,
1964 2394 2126 2451 quam

526 2479 580 2536 in
615 2477 978 2537 Pentateuchi
1020 2477 1323 2549 legitimum
1375 2483 1655 2533 auctorem
1689 2472 1867 2531 critici
1907 2471 2127 2545 quidam

524 2572 864 2628 recentiores
893 2577 1174 2641 torquent.
1204 2568 1372 2626 Certe
1410 2567 1516 2623 hoc
1558 2566 1643 2623 vel
1685 2580 1793 2622 uno
1832 2563 1956 2621 loco
2000 2577 2128 2635 pro-

530 2663 702 2737 ﬂigari
723 2674 972 2736 possunt,
993 2662 1198 2718 utinam
1223 2669 1281 2718 et
1298 2660 1576 2728 convinci,
1598 2659 1922 2732 quicumque
1940 2656 2128 2715 Mosen

525 2767 729 2831 negant
756 2768 1036 2814 auctorem
1058 2754 1232 2813 fuisse
1256 2769 1541 2812 sacrorum
1563 2750 1909 2809 voluminum
1934 2750 2131 2809 Penta-

528 2852 735 2911 tenchi.
764 2850 1106 2922 Quamquam
1144 2849 1444 2907 timendum
1484 2856 1571 2906 est
1608 2862 1678 2905 ne
1703 2844 1921 2903 erudito
1956 2854 2011 2901 et
2039 2860 2131 2901 ca-

528 2945 734 3003 tholico
760 2945 1070 3001 scholiastm
1112 2960 1221 3000 non
1264 2942 1635 3015 acquiescant,
1658 2940 1752 3013 qui
1781 2941 1944 2997 etiam
1970 2937 2131 2996 Chri—

524 3039 596 3094 sti
632 3038 845 3095 Domini
883 3037 1197 3095 testimonio
1242 3051 1348 3092 non
1393 3035 1617 3092 cedunt.
1653 3034 1757 3113 sed
1791 3033 1838 3089 si
1877 3033 1955 3087 illi
1995 3032 2133 3090 resi-

526 3129 740 3201 piscere
769 3129 974 3197 nolint,
1016 3128 1207 3186 saltem
1250 3128 1451 3185 sinceri
1484 3125 1736 3183 catholici
1777 3139 1969 3180 omnes
2010 3140 2132 3197 gra-

2230 1910 2495 1968 visionem
2531 1912 2802 1970 Essentias
2827 1913 3062 1984 divinae,
3096 1925 3152 1972 ut
3191 1916 3348 1977 multi
3385 1933 3529 1975 nunc
3570 1919 3840 1990 temporis

2230 2002 2544 2062 scholastici
2577 2006 2817 2075 faciunt;
2849 2007 2946 2065 sed
2976 2024 3140 2067 omne
3169 2009 3374 2069 bonum
3398 2009 3634 2069 hominis
3665 2012 3840 2069 vitam

2229 2097 2520 2155 mortalem
2567 2099 2847 2170 degentis,
2889 2100 2945 2158 in
2975 2114 3042 2157 eo
3069 2110 3315 2159 statuere
3346 2101 3560 2160 videtur
3580 2141 3596 2170 ,
3624 2103 3670 2159 si
3697 2103 3843 2159 sciat

2230 2188 2402 2246 Deum
2439 2186 2722 2260 deprecari
2764 2200 2821 2248 et
2848 2205 2973 2248 eum
3012 2191 3235 2249 ﬂectere
3266 2192 3335 2251 ad
3374 2192 3838 2251 misericordiam.

2229 2282 2345 2358 Ego
2374 2284 2645 2341 ostendam
2670 2300 2818 2343 omne
2836 2284 3027 2342 borium
3056 2286 3169 2342 tibi.
3194 2284 3315 2342 Hoc
3343 2296 3443 2356 est,
3474 2287 3650 2359 inquit
3675 2287 3840 2345 scho-

2230 2382 2439 2451 liastes,
2474 2383 2752 2439 ostendam
2771 2384 2864 2440 tibi
2902 2383 3166 2455 quomodo
3192 2401 3271 2440 me
3300 2385 3484 2445 debeas
3523 2386 3842 2459 deprecari,

2229 2485 2278 2530 et
2307 2476 2377 2532 ad
2404 2477 2817 2535 misericordiam
2843 2480 3073 2548 ﬂectere.
3094 2480 3140 2537 0
3169 2481 3498 2550 singularem
3518 2491 3574 2539 et
3599 2482 3846 2539 adrnira-

2232 2569 2391 2627 bilem
2421 2571 2721 2643 Scripturaa
2750 2573 2950 2629 divina:
2977 2574 3412 2644 expositionem!
3443 2576 3591 2635 lianc
3612 2592 3699 2634 me
3725 2591 3847 2635 non

2231 2661 2420 2718 docuit
2444 2662 2755 2720 scholarum
2780 2665 3105 2737 frequentia.
3132 2681 3239 2723 non
3261 2667 3480 2727 assidua
3497 2680 3848 2727 commenta-

2233 2761 2410 2809 torum
2437 2752 2624 2811 lectio.
2662 2754 2840 2813 Unum
2873 2756 3088 2815 interim
3120 2756 3365 2815 scltolion
3394 2758 3697 2829 marginale
3733 2756 3848 2816 Ca-

2233 2846 2392 2902 unnis
2426 2849 2692 2904 immensa
2724 2849 3089 2919 expositorum
3118 2850 3288 2908 vincit
3321 2851 3622 2909 volumina.
3656 2851 3847 2924 thue

2230 2937 2431 3009 aliquid
2455 2937 2734 3006 addamus,
2760 2940 2906 3012 quod
2928 2941 3116 2999 lectori
3139 2940 3335 2998 fuisset
3350 2942 3566 2998 credita
3588 2941 3848 3013 difﬁcile,

2231 3039 2354 3086 erat
2379 3030 2700 3087 scholiastes
2724 3041 2832 3087 tam
2860 3032 3146 3105 perspicax
3168 3032 3641 3091 addissolvendas
3661 3033 3849 3092 ambi~

2231 3123 2465 3191 guitates
2499 3123 2801 3179 Bibliorum
2842 3139 3157 3190 sacrorum,
3197 3134 3255 3181 ut
3305 3126 3580 3185 interdum
3613 3127 3847 3197 prepius

524 3222 679 3292 tiam,
712 3230 773 3278 ut
795 3236 1100 3294 speramus,
1134 3219 1416 3277 habebunt
1445 3218 1763 3275 scholiastae
1796 3228 2006 3283 nostro,
2033 3216 2126 3288 qui
2153 3206 2199 3269 C
2232 3215 2543 3272 accedatad
2575 3232 2793 3272 sensum
2825 3216 3067 3276 auctoris
3087 3218 3473 3293 hagiograpbi,
3516 3236 3676 3292 quam
3716 3220 3847 3294 ipse

527 3313 840 3371 divinorum
870 3314 1136 3370 librorum
1167 3312 1552 3369 auctoritatem
1571 3310 1837 3367 adversus
1866 3310 2135 3366 immode-

528 3415 675 3464 ratas
693 3406 891 3464 horum
908 3406 1221 3463 criticorum
1244 3419 1505 3462 censuras
1521 3404 1846 3462 vindicabit.
1862 3404 2131 3460 Caeterum

530 3496 638 3555 hoc
688 3512 797 3554 uno
842 3497 1097 3568 exemplo
1124 3497 1427 3565 docemur,
1477 3511 1639 3568 quam
1711 3512 1901 3566 parum
1964 3496 2135 3553 ﬁdere

532 3589 832 3647 debeamus
875 3589 1087 3647 levibus
1137 3589 1442 3659 ejusmodi,
1494 3604 1616 3659 quia
1674 3596 1863 3644 contra
1918 3581 2130 3644 sacram

531 3681 794 3740 Ecclesiae
828 3681 1173 3739 traditionem
1203 3681 1509 3738 atteruntur
1537 3680 1590 3739 in
1617 3682 1757 3752 dies,
1787 3683 2129 3753 ratiuucnlis,

532 3790 729 3847 magno
763 3773 1093 3847 simplicium
1132 3773 1571 3830 Christianorum
1622 3774 1860 3843 damno,
1898 3778 2129 3846 quorum

533 3865 671 3922 ﬁdes
701 3865 849 3922 hisce
880 3867 1170 3938 praastigiis
1208 3867 1501 3934 minuitur,
1527 3877 1622 3922 aut
1658 3883 1805 3939 smpe
1831 3869 2133 3939 corrumpi-

533 3964 653 4012 tur:
684 3957 898 4014 tametsi
926 3973 1037 4014 uno
1065 3957 1223 4030 quasi
1251 3956 1383 4014 ﬁatu
1412 3958 1667 4030 dissipari
1707 3969 1954 4029 possunt.
1992 3959 2128 4028 Qui-

532 4047 635 4103 bus
677 4048 1021 4119 postmodum
1068 4048 1495 4115 animadversis,
1540 4050 1711 4121 pudet
1755 4051 2002 4108 homines
2045 4051 2129 4108 sui

531 4143 759 4207 erroris,
780 4154 915 4214 quos
937 4139 1169 4214 simplex
1197 4156 1262 4197 ac
1287 4143 1373 4214 pia
1396 4142 1529 4198 fides
1562 4144 1615 4197 in
1641 4142 1826 4199 ofﬁcio
1847 4144 2130 4201 continere

531 4230 814 4290 debuerat.

602 4326 720 4385 Jam
748 4329 868 4402 quis
892 4328 1077 4387 dicere
1097 4329 1326 4387 sufﬁciat
1352 4338 1557 4403 quanto
1588 4331 1745 4387 nobis
1772 4331 1883 4386 sint
1915 4330 2128 4387 emolu-

532 4431 719 4479 mento
738 4422 945 4480 scholia
974 4422 1066 4480 illa
1101 4423 1421 4493 marginalia
1448 4423 1517 4478 ad
1548 4423 1915 4479 eruditionem
1949 4431 2006 4479 et
2045 4423 2127 4479 in—

535 4515 889 4588 telligentiam
947 4516 1388 4588 Scripturarum?
1439 4514 1583 4573 Nihil
1630 4527 1713 4573 est
1770 4517 1823 4572 in
1872 4516 2124 4572 versione

2236 3306 2621 3381 Hieronymus.
2667 3309 3027 3380 interpretum
3072 3311 3324 3380 pbtenix,
3368 3313 3452 3369 vel
3494 3313 3653 3389 facile
3683 3313 3846 3385 prin-

2232 3412 2384 3470 ceps.
2412 3398 2491 3456 Ne
2519 3399 2651 3472 quid
2682 3415 2736 3457 v.
2759 3416 2814 3471 g.
2848 3400 3199 3458 obscuritatis
3225 3404 3309 3459 vel
3345 3406 3713 3477 ambiguitatis
3749 3422 3846 3465 re-

2235 3500 2479 3546 maneret
2505 3506 2665 3548 versu
2689 3493 2881 3564 quinto
2908 3504 2962 3548 et
2988 3503 3144 3553 sexto
3161 3496 3355 3568 capitis
3379 3498 3844 3570 trigesimiquarti

2233 3581 2325 3636 lib.
2351 3582 2549 3649 Exodi,
2584 3584 2843 3638 nonnulla
2866 3584 3072 3642 scholia
3093 3597 3215 3657 post
3239 3589 3590 3647 emendatum
3624 3598 3844 3649 textum

2230 3677 2485 3748 apposuit
2514 3678 2565 3730 in
2599 3677 2873 3750 margine,
2896 3694 3016 3750 quae
3041 3695 3258 3738 omnem
3294 3694 3576 3741 removent
3604 3684 3848 3741 difﬁcul-

2232 3769 2357 3822 tatis
2382 3767 2624 3822 umbram
2649 3813 2663 3837 ,
2697 3784 2799 3826 nec
2834 3771 3066 3843 amplius
3099 3774 3262 3828 verba
3300 3790 3419 3846 qum
3463 3775 3536 3831 ibi
3582 3775 3844 3846 leguntur

2235 3858 2302 3914 ad
2330 3858 2514 3921 Mosen
2541 3858 2849 3933 loquentem
2870 3901 2887 3930 ,
2914 3862 3008 3918 sed
3031 3864 3098 3920 ad
3137 3864 3304 3921 Deum
3330 3866 3616 3925 docentem
3642 3868 3847 3927 orandi

2228 3961 2283 4007 et
2312 3938 2637 4022 deprecandi
2669 3968 2729 4008 se
2758 3953 2978 4008 modum
3000 3996 3014 4020 ,
3050 3954 3259 4012 directe
3281 3955 3476 4013 referri
3505 3957 3725 4015 debent.
3756 3958 3847 4018 De

2228 4044 2383 4114 cujus
2408 4052 2691 4099 contextus
2722 4046 3020 4100 mutatione
3050 4060 3147 4102 seu
3172 4046 3553 4105 emendatione
3594 4046 3736 4103 facta
3777 4048 3842 4106 in

2232 4141 2481 4195 versione
2505 4138 2924 4209 llieronymiana
2954 4140 3092 4196 infra
3124 4140 3338 4209 dicturi,
3458 4152 3663 4199 tantum
3689 4159 3847 4199 nunc

2230 4245 2513 4287 monemus
2529 4228 2822 4299 studiesos,
2842 4230 3270 4300 praestantiorem
3282 4247 3404 4289 esse
3423 4233 3846 4295 translationem

2231 4328 2390 4400 hujus
2416 4329 2521 4384 loci
2547 4344 2615 4386 ex
2637 4326 3015 4385 emendatione
3043 4338 3097 4385 et
3132 4329 3275 4385 notis
3302 4329 3639 4397 scholiastis,
3668 4347 3844 4402 quam

2228 4436 2352 4494 qum
2386 4422 2615 4493 prinmm
2637 4421 2853 4478 condita
2880 4432 2961 4478 est
2978 4422 3048 4479 ab
3072 4421 3188 4495 ipso
3206 4422 3556 4494 Hieronymo,
3586 4432 3646 4479 ut
3669 4424 3842 4494 paulo

2229 4526 2351 4587 p0st
2406 4517 2726 4572 auctoritate
2773 4529 2942 4573 sacrm
2993 4516 3285 4586 Scriptura:
3316 4515 3693 4575 demonstrare
3733 4533 3844 4576 co-

530 4606 957 4684 Hieronymiaua
1019 4610 1330 4683 ambiguum
1382 4618 1439 4666 et
1492 4589 1927 4676 subobscuram,
1980 4589 2448 4680 quoanamur.

531 4700 853 4760 illucescere
882 4719 990 4760 non
1032 4703 1260 4770 faciant;
1294 4702 1429 4759 nihil
1459 4712 1543 4759 est
1574 4702 1751 4761 laxius
1771 4713 1825 4760 et
1852 4724 2125 4781 παραφρα-

532 4802 724 4857 στικῶς
753 4795 804 4850 in
826 4809 890 4852 ea
919 4810 1267 4867 expressum,
1292 4796 1437 4867 quod
1461 4797 1602 4852 intra
1627 4795 1877 4868 proprios
1909 4796 2046 4851 ﬁnes
2071 4803 2129 4851 et

534 4887 746 4943 nativos
772 4887 1061 4943 verborum
1087 4902 1284 4943 sensus
1315 4902 1423 4943 non
1447 4886 1607 4943 fuerit
1643 4902 1739 4958 per
1776 4886 1987 4942 scholia
2017 4886 2125 4942 cir-

531 4979 944 5051 cumscriptum.
975 4979 1070 5037 Hic
1094 4996 1361 5039 summam
1394 4982 1648 5054 pietatem
1680 4982 1963 5050 redolent;
2020 4981 2126 5038 illic

534 5071 921 5146 signiﬁeantias
952 5074 1306 5132 Hebraeorum
1354 5076 1642 5133 verborum
1682 5084 1775 5132 aut
1821 5076 2124 5147 singulares

527 5172 582 5220 et
616 5163 914 5235 inauditas,
964 5175 1058 5222 aut
1100 5177 1250 5223 certe
1291 5167 1601 5224 rarissimas
1637 5166 1900 5236 produnt;
1937 5166 2123 5239 plures

532 5267 713 5315 textus
758 5258 971 5315 Hebraei
1016 5260 1289 5340 variantes
1328 5259 1594 5317 lectiones
1640 5259 1908 5329 retinent,
1957 5260 2120 5318 fidem

528 5351 729 5424 ubique
758 5351 1134 5408 admirabilem
1174 5350 1487 5408 scholiastis
1527 5351 1947 5421 commendant,
1984 5363 2040 5409 et
2075 5352 2122 5410 si

527 5459 699 5516 pauca
724 5442 939 5501 tandem
961 5443 1222 5514 excipias,
1252 5439 1307 5498 in
1337 5443 1529 5513 quibus
1576 5443 1962 5501 hallucinatum
1993 5459 2119 5501 eum

527 5535 825 5607 credimus,
865 5535 996 5591 nihil
1025 5535 1131 5591 illis
1168 5534 1311 5591 notis
1347 5532 1551 5592 criticis
1588 5538 1933 5607 praestantius
1977 5536 2119 5591 anti-

527 5634 707 5705 quitas
728 5647 878 5688 sacra
898 5632 1132 5703 posteris
1148 5628 1363 5686 tradere
1380 5632 1573 5703 potuit.
1595 5631 1651 5685 In
1682 5631 1747 5687 iis
1773 5629 2122 5687 recensendis

530 5723 851 5781 utilitatibus
874 5723 985 5795 jam
1023 5740 1130 5780 non
1163 5720 1530 5789 immorabor,
1556 5736 1677 5778 cum
1710 5721 1825 5778 sole
1862 5721 2120 5781 clariores

529 5819 641 5877 sint
676 5834 742 5878 ac
775 5817 1005 5877 curiosis
1034 5816 1287 5879 omnibus
1330 5816 1805 5876 manifestissimae.
1858 5815 1916 5874 ln
1962 5818 2120 5876 unica

2302 4703 2383 4759 Ad
2411 4702 2935 4761 commendationem
2961 4703 3085 4760 ﬁdei
3116 4712 3314 4761 nostra:
3339 4704 3392 4761 in
3418 4704 3645 4763 edendis
3668 4704 3845 4760 scho-

2228 4794 2316 4851 liis
2362 4794 2671 4866 hujusmodi
2722 4794 3143 4866 marginalibus,
3191 4794 3321 4853 illud
3361 4795 3525 4854 etiam
3560 4795 3843 4854 monitum

2229 4888 2477 4944 volumus
2504 4888 2762 4944 lectorem
2796 4887 3155 4960 prudentem,
3192 4904 3389 4948 excusa
3414 4887 3589 4947 fuisse
3610 4905 3640 4943 a
3674 4889 3845 4948 nobis

2227 4979 2542 5038 charactere
2566 4981 2812 5039 Romano
2834 4996 3188 5057 quaecumque
3204 4984 3308 5056 legi
3333 4993 3622 5055 potuerunt
3642 4984 3698 5040 in
3716 5000 3843 5041 ma-

2231 5072 2508 5141 nuscripto
2535 5071 2764 5129 codice:
2791 5083 2989 5129 caetera
3017 5089 3147 5131 vero
3169 5118 3184 5145 ,
3213 5090 3334 5146 quae
3354 5083 3622 5133 vetustate
3652 5074 3844 5135 deleta

2228 5172 2353 5219 sunt
2373 5173 2428 5220 et
2451 5172 2706 5236 corrupta
2730 5204 2745 5231 ,
2778 5179 3001 5222 corrosa
3024 5167 3108 5224 vel
3137 5167 3416 5235 mutilata,
3453 5166 3843 5238 supplevimus

2226 5272 2297 5312 ex
2323 5265 2471 5312 textu
2499 5257 2787 5324 Hebraico,
2804 5259 2899 5315 sed
2920 5260 3233 5318 charactere
3256 5261 3471 5319 Italico:
3497 5260 3673 5333 iisque
3695 5260 3842 5321 locis

2227 5350 2529 5416 dumtaxat,
2563 5349 2652 5405 ubi
2695 5350 2838 5408 clare
2867 5353 3272 5425 perspeximus,
3303 5353 3444 5427 quod
3471 5352 3701 5422 abesse,
3733 5367 3842 5421 po-

2229 5444 2328 5498 tuit
2354 5462 2368 5499 :
2398 5444 2453 5499 in
2486 5443 2606 5500 aliis
2632 5446 2774 5501 enim
2814 5446 3218 5504 obscurioribus
3260 5458 3455 5522 puncta
3496 5457 3701 5505 tantum
3731 5447 3843 5505 adv

2224 5533 2453 5606 jecimus
2483 5536 2605 5592 loco
2633 5538 2924 5594 verborum
2949 5547 3005 5594 et
3031 5538 3359 5612 syllabarum
3379 5583 3395 5609 ,
3424 5521 3654 5613 quarum
3684 5539 3841 5596 sufﬁ-

2228 5631 2460 5688 cientem
2483 5632 2726 5689 notitiam
2747 5632 2962 5704 assequi
2977 5633 3331 5706 nequivimus.
3353 5633 3442 5690 Sic
3457 5634 3703 5691 columna
3726 5634 3783 5687 II
3798 5634 3841 5691 8

2228 5725 2447 5783 diverso
2489 5726 2801 5783 charactere
2831 5725 3092 5798 Scriptum
3124 5726 3392 5799 reperies,
3432 5746 3449 5779 ‹
3483 5742 3606 5798 qua:
3646 5725 3841 5794 offerri

2230 5818 2412 5876 debent
2443 5819 2494 5874 in
2517 5818 2844 5876 sacrificium
2880 5838 2900 5873 ι
2929 5834 2943 5886 ;
2976 5827 3033 5876 et
3051 5818 3270 5886 deinde,
3308 5835 3326 5871 t
3366 5820 3417 5875 in
3448 5820 3644 5877 cunctis
3671 5816 3831 5876 trahi.
