4040 6360
237 307 328 366 101

911 295 1468 360 PROLEGOMENON
1506 300 1595 358 IV.
1639 301 1726 359 DE
1765 292 2059 366 'l‘lTlJlJS,
2103 299 2259 356 ETC.
2303 298 2402 356 SS.
2446 296 2840 358 BIBLIORUM.

3421 293 3527 355 illi

237 417 423 474 Luculis
452 418 655 484 vestris,
694 435 714 469 ι
745 417 868 488 quia
907 419 1098 488 partim
1139 417 1256 472 hinc
1279 418 1524 486 leguntur
1557 417 1607 470 in
1645 431 1830 470 manu-
1860 420 1904 478 Α
1936 415 2226 470 llebraicas
2255 415 2313 470 S.
2346 415 2660 486 Hieronymi
2688 414 2738 467 iu
2778 413 3032 469 Geuesim
3061 428 3072 465 :
3101 407 3252 465 Liber
3273 409 3336 463 de
3359 408 3533 463 decent

235 512 460 580 scripto,
497 510 691 581 partim
717 525 745 564 a
779 509 938 566 nobis
972 510 1325 582 supplentur,
1355 519 1413 565 ut
1446 509 1560 578 jam
1590 508 1725 564 dixi.
1766 507 1836 564 At

233 605 489 660 columna
517 602 622 658 190
642 602 918 672 posuimus
941 601 1045 657 boc
1067 600 1227 657 modo
1248 600 1491 656 sebolion
1520 599 1834 667 marginale,

239 715 256 748 r
290 696 624 767 lapisque....
656 693 1140 765 magnitudinis...
1160 693 1278 764 ejus
1304 709 1517 760 mag....
1549 691 1835 760 interierit,

236 805 520 860 percussor
557 798 735 846 morte
773 788 1069 852 morietur,
1095 799 1196 842 etc.
1228 805 1249 839 ι
1283 785 1502 842 Nullum
1543 786 1686 841 enim
1714 799 1838 841 sen-

232 897 346 936 sum
378 881 648 954 expiscari
669 881 946 953 potuimus
971 897 1036 937 ex
1063 882 1248 936 verbis
1273 890 1364 936 aut
1392 881 1615 952 syllabis
1646 895 1839 950 super-

231 973 485 1029 stitibus:
519 973 644 1028 ideo
673 975 844 1029 satius
880 989 1002 1030 esse
1041 972 1328 1038 duximus,
1360 972 1478 1028 hinc
1516 971 1839 1028 divinationi

230 1067 602 1123 studiosorum
629 1067 961 1138 relinquere,
988 1083 1146 1138 quam
1171 1066 1500 1138 conjecturis
1531 1066 1729 1122 nostris
1758 1065 1838 1120 in-

229 1168 382 1214 certa
435 1158 700 1227 delinire,
745 1173 811 1214 ac
855 1159 1131 1230 supplere.
1193 1159 1434 1229 Denique
1484 1173 1584 1228 pro
1629 1157 1839 1213 duobus

229 1252 445 1320 punctis
493 1251 757 1320 appositis
808 1250 863 1305 in
915 1249 1102 1304 codice
1150 1249 1518 1319 manuscripto
1569 1248 1638 1304 ad
1676 1257 1841 1318 caput

231 1343 596 1412 seboliorum,
630 1354 685 1398 et
717 1358 878 1414 supra
909 1353 1220 1398 contextum
1274 1355 1464 1399 contra
1509 1343 1840 1412 respOnden-

229 1445 374 1500 tem,
405 1436 654 1492 stellnlas
683 1434 1264 1507 repraesentamus(a),
1305 1450 1430 1505 quae
1486 1437 1537 1490 in
1585 1433 1841 1490 omnibus

229 1530 386 1584 libris
431 1529 596 1584 editis
637 1537 997 1598 usurpantur,
1044 1543 1166 1583 cum
1219 1527 1652 1598 supradictorum
1699 1543 1841 1596 pun-

227 1631 444 1678 ctorum
468 1622 632 1676 situm
655 1635 991 1692 nequaquam
1012 1619 1285 1690 patiantur
1304 1620 1450 1690 leges
1474 1617 1842 1691 typograpbite

229 1715 544 1770 bodiernze.

1940 507 2350 564 Tentationibus.
2380 506 2534 562 Liber
2561 508 2625 561 de
2647 505 3024 574 Qnazstionibus
3057 503 3258 574 Regum
3288 511 3334 555 et
3367 501 3534 555 Para-

1937 605 2275 676 lipomenon:
2316 602 2586 659 Canticum
2631 601 2900 656 Debborae.
2937 600 3350 656 Lamentationes
3389 597 3537 654 Iere-

1938 698 2075 751 miat:
2091 696 2328 768 Epistola
2341 697 2408 750 ad
2427 695 2752 750 Dardanum.
2771 693 3043 751 Universa
3060 692 3250 748 ἰδώωο
3261 691 3537 762 Opltscula

1939 789 2157 844 nomine
2179 788 2356 844 sancti
2383 789 2695 860 Hieronymi
2727 787 3131 858 prtetitulantur
3154 787 3205 840 in
3237 799 3367 840 mss.
3391 783 3540 841 codi-

1936 880 2088 936 cibus
2110 920 2125 945 ,
2150 889 2209 936 et
2236 879 2453 936 duobus
2479 880 2723 950 exceptis
2750 879 2891 935 edita
2930 888 3054 944 sunt
3081 878 3151 934 ab
3180 876 3411 933 Erasmo
3437 917 3452 943 ,
3483 883 3542 933 et

1938 975 2200 1040 Mariano,
2229 991 2351 1030 cum
2378 973 2644 1044 Operibus
2666 974 2909 1044 ejusdem
2940 973 2999 1030 S.
3031 972 3300 1028 Doctoris.
3332 970 3538 1027 Inedita

1938 1080 2060 1125 sunt
2084 1069 2222 1139 hmo,
2243 1069 2679 1124 Commentarios
2701 1069 2754 1124 in
2778 1068 3058 1123 Canticum
3084 1067 3370 1134 Debborae,
3394 1063 3538 1134 quod

1941 1162 2137 1232 legitur
2182 1177 2304 1232 cap.
2337 1177 2368 1213 ν
2401 1161 2516 1217 libri
2543 1161 2814 1226 Judicum,
2849 1171 2900 1216 et
2930 1161 3366 1218 Commentarios
3401 1159 3543 1215 alter

1942 1252 1995 1305 in
2039 1252 2268 1322 primam
2301 1251 2764 1307 [mnentiitionem
2793 1250 3063 1308 Jeremiae.
3097 1252 3173 1308 De
3207 1266 3315 1320 quo
3349 1249 3541 1305 ultimo

1941 1359 2107 1412 opere
2139 1359 2242 1398 non
2272 1345 2445 1400 ausim
2480 1344 2654 1398 adhuc
2691 1344 2912 1398 delinite
2948 1343 3256 1410 affirmare,
3291 1342 3542 1398 lucubra-

1944 1435 2144 1492 tiouem
2170 1451 2294 1492 esse
2324 1435 2537 1492 Hebraei
2578 1435 2900 1492 Scholiastis
2931 1436 3126 1492 nostri.
3162 1437 3230 1490 At
3268 1435 3336 1491 de
3373 1435 3538 1490 Com-

1945 1529 2279 1586 mentariolis
2332 1529 2382 1584 in
2442 1528 2723 1584 Canticqu
2785 1527 3046 1584 Debborae
3090 1527 3237 1582 nulla
3291 1532 3545 1597 superest

1945 1624 2100 1679 nobis
2127 1621 2458 1687 difficultas;
2498 1621 2620 1690 quia
2652 1635 2844 1677 eorum
2873 1619 3049 1692 stylus
3069 1659 3084 1684 ,
3116 1618 3381 1684 eruditio,
3413 1633 3542 1672 scn-

1945 1715 2157 1780 tentiae,
2183 1727 2233 1769 et
2267 1724 2462 1770 caetera
2499 1712 2712 1776 onmia,
2745 1729 2864 1782 qua:
2899 1711 3132 1782 alicujus
3157 1710 3410 1767 Auctoris
3441 1725 3540 1765 uo-

302 1810 382 1862 De
408 1808 648 1864 Auctore
682 1806 1012 1864 scholiorum
1050 1806 1290 1863 Canonis
1331 1823 1491 1862 unmu
1530 1807 1708 1862 adhuc
1748 1823 1842 1862 no-
1875 1811 1921 1870 B
1949 1807 2120 1861 titiam
2149 1807 2387 1860 tribuere
2410 1814 2655 1875 possunt,
2682 1819 2847 1858 unum
2872 1801 3543 1858 renuntiantSeboliaswn

229 1900 482 1962 tandum.
507 1915 675 1969 penes
704 1914 802 1955 nos
830 1915 952 1955 esse
973 1898 1324 1970 quamplures
1368 1898 1583 1955 codices
1619 1913 1749 1954 mss.
1786 1899 1836 1952 in

226 1993 429 2064 quibus
459 2002 676 2048 exstant
717 1992 975 2047 nonnulla
1013 2007 1180 2061 opera
1222 1990 1462 2061 ejusdem
1506 1990 1798 2062 Scriptoris
1821 2032 1837 2056 ,

225 2105 352 2160 qua:
386 2088 630 2144 nondum
665 2087 808 2159 typis
836 2102 1034 2143 excusa
1083 2096 1246 2152 sunt;
1275 2096 1332 2142 et
1361 2087 1465 2143 hoc
1492 2085 1685 2143 ordine
1731 2097 1841 2140 tam

226 2182 418 2248 edita,
468 2198 634 2254 quam
683 2184 887 2240 inedita
933 2183 1314 2239 describuntur
1355 2193 1476 2254 post
1505 2182 1845 2239 Traditiones

302 2321 387 2391 (α)
428 2319 541 2376 Nec
564 2321 806 2377 inveniet
833 2318 1006 2391 lector
1029 2327 1186 2374 notas
1219 2319 1546 2391 marginales
1567 2315 1834 2391 innostra

227 2389 499 2458 editione,
525 2407 628 2448 nec
656 2408 686 2446 a
716 2390 928 2447 fortiori
957 2392 1151 2447 stellas
1178 2407 1191 2446 :
1228 2389 1438 2447 scholia
1471 2389 1767 2446 inserimus
1791 2391 1846 2443 in

1941 1897 2179 1955 Canonis
2199 1898 2477 1956 Hebraica
2505 1897 2764 1952 veritatis.
2797 1895 2985 1952 Testes
3000 1896 3163 1966 hujus
3187 1894 3267 1950 rei
3283 1893 3545 1950 accedent

1948 1991 2146 2048 eruditi
2200 1991 2478 2058 homines,
2533 2005 2654 2046 cum
2695 1990 2967 2060 ()puscula
3015 1989 3104 2046 illa
3155 1987 3294 2059 typis
3339 2001 3542 2044 excusa

1949 2084 2327 2157 vulgabuntur.

1944 2323 2092 2372 textu
2126 2314 2336 2370 uncinis
2363 2313 2635 2370 disdncta.
2664 2315 2822 2370 Ent'r.

694 2517 701 2521 _
1319 2525 1324 2528 _
2668 2519 2773 2532 ,,
2893 2519 2920 2532 ,,
3047 2517 3529 2532 __________._.

1313 2665 2310 2757 PROLEGOMENON
2349 2666 2503 2750 IV.

750 2813 839 2876 De
884 2810 1112 2875 Titulis
1141 2815 1203 2875 et
1227 2811 1568 2893 Capitulis,
1603 2809 1914 2872 Versibus
1944 2817 2004 2870 et
2032 2804 2256 2869 Metris
2293 2822 2627 2869 sacrorum
2654 2803 3034 2866 Bibliorum.

236 2942 277 2998 l.
323 2940 499 2997 Biblia
518 2956 670 2996 sacra
692 2941 746 2994 in
777 2949 944 2996 certas
974 2947 1144 3007 partes
1165 2936 1756 3006 dieidebantscriptores
1777 2934 2014 3004 antiqui,
2036 2935 2127 2987 sed
2157 2933 2331 2988 multis
2363 2933 2681 3004 diversisque
2711 2934 2895 2987 modis.
2942 2930 3006 2986 li.
3049 2932 3315 2986 Sectiones
3340 2931 3446 2986 illa:
3472 2934 3557 2984 in.

309 3029 619 3097 diﬂ'erenter
643 3031 960 3085 uocabantur
992 3027 1174 3094 Tituli,
1201 3026 1411 3091 Breves,
1435 3034 1484 3082 et
1507 3024 1776 3094 Capitula.
1803 3023 1891 3079 Ill.
1919 3023 2173 3091 Quaenam
2193 3024 2387 3095 fuerint
2408 3025 2762 3080 distinctiones
2784 3041 3019 3080 versuum
3043 3026 3109 3080 ab
3136 3025 3376 3096 Antiquis
3405 3039 3556 3078 usur—

313 3135 450 3195 parte
477 3125 533 3178 in
564 3123 848 3195 Scriptura
874 3138 1045 3177 sacra.
1079 3119 1168 3174 IV.
1198 3119 1403 3188 Ansint
1423 3129 1587 3173 metra
1612 3120 1667 3172 in
1689 3120 1832 3172 libris
1851 3120 2035 3187 sacris,
2061 3129 2105 3176 et
2133 3121 2389 3191 pracipue
2409 3121 2460 3176 in
2487 3119 2719 3175 Psalmis
2737 3119 2975 3176 Doridis.
3010 3121 3074 3178 γ.
3101 3120 3413 3192 Hieronymi
3438 3137 3558 3175 sen-

313 3218 485 3271 tentia
511 3217 576 3271 dc
607 3215 784 3270 metris
817 3214 1215 3286 Scripturarum
1239 3212 1550 3283 explicatur,
1582 3221 1629 3266 et
1661 3211 1976 3282 defenditur.

324 3373 366 3429 l.
409 3370 530 3428 Non
555 3384 631 3428 est
681 3372 964 3443 praisentis
1003 3370 1146 3440 loci,
1189 3388 1288 3428 nec
1310 3372 1476 3427 animi
1530 3371 1740 3436 nostri,
1787 3370 1856 3428 de
1883 3355 1928 3421 C
1959 3372 2360 3444 Scripturarum
2390 3373 2694 3430 docuerunt
2719 3374 3080 3448 Hieronymus
3102 3386 3153 3431 et
3181 3375 3554 3447 Augustinus;

246 3467 510 3524 omnibus
549 3481 827 3521 sacrorum
859 3464 1154 3521 Bibliorum
1188 3465 1526 3521 sectionibus
1555 3483 1616 3520 ac
1661 3466 1855 3520 distin-

249 3560 530 3616 ctionibus
561 3559 876 3629 perlongam
912 3557 1197 3614 instituere
1238 3558 1682 3629 disputationem.
1715 3557 1856 3614 Satis

250 3654 324 3708 sit
355 3667 555 3707 munus
584 3651 852 3707 editorum
887 3651 1196 3723 Hieronymi
1230 3651 1331 3707 hoc
1357 3653 1743 3723 prolegomcno
1765 3669 1858 3709 ett—

256 3745 462 3813 plesse,
488 3754 538 3798 et
568 3741 885 3798 Latinorum
929 3743 1178 3798 codicum
1210 3744 1386 3799 varias
1426 3759 1488 3799 ac
1533 3743 1858 3815 multiplices

253 3838 577 3904 divisiones,
607 3852 728 3891 cum
752 3837 1005 3908 majores,
1033 3843 1142 3891 tum
1171 3837 1432 3901 minores,
1457 3853 1562 3892 non
1589 3837 1860 3894 incuriose

255 3929 590 3999 explicasse.
641 3934 833 3983 Actum
872 3927 1018 3984 enim
1072 3943 1215 3983 nunc
1261 3944 1580 3999 ageremus,
1618 3927 1661 3983 si
1719 3929 1860 3999 quod

255 4031 476 4092 spectat
527 4019 880 4077 llebrarorum
921 4031 1014 4075 aut
1051 4019 1364 4076 Cra-eorum
1404 4021 1860 4090 exemplariorum

256 4111 600 4176 divisiones,
660 4111 896 4180 capitula
943 4121 997 4167 et
1044 4126 1236 4167 versus
1287 4112 1722 4182 pertractandum
1776 4113 1863 4169 hic

260 4205 642 4274 susciperem:
672 4204 797 4275 quia
828 4203 880 4259 in
908 4205 1009 4260 boc
1043 4204 1224 4260 studio
1265 4205 1422 4260 nobis
1451 4214 1866 4263 anteverterunt

261 4297 367 4352 viri
413 4312 520 4352 non
569 4296 722 4366 pauci
775 4297 1084 4354 eruditione
1137 4298 1402 4355 celebres.
1432 4298 1510 4354 De
1552 4299 1864 4355 Latinorum

263 4405 400 4460 ergo
439 4389 737 4446 Bibliorum
787 4389 1154 4456 sectionibus,
1186 4401 1350 4462 atque
1390 4390 1627 4461 antiquis
1676 4391 1869 4448 distin-

265 4482 540 4539 ctionibus
563 4493 669 4538 tam
699 4482 1085 4553 capitulorum,
1118 4497 1284 4554 quam
1316 4483 1733 4552 versiculorum,
1758 4485 1866 4540 dis-

266 4573 567 4648 putandum
607 4576 763 4631 nobis
801 4575 1091 4641 incumbit,
1123 4585 1181 4631 ut
1224 4574 1353 4631 nihil
1395 4586 1641 4632 occurrat
1670 4578 1722 4632 in
1752 4577 1863 4633 edi-

267 4671 417 4725 tione
450 4669 648 4724 divinzn
673 4671 829 4739 hujus
855 4665 1237 4735 Bibliotheca},
1265 4669 1407 4724 unde
1441 4668 1644 4725 fructus
1676 4671 1872 4727 uberes

267 4765 552 4834 percipere
584 4777 688 4818 non
718 4761 887 4832 possit
911 4762 1081 4816 lector
1103 4761 1400 4817 studiosus.

344 4852 616 4925 [ntegrum
662 4863 826 4923 porro
866 4853 1117 4908 volumen
1164 4851 1232 4908 de
1276 4852 1547 4910 veteribus
1588 4867 1868 4908 sacrarum

269 4947 572 5003 Bibliornm
629 4945 834 5015 titulis,
885 4945 1000 4999 sive
1052 4943 1303 5014 capitulis
1336 4989 1350 5014 ,
1404 4944 1775 5012 sectionibus,
1819 4952 1874 5000 et

271 5037 674 5104 sticliomctria,
692 5033 967 5092 conditum
983 5033 1151 5091 fuisse
1172 5035 1239 5091 ab
1271 5036 1483 5093 erudito
1504 5035 1616 5091 Jos.
1643 5036 1712 5091 Μ.
1733 5035 1874 5091 Caro

275 5131 600 5203 presbytero
640 5127 926 5200 theologo,
971 5136 1157 5183 notum
1206 5139 1289 5184 est
1334 5129 1616 5195 omnibus,
1664 5139 1712 5182 at
1754 5143 1875 5184 cum

275 5225 442 5281 multa
474 5223 802 5280 divisioaum
836 5224 886 5280 id
917 5240 1087 5296 genus
1129 5229 1373 5297 exempla
1422 5216 1834 5296 prmtermiserit‘
1855 5267 1871 5294 ,

276 5332 351 5390 et,
403 5329 466 5377 ut
513 5324 635 5392 ipse
682 5321 918 5389 fatetur,
980 5333 1196 5394 anguste
1246 5323 1622 5395 antiquitatem
1688 5324 1875 5379 barum

277 5413 693 5469 distinctionum
743 5424 1063 5484 prosecutus
1108 5418 1209 5483 sit;
1262 5431 1366 5471 non
1409 5433 1577 5488 pauca
1625 5418 1882 5489 supplere

282 5509 623 5576 curabimus,
673 5525 791 5579 qua:
837 5509 956 5578 ejus
987 5509 1320 5580 diligentiam
1365 5510 1564 5580 fugisse
1609 5511 1883 5581 perspexi.

282 5601 418 5658 Illud
449 5613 633 5658 autem
666 5601 900 5672 primum
930 5605 1212 5660 observari
1241 5605 1422 5672 velim,
1451 5605 1591 5661 idem
1621 5605 1889 5662 affirman-

287 5693 414 5749 dum
449 5709 573 5749 esse
605 5695 672 5750 de
703 5695 941 5764 antiquis
986 5711 1267 5753 sacrorum
1308 5695 1601 5752 Bibliorum
1642 5697 1892 5767 capitulis

293 5793 346 5842 et
417 5785 784 5854 sectionibus,
837 5786 979 5859 quod
1050 5789 1117 5846 de
1179 5789 1620 5847 translationibus
1687 5788 1894 5848 Latinis

1957 3482 2152 3535 nempe
2205 3477 2282 3521 tot
2329 3484 2452 3524 esse
2479 3485 2678 3540 genera
2715 3469 3026 3540 bujusmodi
3063 3470 3417 3537 divisionum,
3448 3484 3551 3526 seu

1957 3558 2412 3629 capitulationum,
2439 3561 2935 3630 quotsuntcodices
2958 3579 2974 3618 :
2999 3561 3456 3633 quemadmodum
3477 3570 3558 3620 tot

1959 3650 2648 3722 erantinterpretationum
2701 3654 3034 3725 exemplaria
3097 3654 3286 3710 Latina
3341 3654 3560 3711 diversa

1962 3753 2208 3816 tempore
2239 3746 2555 3818 Hieronymi
2599 3757 2654 3802 et
2695 3749 2999 3816 Augustini,
3057 3757 3192 3820 quot
3220 3747 3563 3805 habebantur

1959 3837 2176 3893 codices
2210 3837 2353 3893 sacri
2403 3857 2414 3891 :
2452 3839 2554 3906 Qui
2597 3840 2754 3906 enim,
2791 3840 2966 3911 inquit
2995 3839 3050 3898 S.
3098 3840 3238 3913 Aug.
3288 3841 3381 3896 lib.
3429 3857 3466 3896 ll
3494 3841 3565 3899 de

1961 3929 2215 3987 Doctrina
2245 3931 2584 4000 Christiana,
2615 3949 2735 4004 cap.
2776 3933 2862 4000 l9,
2892 3934 3198 4007 Scripturas
3225 3952 3289 3991 ea:
3336 3935 3562 3992 Hebraea

1964 4021 2144 4093 lingua
2171 4023 2226 4076 in
2250 4021 2490 4078 Gm’cum
2510 4035 2789 4091 verterunt,
2821 4026 3088 4080 nunrerari
3115 4037 3332 4098 possunt
3364 4042 3385 4082 :
3411 4025 3562 4083 Lati-

1967 4118 2018 4171 ni
2045 4126 2217 4172 autem
2243 4115 2561 4190 Interpretes
2602 4119 2747 4174 nullo
2773 4119 2946 4174 modo.
2984 4119 3054 4175 Ut
3085 4121 3220 4175 enim
3250 4120 3433 4192 cuique
3457 4121 3570 4192 pri-

1968 4211 2064 4264 mis
2103 4211 2227 4282 ﬁdei
2259 4212 2573 4284 temporibus
2602 4213 2655 4266 in
2689 4229 2871 4268 manus
2895 4213 3033 4267 venit
3057 4214 3221 4268 codex
3265 4211 3500 4283 Grascus,
3525 4222 3573 4270 et

1967 4303 2348 4376 aliquantulum
2390 4305 2661 4376 facultatis
2691 4306 2789 4360 sibi
2832 4307 3099 4378 utriusque
3147 4307 3340 4379 linguae
3379 4305 3569 4362 habere

1969 4395 2258 4462 videbatur,
2281 4414 2442 4452 ausus
2468 4407 2540 4452 est
2572 4399 2919 4471 interpretari.
2945 4398 3031 4455 Ab
3063 4399 3128 4456 iis
3157 4399 3572 4470 interpretibus,

1971 4504 2200 4560 quorum
2231 4489 2504 4558 imperitia
2550 4505 2742 4546 carere
2779 4491 3002 4548 volebat
3029 4492 3369 4564 Augustinus
3394 4490 3575 4548 subsi-

1973 4581 2064 4636 dio
2120 4582 2533 4638 translationum
2591 4582 3161 4655 Hieronymianarum,
3206 4584 3490 4653 habemus,
3514 4582 3574 4639 ni

1978 4671 2154 4743 fallor,
2193 4684 2274 4730 tot
2304 4675 2495 4730 modos
2543 4674 2871 4730 divisionum
2919 4683 2976 4731 et
3019 4675 3468 4745 capitulationum
3519 4675 3576 4730 in

1893 4744 1948 4806 D
1977 4769 2142 4824 veteri
2179 4780 2228 4823 et
2262 4783 2403 4824 novo
2433 4769 2824 4825 Testamento:
2854 4784 3034 4840 neque
3080 4785 3210 4824 vero
3243 4768 3577 4840 persuadere

1976 4861 2104 4916 mihi
2135 4877 2352 4933 possum
2401 4862 2468 4918 ab
2496 4862 2616 4917 aliis
2650 4862 3028 4934 scriptoribus,
3057 4877 3215 4934 quam
3241 4862 3310 4918 ab
3337 4863 3442 4920 illis
3473 4862 3578 4918 im-

1979 4955 2165 5026 peritis
2218 4956 2643 5013 translatoribus
2694 4956 2925 5024 Latinis,
2983 4955 3226 5013 derivata
3282 4957 3451 5014 fuisse
3501 4965 3584 5014 tot

1979 5047 2162 5119 inepta
2221 5050 2495 5114 lemmata,
2547 5057 2670 5120 Quae
2722 5051 2976 5122 leguntur
3035 5051 3088 5106 in
3131 5051 3417 5108 codicibus
3449 5065 3586 5109 mss.

1978 5141 2360 5197 vetustissimis
2387 5158 2664 5199 sacrorum
2691 5143 3017 5200 Bibliorum.
3045 5145 3309 5202 Solebant
3341 5161 3588 5218 namque

1931 5293 1943 5301 _
1982 5237 2186 5305 antiqui
2217 5237 2518 5306 scriptores
2546 5247 2601 5292 et
2649 5238 2979 5309 interpretes
3025 5240 3180 5295 libris
3207 5240 3321 5296 suis
3349 5241 3585 5298 iudicem

1984 5327 2342 5398 capitulorum
2378 5326 2682 5401 pra-figere,
2717 5341 2773 5387 ut
2815 5331 3051 5388 lectores
3079 5333 3208 5404 quid
3243 5331 3295 5388 in
3327 5342 3589 5390 contextu

1990 5422 2256 5477 librorum
2287 5433 2632 5492 tractaretur,
2663 5440 2772 5481 uno
2793 5427 2945 5495 quasi
2974 5427 3170 5482 intuitu
3201 5437 3588 5500 agnoscerent.

1987 5515 2238 5572 Pluribus
2265 5527 2445 5575 autem
2473 5519 2652 5574 modis
2681 5519 2731 5574 id
2759 5528 3022 5589 praestare
3045 5531 3448 5578 consueverant
3467 5530 3583 5577 tum

1992 5610 2370 5679 ecclesiastici,
2428 5620 2540 5666 tum
2585 5612 2782 5668 exotici
2831 5613 3171 5684 scriptores:
3204 5631 3325 5671 nam
3352 5623 3443 5668 aut
3469 5629 3590 5670 ont-

1995 5701 2141 5756 nium
2167 5703 2326 5758 simul
2360 5703 2618 5760 librorum
2643 5706 2874 5776 capitula
2905 5708 2956 5760 in
2984 5706 3160 5763 fronte
3193 5706 3433 5762 universi
3463 5722 3594 5776 ope.

1998 5791 2074 5850 ris
2124 5793 2544 5866 praeponebant,
2600 5797 2738 5854 sicut
2789 5813 2820 5852 a
2880 5797 3054 5856 Plinio
3106 5797 3353 5858 Secundo
3394 5796 3596 5857 factum
