4040 6360
481 317 585 378 105

1101 310 1195 372 AD
1233 311 1294 372 S.
1336 310 1723 372 HlERONYMl
1763 307 2050 368 DlVlNAM
2090 306 2606 373 BIBLIOTHECAM
2647 310 3180 375 PROLEGOMENA.
3298 311 3354 320 ““

3665 315 3768 375 IN

476 443 563 492 est
593 435 648 491 iu
675 433 832 491 libris
863 432 1121 490 Historiae
1161 434 1454 501 Naturalis,
1511 443 1567 492 et
1595 435 1844 491 similiter
1886 432 1956 486 ab
1985 446 2075 487 ec-
2102 428 2155 490 A
2184 435 2321 490 teris
2345 434 2680 493 Testameuti
2711 455 2725 490 τ
2755 439 2879 510 quia
2930 454 3036 495 non
3072 454 3157 495 me
3183 437 3318 493 latet
3347 435 3559 507 aliquos
3601 435 3768 495 fuisse

475 528 800 586 clesiaSIicis
843 527 998 594 viris,
1045 527 1139 598 qui
1181 529 1416 599 capitula
1463 536 1697 600 quatuor
1744 525 2072 596 Evangelio-

474 637 597 682 rum
621 637 723 677 una
752 621 911 677 simul
944 621 1298 691 prtefixerunt
1340 621 1395 676 in
1439 621 1616 676 fronte
1638 617 1898 683 Matthaei,
1933 617 2074 672 sicut

475 717 651 788 posita
679 715 931 786 leguntur
961 714 1011 769 in
1034 714 1410 770 vetustissimo
1449 729 1554 768 ms.
1589 711 2070 769 San-Germanen-

477 809 526 869 si
548 818 739 866 nostro
770 824 921 864 num.
954 809 1058 874 l5;
1104 816 1197 863 aut
1220 805 1451 878 singulis
1475 806 1631 862 libris
1657 805 1844 860 titulos
1865 804 2074 876 capitu-

475 907 652 966 lorum
676 908 957 979 przeligere
1001 905 1344 977 satagebant,
1380 915 1437 961 ut
1465 905 1519 962 in
1543 905 1778 961 Historia
1805 904 2076 961 Ecclesia-

481 1002 616 1059 stica
645 1001 777 1058 fecit
797 998 1069 1056 Eusebius
1098 999 1475 1067 Caesariensis,
1508 999 1598 1069 qui
1625 998 1780 1053 libris
1807 997 2076 1054 Historia-

478 1112 599 1154 rum
649 1112 868 1154 suarum
911 1095 1143 1163 iudices,
1181 1110 1278 1152 seu
1306 1095 1498 1152 titulos
1540 1095 1884 1166 praenota‘vit,
1932 1093 2075 1150 sicut

484 1187 649 1246 hodie
685 1187 937 1259 leguntur
987 1188 1040 1243 in
1069 1186 1315 1258 ejusdem
1365 1187 1648 1259 operibus.
1698 1189 1806 1242 Aut
1835 1195 1984 1242 certe
2009 1202 2076 1242 ex

479 1281 650 1340 latere
681 1283 733 1339 in
771 1282 962 1354 pagina
1008 1280 1251 1338 breviter
1278 1281 1636 1345 annotabant,
1661 1294 1820 1350 quem
1865 1278 2065 1335 intrin-

483 1389 644 1431 secus
681 1388 902 1430 sensum
954 1364 1182 1444 singula
1217 1374 1452 1443 capitula
1501 1373 1872 1439 continerent;
1929 1370 2075 1441 quod

480 1465 850 1538 Hieronymus
874 1465 1000 1522 fecit
1023 1465 1076 1520 in
1107 1465 1468 1520 translatione
1490 1463 1740 1535 epistola:
1755 1463 1814 1519 S.
1841 1463 2076 1534 Epipha-

484 1557 562 1614 nii
594 1557 663 1613 ad
692 1557 958 1614 Joannem
1010 1557 1322 1628 episcopum
1374 1556 1950 1628 Hierosolymitanum,
2000 1555 2076 1610 uti

481 1649 652 1719 liquet
703 1665 770 1705 ex
829 1648 1061 1720 epistola
1105 1648 1350 1717 ejusdem
1384 1647 1698 1718 Hieronymi
1733 1646 1798 1701 ad
1831 1646 2077 1701 Pamma-

486 1742 695 1811 chium,
735 1741 994 1812 inscripta
1048 1741 1117 1797 de
1155 1741 1364 1811 optimo
1408 1754 1613 1812 genere
1655 1739 2072 1810 interpretandi.

2184 528 2462 598 appositos
2508 544 2536 583 a
2568 530 2894 586 Cassiodoro
2924 541 3130 595 nostro,
3184 539 3244 586 ut
3289 529 3634 585 manifestum
3664 545 3765 586 no-

2181 617 2265 674 bis
2295 629 2379 676 est
2402 636 2469 676 ex
2494 620 2752 692 subjectis
2773 622 2875 677 viri
2891 621 3181 678 clarissimi
3225 621 3573 678 testimoniis.
3606 620 3768 678 Libro

2179 712 2409 783 itaquet
2449 713 2518 770 de
2560 713 2666 768 illis
2697 714 2865 770 titulis
2911 715 3009 770 ista
3056 715 3314 769 observat
3363 713 3763 770 Cassiodorus:

2190 801 2299 858 Sed
2348 813 2406 858 ut
2455 813 2622 860 textus
2677 807 2946 861 memorati
3001 804 3304 860 Octateuclti
3347 806 3575 877 quodam
3625 805 3767 860 nobis

2179 897 2478 967 compendio
2505 899 2838 968 panderetur,
2870 899 2926 953 in
2969 898 3241 969 principiis
3264 898 3512 954 librorum
3560 899 3624 953 de
3649 900 3770 954 uni-

2179 1003 2327 1043 uersa
2347 990 2479 1043 serie
2509 989 2742 1044 lectionis
2789 990 2969 1044 titulos
3003 991 3074 1045 eis
3099 990 3414 1054 credidimus
3467 992 3769 1060 imprimen-

2178 1083 2293 1151 dos,
2335 1099 2367 1136 a
2395 1083 2679 1156 majoribus
2701 1086 2890 1141 nostris
2911 1086 3093 1141 ordine
3116 1096 3353 1142 currente
3381 1088 3685 1157 descriptos,
3715 1099 3769 1142 ut

2180 1172 2338 1230 lector
2365 1175 2561 1230 utiliter
2589 1176 2908 1246 admonitus,
2933 1178 3206 1232 salubriter
3245 1178 3496 1234 reddatur
3521 1189 3765 1248 attentus,

2180 1274 2228 1320 et
2276 1266 2433 1336 facile
2487 1284 2898 1338 unamquamque
2951 1285 3061 1324 rem
3104 1269 3230 1324 dum
3285 1273 3488 1342 quwrit,
3523 1271 3766 1338 inveniat,

2179 1377 2333 1432 quam
2371 1361 2468 1416 sibi
2497 1362 2766 1438 cognoscit
2779 1362 2996 1418 breviter
3017 1363 3318 1419 indicatam.
3350 1363 3559 1420 Titulos
3612 1365 3770 1421 Octa-

2181 1456 2385 1520 teuchi,
2420 1457 2684 1513 librorum
2714 1457 2923 1515 scilicet
2953 1458 3194 1530 quinque
3245 1458 3625 1525 Mosaicorum,
3680 1459 3773 1516 Jo-

2179 1563 2304 1615 sue,
2335 1549 2587 1605 Iudicum
2622 1559 2677 1605 et
2716 1550 2889 1616 Ruth,
2931 1565 2959 1604 a
2991 1551 3288 1620 majoribus
3315 1551 3430 1608 suis
3456 1551 3651 1607 ordine
3676 1551 3772 1607 de-

2179 1642 2414 1712 scriptos
2439 1643 2686 1714 agnoscit
2719 1642 3107 1710 Cassiodorus;
3143 1654 3198 1698 at
3227 1659 3334 1699 non
3368 1643 3509 1699 idem
3538 1643 3589 1698 iu
3619 1643 3773 1699 libris

2178 1733 2635 1805 Paralipomenon
2666 1735 2941 1791 invenisse
2970 1752 3029 1792 se
3050 1734 3185 1791 dicit
3209 1753 3223 1790 :
3255 1734 3324 1790 In
3351 1736 3648 1790 memoratis
3676 1752 3772 1790 au-

480 1835 574 1894 Ex‘
616 1837 721 1893 hoc
769 1837 1126 1908 Antiquorum
1175 1851 1273 1892 usu
1332 1837 1385 1890 in
1434 1834 1781 1906 praeligendis
1828 1833 2077 1904 capitulis
2109 1828 2155 1890 Β
2183 1836 2302 1894 tem,
2334 1826 2530 1898 inquit,
2564 1825 3006 1898 Paralipomenon
3033 1827 3176 1882 libris
3207 1826 3410 1883 duobus
3435 1865 3450 1882 .
3479 1869 3492 1883 .
3519 1867 3533 1883 .
3571 1869 3618 1884 ..
3645 1869 3659 1883 .
3707 1867 3721 1881 .
3755 1865 3770 1883 .

481 1928 550 1985 ad
581 1928 814 1984 frontem
848 1927 1144 1994 librorum,
1188 1925 1363 1983 facilis
1400 1935 1485 1983 est
1513 1925 1847 1997 conjectura,
1883 1941 2079 1981 unum-

482 2039 754 2096 quemque
786 2022 1036 2079 Latinum
1089 2022 1444 2091 interpretem
1475 2021 1676 2077 veteris
1705 2019 2078 2087 lnstrumenti,

490 2116 646 2172 libris
665 2117 835 2172 sacris
859 2115 1068 2172 indices
1102 2130 1197 2171 seu
1228 2115 1418 2171 titulos
1442 2129 1575 2172 suos
1612 2115 1994 2185 praeposuisse,
2021 2121 2081 2169 ut

487 2210 727 2267 lectores
750 2211 1175 2265 admonerentur
1203 2208 1332 2280 quid
1376 2208 1429 2264 in
1479 2209 1621 2264 libro
1651 2207 1904 2274 Genesis,
1952 2207 2081 2277 quid

489 2304 544 2360 in
574 2302 780 2369 Exodo,
810 2302 940 2374 quid
967 2301 1022 2357 in
1053 2300 1317 2368 Levitico,
1348 2311 1400 2358 et
1431 2302 1560 2374 qttid
1585 2301 1802 2357 demum
1827 2301 1880 2357 in
1922 2309 2084 2358 crete-

492 2396 571 2452 ris
601 2393 854 2450 omnibus
875 2393 1176 2464 Scriptura:
1221 2407 1393 2450 sacrae
1436 2393 1801 2450 voluminibus
1846 2393 2080 2463 positum

497 2487 793 2558 legeretur.
817 2485 1025 2544 Deinde
1065 2502 1188 2543 cum
1212 2486 1280 2543 ad
1309 2485 1606 2543 editionem
1637 2484 1785 2540 LXX
1812 2485 2084 2554 interpre-

494 2592 608 2640 tum
637 2582 886 2638 adornati
915 2581 1120 2639 fuerint
1142 2580 1451 2654 huiusmodi
1478 2580 1620 2636 tituli
1649 2589 1705 2637 et
1737 2581 2081 2651 capitulatio-

487 2690 610 2741 nes,
653 2684 713 2731 ut
754 2674 1032 2731 nominum
1083 2685 1140 2732 et
1168 2674 1556 2731 vocabulorum
1612 2674 1834 2744 antiqua
1891 2673 2086 2744 probat

487 2768 792 2836 barbaries,
817 2769 1156 2840 antiquiores
1209 2767 1543 2838 Hieronymo
1567 2765 1705 2822 tales
1732 2765 1940 2822 indices
1960 2780 2086 2822 esse

486 2861 580 2917 vix
600 2859 838 2917 dubitari
872 2869 1074 2932 potest.
1101 2859 1337 2917 Eosdem
1376 2860 1540 2931 igitur
1569 2858 1809 2916 habuere
1831 2868 2086 2931 parentes

488 2953 630 3008 tituli
646 2964 860 3010 veteres
886 2963 945 3010 et
985 2954 1244 3024 capitula,
1298 2967 1436 3024 quos
1474 2953 1778 3009 habuerant
1830 2963 2087 3010 auctores

489 3052 599 3100 tam
630 3044 862 3101 diversa:
883 3045 1091 3101 Latium
1119 3059 1399 3102 sacrorum
1437 3045 1734 3102 Bibliorum
1760 3045 2084 3116 interpreta-

495 3136 693 3193 tiones.
746 3136 871 3194 Scio
901 3137 1231 3208 Hesychium
1277 3137 1653 3193 doctissimum
1702 3137 2080 3209 presbyterum

2181 1923 2427 1993 quoniam
2459 1922 2639 1977 titulos
2683 1923 2923 1993 antiquos
2952 1939 3054 1976 non
3087 1922 3276 1993 reperi,
3308 1938 3463 1977 novos
3483 1923 3551 1976 ad
3581 1938 3774 1995 prtece-

2179 2013 2414 2069 dentium
2437 2013 2834 2069 similitudinem
2885 2015 3012 2069 locis
3040 2015 3284 2088 singulis,
3313 2023 3370 2068 ut
3403 2015 3622 2082 restituo,
3651 2032 3775 2070 con-

2180 2115 2448 2177 sequenter
2468 2106 2705 2177 impressi
2731 2121 2750 2160 .'
2771 2114 2826 2160 ut
2849 2107 3212 2177 qualicumque
3233 2106 3475 2177 obsequio
3497 2107 3769 2176 sermonis,

2183 2199 2469 2254 deuotionis
2493 2208 2685 2254 nostra:
2705 2200 2934 2271 qualitas
2965 2199 3215 2269 potuisset
3246 2201 3480 2272 agnusci.
3538 2199 3771 2269 ldipsutn

2183 2296 2439 2366 praestitit
2459 2295 2514 2351 in
2546 2295 2699 2350 libris
2731 2295 3038 2353 Salomonis
3066 2295 3286 2351 nomine
3315 2310 3420 2366 pra
3433 2294 3657 2361 notatis,
3682 2309 3775 2350 vo-

2184 2403 2314 2444 cans
2341 2389 2520 2459 capite
2543 2388 2576 2444 5
2597 2389 2848 2461 capitula,
2882 2387 3028 2460 quod
3057 2387 3180 2443 aliis
3210 2387 3348 2444 locis
3375 2389 3485 2457 jam
3531 2387 3776 2443 recitatis

2183 2481 2371 2538 titulos
2397 2482 2653 2553 appellat.
2680 2479 2772 2536 Ait
2801 2479 2962 2552 igitur
2992 2499 3005 2534 :
3039 2480 3238 2548 Quibus
3257 2481 3400 2536 libris
3431 2480 3509 2550 (id
3538 2489 3642 2546 est,
3676 2478 3775 2535 Sa-

2183 2575 2438 2648 lomonis)
2451 2580 2664 2650 juvnnte
2692 2576 2918 2631 Domino
2930 2576 3159 2647 capitula
3179 2576 3432 2648 insignire
3457 2575 3772 2641 curavimus,

2183 2684 2246 2722 ne
2273 2668 2328 2723 in
2351 2677 2456 2722 tam
2486 2669 2776 2725 necessaria
2806 2669 3047 2736 lectione,
3073 2678 3128 2722 ut
3149 2685 3288 2740 stepe
3308 2668 3505 2723 dictum
3533 2679 3630 2738 est,
3652 2684 3776 2723 con-

2186 2764 2303 2834 fusa
2327 2761 2508 2816 tironis
2535 2763 2730 2817 novitas
2757 2762 3093 2834 linqueretur.
3125 2759 3350 2818 Certum
3383 2776 3447 2818 ex
3478 2761 3562 2817 his
3587 2763 3778 2832 explo-

2184 2864 2472 2926 ratumque
2526 2855 2791 2912 habemus
2835 2855 3024 2912 titulos
3079 2856 3199 2912 sive
3259 2854 3496 2928 capitula
3548 2855 3774 2926 prteflxa

2183 2951 2352 3007 fuisse
2381 2950 2628 3022 pluribus
2651 2951 3056 3020 Scripturarum
3080 2950 3235 3006 libris
3256 2961 3383 3006 ante
3414 2958 3626 3006 aetatem
3645 2949 3779 3005 Cas-

2185 3043 2384 3099 siodori
2419 3062 2430 3096 :
2464 3058 2526 3099 ea
2557 3043 2702 3099 enim
2729 3052 2888 3099 vocat
2910 3052 3099 3099 ueteres
3121 3043 3321 3111 titulos,
3353 3053 3406 3099 et
3434 3060 3467 3098 a
3489 3042 3778 3113 majoribus

2185 3137 2367 3191 ordine
2385 3145 2619 3192 currente
2645 3137 2926 3208 descriptos
2958 3151 2977 3191 :
3005 3137 3147 3208 quod
3173 3152 3281 3192 non
3303 3144 3448 3193 esset
3466 3137 3568 3192 nisi
3597 3136 3651 3192 in
3682 3151 3782 3191 ve-

494 3232 875 3302 composuisse
921 3240 1236 3303 argumenta
1305 3239 1361 3287 et
1409 3232 1654 3304 κεφάλαια
1697 3231 1754 3286 in
1794 3212 2155 3287 duodecimo
2190 3229 2396 3286 teribus
2445 3229 2751 3298 codicibus,
2808 3239 3056 3301 tempore
3111 3245 3220 3300 quo
3271 3228 3628 3287 Cassiodorus
3684 3229 3778 3284 illa

501 3323 797 3396 prophetas
809 3323 1071 3394 minores,
1098 3323 1191 3380 sed
1211 3338 1353 3380 nunc
1365 3324 1434 3381 de
1447 3323 1766 3380 Latinorum
1787 3323 2087 3381 Bibliorum

502 3419 756 3489 capitulis
787 3419 1003 3490 loquor,
1037 3434 1160 3490 quae
1189 3420 1417 3475 multum
1459 3419 1666 3474 distant
1693 3419 1762 3475 ab
1790 3417 2091 3492 Hesychia—

498 3527 697 3568 norum
726 3513 994 3585 elegantia
1017 3521 1073 3569 et
1103 3513 1388 3570 facilitate.
1426 3512 1670 3569 Primum
1703 3529 1735 3570 e
1773 3513 1962 3586 viginti
1993 3528 2086 3570 ea.

493 3603 728 3675 pitulum
748 3602 889 3660 Osee
917 3604 1200 3675 propheta:
1246 3604 1349 3662 hoc
1378 3605 1542 3661 modo
1592 3606 1873 3662 contexuit
1919 3606 2090 3678 Hesy-

491 3698 648 3756 chius
677 3707 809 3754 tom.
842 3697 958 3754 Vlll
983 3697 1308 3756 Criticorum
1336 3713 1617 3755 sacrorum
1648 3715 1662 3754 :
1693 3702 1852 3755 Εἰκών
1872 3707 1965 3760 τῆς
1989 3706 2088 3754 τῶν

492 3789 749 3848 Ἰουδαίων
791 3800 1093 3868 συναγωγῇς
1119 3833 1134 3859 ,
1175 3794 1227 3860 ἐξ
1264 3791 1323 3855 ἧς
1361 3790 1388 3848 ὃ
1423 3794 1645 3870 Χριστὸς
1671 3795 1730 3849 τὸ
1761 3796 1892 3849 κατὰ
1924 3794 2090 3870 σάρκα

494 3887 741 3944 τίκτεται·
770 3886 992 3944 uallum)
1013 3887 1074 3943 τὸ
1088 3887 1180 3958 μέν
1196 3887 1246 3941 ἓν
1273 3887 1490 3962 ἀπιστίᾳ
1504 3883 1714 3958 ἔμεινεν,
1733 3887 1789 3942 τὸ
1803 3884 1857 3942 δέ
1873 3885 2088 3963 ὕστερον

495 3977 794 4058 ἐπιστρέφει
822 3982 906 4036 καὶ
941 3982 1164 4045 σώζεται
1188 3995 1204 4046 ;
1254 3979 1306 4036 id
1335 3987 1439 4049 est,
1470 3978 1653 4054 Imago
1681 3997 1961 4052 synagoga:
1985 3979 2081 4035 Ju-

499 4074 732 4130 dtcorum
756 4113 772 4140 ,
811 4074 876 4129 de
899 4089 1002 4145 qua
1021 4070 1258 4128 Christus
1295 4073 1526 4128 nascitur
1551 4074 1834 4129 secundum
1858 4090 2085 4142 carnem,

497 4177 546 4223 et
578 4167 782 4240 papuli,
812 4169 900 4240 qui
924 4185 1040 4223 cum
1058 4169 1114 4224 in
1136 4169 1501 4224 incredulitate
1523 4170 1886 4240 permanserit,
1913 4178 2092 4239 postea

495 4260 768 4316 revertitur
803 4270 852 4317 et
887 4262 1138 4317 salvatur.
1169 4261 1246 4317 Ita
1278 4261 1469 4320 Latine
1497 4262 1666 4319 reddo
1696 4277 1916 4319 sensum
1939 4262 2092 4334 capi-

495 4354 595 4410 tuli
636 4352 958 4426 Hesychiani
982 4395 997 4422 ,
1029 4354 1173 4426 quod
1207 4364 1464 4426 quantum
1506 4354 1672 4412 distet
1703 4372 1733 4411 a
1771 4354 2113 4423 Latinorum,

496 4451 682 4521 inepta
713 4450 1135 4521 compositione,
1169 4449 1385 4506 ostendi
1421 4459 1599 4522 potest
1621 4465 1687 4507 ex
1712 4449 1903 4506 eodem
1930 4448 2094 4518 priori

496 4546 737 4618 capitulo
765 4544 906 4601 Osee
919 4544 1197 4616 prophetae
1215 4544 1358 4616 apud
1372 4545 1567 4601 Carum
1580 4543 1691 4615 jam
1717 4543 1991 4599 laudatum
2014 4541 2096 4598 his

498 4640 689 4696 verbis
710 4651 972 4708 expresso
1002 4637 1083 4693 :l.
1121 4635 1268 4693 Vade
1295 4645 1343 4692 et
1361 4638 1536 4710 accipe
1567 4637 1656 4692 tibi
1686 4651 1900 4692 uxorem
1930 4635 2094 4707 forni-

498 4734 718 4790 cariam.
742 4731 886 4789 Nihil
916 4731 1061 4788 aliud
1093 4741 1293 4802 praeter
1320 4731 1436 4787 haec
1477 4730 1641 4787 verba
1674 4729 1916 4786 continet
1936 4728 2091 4799 Capi—

406 4846 410 4848 ‘
497 4825 674 4882 tulum
707 4839 952 4897 przesens
982 4825 1040 4879 in
1070 4837 1201 4879 mss.
1231 4822 1442 4879 Latinis
1472 4822 1771 4879 codicibus.
1799 4821 1862 4877 ll.
1899 4821 1965 4876 Et
1987 4829 2094 4877 erat

501 4933 748 4973 numerus
797 4915 1027 4987 ﬁliorum
1056 4913 1226 4970 Israel
1274 4915 1408 4971 sicut
1446 4931 1608 4970 arena
1644 4915 1824 4970 maris.
1852 4912 1943 4970 lll.
1969 4911 2097 4986 Ipsa

502 5011 625 5083 fecit
651 5019 894 5084 argentea
916 5019 963 5065 et
991 5025 1154 5064 aurea
1178 5025 1320 5064 vasa.
1373 5008 1511 5078 Quid
1540 5008 1743 5064 habent
1773 5007 1983 5064 indices
2020 5006 2098 5062 illi

499 5110 613 5159 tres
638 5116 929 5158 commune
976 5116 1099 5157 cum
1132 5102 1294 5157 unico
1323 5099 1580 5171 Hesychii
1629 5098 1915 5174 κεφαλαίῳΐ
1963 5096 2092 5170 quid

501 5210 634 5252 vero
666 5193 734 5251 ad
765 5194 1130 5251 eruditionem
1152 5193 1441 5251 conferunt
1471 5193 1700 5250 obscura
1729 5193 1867 5249 adeo
1896 5193 2087 5261 verba,

501 5296 564 5344 ut
590 5303 782 5344 eorum
809 5301 1030 5344 sensum
1055 5288 1271 5359 assequi
1295 5287 1518 5344 minime
1541 5285 1718 5358 possis
1748 5286 1850 5341 nisi
1879 5300 1945 5342 ex
1977 5286 2091 5342 lec-

499 5381 648 5438 tione
669 5389 959 5438 contextus
1000 5379 1342 5452 prophetici?
1373 5379 1564 5436 Restat
1595 5379 1755 5451 igitur
1781 5379 1962 5450 inepta
1992 5378 2096 5434 hu-

497 5472 762 5547 jusmodi,
794 5484 850 5531 et
901 5473 1104 5530 similia
1134 5472 1369 5543 capitula
1410 5472 1724 5528 Latinorum
1775 5471 2092 5539 Bibliorum,

507 5566 727 5624 condita
758 5565 929 5622 fuisse
962 5566 1031 5620 ab
1053 5565 1324 5635 imperitis
1353 5563 1596 5635 antiquis
1649 5563 2009 5635 scriptoribus
2045 5572 2101 5620 et

507 5659 921 5732 interpretibus,
945 5658 1038 5728 qui
1066 5673 1164 5730 pro
1187 5668 1349 5730 captu
1381 5673 1446 5714 ac
1475 5657 1631 5713 libitu
1661 5673 1762 5715 suo
1787 5658 1886 5714 hos
1916 5658 2100 5716 titulos

505 5752 914 5823 exemplaribus
956 5752 1074 5807 suis
1120 5749 1493 5822 praefigebant.
1524 5750 1944 5823 Antiquissimos
1985 5752 2101 5809 exi-

505 5845 668 5905 stimo
696 5847 880 5904 titulos
903 5845 1050 5917 illos,
1083 5860 1195 5903 non
1218 5854 1398 5903 tamen
1431 5847 1675 5903 omnium
1707 5845 1968 5904 librorum
2001 5862 2092 5903 ve-

2189 3321 2487 3388 seribebat,
2523 3320 2902 3378 invenirentur
2946 3323 3110 3394 longe
3155 3331 3316 3378 antea
3358 3323 3584 3378 exarati.
3633 3322 3781 3392 Ergo

2189 3417 2526 3473 recentiores
2553 3416 2716 3482 tituli,
2751 3416 3052 3472 Bibliorum
3077 3431 3354 3472 sacrorum
3382 3415 3782 3487 exemplaribus

2189 3511 2719 3581 prmlixi,auetorem
2749 3521 3050 3583 agnoscunt
3096 3511 3504 3578 Cassiodorum,
3552 3527 3651 3568 nec
3694 3512 3782 3566 itt-

2192 3601 2358 3658 ferior
2386 3612 2520 3659 tetas
2546 3605 2626 3659 eis
2647 3603 2914 3674 assignari
2966 3613 3146 3675 potest
3174 3620 3336 3676 quam
3369 3605 3628 3661 saeculum
3659 3619 3786 3660 sex-

2190 3706 2322 3752 tum.
2351 3695 2454 3752 Alii
2485 3695 2823 3767 antiquiores
2853 3697 3042 3768 primis
3071 3697 3195 3754 fidei
3245 3697 3582 3768 temporibus
3604 3696 3789 3769 prodi-

2189 3804 2247 3845 re
2301 3798 2595 3858 potuerunt
2650 3806 2773 3846 cum
2822 3790 2928 3846 illis
2978 3790 3186 3846 Latinis
3241 3790 3786 3862 interpretationibus

2189 3885 2618 3956 Scripturarum,
2643 3900 2780 3956 quas
2802 3885 3227 3942 innumerabiles
3247 3900 3410 3956 supra
3440 3885 3657 3942 dicebat
3676 3887 3790 3940 Au-

2192 3981 2458 4052 gustinus.
2483 3981 2752 4051 Quidquid
2786 3980 2858 4036 sit
2887 3980 2956 4038 de
2983 3990 3253 4037 vetustate
3283 3991 3335 4038 et
3354 3981 3666 4038 auctoribus
3696 3997 3789 4038 ca-

2192 4075 2488 4146 pitulorum
2538 4091 2660 4147 quae
2687 4074 2886 4131 divinis
2915 4075 3282 4132 voluminibus
3324 4075 3575 4147 leguntur
3605 4074 3789 4144 prmfi-

2194 4181 2260 4222 xa
2287 4167 2591 4222 indubitata
2611 4181 2698 4223 res
2723 4177 2826 4236 est,
2855 4177 3140 4239 parentem
3173 4166 3261 4223 illa
3284 4167 3527 4238 capitula
3559 4181 3667 4222 non
3699 4164 3782 4220 ha-

2198 4259 2384 4316 huisse
2411 4259 2820 4332 Hieronymum.
2855 4259 3134 4316 Lemmata
3157 4259 3301 4316 enim
3335 4258 3642 4330 hujusmodi
3665 4257 3792 4314 bar-

2196 4352 2324 4408 hara
2347 4363 2401 4410 et
2440 4355 2647 4424 inepta,
2673 4355 2982 4425 imperitum
3015 4369 3243 4424 prorsus
3282 4363 3563 4411 auctorem
3590 4353 3792 4424 ubique

2200 4461 2313 4516 prae
2341 4459 2401 4501 se
2434 4445 2632 4510 ferunt,
2662 4445 2804 4518 quod
2829 4447 2895 4502 de
2922 4446 3256 4518 Hieronymo
3289 4447 3375 4503 vel
3405 4445 3672 4516 COgitasse
3696 4461 3795 4501 ne-

2203 4535 2281 4592 fas
2334 4545 2499 4593 esset.
2552 4536 2821 4594 Praeterea
2867 4537 3085 4594 nullum
3133 4548 3358 4608 apparet
3404 4537 3694 4609 vestigium
3738 4538 3793 4592 in

2202 4619 2546 4686 SIDoctoris
2595 4629 2876 4701 operibus,
2914 4630 3061 4687 unde
3107 4631 3298 4686 horum
3345 4631 3623 4688 titulorum
3661 4647 3795 4688 usus

2196 4722 2338 4812 ap‘ud
2382 4723 2559 4794 ipsum
2589 4732 2843 4794 receptus
2873 4722 3250 4795 dignoseatur,
3298 4733 3355 4782 et
3377 4726 3633 4797 capitula,
3659 4740 3798 4796 quo-

2197 4832 2316 4872 rum
2348 4816 2438 4871 ille
2465 4817 2665 4888 saepius
2694 4817 2961 4883 meminit,
2993 4827 3177 4888 partes
3206 4828 3332 4874 sunt
3354 4818 3640 4890 ipsiusmet
3663 4833 3800 4874 con-

2200 4917 2380 4964 textus
2405 4909 2689 4979 librorum,
2722 4923 2829 4964 non
2855 4908 2998 4964 tituli
3027 4910 3368 4966 extrinsecus
3406 4909 3592 4980 positi,
3619 4909 3708 4965 vel
3739 4909 3794 4965 in

2201 4999 2379 5056 fronte
2415 5000 2649 5070 praefixi,
2683 4998 2775 5070 qui
2805 5001 3117 5055 summatim
3147 5009 3540 5072 repraesentem
3569 4999 3796 5056 easdem

2203 5101 2387 5163 partes
2408 5091 2463 5146 in
2489 5101 2638 5148 textu
2662 5091 2884 5162 positas.
2921 5091 3097 5164 thue
3131 5107 3246 5148 rem
3289 5093 3579 5162 probemus
3604 5107 3799 5148 exem-

2204 5185 2330 5255 plis,
2361 5183 2623 5238 nonnulla
2657 5183 2776 5240 loca
2794 5197 3056 5240 recenseo
3085 5199 3115 5240 e
3137 5183 3545 5254 Quaestionibus
3573 5183 3804 5241 Hebrai-

2203 5279 2281 5335 cis
2308 5277 2364 5333 in
2391 5277 2668 5344 Genesim,
2698 5277 2789 5334 ubi
2811 5286 2890 5334 ter
2926 5286 3019 5334 aut
3043 5286 3235 5350 quater
3271 5278 3509 5348 capitula
3555 5277 3805 5332 nominat

2205 5374 2564 5444 Hieronymus
2596 5374 2866 5430 sectiones
2887 5375 3168 5444 scripturae
3197 5387 3332 5444 quas
3358 5370 3600 5441 suscepit
3633 5384 3805 5440 expo—

2206 5467 2436 5524 nendas.
2461 5466 2777 5537 Capitulum
2803 5466 2954 5523 verb.
2983 5482 3065 5536 gr.
3115 5465 3356 5536 appellat
3380 5479 3503 5536 qua
3547 5462 3806 5534 leguntur

2203 5561 2401 5619 Genes.
2428 5576 2556 5626 xxv,
2581 5574 2610 5615 a
2640 5575 2804 5616 versu
2836 5560 2904 5614 15
2930 5557 2998 5614 ad
3025 5572 3244 5613 versum
3271 5555 3338 5612 l8
3363 5573 3376 5610 :
3407 5553 3561 5622 Quod
3602 5562 3801 5622 autem,

2205 5653 2402 5726 inquit,
2432 5653 2486 5708 in
2525 5661 2750 5708 extremo
2795 5650 2953 5722 hujus
2991 5648 3214 5722 capituli
3252 5651 3413 5722 juxta
3454 5646 3806 5720 Septuaginta

2206 5749 2425 5822 legimus
2467 5763 2485 5803 :
2523 5747 2724 5804 Contra
2766 5744 2957 5801 faciem
3010 5745 3252 5799 omnium
3305 5741 3531 5797 fratrum
3579 5754 3804 5796 suorum

2207 5841 2491 5907 habitavit,
2522 5839 2691 5896 verius
2743 5848 2815 5895 est
2840 5835 2973 5894 illud
2991 5837 3130 5911 quod
3159 5851 3252 5893 nos
3282 5835 3571 5908 posuimus,
3619 5845 3807 5890 coram
