4040 6360
224 319 325 378 105

902 309 1462 374 PROLEGOMENON
1504 311 1590 369 IV.
1633 310 1723 366 DE
1762 306 2056 378 TlTULlS,
2102 309 2249 366 ETU.
2293 311 2387 370 SS.
2433 312 2824 374 BIBLIOHUM.

3409 323 3509 380 I06

224 437 475 494 omnibus
495 435 756 491 fratribus
781 436 898 491 suis
924 435 1197 500 occubuit,
1223 435 1276 489 id
1300 445 1372 489 est
1394 436 1445 488 in
1462 433 1694 486 manibus
1708 448 1818 486 om-
1848 427 1903 487 A
1930 443 2046 482 rum
2097 428 2362 484 edidimus
2417 431 2483 485 ad
2545 432 2774 488 frontem
2807 433 3104 501 Geneseos,
3149 435 3289 490 sicut
3317 437 3508 508 lrgun-

218 531 354 584 nittm
378 528 612 594 ﬁliorum
629 544 843 581 suorum
874 536 1108 580 mortuus
1127 536 1222 592 est,
1240 525 1600 598 superstitibus
1619 522 1814 588 liberis,

217 633 263 677 et
290 619 436 674 nullo
477 623 622 691 prius
667 630 831 674 morte
861 629 1139 692 prterepto.
1200 617 1505 683 Capitulum
1564 614 1818 684 intelligit

221 714 322 769 hoc
352 714 474 768 loco
504 729 597 768 sex
626 721 832 768 tantum
880 727 1096 777 verstts,
1131 721 1186 765 ut
1215 711 1346 772 dixi,
1376 710 1466 780 qui
1500 712 1660 764 etiam
1685 724 1815 762 con-

217 809 455 863 tinentur
481 805 533 861 in
566 805 809 876 capitulo
836 820 955 861 vat
988 813 1189 859 nostne
1223 802 1502 869 editionis,
1529 801 1636 857 col.
1661 801 1732 854 25
1759 811 1815 856 et

214 901 312 966 9.6;
343 899 441 956 sed
471 900 914 956 convenientiam
947 899 1106 969 hujus
1137 899 1365 970 capituli
1419 897 1693 952 fortuitam
1725 912 1812 952 os-

216 997 441 1053 tendunt
463 1006 664 1054 caetera
690 1013 814 1069 qua:
841 1005 1161 1068 sequuntur.
1187 995 1316 1050 Nam
1345 995 1488 1067 quod
1516 995 1810 1066 capitulum

213 1093 348 1148 dixit
404 1091 544 1148 infra
579 1093 964 1163 Ilieronymus,
1025 1091 1245 1146 unicum
1277 1105 1489 1146 comme
1537 1099 1645 1152 est,
1695 1091 1811 1145 sive

214 1203 408 1243 versus
431 1203 574 1242 unus
599 1187 925 1242 recentioris
948 1185 1114 1252 illius,
1139 1201 1299 1257 quam
1324 1185 1484 1241 hodie
1506 1185 1806 1255 sequimur,

209 1280 521 1336 divisionis.
550 1280 778 1337 Genesis
811 1296 932 1351 cap.
962 1295 1150 1345 xxxvr,
1183 1280 1250 1334 η
1282 1296 1294 1332 :
1321 1277 1439 1351 Ipse
1455 1289 1530 1333 est
1558 1280 1692 1343 Ana,
1721 1279 1811 1345 qui

210 1373 404 1428 iurenit
440 1373 645 1427 Jamim
701 1374 756 1428 in
806 1373 1008 1428 deserto
1041 1390 1056 1427 :
1087 1389 1204 1425 cum
1252 1382 1481 1441 pasceret
1512 1373 1684 1425 asinos
1713 1370 1810 1426 Ze-

209 1466 335 1519 bcon
376 1465 542 1536 patris
583 1465 685 1519 sui.
715 1465 791 1521 De
835 1464 939 1520 isto
967 1474 1240 1519 commate
1273 1463 1344 1518 ita
1377 1463 1596 1519 disserit
1621 1463 1810 1518 Iliero-

207 1573 407 1630 uymus
439 1575 452 1611 :
494 1557 671 1612 Multa
703 1566 746 1612 et
777 1558 919 1612 varia
944 1557 1085 1630 apud
1114 1555 1362 1612 Hebrteos
1386 1557 1450 1612 de
1478 1559 1574 1612 hoc
1601 1558 1807 1629 capitu-

205 1650 253 1704 lo
282 1651 632 1722 disputantur
664 1669 681 1706 :
705 1651 849 1720 apud
893 1649 1105 1705 Grtvcos
1135 1651 1324 1720 quippe
1349 1660 1394 1705 et
1423 1659 1628 1706 nostros
1654 1668 1809 1721 super

205 1747 297 1796 hoc
327 1744 604 1799 silentium
633 1753 730 1811 est,
759 1754 867 1799 etc.
904 1743 1050 1799 Nihil
1095 1744 1201 1800 tale
1231 1745 1471 1816 reperies
1499 1745 1554 1800 itt
1581 1745 1804 1801 divisio-

1924 531 2009 576 tur
2069 523 2119 576 in
2168 525 2400 579 diversis
2424 528 2831 596 exemplaribus
2859 545 2990 584 mss.
3015 531 3284 586 versionis
3318 533 3511 587 IIiero-

1923 616 2214 686 nymiante.
2273 617 2428 672 Nulla
2480 628 2659 675 tamen
2711 635 2777 676 cx
2821 621 2932 677 illis
2992 639 3090 677 usu
3118 625 3392 678 communi
3423 641 3511 680 re-

1919 719 2075 778 cepta
2129 708 2250 774 fuit,
2292 710 2387 766 sed
2433 711 2908 769 indiscriminatim
2962 716 3126 770 modo
3180 715 3320 772 hanc
3350 717 3509 772 modo

1917 801 2078 856 aliam
2127 803 2496 873 cxscriptores
2519 808 2872 878 usurpabant.
2904 808 3006 877 Qui
3038 811 3370 880 exemplaria
3401 811 3507 866 Ca-

1917 896 2075 950 nonis
2112 895 2548 968 descripserunt,
2612 901 2796 958 titulos
2826 902 3214 973 praeferebant,
3263 906 3351 976 qui
3384 906 3508 962 aliis

1914 987 2275 1047 divisionibus
2297 1007 2525 1048 numero
2548 995 2826 1063 pauciores
2854 1005 3041 1052 erant:
3073 998 3285 1054 caeteris
3307 999 3512 1069 placuit

1915 1084 2149 1153 capitula
2209 1100 2551 1156 praeponere,
2608 1089 2783 1143 multo
2816 1089 2970 1160 plura
3007 1107 3257 1159 numero,
3303 1102 3355 1147 et
3383 1109 3510 1148 sen-

1916 1175 2099 1231 tentiis
2122 1177 2360 1246 diversa,
2389 1193 2437 1233 at
2454 1179 2778 1235 bitrantibus
2801 1182 3228 1239 commodiorem
3248 1200 3368 1240 esse
3393 1201 3507 1240 me-

1915 1269 2138 1325 thodum
2180 1287 2301 1342 qua:
2362 1280 2564 1327 textum
2617 1273 2912 1343 Scripturae
2965 1275 3019 1330 in
3073 1277 3273 1332 multas
3323 1290 3508 1348 partes

1913 1373 2084 1430 secat,
2153 1378 2312 1434 quam
2367 1381 2490 1435 quae
2545 1365 2646 1420 sub
2691 1365 2887 1421 eadem
2929 1367 3199 1425 divisione
3246 1372 3503 1426 materias

1911 1453 2155 1509 diversas
2180 1457 2586 1526 compIeCtitur.
2615 1458 2819 1528 Ingenii
2855 1459 3016 1529 igitur
3071 1471 3124 1517 et
3167 1462 3374 1518 arbitrii
3411 1481 3507 1517 ex-

1913 1547 2239 1618 sc:-iptorum
2284 1549 2383 1605 fuit
2412 1559 2492 1606 tot
2531 1551 2775 1607 diversas
2799 1552 2852 1608 in
2893 1554 3296 1625 exemplaribus
3323 1566 3503 1613 trans-

1913 1641 2135 1699 lationis
2189 1644 2503 1718 Hieronymi
2534 1647 2816 1718 praeﬁgere
2848 1649 3062 1718 species
3093 1653 3454 1721 capitulorum
3491 1671 3502 1706 :

1913 1751 2142 1806 quarum
2205 1739 2349 1794 nulla
2401 1755 2430 1795 a
2467 1740 2526 1796 S.
2572 1740 2803 1798 Doctore
2848 1743 3112 1799 adornata
3148 1745 3412 1817 creditur,
3448 1757 3507 1802 ut

205 1849 269 1891 ne
303 1835 600 1891 titulorum
654 1845 941 1903 veterum;
995 1837 1284 1908 angustior
1333 1847 1416 1892 est
1463 1837 1608 1893 enim
1643 1839 1804 1894 unius
1833 1823 1884 1884 Β
1912 1829 2084 1886 iaCiliS
2115 1839 2199 1886 est
2245 1832 2494 1903 probatio
2537 1833 2588 1888 in
2629 1833 2744 1905 jam
2803 1835 2980 1890 allatis
3043 1837 3297 1908 superius
3351 1853 3509 1910 argu-

205 1929 466 1984 versiculi
526 1930 871 1986 continentia
927 1931 992 1985 ad
1040 1931 1482 1988 constituendum
1538 1933 1805 2004 integrum

203 2023 530 2093 capitulum,
564 2023 708 2095 quod
739 2024 983 2095 pluribus
1014 2026 1266 2082 versibus
1295 2037 1347 2082 et
1368 2029 1657 2084 sententiis
1672 2044 1806 2085 con-

203 2124 352 2171 stare
381 2117 734 2186 perspicuum
767 2126 854 2172 est
880 2133 944 2171 ex
986 2118 1241 2189 cOngerie
1268 2120 1509 2174 on'mium
1541 2121 1808 2192 capitula-

201 2207 440 2263 tionum.
500 2208 725 2266 Diversa
756 2209 986 2278 proinde
1032 2211 1261 2266 dicenda
1304 2221 1433 2268 sunt
1481 2213 1806 2287 Hieronymi

199 2302 441 2374 capitula
473 2304 542 2358 ab
569 2304 659 2367 iis,
700 2321 820 2374 quze
865 2320 964 2361 nos
1009 2305 1278 2362 edidimus
1317 2309 1368 2361 in
1409 2309 1582 2363 fronte
1628 2308 1808 2364 Gene-

200 2412 352 2463 seos,
387 2397 777 2452 auctoritatem
823 2397 1073 2454 codicum
1117 2416 1244 2456 mss.
1305 2403 1499 2455 secuti.
1533 2401 1808 2468 Quudite-

199 2504 316 2546 rum
378 2491 604 2561 probari
662 2500 840 2561 potest
894 2508 959 2548 ex
1014 2493 1426 2562 Qumstionibns
1501 2495 1802 2565 llehraicis,

200 2583 287 2638 ubi
336 2583 643 2654 capitulum
682 2583 822 2638 dixit
869 2583 1233 2656 Hieronymus
1287 2585 1422 2641 duos
1476 2601 1669 2641 versus
1709 2587 1808 2641 ho-

200 2675 412 2730 diernze
474 2675 810 2742 divisionis,
879 2678 911 2732 ὃ
959 2676 1175 2734 scilicet
1228 2687 1284 2732 et
1343 2679 1376 2734 6
1438 2694 1558 2749 eap.
1619 2695 1804 2746 mm,

199 2766 343 2823 Gen.
379 2786 392 2820 :
427 2766 499 2821 Et
547 2785 684 2822 nunc
715 2786 829 2824 ecce
884 2769 988 2825 duo
1039 2770 1138 2840 ﬁlii
1188 2771 1284 2839 tui,
1326 2772 1416 2842 qui
1457 2773 1567 2826 nati
1610 2783 1725 2826 sunt
1752 2774 1807 2827 in

200 2867 340 2913 terra
376 2859 625 2932 .Egypti,
660 2872 768 2916 etc.
801 2860 860 2918 Si
891 2863 1013 2932 quis
1069 2864 1404 2936 ambigebat,
1450 2862 1626 2935 inquit
1675 2867 1805 2922 Ilie-

201 2967 521 3024 ronymus,
601 2953 748 3025 quod
807 2955 1161 3027 Septuaginta
1227 2957 1424 3011 anima:
1484 2957 1809 3013 introissent

199 3043 548 3118 Egyptum,
634 3050 878 3118 prtesenti
943 3051 1176 3121 capitulo
1235 3051 1598 3122 conﬁrmatur.
1655 3050 1806 3108 Istud

193 3139 498 3207 capitulum
540 3156 785 3211 praesens
830 3157 937 3198 non
970 3143 1216 3200 invenies
1275 3151 1522 3200 notatum
1595 3146 1647 3200 in
1698 3145 1801 3200 ali-

1913 1925 2131 1980 mentis.

1980 2019 2043 2074 Il.
2083 2019 2292 2075 Indices
2318 2031 2499 2077 autem
2527 2031 2581 2077 et
2611 2023 2832 2079 ordines
2877 2025 2952 2080 illi
2982 2027 3284 2083 sectionum
3332 2029 3507 2084 indis-

1911 2113 2239 2170 criminatim
2281 2130 2345 2171 ac
2390 2116 2702 2187 promiscue
2749 2118 2920 2185 tituli,
2955 2119 3145 2190 breves,
3191 2130 3246 2178 et
3284 2124 3510 2194 capitula

1911 2221 2176 2263 vocantur
2205 2210 2348 2280 apud
2379 2220 2612 2267 veteres.
2647 2211 2830 2283 Idjatn
2860 2217 3063 2270 cursim
3095 2217 3510 2274 observavimus

1912 2301 1964 2355 in
1995 2301 2343 2371 Cassiodoro,
2377 2304 2466 2374 qui
2511 2305 2784 2374 prioribus
2811 2305 3024 2362 duobus
3063 2308 3332 2379 capitibus
3363 2310 3456 2368 lib.
3493 2328 3509 2366 ι

1910 2393 1980 2448 de
2013 2395 2352 2451 Institutione
2392 2396 2699 2452 divinarum
2748 2399 3086 2468 litterarum,
3129 2404 3424 2458 summaria
3457 2412 3512 2458 et

1910 2487 2163 2542 lemmata
2189 2490 2415 2559 praefixa
2449 2490 2602 2546 libris
2632 2493 2804 2546 sacris
2832 2504 2987 2546 vocat
3009 2494 3236 2559 titulos;
3283 2511 3404 2564 quae
3434 2505 3515 2548 ta.

1910 2596 2033 2634 men
2065 2581 2246 2650 capite
2275 2581 2465 2653 quinto
2497 2584 2740 2653 appellat
2768 2585 3020 2656 capitula.
3068 2585 3124 2639 In
3155 2601 3286 2641 mss.
3327 2597 3510 2644 autem

1909 2674 2188 2730 codicibus
2237 2677 2376 2733 adeo
2419 2677 2794 2734 inconstantes
2827 2681 3177 2749 reperiuntur
3203 2680 3511 2749 hujusmodi

1909 2769 2338 2838 appellationes,
2374 2779 2431 2825 ut
2474 2772 2676 2841 saepius
2704 2774 2756 2827 in
2788 2773 2898 2846 illis
2926 2776 3186 2846 scriptum
3221 2775 3460 2845 legamus
3493 2794 3507 2831 :

1910 2857 2182 2931 Incipiunt
2209 2862 2348 2916 tituli
2376 2863 2520 2928 libri,
2553 2873 2696 2930 etc.;
2733 2865 2816 2921 vel
2846 2866 3008 2921 ctiam
3039 2868 3152 2922 alio
3180 2869 3341 2923 modo
3370 2889 3380 2921 :
3415 2868 3509 2922 Ιη-

1910 2951 2108 3021 cipiunt
2138 2953 2309 3009 breves
2335 2954 2456 3009 libri
2482 2954 2695 3011 Genesis
2721 2973 2740 3022 ;
2767 2966 2817 3013 et
2851 2968 3036 3027 postca
3064 2960 3130 3015 ad
3164 2961 3323 3016 tinent
3358 2979 3370 3016 :
3401 2962 3512 3018 Ex—

1911 3048 2134 3116 pliciunt
2157 3048 2386 3118 capitula
2414 3048 2536 3103 libri
2566 3050 2796 3106 Genesis.
2826 3050 3012 3107 Canun
3046 3054 3332 3110 Ilebraicm
3365 3057 3509 3112 veti-

1912 3143 2039 3195 tatis
2068 3150 2284 3197 notatus
2328 3159 2474 3196 num.
2516 3143 2549 3199 9
2593 3144 2642 3198 in
2686 3155 2873 3200 nostra
2910 3145 3398 3203 San-Germanensi
3434 3149 3511 3204 hi-

197 3246 300 3303 qua
365 3234 513 3289 serie
565 3237 914 3305 antiquarum
952 3237 1278 3294 divisionum
1335 3254 1431 3296 seu
1461 3222 1882 3312 capitulatio-C
1915 3233 2218 3302 bliotheca,
2272 3236 2478 3291 variam
2537 3238 2700 3292 habet
2749 3239 3168 3310 inscriptionem
3227 3243 3278 3295 in
3331 3242 3511 3298 fronte

196 3341 326 3381 num
362 3341 393 3381 a
418 3327 579 3383 nobis
623 3328 927 3396 editurum,
971 3330 1116 3386 unde
1163 3332 1391 3404 colligas
1425 3348 1659 3389 necesse
1687 3345 1800 3403 est,

194 3422 482 3491 propriam
505 3436 628 3476 esse
657 3422 996 3495 Hieronymo
1045 3424 1357 3494 hujusmodi
1383 3425 1708 3480 divisionem
1741 3439 1805 3479 ac

193 3513 980 3587 distinctionemcapitulorum
1001 3518 1052 3573 in
1085 3518 1226 3573 libro
1248 3519 1547 3574 Geneseos.
1572 3519 1684 3575 Nec
1709 3519 1807 3574 ali-

195 3625 364 3681 quem
421 3623 662 3679 moveat,
719 3613 866 3684 quod
920 3613 1152 3685 aequalia
1204 3613 1476 3668 interdum
1523 3615 1806 3670 invenian-

194 3712 282 3757 tur
342 3704 580 3774 capitula
607 3704 923 3778 HierOnymi
980 3723 1102 3762 cum
1136 3705 1308 3761 titulis
1338 3705 1614 3762 veteribus
1668 3722 1800 3760 mss.

191 3799 453 3855 codicum
488 3816 503 3866 ;
537 3815 669 3855 casu
711 3801 858 3856 enim
888 3801 1041 3872 quasi
1083 3800 1452 3855 involuntario
1496 3801 1612 3856 haec
1661 3799 1806 3855 acci-

194 3894 428 3959 derunt;
463 3895 604 3950 sicut
630 3895 918 3966 aequalitas
941 3911 1108 3966 quam
1137 3894 1432 3964 aliquando
1465 3894 1664 3950 habere
1688 3893 1803 3964 dig-

192 3995 501 4041 noscantur
550 4001 674 4041 cum
723 3987 977 4056 capitulis
1037 3987 1337 4042 hodiernis.
1390 3987 1556 4041 Libro
1611 3985 1802 4056 quinto

188 4079 731 4135 Commentariorum
788 4081 844 4134 in
890 4080 1080 4134 Isaiam
1115 4089 1285 4135 totum
1340 4089 1659 4136 contextum
1708 4094 1801 4135 ca-

189 4173 352 4243 pituli
408 4173 581 4229 nostri
638 4173 884 4244 vigesimi
923 4189 1048 4229 cum
1095 4173 1480 4244 descripsisset
1525 4175 1799 4246 Hierony-

193 4280 349 4331 mus,
399 4263 517 4336 ejus
546 4266 942 4335 eXpositionem
976 4267 1055 4322 sic
1083 4267 1399 4336 auspicatur
1433 4286 1444 4320 :
1474 4266 1658 4322 Totam
1702 4285 1795 4338 po-

190 4361 396 4413 saimus
448 4360 669 4432 capituli
713 4360 871 4435 hujus
925 4363 1325 4429 continentiam,
1390 4372 1444 4416 ut
1490 4380 1578 4435 per
1627 4371 1798 4433 partes

189 4451 404 4522 singula
458 4453 811 4520 disseramus,
851 4465 956 4509 etc.
1005 4454 1176 4510 Nemo
1227 4457 1469 4510 virorum
1522 4463 1605 4510 est
1670 4456 1794 4526 qui,

189 4557 421 4614 prOpter
449 4561 609 4614 pares
647 4547 869 4618 capituli
895 4546 1116 4616 hujusce
1161 4547 1440 4614 terminos,
1483 4547 1793 4602 novissima:

190 4650 394 4695 nostra:
450 4639 503 4694 in
537 4639 763 4712 Vulgata
804 4640 997 4696 Latina
1036 4641 1329 4696 divisionis
1373 4652 1652 4696 auctorem
1715 4640 1795 4696 fa-
1823 4610 1879 4672 D

191 4733 298 4788 ciat
338 4733 751 4806 Hieronymum.
807 4735 986 4804 Quare
1012 4751 1111 4792 nec
1132 4735 1309 4791 eidem
1340 4745 1616 4806 tamquam
1662 4751 1791 4792 auc-

191 4827 296 4882 tori
321 4828 603 4883 ascribere
647 4828 914 4884 debemus
957 4842 1175 4886 veteres
1231 4829 1419 4885 titulos
1446 4830 1560 4886 sive
1587 4831 1794 4901 capitu-

190 4919 571 4987 lationes;etsi
602 4938 1006 4994 nonnumquam
1036 4923 1143 4978 illre
1169 4921 1495 4979 conveniant
1526 4940 1654 4979 cum
1676 4939 1796 4979 sec-

190 5013 434 5068 tionibus
489 5013 808 5084 Scripturm,
865 5031 999 5086 quas
1053 5014 1604 5072 suisCommentariis
1645 5017 1796 5071 illus-

189 5115 298 5161 trat
340 5107 614 5163 maximus
641 5107 956 5164 Latinorum
1009 5109 1300 5177 interpres.
1345 5109 1488 5166 Sane
1518 5118 1626 5165 tota
1678 5109 1793 5166 haec

192 5199 569 5272 distinguendi
611 5203 751 5257 ratio
801 5218 865 5258 ex
911 5203 1674 5274 auctorumlibrariorumque
1704 5219 1791 5258 ar-

191 5290 352 5348 bitrio
383 5293 667 5364 pependit,
699 5304 754 5350 et
781 5296 1149 5365 unusquisque
1185 5304 1424 5351 veterum
1463 5297 1789 5366 scriptorum

193 5399 290 5455 pro
342 5394 508 5456 captu
555 5403 657 5442 suo
708 5386 954 5442 distinxit
999 5397 1311 5444 contextum
1345 5403 1567 5444 sacrum
1605 5407 1615 5440 :
1647 5389 1791 5445 unde

193 5481 398 5535 nullam
463 5492 575 5535 tum
624 5481 790 5537 fuisse
826 5480 1232 5537 distinctionem
1261 5498 1373 5554 prae
1411 5484 1627 5538 caeteris
1662 5497 1787 5553 pro-

192 5575 371 5632 batam
399 5592 464 5632 ac
485 5577 648 5647 vulgo
673 5590 969 5648 receptam,
997 5578 1349 5632 consentiunt
1403 5577 1628 5640 eruditi,
1662 5591 1791 5646 pro-

194 5665 430 5740 bantque
459 5679 568 5724 tam
600 5669 828 5725 diversa:
862 5669 1178 5726 eorumdem
1223 5669 1485 5726 librorum
1523 5670 1793 5727 sectiones

194 5773 258 5814 ac
280 5760 678 5818 distinctiones.
709 5760 949 5829 Quatuor
970 5764 1212 5818 diversas
1243 5765 1678 5834 capitulatiunes,
1739 5764 1790 5820 id

195 5854 534 5922 est,scriem
592 5855 1312 5925 quadruplicemtitulorum
1351 5857 1464 5915 sive
1519 5857 1788 5931 capitulo-

518 5948 794 6010 PATROL.
844 5947 1134 6013 XXVIII.

1910 3327 2271 3396 plurimorum
2303 3329 2592 3385 librorum.
2629 3331 2695 3386 Et
2717 3332 2903 3388 titulos
2930 3333 3148 3404 quidem
3179 3335 3298 3389 libri
3336 3337 3509 3392 Exodi

1910 3419 1990 3474 sic
2017 3419 2305 3475 inscribit:
2339 3419 2610 3494 Incipiunt
2636 3423 2866 3496 capitula
2898 3423 3015 3479 libri
3046 3425 3249 3492 Exodi;
3281 3426 3508 3483 Levitici

1910 3529 2044 3569 vero
2073 3530 2178 3570 non
2209 3515 2360 3583 item,
2405 3515 2478 3571 ibi
2507 3518 2650 3571 enim
2694 3517 2860 3589 legit:
2899 3517 3163 3588 Incipiunt
3209 3521 3348 3574 tituli
3387 3521 3509 3575 libri

1907 3607 2153 3674 Leritici,
2202 3609 2258 3662 id
2297 3619 2398 3678 est,
2449 3609 2694 3681 Vajcrra;
2728 3621 2782 3666 ct
2809 3611 2876 3666 ad
2908 3613 3113 3668 calcem
3159 3614 3459 3669 sectionum
3489 3631 3505 3670 :

1909 3701 2216 3774 Expliciunt
2246 3705 2386 3759 tituli
2413 3705 2646 3759 Levitici.
2679 3706 2744 3760 Et
2787 3707 2862 3761 ita
2901 3720 3302 3776 consequenter
3327 3711 3377 3764 in
3404 3727 3510 3764 etn-

1909 3797 2039 3852 teris
2063 3797 2225 3851 Hosis
2247 3797 2617 3852 voluminibus
2642 3815 2654 3850 :
2684 3807 2738 3852 at
2767 3799 2817 3852 in
2841 3798 3042 3866 Josue,
3075 3799 3344 3872 Incipiunt
3368 3804 3510 3874 capi-

1907 3891 2038 3946 tula.
2066 3890 2371 3962 Expliciunt
2396 3893 2663 3963 capitula?
2685 3892 2739 3948 In
2765 3891 2919 3948 libris
2943 3893 3161 3948 tandem
3191 3895 3502 3962 Malachim,

1905 3984 1959 4040 id
2006 3993 2118 4053 est,
2156 3985 2316 4039 tertio
2354 3991 2410 4040 et
2433 3994 2625 4056 quarto
2672 3984 2876 4055 Regum
2919 3985 3226 4052 volumine,
3272 3989 3504 4056 primum

1905 4078 2084 4148 posuit
2115 4094 2126 4130 :
2161 4076 2430 4149 Incipiunt
2459 4077 2683 4149 capitula
2707 4076 2824 4131 libri
2850 4076 3154 4145 Malae/tim,
3189 4087 3244 4134 et
3267 4078 3466 4134 deinde
3491 4098 3503 4133 :

1906 4169 2213 4241 Expliciunt
2260 4170 2400 4224 tituli
2453 4169 2763 4225 Malae/tim.
2818 4171 2874 4227 In
2924 4186 3066 4227 novo
3115 4172 3275 4228 etiam
3319 4173 3508 4229 Testa-

1903 4274 2089 4320 mento
2120 4263 2486 4319 diversimode
2515 4263 2888 4319 inscribuntur
2920 4265 3174 4321 lemmata
3219 4280 3500 4320 sacrorum

1902 4359 2188 4414 librorum.
2223 4359 2584 4429 Quamplures
2625 4373 2756 4414 mss.
2802 4359 2986 4430 legunt
3019 4360 3170 4428 juxta
3224 4369 3502 4427 receptum

1903 4455 2075 4525 magis
2127 4468 2584 4524 communemque
2637 4451 2855 4507 modmn
2894 4470 2906 4503 :
2949 4451 3219 4525 Incipiunt
3267 4451 3502 4520 capitula

1904 4549 2173 4616 Matthwi;
2203 4549 2294 4603 alii
2325 4565 2460 4604 vero
2492 4558 2603 4602 tum
2639 4546 2879 4602 Vaticani
2905 4587 2920 4610 ,
2964 4557 3074 4601 tum
3105 4545 3370 4600 Gallicani
3402 4561 3499 4599 co-

1903 4641 2053 4698 dices
2084 4657 2192 4696 non
2225 4642 2379 4711 pauci
2406 4641 2478 4696 ita
2509 4639 2712 4695 habent
2741 4656 2753 4692 :
2786 4637 2978 4710 Incipit
3005 4637 3331 4692 Breviarium
3365 4638 3507 4692 Mat—

1901 4736 2022 4790 thtei
2040 4754 2058 4802 ;
2089 4746 2143 4791 et
2171 4736 2222 4790 in
2266 4735 2372 4790 line
2397 4775 2412 4800 ,
2445 4733 2675 4806 Explicit
2698 4731 3022 4785 Breviarium
3050 4729 3310 4784 Matt/uri.
3343 4731 3501 4797 Quod

1900 4821 2150 4883 similiter
2199 4829 2384 4897 legunt
2433 4827 2485 4880 in
2531 4824 2651 4878 aliis
2680 4823 3050 4895 evangelistis.
3094 4825 3285 4879 Exstat
3332 4825 3385 4878 in
3419 4825 3501 4880 bi-

1901 4922 2170 4977 bliotheca
2204 4929 2389 4975 nostra
2433 4918 2938 4974 San-Germanensi
2985 4917 3162 4973 codex
3195 4917 3500 4974 Bibliorum

1902 5015 2349 5084 manuscriptus,
2395 5011 2723 5068 venerandae
2771 5009 3061 5064 admodum
3107 5027 3259 5081 teque
3299 5027 3362 5066 ac
3406 5028 3502 5067 cu-

1903 5108 2064 5164 riosae
2091 5105 2462 5178 antiquitatis,
2497 5104 2586 5174 qui
2612 5103 2966 5175 quatnplttres
2998 5104 3164 5158 libros
3193 5119 3382 5159 sacros
3411 5121 3503 5160 ve-

1906 5201 2036 5258 teris
2067 5217 2130 5257 ac
2160 5201 2284 5256 novi
2308 5199 2642 5255 Testamenti
2675 5197 2877 5253 retinet
2902 5196 3055 5266 juxta
3087 5209 3322 5253 veterem
3354 5199 3502 5254 Lati-

1902 5310 2027 5350 nam
2061 5294 2369 5349 versionem
2409 5291 2528 5346 sive
2585 5289 2850 5346 Italicam.
2899 5290 2956 5344 In
3004 5305 3071 5346 eo
3115 5292 3278 5361 igitur
3311 5293 3503 5348 codice

1901 5391 2043 5446 tituli
2073 5400 2288 5445 veteres
2318 5385 2735 5456 Evangeliorum
2781 5385 2918 5440 hanc
2951 5385 3150 5440 habent
3192 5386 3501 5456 inscriptio-

1902 5500 2026 5540 nem
2058 5501 2072 5536 :
2102 5482 2295 5554 Incipit
2326 5481 2632 5554 capitulatio
2661 5478 2900 5534 Ματτὴιεὶ
2921 5521 2935 5545 ,
2964 5477 3162 5550 Incipit
3191 5481 3499 5552 capitulatia

1901 5577 2108 5644 Marci,
2134 5586 2240 5632 etc.
2269 5593 2284 5638 ;
2315 5584 2374 5630 et
2399 5574 2466 5628 ad
2497 5573 2702 5629 calcem
2743 5571 3022 5626 titulorum
3043 5612 3056 5636 ,
3089 5569 3323 5640 Explicit
3350 5571 3495 5641 mpi-

1901 5669 2081 5724 tulatio
2114 5667 2372 5733 Matthazi,
2401 5675 2510 5723 etc.
2537 5665 2590 5720 In
2636 5664 2816 5719 fronte
2855 5663 3090 5716 Actuum
3121 5661 3494 5733 apostolorum

1900 5763 2232 5834 singularem
2265 5775 2492 5832 prorsus
2523 5758 2685 5814 habet
2715 5757 2926 5812 titulum
2947 5799 2962 5825 ,
2997 5771 3091 5809 seu
3124 5755 3300 5825 potius
3326 5769 3490 5808 annor

1901 5859 2164 5913 tationem
2207 5863 2262 5911 et
2307 5852 2732 5910 admonitionem
2777 5849 2937 5904 istam
2972 5865 2984 5903 :
3036 5846 3332 5901 [ridiculum
3369 5847 3494 5918 quid

3094 5936 3132 5996 [ι.
