3992 6338
526 301 626 361 107

1123 292 1219 354 AD
1255 288 1318 353 S.
1361 287 1744 352 HIERONYMi
1784 281 2071 345 DIVINAM
2109 277 2624 341 BIBLIOTHECAM
2665 271 3199 343 PROLEGOMENA.

3715 267 3825 333 i08

521 417 736 493 fecerint
774 412 997 488 apostoli
1026 411 1080 467 in
1119 410 1320 467 actibus
1357 410 1467 467 suis
1491 449 1505 474 ,
1536 418 1593 464 ut
1636 405 1788 479 facile
1813 402 2041 459 invenias
2066 398 2121 454 id
2146 400 2198 463 Α
2225 402 2333 460 blia
2366 416 2521 459 sacra
2552 400 2770 456 diverso
2798 410 2930 452 sane
2953 393 3116 452 modo
3143 395 3292 448 secta
3320 397 3445 493 esse
3473 396 3537 442 ac
3555 382 3821 493 distincta

520 510 661 586 quod
687 510 764 564 vis
787 548 804 577 ,
835 506 882 562 si
913 522 1002 577 per
1026 521 1266 560 numeros
1294 517 1596 578 percurrens
1635 495 1870 570 capitula
1913 494 2122 567 perqui-

522 606 689 663 sieris.
726 600 865 659 Huic
912 598 1249 655 annotationi
1297 595 1575 668 subjungit
1602 589 1850 663 Capitula
1892 604 2014 657 un,
2065 597 2122 644 et

521 704 940 769 consequenter,
973 691 1192 749 Finiunt
1242 688 1496 766 capitula.
1528 687 1605 743 Ex
1653 692 1732 743 tot
1765 683 1998 741 diversis
2024 696 2122 738 no-

520 793 757 852 minibus
804 790 1158 852 lemmatum,
1215 798 1338 857 qua:
1387 782 1611 855 praeﬁxa
1666 778 2015 836 inveniuntur
2066 776 2120 832 in

520 892 703 947 fronte
742 899 1022 943 sacrorum
1075 880 1374 938 Bibliorum
1424 892 1557 934 mss.
1608 873 1815 949 liquido
1860 879 2120 944 apparet,

520 982 752 1038 liberum
778 978 974 1048 cuique
1005 973 1174 1029 fuisse
1204 986 1268 1028 ea
1297 984 1495 1027 vocare
1533 968 1711 1024 titulos
1736 1009 1751 1034 ,
1782 965 1984 1033 breres,
2013 963 2123 1019 brae

521 1074 707 1143 viaria,
730 1068 986 1145 capitula,
1002 1064 1401 1139 capitulationcs
1418 1072 1465 1116 et
1486 1059 1743 1123 indicula,
1767 1058 1881 1116 sive
1901 1056 2123 1121 indices;

525 1169 615 1226 his
656 1166 803 1225 enim
832 1161 1138 1236 gaudebam
1177 1154 1638 1230 appellationibus
1685 1163 1790 1207 tam
1841 1149 2080 1207 minores
2104 1188 2120 1216 ,

522 1275 684 1334 quam
705 1255 918 1327 copiosi
948 1251 1159 1309 indices
1184 1251 1520 1307 diversarum
1550 1244 1854 1304 sectionum
1879 1242 2126 1312 Scriptu-

522 1368 600 1410 ra:
620 1363 814 1406 sacrae.
838 1345 957 1402 Non
974 1345 1059 1401 sic
1087 1346 1143 1400 in
1171 1345 1271 1399 hac
1298 1340 1553 1414 prmsenti
1582 1339 1765 1395 divina
1788 1335 2122 1393 Bibliotheca

524 1452 775 1504 errantes
806 1439 1157 1497 inveniuntur
1182 1446 1237 1492 ct
1256 1451 1405 1507 vagae
1427 1432 1826 1505 appellationes
1852 1429 2122 1484 editorum

520 1556 553 1596 a
582 1537 742 1594 nobis
772 1535 1087 1593 lemmatum
1124 1548 1137 1585 :
1172 1528 1239 1585 ad
1270 1536 1385 1585 tres
1411 1525 1677 1599 siquidem
1704 1522 1918 1595 Species
1943 1536 2008 1576 ae
2028 1536 2126 1576 no-

524 1629 854 1689 minationes
880 1637 1207 1681 revocamus
1234 1621 1478 1677 diversas
1504 1631 1700 1672 omnes
1728 1628 2008 1670 sacrorum
2032 1611 2124 1667 Bi-

526 1726 760 1795 bliorum
819 1719 1093 1777 sectioues
1149 1730 1271 1788 qua:
1325 1711 1468 1784 apud
1522 1709 1774 1781 antiquos
1825 1708 2126 1779 scriptores

2222 496 2291 552 ab
2318 495 2651 565 Hieronymo
2674 532 2688 557 ,
2735 497 2897 559 atque
2924 486 2993 541 ab
3037 483 3272 556 antiquis
3301 480 3423 536 aliis
3462 476 3824 545 scriptoribus

2221 589 2303 646 vel
2330 585 2745 657 interpretibus.
2786 581 2940 651 Quod
2984 589 3041 634 ut
3069 575 3239 649 magis
3268 573 3548 646 magisque
3570 570 3828 643 explora-

2221 690 2335 738 tum
2370 681 2573 736 habeas
2599 693 2663 735 ac
2691 684 3033 746 compertum
3052 713 3067 740 ,
3101 670 3227 727 audi
3259 671 3437 742 ipsum
3462 667 3533 724 de
3555 664 3826 732 llcbraeis,

2222 777 2428 835 Graecis
2452 820 2467 844 ,
2497 774 2816 844 Latinisque
2841 769 3095 843 capitulis
3131 764 3496 827 disserentem
3522 764 3575 820 in
3608 762 3828 836 Sopho-

2223 872 2331 927 uiaa
2360 886 2485 943 cap.
2519 871 2573 939 '5,
2606 882 2754 924 vers.
2789 866 2857 922 M
2883 881 2898 923 :
2933 862 3057 921 Non
3083 860 3321 917 videatur
3349 859 3538 915 mirum
3562 902 3577 927 ,
3606 858 3783 930 inquit
3811 901 3826 923 ,

2223 976 2277 1023 ut
2324 982 2457 1039 saepe
2505 965 2731 1020 diximus
2754 1003 2769 1030 ,
2810 960 2959 1016 aliter
2990 957 3243 1017 Hebraica
3273 956 3504 1035 capitula
3526 996 3541 1023 ,
3572 964 3621 1009 et
3665 952 3826 1009 aliter

2223 1061 2399 1133 LXX,
2431 1060 2613 1118 (ἔνατα
2656 1059 2887 1117 videlicet
2915 1057 3204 1127 Latinaque
3242 1053 3405 1120 ﬁniri.
3452 1050 3553 1108 Ubi
3587 1049 3723 1105 enim
3770 1049 3826 1103 in

2224 1173 2377 1213 sensu
2407 1156 2608 1210 diversa
2639 1153 2908 1208 translatio
2927 1162 3042 1218 est,
3070 1150 3140 1206 ibi
3165 1165 3364 1207 necesse
3393 1154 3465 1203 est
3487 1146 3687 1202 diversa
3709 1160 3822 1198 esse

2225 1248 2304 1305 vel
2329 1247 2587 1321 principia
2614 1245 2690 1301 vel
2721 1245 2870 1316 ﬁnes.
2904 1242 3044 1313 Quid
3085 1240 3313 1313 amplius
3355 1239 3421 1296 ad
3456 1237 3718 1310 judicium
3752 1234 3825 1292 de

2228 1340 2544 1413 Hieronymi
2567 1348 2622 1397 et
2651 1338 2885 1395 aliorum
2912 1335 3164 1407 capitulis
3196 1331 3500 1391 iaciendum
3531 1331 3699 1401 possit
3730 1329 3829 1386 dc-

2228 1431 2465 1488 siderari
2487 1472 2501 1496 ,
2529 1440 2679 1486 certe
2710 1436 2816 1485 non
2844 1428 3023 1483 video.
3066 1424 3505 1482 Manifestissime
3542 1424 3686 1481 enim
3719 1422 3842 1479 dis-

2230 1522 2394 1578 tinxit
2424 1522 2660 1592 capitula
2687 1522 2803 1577 sive
2824 1521 3097 1577 sectiones
3119 1534 3246 1574 suas
3268 1532 3300 1573 a
3318 1516 3534 1577 caeteris
3551 1516 3837 1580 omnibus,

2231 1624 2343 1673 tam
2388 1615 2702 1673 Grmcorum
2754 1630 2915 1686 quam
2961 1612 3319 1685 Latinorum,
3365 1609 3588 1677 dicens,
3627 1609 3680 1671 in
3732 1623 3840 1667 sua

2230 1710 2591 1767 translatione
2623 1709 2909 1777 Ilebraica,
2938 1707 3154 1764 diversa
3176 1720 3296 1763 esse
3328 1705 3590 1777 principia
3614 1711 3671 1760 et
3697 1703 3844 1759 ﬁnes

524 1790 1006 1887 erant‘usurpatas.
1033 1811 1101 1866 Et
1123 1808 1301 1880 primo
1323 1805 1492 1878 gradu
1524 1803 1794 1859 titulorum
1825 1800 1997 1857 series
2016 1800 2130 1855 col—

2242 1804 2548 1863 Sectionum
2580 1804 2649 1860 ab
2693 1803 2834 1871 illis,
2862 1818 2983 1875 quae
3017 1802 3068 1857 in
3106 1800 3252 1858 LXX
3275 1799 3730 1870 interpretatione
3759 1797 3844 1855 ic—

524 1911 773 1972 locatur;
806 1902 1048 1961 secundo
1088 1900 1208 1956 loco
1235 1898 1407 1954 breves
1435 1895 1746 1964 posuimus;
1778 1891 1944 1950 tertio
1968 1890 2126 1947 deni-

524 2018 632 2075 que
659 1998 913 2072 capitula,
945 2006 1295 2068 quocumque
1322 2003 1555 2046 numero
1579 1987 1980 2055 describantur,
2016 1988 2131 2039 sive

526 2097 685 2170 plura
708 2138 725 2163 ,
752 2095 868 2149 sive
895 2088 1148 2162 pauciora
1178 2084 1305 2142 sint.
1334 2082 1415 2140 Ad
1447 2083 1595 2138 hunc
1620 2079 1837 2137 modum
1870 2079 1923 2136 in
1955 2078 2131 2133 fronte

526 2169 805 2247 Ceneseos
828 2183 963 2240 editi
991 2191 1121 2237 sunt
1150 2194 1180 2232 a
1213 2175 1372 2232 nobis
1399 2173 1535 2229 tituli
1558 2169 2129 2254 xxxvnt,brevesxt.vt,

527 2276 762 2349 capitula
789 2289 1002 2341 Lxxxn,
1026 2281 1082 2328 et
1098 2270 1297 2326 iterum
1322 2267 1378 2322 in
1401 2265 1512 2321 alio
1532 2263 1712 2320 indice
1731 2262 1966 2335 capitula
1985 2276 2129 2317 οων.

526 2374 587 2431 In
619 2372 762 2429 libro
802 2368 976 2427 Exodi
1019 2375 1131 2421 tres
1172 2364 1301 2419 item
1347 2359 1652 2416 sectionum
1681 2356 1889 2412 indices
1920 2368 2135 2426 prapo-

530 2466 771 2530 suimus,
824 2460 1005 2517 titulos
1060 2456 1273 2512 scilicet
1321 2467 1487 2517 xvm,
1536 2447 1707 2504 breves
1753 2463 1878 2515 xxi,
1931 2447 2134 2519 capitu-

531 2560 586 2614 ta
611 2568 873 2614 cxxxvm.
898 2550 968 2608 Et
988 2551 1063 2606 ita
1084 2552 1484 2617 consequenter
1504 2541 1557 2596 in
1586 2551 1701 2597 toto
1733 2536 2131 2611 Heptateucho.

527 2648 586 2707 In
619 2646 993 2705 voluminibus
1041 2649 1223 2696 autem
1262 2634 1574 2699 Samuelis,
1620 2640 1677 2689 et
1713 2629 2038 2696 Malacbim,
2081 2626 2136 2683 id

530 2753 646 2808 est,
701 2740 759 2796 in
806 2748 1039 2810 quatuor
1085 2732 1298 2803 Regum
1352 2726 1545 2795 libris,
1597 2725 1731 2781 nihil
1782 2721 2137 2794 apposuimus

532 2847 735 2913 praeter
775 2832 953 2890 titulos
974 2874 990 2900 ,
1022 2828 1115 2901 qui
1147 2826 1406 2898 leguntur
1442 2822 1630 2893 scripti
1665 2821 1718 2875 in
1752 2819 1924 2874 tribus
1954 2831 2137 2872 exem-

536 2910 782 3006 plaribus
834 2924 1076 2982 Canonis
1133 2918 1419 2975 Hebraicu:
1471 2914 1755 2979 veritatis,
1813 2910 2139 2967 Memmiana

539 3039 734 3096 nempe
755 3064 771 3090 ,
802 3014 1225 3077 Carcassoneusi
1246 3054 1259 3078 ,
1300 3021 1355 3067 et
1388 3005 1886 3067 San-Germanensi
1928 3015 2137 3060 nostro.

537 3115 693 3186 Quod
724 3110 1123 3183 Prophetarum
1152 3101 1436 3160 volumina
1464 3107 1709 3171 speetat,
1744 3098 1952 3153 nullum
1985 3112 2140 3167 pror-

535 3183 630 3267 sus
668 3206 900 3263 indicem
943 3198 1249 3257 sectionum
1298 3193 1612 3265 putavimus
1657 3189 2043 3261 praeligendum
2085 3190 2137 3245 in
2163 3183 2211 3251 C

535 3305 716 3360 fronte
766 3299 960 3353 horum
987 3292 1250 3350 librorum
1272 3330 1287 3354 ,
1339 3299 1408 3343 ne
1428 3284 1556 3355 quid
1586 3292 1779 3338 contra
1818 3292 2055 3337 mentem
2085 3291 2141 3338 et

541 3410 700 3454 usum
734 3384 1054 3458 Hieronymi
1082 3381 1320 3440 edidisse
1339 3376 1654 3435 videremur
1682 3390 1699 3433 :
1726 3384 1879 3432 certo
1909 3388 2142 3444 namque

541 3485 746 3547 certius
776 3491 860 3538 est
883 3520 899 3548 ,
933 3492 1041 3533 non
1073 3474 1207 3529 alias
1251 3487 1375 3529 eum
1402 3483 1702 3542 agnoscere
1740 3467 2141 3536 Pr0phetarum

542 3580 815 3637 sectioncs
864 3573 919 3627 in
969 3581 1173 3641 genere
1203 3579 1362 3637 quam
1391 3578 1514 3634 quae
1562 3561 1631 3616 ab
1661 3561 1778 3632 ipso
1826 3559 1990 3615 dictae
2018 3569 2146 3614 sunt

543 3670 803 3730 risiones;
835 3675 939 3718 nec
964 3657 1202 3730 capitula
1233 3654 1326 3710 ille
1364 3651 1560 3708 alicubi
1605 3649 1845 3721 appellat
1875 3651 1977 3705 nisi
2010 3651 2143 3705 lem-

544 3765 687 3818 mata
719 3742 965 3827 quasdam
994 3754 1286 3804 contextus
1312 3744 1473 3811 sacri,
1496 3751 1551 3799 et
1580 3751 1762 3814 partes
1791 3755 1925 3813 quas
1956 3742 2006 3796 in
2035 3742 2145 3797 suis

547 3843 962 3910 commentariis
993 3855 1093 3911 pro
1122 3836 1352 3894 arbitrio
1398 3845 1452 3891 et
1480 3845 1638 3903 captu
1676 3833 1958 3902 diStinxit,
2004 3843 2055 3887 et
2084 3834 2146 3887 il-

545 3942 816 4004 lustravit.
847 3937 976 3993 llace
1000 3931 1239 4005 capitula
1269 3928 1580 4000 Hieronymi
1602 3927 1762 3999 longe
1786 3926 2002 3982 diversa
2024 3940 2147 3983 esse

547 4041 617 4095 ab
647 4036 748 4100 iis,
772 4043 895 4104 quae
920 4026 1096 4084 sacris
1123 4023 1276 4081 libris
1306 4021 1528 4094 praeﬁxa
1569 4029 1732 4089 sunt,
1765 4034 1927 4089 supra
1956 4028 2144 4074 osten-

550 4131 763 4193 dimus;
816 4134 871 4180 et
917 4121 1099 4178 adhuc
1146 4116 1355 4189 aliquot
1400 4114 1709 4188 exemplis,
1758 4124 2018 4186 quantum
2060 4127 2149 4170 res

550 4223 746 4295 exigit,
780 4214 1017 4290 probare
1063 4228 1169 4269 non
1202 4209 1436 4281 refugio.
1469 4207 1616 4262 Duos
1651 4206 1889 4278 Vulgata:
1932 4205 2150 4261 divisio-

551 4317 641 4373 nis
669 4309 970 4371 versiculos
996 4320 1125 4376 cap.
1153 4319 1171 4358 ι
1201 4301 1343 4358 Osee
1370 4299 1495 4355 dum
1537 4307 1837 4368 exponeret
1883 4297 2148 4369 Hierony-

551 4423 701 4474 mus,
735 4408 807 4462 ita
850 4400 1059 4459 monuit
1096 4396 1356 4453 lectorem
1393 4410 1406 4447 :
1450 4391 1517 4445 Et
1558 4392 1679 4464 quia
1720 4391 2105 4446 commentarios
2132 4434 2147 4459 ,

551 4518 657 4557 non
687 4498 794 4552 lata
816 4491 1081 4549 volumina
1105 4486 1370 4544 scribimus
1394 4526 1409 4551 ,
1444 4482 1665 4553 singulis
1703 4480 1944 4552 capitulis
1974 4479 2153 4553 expla-

552 4593 787 4650 nationes
816 4586 1052 4659 proprias
1074 4581 1130 4635 in
1150 4578 1256 4633 suis
1280 4576 1406 4631 locis
1422 4583 1757 4640 reservantes,
1790 4590 1929 4627 nunc
1950 4584 2150 4627 talltum
2177 4566 2227 4633 D

553 4689 617 4744 de
655 4681 895 4758 praesenti
942 4671 1172 4749 capitulo
1219 4672 1562 4738 disputemus.
1614 4667 1921 4737 Capitulum
1971 4668 2103 4725 illud
2130 4715 2144 4739 ,

554 4789 780 4849 praesens
809 4769 957 4841 quod
994 4775 1183 4829 vocat,
1205 4762 1241 4817 5
1266 4767 1322 4817 et
1344 4761 1378 4814 4
1426 4774 1641 4815 versum
1686 4772 1807 4829 cap.
1849 4776 1861 4814 ι
1889 4761 2027 4816 Osee
2047 4803 2062 4828 ,
2093 4768 2153 4816 ut

556 4870 702 4936 dixi,
732 4861 1072 4921 solummodo
1104 4857 1378 4919 continet,
1407 4867 1462 4909 et
1498 4868 1619 4924 quae
1657 4865 2054 4924 praecesserunt
2078 4857 2152 4911 si-

560 4963 709 5021 milia
740 4955 979 5030 capitula
998 4994 1013 5019 ,
1040 4952 1279 5023 quinque
1301 4949 1387 5005 vel
1410 4963 1504 5003 sex
1534 4959 1891 5005 numerantur
1920 4949 1975 5006 in
2002 4967 2153 5007 com-

2213 1898 2522 1971 gebautur.
2552 1895 2846 1969 Prophetia
2885 1895 3181 1968 Sophoniaa
3213 1893 3378 1951 habet
3409 1894 3462 1948 in
3494 1899 3845 1949 commenta.

2234 1992 2330 2049 riis
2362 1992 2677 2065 llierouymi
2706 1992 2991 2064 plusquam
3025 1990 3212 2062 viginti
3247 1989 3520 2047 sectiones
3550 1987 3666 2046 sive
3685 1988 3846 2060 capi-

2240 2087 2383 2153 tula;
2417 2087 2475 2142 in
2500 2086 2744 2143 editione
2780 2095 2963 2143 autem
3004 2085 3129 2140 Cari
3158 2082 3471 2156 presbyteri
3498 2082 3723 2139 unicum
3746 2096 3846 2136 ca-

2238 2179 2466 2252 pitulum
2522 2178 2650 2235 huic
2702 2177 2843 2235 libro
2892 2176 3169 2249 pra-ﬁxum
3228 2174 3585 2247 conspicitur.
3643 2173 3849 2230 Merito

2237 2269 2405 2341 igitur
2449 2270 2703 2326 lemmata
2749 2268 3060 2340 hujusmodi
3103 2266 3403 2338 abiecimus
3439 2266 3494 2325 in
3535 2266 3684 2322 libris
3711 2279 3850 2335 pro-

2236 2361 2509 2439 pheticis,
2542 2378 2668 2419 cum
2701 2361 2838 2417 adeo
2870 2361 3088 2416 diversa
3121 2359 3468 2430 reperiantur
3492 2359 3560 2414 ab
3586 2357 3653 2414 iis
3686 2357 3851 2427 capi-

2176 2512 2185 2520 ,
2240 2456 2406 2527 tulis,
2461 2472 2580 2526 quae
2633 2454 3068 2525 Hieronymianis
3112 2450 3525 2508 commentariis
3576 2449 3851 2507 distincta

2238 2561 2366 2610 sunt
2388 2562 2443 2609 et
2472 2551 2756 2607 illustrata.
2784 2550 3058 2606 Praeterea
3094 2550 3147 2606 in
3176 2548 3574 2622 Protthetarum
3607 2547 3846 2604 volumi-

2239 2648 2400 2703 nibus
2447 2643 2710 2716 speciales
2756 2642 3037 2717 Scriptura
3086 2657 3278 2711 sacra,
3337 2650 3393 2698 et
3428 2641 3585 2713 quasi
3624 2642 3851 2699 nativas

2240 2737 2433 2794 sortita
2451 2744 2537 2792 est
2552 2736 2848 2792 divisiones
2870 2735 3079 2790 ratione
3096 2734 3437 2791 diversarum
3459 2732 3850 2803 materiarum,

2240 2844 2469 2900 quarum
2510 2836 2798 2885 contextus
2834 2843 2999 2883 sensu
3044 2837 3328 2899 separatur
3374 2826 3433 2882 in
3485 2826 3732 2882 diversas
3774 2840 3855 2882 ac

2242 2923 2528 2980 distinctas
2581 2922 3012 2993 quamplurimas
3056 2931 3276 2992 partes,
3324 2936 3447 2993 quae
3496 2918 3564 2975 ab
3606 2918 3853 2977 invicem

2243 3017 2471 3074 minime
2517 3014 2858 3086 dependent.
2900 3014 3186 3072 Sectioues
3231 3015 3336 3071 illm
3369 3030 3493 3070 cum
3523 3013 3676 3072 libris
3714 3028 3855 3070 nas-

2244 3120 2465 3177 cuntur,
2511 3120 2567 3166 et
2590 3109 2732 3183 apud
2758 3119 2975 3167 veteres
3015 3109 3326 3180 Scriptores
3359 3125 3556 3165 nomen
3587 3109 3857 3164 visionum

2243 3206 2542 3262 obtinent:
2585 3219 2816 3276 quaeque
2865 3202 3136 3260 interdum
3183 3204 3346 3259 etiam
3387 3218 3509 3259 cum
3556 3201 3860 3261 hodiernis

2241 3298 2494 3371 capitulis
2542 3295 2895 3353 inveniuntur
2940 3296 3263 3353 concordes.
3318 3294 3682 3369 Hieronymus
3734 3296 3861 3366 pri-

2244 3404 2388 3445 mam
2419 3388 2827 3460 secundamque
2861 3388 3123 3444 visionem
3164 3386 3315 3447 Isaiae
3341 3397 3499 3443 vocat
3527 3389 3680 3459 juxta
3724 3402 3861 3443 mo-

2242 3496 2359 3537 rem
2402 3494 2515 3535 suae
2549 3480 2764 3544 aetatis,
2810 3480 2954 3551 quod
2988 3495 3086 3535 nos
3116 3478 3351 3537 dicimus
3378 3480 3608 3550 primum
3657 3490 3712 3536 et
3759 3495 3862 3537 se-

2243 3569 2482 3625 cundum
2514 3580 2679 3641 caput
2721 3570 2965 3641 ejusdem
3017 3572 3317 3643 prophetat.
3350 3568 3506 3628 Unde
3553 3570 3669 3628 haec
3698 3574 3861 3644 apud

2244 3678 2369 3719 eum
2414 3662 2668 3735 leguntur
2701 3665 2753 3719 in
2796 3662 3222 3721 Commentariis
3267 3665 3333 3720 ad
3368 3676 3528 3739 caput
3562 3681 3601 3722 tt
3639 3665 3801 3721 lsaia:
3844 3687 3859 3720 :

2246 3753 2317 3810 Et
2337 3756 2389 3809 in
2413 3755 2588 3828 priore
2609 3756 2807 3812 visione
2824 3801 2839 3827 ,
2870 3774 3024 3828 quant
3044 3759 3163 3831 jam
3190 3759 3546 3828 exposuimus,
3577 3758 3664 3814 ubi
3690 3758 3789 3814 LX
3803 3759 3863 3817 Χ

2245 3850 2575 3923 interpretati
2601 3860 2743 3906 sunt.
2768 3851 2941 3921 Quam
2972 3850 3109 3906 vidit
3130 3860 3318 3908 contra
3352 3851 3595 3908 Iudaeam
3626 3860 3682 3907 et
3712 3866 3869 3908 con-

2250 3952 2331 3999 tra
2377 3942 2722 4011 Jerusalem,
2765 3944 2821 3999 in
2865 3942 3124 3999 Hebraico
3169 3944 3418 4013 scriptum
3459 3953 3565 4010 est,
3606 3960 3675 4001 AL
3712 3960 3866 4003 suns

2248 4051 2589 4092 UJERUSALEI
2610 4077 2624 4104 ,
2655 4037 2709 4090 id
2738 4046 2846 4105 est,
2872 4054 3031 4106 super
3055 4034 3253 4091 ludam
3273 4047 3320 4092 et
3342 4034 3635 4094 Jerusalem
3658 4078 3674 4105 ,
3718 4046 3768 4092 et
3800 4041 3873 4095 in

2248 4127 2348 4183 hac
2372 4144 2487 4202 qua:
2514 4130 2741 4185 secunda
2769 4140 2868 4199 est,
2898 4130 2953 4186 in
2980 4129 3241 4186 Hebraico
3270 4132 3506 4188 similiter
3534 4133 3871 4191 continetur.

2252 4220 2321 4277 Et
2351 4222 2528 4287 miror,
2579 4232 2687 4278 etc.
2736 4222 2981 4279 Priorem
3006 4266 3022 4291 ,
3055 4231 3114 4279 ιιι
3158 4223 3342 4290 vides,
3385 4224 3517 4280 dicit
3561 4225 3871 4295 visionem,

2251 4314 2490 4385 itemque
2529 4314 2821 4370 secundam
2846 4356 2862 4381 ,
2905 4315 3050 4387 quod
3100 4332 3197 4371 nos
3229 4317 3416 4388 prius,
3457 4326 3512 4374 et
3550 4318 3873 4376 secundum

2253 4404 2594 4477 appellamus
2616 4406 2933 4479 capitulum.
2957 4405 3104 4464 Ordo
3127 4406 3294 4480 igitur
3317 4409 3619 4465 sectionum
3649 4407 3879 4466 hucus-

2253 4512 2358 4568 que
2408 4496 2461 4551 in
2492 4494 2627 4552 lsaia
2656 4495 2798 4553 idem
2843 4508 2928 4554 est
2970 4498 3113 4569 apud
3155 4515 3290 4567 nos,
3329 4500 3422 4572 qui
3456 4515 3555 4556 usu
3595 4511 3879 4571 receptus

2254 4599 2371 4645 erat
2416 4599 2660 4663 tempore
2710 4590 3028 4665 Hieronymi
3077 4593 3218 4664 apud
3265 4593 3458 4650 Patres
3486 4605 3539 4655 et
3590 4593 3881 4655 Ecclesia:

2258 4697 2532 4754 proceres.
2568 4682 2623 4739 In
2665 4684 2983 4754 praefatione
3021 4702 3237 4758 quoque
3285 4687 3657 4742 translationis
3694 4686 3883 4747 Jere-

2260 4774 2383 4831 mia:
2411 4791 2479 4832 ex
2511 4774 2762 4844 Hebraeo,
2811 4775 2953 4833 idem
2992 4776 3354 4850 Hieronymus
3383 4779 3633 4835 meminit
3660 4777 3885 4850 hujus-

2259 4866 2405 4923 modi
2449 4867 2755 4930 visionum;
2813 4883 2913 4924 nec
2964 4870 3292 4927 mediocrem
3331 4885 3555 4943 operam
3588 4869 3885 4929 Ecclesiae

2259 4956 2463 5014 Christi
2509 4958 2778 5028 contulit,
2808 4975 2930 5015 cum
2977 4960 3160 5017 ordini
3204 4963 3464 5034 primaevo
3512 4978 3604 5018 eas
3643 4966 3891 5023 studuit

2257 5051 2532 5109 reddere:
2578 5051 2836 5109 Praeterea
2860 5099 2874 5123 ,
2921 5056 3132 5127 inquit,
3177 5057 3413 5113 ordinent
3451 5056 3738 5126 visionum,
3772 5064 3891 5130 qui

2258 5147 2401 5216 apud
2428 5143 2638 5202 Greecos
2665 5156 2712 5202 ct
2734 5147 2953 5205 Latinos
2973 5151 3184 5205 omnino
3209 5151 3458 5221 confusus
3484 5159 3558 5206 est
3582 5192 3598 5219 ,
3632 5151 3703 5203 ad
3724 5154 3895 5220 pris.

2259 5239 2420 5294 tinam
2467 5239 2625 5310 ﬁdem
2654 5242 2989 5299 correximus.
3046 5243 3283 5314 Denique
3309 5244 3525 5299 visiones
3551 5244 3667 5299 sive
3698 5265 3890 5321 περι-

2261 5333 2426 5393 κοπὰς
2457 5331 2700 5388 Dauielis
2731 5335 2980 5390 absentes
3004 5336 3072 5391 ab
3098 5335 3361 5391 llebraico
3385 5336 3535 5393 fonte
3559 5336 3741 5393 obelis
3773 5337 3895 5394 di-

2260 5422 2337 5478 cit
2382 5437 2442 5478 sc
2490 5435 2824 5493 prmtietasse
2851 5443 2863 5480 :
2901 5425 3049 5482 Unde
3077 5438 3123 5483 et
3147 5445 3238 5483 nos
3267 5437 3386 5484 ante
3412 5446 3575 5485 annos
3601 5426 3899 5501 plurimos

2262 5530 2420 5584 quum
2450 5527 2758 5574 verteremus
2788 5516 3056 5576 Danielem
3080 5565 3094 5589 ,
3138 5519 3233 5576 has
3268 5520 3505 5578 Visiones
3533 5522 3682 5578 obelo
3719 5541 3901 5595 pra:-

2264 5610 2556 5665 notavimus
2576 5653 2590 5673 ,
2638 5613 2989 5684 signiﬁcantes
3027 5629 3113 5668 eas
3142 5613 3197 5668 in
3224 5613 3485 5672 Hebraico
3513 5633 3616 5671 non
3652 5616 3894 5677 haberi.

2268 5697 2402 5756 Vide
2433 5706 2760 5772 prommium
2788 5702 3095 5761 Comment.
3128 5705 3183 5761 in
3213 5707 3515 5765 Dauielem.
3548 5709 3614 5765 Et
3636 5726 3705 5765 ne
3727 5713 3898 5781 quid

2267 5788 2413 5850 desit
2439 5794 2739 5851 curiositati
2758 5837 2773 5865 ,
2805 5794 3108 5859 monendus
3137 5808 3217 5856 est
3256 5799 3425 5857 lector
3454 5799 3764 5867 studiosus.
3806 5804 3899 5861 li-

558 5052 839 5113 mentariis
867 5045 1217 5117 llierouymi,
1247 5045 1335 5115 qui
1367 5042 1595 5114 singulis
1625 5043 1875 5114 capitulis
1897 5045 2157 5116 explana-

561 5150 741 5206 uoneg
784 5142 1028 5214 proprias
1078 5138 1392 5194 adhibebat.
1445 5137 1683 5203 Quatuor
1737 5140 1898 5210 igitur
1947 5141 2158 5211 priores

559 5251 756 5298 versus
781 5232 921 5290 Osee
951 5227 1227 5302 prophetae
1254 5231 1310 5284 in
1336 5245 1433 5285 sex
1465 5230 1695 5302 capitula
1718 5229 1801 5286 vel
1832 5241 2020 5303 septem
2048 5232 2160 5289 dis-

558 5328 723 5388 tinxit
745 5324 805 5381 S.
838 5322 1058 5378 Doctor.
1101 5320 1339 5375 Primum
1386 5335 1521 5374 vero
1566 5319 1864 5391 capitulum
1909 5322 2156 5391 ejusdem

556 5420 845 5495 prophetas
866 5415 922 5470 in
955 5426 1089 5467 mss.
1119 5410 1433 5477 codicibus,
1458 5422 1513 5467 et
1532 5412 1585 5467 lu
1610 5412 1856 5469 editione
1880 5412 2033 5481 Cari,
2063 5428 2158 5470 no.

558 5527 686 5573 vem
738 5505 1120 5578 complectitur
1157 5504 1458 5561 versiculos
1489 5506 1729 5579 integros
1760 5526 1772 5561 :
1808 5523 1931 5565 nam
1960 5524 2159 5565 secun-

560 5608 691 5665 dum
723 5597 1019 5673 capitulum
1047 5596 1190 5653 istud
1218 5596 1384 5654 habet
1407 5599 1693 5654 exordium
1721 5619 1732 5654 :
1768 5598 1833 5654 Et
1860 5603 1953 5657 erit
1985 5618 2162 5657 nume-

563 5715 654 5755 rus
683 5693 910 5767 ﬁliorum
952 5689 1151 5759 Israel,
1182 5700 1330 5756 etc.;
1358 5705 1480 5761 qua:
1506 5690 1666 5746 verba
1709 5691 1959 5762 leguntur
2005 5693 2163 5749 initio

564 5789 765 5847 decimi
793 5797 1017 5854 versus,
1057 5783 1236 5855 capite
1276 5782 1609 5856 supradicto.
1658 5782 1795 5841 lituo
1842 5786 2029 5845 videas
2071 5787 2160 5844 Bi.
