4040 6360
271 281 366 341 ωε)

929 269 1497 339 PROLEGOMENON
1539 275 1628 331 Ν.
1673 273 1758 328 DE
1799 269 2098 340 TITULIS,
2143 270 2295 328 ETC.
2341 274 2438 336 SS.
2482 277 2883 338 BlBLlORUM.

3453 286 3554 342 “0

266 400 419 453 brum
450 396 696 452 Danielis
726 407 930 453 sectum
963 411 1083 454 esse
1118 397 1185 454 ab
1204 395 1457 466 Antiquis
1487 395 1539 449 in
1573 392 1857 450 duodecim
1889 399 1934 460 Α
1964 391 2274 447 criticorum
2316 410 2531 454 errores
2577 396 2702 452 huic
2745 400 2975 455 articulo
3017 400 3280 470 inserere,
3313 411 3369 459 et
3399 403 3562 463 falsas

267 491 479 544 risiones
512 507 530 544 :
574 505 695 560 quae
739 490 790 544 in
832 504 962 546 mss.
995 488 1275 548 codicibus
1304 487 1540 544 Canonis
1583 486 1860 544 llebraica:

267 579 550 645 veritatis,
604 581 764 651 inque
813 580 933 636 aliis
963 579 1351 634 vetustissimis
1391 577 1634 634 melioris
1677 588 1818 631 notae
1846 618 1858 642 ,

262 692 474 734 summa
504 677 610 732 [ide
634 691 911 748 expressa:
937 686 1058 731 sunt
1103 692 1167 732 ac
1205 673 1495 744 descriptae
1525 681 1685 746 prout
1708 687 1738 726 a
1768 689 1864 726 no-

263 773 346 829 bis
377 787 523 828 nunc
542 772 704 828 editae
731 781 857 825 sunt
886 771 936 826 in
974 770 1076 826 hac
1101 768 1280 825 divina
1313 768 1669 825 Bibliotheca.
1703 764 1862 835 Capi-

267 866 377 921 tula
427 879 566 921 vero
615 864 834 936 prmtixa
884 864 938 919 in
995 863 1171 918 fronte
1218 861 1459 920 Danielis
1508 868 1863 927 numerantur

264 959 439 1014 multo
482 956 637 1027 plura
662 998 676 1026 ,
710 967 818 1012 tam
845 957 899 1010 in
925 955 1164 1011 editione
1192 952 1317 1010 Cari
1338 968 1500 1024 quam
1524 951 1576 1007 in
1599 965 1732 1008 mss.
1766 950 1865 1004 ali—

263 1063 396 1123 quot
426 1051 710 1108 codicibus
731 1092 744 1115 ,
781 1051 868 1104 ubi
899 1048 964 1103 ad
1014 1064 1303 1104 numerum
1332 1049 1396 1106 5i
1431 1062 1601 1117 usque
1643 1055 1862 1102 extenta

260 1145 517 1200 visuntur
547 1161 558 1200 :
593 1159 702 1218 qua
730 1143 1004 1198 divisione
1041 1140 1306 1197 hodierna
1350 1148 1536 1195 nostra
1577 1139 1755 1194 minor
1781 1148 1866 1195 est

261 1237 442 1294 media
496 1247 651 1306 parte
697 1235 1062 1307 capitulorum
1093 1233 1160 1289 ad
1203 1234 1380 1289 minus
1413 1249 1428 1288 ε
1462 1232 1687 1303 Vulgata
1720 1230 1862 1286 enim

261 1329 456 1391 Versio
499 1345 592 1388 XIV
639 1339 845 1386 tantum
877 1327 1039 1384 habet
1077 1327 1356 1383 sectiones
1387 1326 1438 1379 in
1471 1333 1583 1380 toto
1627 1323 1866 1380 Danielis

260 1424 564 1482 volumine.
594 1424 736 1494 Ergo
763 1436 864 1478 nec
885 1435 1006 1477 cum
1033 1419 1338 1486 hodiernis,
1366 1433 1465 1474 nec
1487 1432 1608 1472 cum
1631 1416 1867 1485 antiquis

260 1524 514 1574 veterum
541 1514 883 1585 Scriptorum
912 1511 1276 1567 divisionibus
1306 1510 1560 1566 convenit
1591 1507 1680 1564 illa
1699 1550 1713 1576 ,
1747 1523 1866 1576 quae

260 1627 362 1686 per
409 1609 664 1667 Visiones
709 1609 1003 1665 distributa
1045 1619 1128 1664 est
1171 1609 1224 1664 in
1270 1607 1415 1663 veris
1461 1604 1866 1676 exemplaribus

258 1707 713 1779 Hieronymiana:
736 1703 1107 1761 translationis
1129 1719 1193 1757 es
1223 1701 1475 1758 Hebraeo.

1963 498 2151 538 eorum
2183 485 2470 555 Opiniones
2501 487 2568 544 de
2597 504 2851 546 versuum
2882 491 3243 551 divisionibus
3269 509 3334 550 ac
3363 495 3559 553 distin-

1963 577 2232 634 ctionibus
2273 580 2489 638 usitatis
2531 583 2674 654 apud
2720 585 3007 658 Antiquos,
3051 587 3369 660 singillatim
3401 591 3564 648 refel-

1971 669 2110 738 lere,
2145 673 2543 746 propositisque
2583 677 2834 747 capitulis
2864 678 2929 734 ad
2959 680 3171 752 singula
3202 685 3557 755 respondere.

1970 759 2129 818 Unde
2169 764 2444 822 laciniosa:
2488 767 2872 840 diSputationis
2914 772 3126 829 fastidia
3159 775 3391 854 fugiens,
3425 789 3478 836 et
3510 781 3561 836 iu

1968 865 2176 912 arctum
2201 859 2362 913 verba
2389 861 2910 932 compingens,illud
2945 875 3151 924 tantum
3181 869 3422 928 breviter
3447 877 3558 932 lec-

1971 954 2143 1002 torem
2173 948 2442 1006 admoneo
2463 994 2477 1018 ,
2512 955 2715 1010 nullum
2749 957 2927 1014 adhuc
2959 975 3292 1032 nuperorum
3335 966 3560 1038 scripto-

1967 1055 2088 1096 rum
2121 1043 2252 1097 satis
2287 1054 2542 1102 accurate
2582 1046 2784 1106 dixisse
2823 1051 2892 1107 de
2918 1056 3161 1128 antiquis
3189 1060 3440 1118 versibus
3469 1078 3564 1119 seu

1968 1133 2329 1225 commatibus
2373 1133 2774 1208 Scripturarum
2821 1142 3150 1202 divinarum.
3195 1149 3470 1225 Pleraque
3500 1171 3566 1211 ex

1968 1224 2253 1298 Augustini
2296 1228 2528 1298 Speculo
2569 1230 2801 1288 aﬂ'erunt
2834 1237 2884 1292 in
2912 1233 3028 1294 suis
3058 1242 3202 1300 notis
3229 1254 3279 1297 et
3308 1224 3566 1303 observa-

1970 1315 2208 1373 tionibus
2234 1362 2249 1390 ,
2302 1336 2423 1390 quae
2472 1322 2538 1376 ad
2579 1321 2742 1380 ﬁdem
2784 1329 3271 1389 vetusrissimorum
3318 1337 3567 1397 codicum

1969 1411 2194 1496 probata
2241 1415 2424 1469 statim
2467 1430 2822 1487 evanescunt,
2855 1431 2908 1476 et
2937 1423 3071 1479 falsa
3101 1425 3571 1492 demonstrantur.

1971 1499 2171 1559 Scribit
2199 1505 2282 1558 vir
2308 1504 2522 1571 doctus,
2555 1521 2605 1564 et
2650 1509 2782 1566 mihi
2811 1527 3019 1570 summa
3051 1523 3400 1578 veneratione
3428 1540 3572 1586 sem-

1971 1609 2067 1664 per
2111 1597 2414 1666 colendus,
2467 1601 2829 1674 Augustinum
2878 1606 3096 1678 quidem
3149 1610 3222 1667 ita
3271 1612 3567 1673 Bibliorum
3649 1653 3652 1658 -

1971 1705 2162 1747 versus
2192 1691 2507 1749 distinxisse
2537 1695 2637 1752 sibi
2667 1697 2859 1768 vismn,
2904 1711 2957 1755 ut
2995 1719 3085 1756 set:
3125 1704 3371 1761 dictiones
3410 1724 3571 1764 unus-

329 1798 615 1860 Caatcrum
661 1799 783 1856 sine
825 1797 1085 1870 capitulis
1124 1796 1362 1868 praeﬁxis
1403 1795 1679 1852 edidimus
1711 1794 1862 1849 volu-

1982 1784 2183 1855 quisque
2225 1799 2399 1842 versus
2445 1789 2775 1846 contineret:
2817 1789 3106 1862 subditque
3149 1796 3314 1862 verba
3351 1797 3571 1855 isthaec:

257 1893 416 1949 mina
447 1891 930 1964 Paralipomenon,
961 1891 1134 1954 Ezrae,
1162 1898 1217 1946 et
1248 1889 1493 1946 Estheris
1521 1907 1536 1946 :
1568 1888 1692 1960 quia
1722 1888 1868 1944 nulla

256 1984 436 2041 fuisse
467 1984 714 2060 apposita
746 1985 828 2038 his
860 1984 1014 2044 libris
1049 1983 1118 2037 ab
1151 1982 1508 2053 Hieronymo,
1552 1981 1740 2038 docuit
1770 1995 1868 2036 nos

255 2093 429 2150 supra
478 2075 870 2144 Cassiodorus,
913 2088 964 2132 et
1017 2090 1152 2130 mss.
1206 2074 1422 2130 codices
1462 2073 1756 2144 pervetusti
1803 2089 1867 2126 ae

256 2174 488 2243 Optimae
529 2183 674 2228 nota:
718 2171 926 2226 nullum
963 2169 1200 2226 retinent
1228 2167 1462 2224 indicem
1505 2165 1864 2238 capitulorum

257 2264 349 2319 vel
399 2264 722 2330 titulorum,
770 2261 866 2317 sed
909 2259 1282 2316 tantummodo
1322 2257 1635 2329 Hieronymi
1677 2258 1870 2326 prmia-

257 2360 440 2426 tiones
469 2372 598 2412 cum
627 2370 783 2411 sacro
811 2361 1069 2411 contextu
1096 2368 1196 2426 per
1221 2353 1462 2408 membra
1495 2351 1723 2421 plurima
1756 2348 1866 2403 dis-

258 2453 440 2505 tincto
489 2457 545 2504 et
593 2448 768 2503 diviso
811 2447 963 2520 juxta
1009 2445 1263 2508 modttm,
1306 2459 1414 2514 quo
1445 2459 1542 2498 nos
1575 2443 1724 2496 illum
1775 2456 1867 2496 ex-

258 2543 573 2615 pressimus
612 2541 679 2597 ad
719 2540 880 2596 ﬁdem
911 2539 1487 2610 praestantissimorum
1523 2550 1655 2591 mss.
1686 2551 1869 2592 exeru-

257 2637 503 2708 plariurn
546 2635 875 2704 Regiorum,
908 2629 1386 2693 Colbcrtinorum,
1420 2627 1826 2685 Corbeiensium
1850 2667 1866 2698 ,

260 2739 317 2784 et
364 2725 989 2783 San-Germanensium.
1021 2724 1270 2779 Omissas
1315 2731 1491 2777 tamen
1532 2720 1870 2790 capitulatio—

259 2836 396 2886 nes,
429 2836 664 2890 quarttm
703 2829 894 2874 auctor
931 2817 1031 2872 fuit
1052 2815 1439 2882 Cassiodorus,
1485 2812 1740 2884 supplere
1771 2826 1866 2868 cu-

261 2912 548 2983 rabimus,
581 2928 704 2968 cum
728 2911 932 2967 veteris
955 2909 1195 2980 Vulgata:
1235 2923 1333 2964 seu
1370 2907 1568 2964 Italica:
1600 2904 1870 2960 versionis

263 3005 707 3078 quamplurimas
739 3002 911 3058 libros
953 3003 1191 3072 integros
1233 2997 1601 3070 evulgandos,
1635 2996 1748 3051 Deo
1773 2996 1867 3065 ju-

263 3111 455 3174 Vante,
501 3099 885 3169 suscipiemus.
919 3095 1134 3150 Nostris
1173 3094 1374 3149 etenim
1416 3091 1557 3146 votis
1583 3107 1645 3145 ac
1676 3089 1869 3144 studiis

1974 1873 2082 1929 Sed
2117 1875 2172 1929 id
2213 1877 2595 1949 Augustiniano
2640 1881 2807 1940 codici
2845 1886 3050 1941 videtur
3089 1889 3572 1962 fuissegpeculiare,

1971 1982 2073 2020 non
2114 1969 2351 2024 omnibus
2400 1988 2682 2029 commune.
2726 1973 2906 2032 Libros
2945 1978 3238 2052 Scriptura
3272 1983 3575 2056 plerosque,

1972 2075 2018 2117 et
2046 2065 2266 2135 fortasse
2293 2085 2465 2123 omnes
2491 2087 2581 2141 per
2606 2088 2782 2127 versus
2811 2074 3048 2130 distinxit
3079 2075 3453 2152 Hieronymus,
3484 2082 3574 2135 sed

1971 2159 2235 2215 hodierna:
2254 2162 2601 2220 distinctionis
2624 2167 2769 2221 nulla
2791 2169 2933 2236 apud
2964 2187 3077 2223 eum
3101 2181 3306 2228 exstant
3335 2175 3568 2248 vestigia.

1973 2249 2044 2307 At
2081 2267 2215 2324 pace
2253 2253 2606 2310 eruditissimi
2652 2261 2933 2332 scriptoris
2981 2262 3163 2320 dicere
3191 2263 3271 2318 fas
3303 2265 3390 2336 sit,
3423 2266 3582 2322 innu-

1973 2361 2155 2400 tneros
2189 2345 2358 2402 fuisse
2383 2349 2680 2421 antiquitus
2710 2352 2764 2406 in
2803 2357 2929 2408 toris
2962 2353 3257 2412 Bibliorum
3286 2359 3582 2418 volumini-

1972 2438 2094 2503 bus,
2127 2440 2216 2510 qui
2248 2441 2384 2496 duas
2423 2445 2504 2496 vel
2539 2453 2645 2501 lies
2679 2455 2884 2500 tantum
2913 2448 3180 2505 dictiones
3210 2451 3576 2521 continerent,

1973 2547 2074 2587 nec
2113 2532 2297 2603 aliquo
2345 2535 2733 2592 vocabulorum
2779 2555 3005 2595 numero
3047 2543 3316 2612 praeﬁnito
3347 2544 3582 2600 cireum-

1971 2624 2293 2681 scrihendos
2337 2642 2462 2683 esse
2506 2627 2814 2700 ltujusmodi
2859 2648 3070 2699 versus,
3101 2651 3223 2689 cum
3254 2637 3404 2700 nulla
3432 2647 3580 2692 certa

1973 2715 2112 2788 lege,
2155 2733 2298 2773 nunc
2345 2719 2529 2790 plures
2571 2721 2625 2776 in
2671 2723 2770 2790 eis,
2815 2739 2959 2779 nunc
2993 2723 3274 2795 pauciores
3303 2727 3583 2786 dictiones

1974 2808 2284 2868 decurrant.
2319 2810 2525 2868 Deinde
2562 2813 2957 2882 Augustiniano
2987 2817 3166 2874 codici
3193 2819 3327 2874 nihil
3369 2823 3466 2876 fuit
3490 2837 3588 2891 pe-

1973 2903 2181 2959 culiare
2232 2904 2282 2957 in
2316 2903 2756 2963 disrinctionibus
2799 2925 3075 2973 versuum,
3105 2912 3200 2967 sed
3235 2922 3404 2976 totum
3431 2930 3582 2970 corn—

1977 3013 2142 3054 muue
2184 2997 2372 3054 habuit
2415 3013 2536 3054 cum
2581 2999 2706 3058 aliis
2736 3003 3144 3078 exemplaribus
3173 3005 3486 3065 Graecorum
3518 3025 3582 3064 ac

1974 3089 2293 3146 Latinorum
2336 3091 2579 3148 Patrum.
2628 3092 2813 3150 Tertio
2858 3096 3093 3170 denique
3131 3099 3272 3168 apud
3319 3100 3586 3172 Hierony-

265 3203 484 3250 tantum
516 3191 772 3262 praestitit
805 3188 1027 3260 largitor
1056 3188 1298 3242 omnium
1332 3186 1597 3240 bonorum
1626 3182 1789 3246 Deus,
1817 3191 1870 3234 ιιι
1899 3184 1946 3249 C
1978 3198 2124 3237 mum
2157 3183 2414 3238 nonnulla
2447 3193 2666 3240 exstant
2697 3187 2922 3258 vestigia
2959 3187 3242 3244 hodiernae
3272 3191 3581 3249 distinctio-

197 3283 216 3302 ⁵
266 3303 379 3350 non
408 3285 589 3346 solum
611 3281 1052 3357 Hieronymianre
1069 3280 1335 3336 versionis
1363 3281 1417 3333 in
1439 3277 1653 3348 angulis
1675 3275 1870 3331 obscu-

265 3380 349 3452 ris
401 3377 752 3434 archivorum
784 3389 838 3431 et
863 3374 1320 3430 bibliothecarum
1349 3372 1755 3429 delitescentem
1789 3369 1871 3422 in-

267 3483 492 3544 gentem
527 3471 848 3528 thesaurum
895 3471 1053 3525 nubis
1082 3468 1358 3525 revelaret
1389 3484 1405 3521 :
1450 3466 1544 3522 sed
1593 3465 1752 3521 donis
1783 3480 1881 3520 ett--

270 3567 526 3631 mulans,
560 3566 816 3621 manibus
868 3565 1070 3619 nostris
1103 3564 1264 3619 etiam
1315 3561 1533 3616 tradere
1561 3559 1730 3616 voluit
1767 3573 1874 3614 non

273 3674 453 3731 pauca
501 3660 708 3715 Italicae
752 3658 1024 3714 versionis
1071 3656 1448 3727 exemplaria,
1491 3665 1602 3710 tum
1641 3653 1872 3720 veteris,

275 3763 393 3808 tum
424 3753 550 3807 novi
600 3750 975 3824 Testamenti,
1009 3766 1130 3823 qua:
1155 3764 1256 3806 suo
1297 3758 1541 3818 tempore
1573 3746 1772 3819 publici
1793 3745 1879 3814 ju-

275 3847 358 3903 ris
385 3847 580 3902 tierent
609 3846 676 3900 ad
708 3845 1079 3903 studiosorum
1117 3851 1170 3900 et
1211 3841 1540 3898 Christianae
1570 3839 1880 3910 reipublicae

276 3954 551 3996 summam
603 3939 918 3994 utilitatem.
977 3936 1260 3993 Provocati
1310 3936 1475 4005 igitur
1529 3933 1880 3988 veneratione

274 4032 680 4104 antiquissima:
728 4031 1000 4088 versionis
1021 4074 1036 4100 ,
1070 4041 1124 4085 ct
1167 4031 1377 4099 magnis
1404 4027 1667 4098 Compulsi
1701 4024 1881 4082 horta-

279 4125 522 4194 toribus,
559 4136 913 4182 monumenta
947 4125 1138 4180 isthatc
1165 4137 1324 4179 sacra
1355 4121 1593 4178 rediviva
1624 4117 1883 4175 exhibere

280 4221 601 4276 statuimus.
628 4219 811 4285 Quare
835 4234 902 4274 ne
923 4219 992 4274 ab
1021 4217 1170 4288 aliis,
1201 4233 1364 4288 quam
1397 4233 1424 4270 ιι
1456 4215 1609 4270 nobis
1638 4215 1689 4268 itt
1718 4228 1884 4283 regno

282 4310 535 4372 Francia:
551 4312 874 4383 ederentur,
892 4311 1004 4382 jam
1030 4320 1247 4368 caututn
1270 4318 1354 4366 est
1373 4309 1672 4378 Diplomate
1691 4307 1882 4378 Regio,

283 4409 432 4480 quod
467 4409 628 4466 nobis
656 4408 943 4478 speciatim
969 4421 1290 4462 concessum
1318 4415 1400 4460 est
1428 4404 1493 4464 ad
1525 4407 1660 4458 hanc
1685 4403 1886 4458 Italicae

285 4501 562 4558 versionis
580 4500 899 4556 editionem.
923 4503 961 4554 Α
985 4498 1227 4555 Matthaei
1247 4497 1521 4552 volumine
1540 4491 1888 4551 exordiemur

1976 3276 2061 3331 nis
2091 3291 2367 3342 versuum;
2403 3278 2475 3330 uti
2522 3278 2783 3348 subjectis
2816 3281 3083 3352 exemplis
3114 3281 3251 3340 infra
3283 3285 3586 3343 declarabi-

1977 3385 2120 3435 ums,
2155 3368 2306 3424 nullo
2351 3379 2532 3425 tamen
2571 3370 2754 3426 animo
2793 3371 3054 3443 litigandi,
3087 3376 3181 3430 sed
3215 3379 3582 3450 proponenda:

1979 3463 2147 3520 solius
2178 3463 2418 3520 veritatis
2446 3463 2644 3518 studio.

2058 3555 2444 3614 ltistiuctiOnes
2493 3567 2672 3612 autem
2726 3574 2984 3613 versuum
3034 3561 3086 3617 in
3133 3563 3289 3622 libris
3337 3573 3581 3624 veterum

1978 3650 2307 3720 scriptorum
2347 3651 2731 3705 usitatissimas
2775 3650 2960 3720 fuisse,
2996 3651 3155 3714 facile
3183 3657 3341 3713 nobis
3378 3633 3576 3718 Conce-

1981 3743 2112 3800 dent
2143 3744 2230 3814 qui
2264 3742 2502 3800 animum
2545 3745 2879 3802 attenderint
2908 3746 2976 3803 ad
3006 3748 3300 3808 Historiam
3330 3754 3585 3825 Josephi,

1981 3836 2048 3892 ad
2081 3835 2332 3907 llesyehii
2363 3836 2670 3914 presbyteri
2703 3839 3169 3912 testiﬁcationem,
3201 3855 3363 3919 atque
3392 3847 3459 3903 ad
3495 3865 3586 3907 ve-

1986 3929 2282 3992 tustissima
2313 3930 2717 4004 Scripturarum
2749 3948 3025 3994 sacrarum
3058 3951 3430 4012 monumenta,
3459 3959 3584 4021 qua;

1983 4034 2110 4080 ante
2139 4023 2286 4080 mille
2313 4033 2367 4080 et
2385 4033 2599 4080 centum
2621 4041 2796 4082 annos
2815 4027 2866 4082 in
2893 4031 3226 4101 membranis
3248 4037 3586 4106 pretiosissi-

1985 4116 2089 4172 mis
2128 4128 2344 4183 exarata
2383 4130 2699 4192 supersunt.
2743 4122 3018 4196 .losephus
3059 4125 3220 4196 igitur
3259 4133 3588 4188 vernaculus

1986 4207 2301 4266 Judaeorum
2358 4214 2624 4284 scriptor,
2679 4223 2734 4272 et
2790 4218 3226 4284 Apostolicorum
3285 4233 3586 4297 temporum

1989 4303 2211 4374 aequalis
2232 4305 2314 4360 vel
2336 4319 2558 4380 supper,
2582 4315 2734 4362 notat
2755 4308 2818 4363 ad
2849 4306 3008 4366 linem
3032 4310 3152 4368 libri
3186 4328 3258 4372 xx
3286 4317 3589 4393 Ἀρχαιολο-

1987 4399 2106 4470 γίας
2132 4412 2265 4464 suae,
2294 4412 2483 4452 versus
2525 4398 2577 4452 in
2611 4397 2691 4452 his
2724 4399 2904 4474 viginti
2933 4401 3329 4474 Antiqttitatum
3360 4408 3590 4466 volumi-

1991 4489 2151 4544 nibus
2167 4489 2441 4546 exstitisse
2464 4491 2740 4562 sexaginta
2765 4491 2930 4547 millia
2955 4511 3101 4566 :qua:
3124 4497 3367 4565 profecto
3390 4515 3489 4557 nec
3510 4511 3589 4558 tot

284 4610 408 4654 eam
441 4594 614 4666 praelo
658 4595 1034 4658 committere,
1067 4603 1124 4648 et.
1160 4607 1410 4648 seorsum
1441 4589 1581 4669 typis
1608 4589 1886 4660 evulgabi-
1914 4577 1962 4640 Ι)
1992 4581 2267 4636 numerari
2307 4593 2523 4650 possent
2562 4582 2612 4637 in
2661 4593 2806 4640 textu
2846 4585 3036 4641 Grieco
3063 4586 3306 4659 Iosephi,
3337 4591 3438 4648 nisi
3469 4594 3590 4652 bre-

286 4705 412 4763 rnus
445 4687 580 4744 illud
610 4687 972 4759 Evangelium
1005 4694 1227 4758 propter
1249 4684 1546 4740 ferventem
1572 4691 1889 4740 controvcr~

289 4785 429 4841 siam
461 4782 695 4838 duorum
729 4781 886 4851 hujus
920 4781 1182 4850 temporis
1226 4779 1592 4848 scriptorum,
1620 4776 1708 4845 qui
1735 4787 1891 4830 oeca-

293 4879 454 4934 sione
476 4874 836 4948 inanuscripti
862 4871 1306 4944 Cantabrigensis
1329 4871 1494 4928 multa
1521 4871 1797 4939 disputant
1823 4867 1892 4924 de

294 4974 520 5046 antiqua
551 4971 811 5028 versione
843 4967 1031 5025 Latina
1066 4966 1488 5037 Evangeliorum
1513 5008 1527 5032 ,
1561 4963 1628 5019 de
1662 4979 1725 5018 ea
1751 4962 1893 5017 scili-

295 5077 386 5136 cet
410 5081 535 5137 quae
564 5063 847 5120 obtinebat
875 5062 931 5120 iit
981 5061 1222 5117 Ecclesia
1251 5057 1578 5116 occidentali
1611 5066 1735 5112 ante
1767 5055 1894 5110 Hie-

296 5159 680 5234 ronymianam
703 5158 1136 5228 castigationem.
1160 5155 1324 5210 Multa
1346 5154 1596 5224 leguntur
1614 5151 1668 5207 in
1691 5150 1892 5207 nostris

298 5252 709 5325 exemplaribus
760 5247 1181 5319 manuscriptis,
1231 5263 1352 5318 qua:
1391 5245 1550 5313 longe
1589 5244 1788 5298 absunt
1827 5241 1894 5298 ab

299 5347 589 5402 amborum
619 5344 954 5419 coniecturis
987 5359 1000 5395 :
1033 5340 1296 5398 nonnulla
1338 5354 1470 5398 vero
1515 5337 1708 5410 quibus
1755 5352 1897 5390 nunc

301 5439 500 5512 hujus,
552 5453 698 5496 nunc
747 5437 891 5494 illius
929 5436 1076 5492 dicto
1118 5448 1244 5492 vera
1288 5446 1411 5489 esse
1449 5431 1894 5502 comprobantur.

303 5533 474 5604 Cujus
499 5533 722 5600 demunt
747 5545 927 5588 causa:
955 5528 1295 5600 potissimum
1319 5526 1544 5584 faveant
1589 5539 1719 5578 mss.
1753 5523 1902 5580 codi-

306 5643 402 5684 ces
441 5631 657 5694 nostri,
710 5640 816 5680 non
858 5635 984 5678 ante
1025 5622 1264 5692 ipsorum
1315 5617 1732 5688 iinplusionem
1780 5629 1906 5684 pcr—

309 5720 513 5776 disces.

387 5812 472 5869 lll.
528 5811 770 5881 Longum
803 5817 968 5873 csret,
1001 5807 1044 5866 si
1079 5807 1268 5870 vrlletu
1298 5813 1522 5864 cuutlos
1551 5801 1907 5873 quorumdam

1992 4674 2171 4729 viores
2201 4673 2428 4730 fuissent
2453 4673 2696 4730 hodierni
2707 4691 2731 4728 s
2760 4681 2958 4732 nostris
2981 4677 3224 4744 Biblicis,
3250 4697 3351 4738 nec
3376 4685 3443 4740 ad
3468 4701 3591 4742 cer-

1994 4774 2105 4821 tum
2139 4783 2422 4822 munerum
2467 4768 2748 4838 praeﬁniri,
2783 4769 2883 4824 nisi
2924 4770 3177 4832 distincte
3203 4783 3259 4830 et
3291 4791 3388 4846 per
3417 4778 3590 4840 inter-

1993 4859 2132 4914 valla
2165 4859 2391 4916 fuissent
2415 4860 2672 4930 descripti
2702 4862 2755 4916 in
2779 4867 3118 4936 autographo
3139 4866 3381 4937 ejusdem
3403 4883 3587 4930 aucto-

1995 4950 2090 5010 ris.
2146 4951 2350 5010 Morem
2400 4950 2544 5007 hunc
2584 4951 2924 5008 describeudi
2961 4956 3128 5010 multa
3157 4961 3407 5018 versibus
3437 4966 3594 5022 valde

1995 5043 2332 5114 superiorem
2383 5043 2621 5114 Josepho
2672 5046 2907 5100 Ostendit
2959 5047 3260 5119 Hesychius
3311 5056 3595 5128 presbyter

1994 5136 2486 5211 Jerosolymorum,
2525 5155 2644 5192 rum
2690 5141 2742 5192 in
2789 5149 3051 5210 tractatu,
3088 5159 3247 5218 quem
3279 5158 3436 5204 vocat
3487 5162 3594 5209 Στι-

1998 5233 2161 5311 χηρόν
2193 5231 2434 5288 dudecim
2473 5231 2850 5304 prophetarum
2888 5249 3012 5292 eum
3049 5236 3214 5296 refert
3253 5241 3318 5292 ad
3353 5249 3594 5311 tempora

1999 5325 2218 5381 Davidis
2268 5337 2322 5381 et
2363 5323 2696 5391 Salomonis,
2726 5326 2848 5381 sive
2891 5329 3052 5383 etiam
3093 5327 3212 5390 Jobi
3245 5330 3329 5387 his
3358 5333 3597 5404 Regibus

2001 5423 2314 5477 vetustioris
2367 5439 2380 5475 :
2429 5421 2635 5480 addens
2681 5424 2898 5494 insuper
2945 5424 3176 5482 similem
3207 5443 3458 5491 versuum
3495 5435 3604 5491 dis.

2009 5518 2326 5584 tinctionem
2364 5531 2422 5571 se
2462 5515 2734 5573 invenisse
2760 5519 2809 5572 in
2854 5519 3062 5588 aliquot
3099 5524 3497 5592 exemplaribus
3538 5531 3605 5584 li-

2009 5612 2230 5667 brorum
2252 5607 2671 5682 apustolicorntn
2699 5628 2712 5664 :
2738 5611 2860 5670 Πλὴν
2893 5611 3016 5666 ἀλλά
3041 5616 3124 5668 καὶ
3149 5619 3239 5675 τήν
3265 5617 3606 5685 ἀποστολικὴν

2013 5703 2180 5758 Βίϐλον
2207 5701 2340 5758 οὕτω
2361 5702 2460 5757 τινὶ
2489 5711 2870 5778 Guy/pagatim
2896 5703 3076 5780 εὑρὼν,
3100 5714 3204 5760 etc.
3231 5704 3346 5764 Non
3373 5724 3503 5781 ergo
3532 5730 3615 5768 rt:-

2016 5810 2142 5850 cens
2178 5806 2290 5856 erat
2327 5802 2570 5865 tempore
2602 5794 2874 5864 llesycliii.
2913 5798 3003 5848 sed
3034 5795 3143 5866 jam
3176 5809 3389 5870 recepta
3422 5816 3475 5859 ci
3505 5807 3616 5863 mu.
