4040 6360
458 328 560 385 Hi

1086 323 1179 382 AD
1216 323 1275 381 S.
1318 318 1701 379 HIERONYMI
1741 316 2030 375 DlVlNAM
2067 285 2581 376 BlBLlUTHECiAM
2621 318 3160 379 PROLEGOMENA.

3661 316 3769 377 ΗΞ

450 443 553 499 lita
576 458 829 499 versuum
855 441 1135 500 distinctio
1166 444 1218 497 in
1249 439 1403 497 libris
1432 439 1605 496 sacris
1630 436 1833 493 veteris
1854 450 1917 491 ac
1939 435 2063 489 novi
2091 434 2144 497 Α
2170 451 2262 505 per
2302 452 2541 491 versuum
2583 437 2699 491 cola
2739 437 2996 494 distinxit.
3030 437 3213 508 Itaque
3240 452 3477 492 versuum
3505 436 3768 495 distinctio

453 534 815 593 Testamenti.
858 537 969 594 Nec
1012 552 1178 593 unum
1216 532 1558 591 solummodo
1586 544 1800 586 sacrum
1829 537 2059 584 contex~

452 638 573 686 tum
605 631 853 688 versibus
894 633 1065 690 fuisse
1093 631 1410 688 distinctum
1454 644 1517 684 ac
1546 625 1879 694 descriptum
1909 622 2061 678 novi-

450 736 611 790 mus;
659 722 759 780 sed
801 724 1084 781 versiones
1129 724 1291 781 etiam
1321 722 1541 779 Graecas
1569 732 1939 792 quascumque
1968 716 2059 771 In-

448 814 750 871 strumenti
791 816 998 872 veteris
1040 816 1107 872 ab
1134 815 1367 887 Origene
1396 828 1493 885 per
1519 812 1762 868 membra
1794 811 1908 866 sive
1938 824 2062 865 ver-

447 920 610 962 suum
651 908 773 964 cola
814 907 982 965 fuisse
1009 909 1209 965 divisas
1237 907 1423 963 docuit
1450 922 1550 962 nos
1582 905 1850 962 Eusebius
1879 903 2061 959 Caesa-

446 996 651 1054 riensis
680 998 776 1055 lib.
807 1016 859 1056 γι
890 1000 1040 1057 Eccl.
1075 999 1216 1057 Hist.
1247 1013 1371 1068 cap.
1407 997 1497 1065 l6,
1534 997 1623 1053 ubi
1656 996 1771 1052 hzec
1801 994 1965 1053 habet
1988 993 2059 1050 de

445 1105 620 1163 opere
657 1092 1020 1165 Hexaplorum
1065 1092 1319 1164 Origenis
1361 1108 1375 1146 :
1421 1089 1537 1145 Has
1575 1090 1736 1161 igitur
1762 1103 1948 1142 omnes
1978 1086 2057 1140 in-

450 1186 844 1257 terpretationes
881 1203 998 1241 cum
1036 1187 1090 1241 in
1130 1202 1293 1240 unum
1331 1200 1518 1257 corpus
1546 1181 1857 1253 collegisset,
1888 1188 1939 1235 et
1966 1195 2059 1253 per

446 1282 567 1338 cola
604 1297 666 1335 ac
704 1280 932 1336 membra
968 1280 1307 1346 distinxisset,
1346 1287 1393 1335 et
1428 1277 1528 1333 sibi
1554 1277 1773 1331 invicem
1798 1292 1825 1329 e
1852 1274 2059 1348 regione

445 1373 789 1445 opposuisset,
822 1390 927 1428 una
955 1390 1076 1428 cum
1103 1372 1364 1429 Hebraico
1386 1382 1549 1439 textu,
1575 1368 1936 1440 Hexaplorum
1961 1383 2057 1422 no-

444 1463 525 1518 bis
552 1462 868 1537 exemplaria
907 1465 1138 1537 reliquit.
1174 1465 1251 1522 De
1282 1465 1467 1521 verbis
1501 1464 1648 1519 hisce
1676 1460 1882 1518 Graecis
1906 1502 1923 1529 ,
1958 1460 2058 1517 διε-

444 1556 543 1614 λών
562 1577 617 1614 τι
644 1559 776 1636 πρὸς
796 1558 973 1627 κῶλον,
995 1557 1112 1614 fuse
1142 1557 1587 1628 satisdisputavit
1608 1555 1873 1612 Henricus
1900 1554 2056 1611 Valeo

442 1651 563 1708 sius
579 1651 797 1709 Eusebii
828 1653 1099 1724 interpres
1124 1651 1549 1720 eruditissimus,
1570 1651 1693 1721 jure
1715 1648 1912 1706 merito
1934 1663 2056 1705 cas-

450 1744 632 1816 tigans
686 1742 1248 1817 Christophorsonum
1311 1743 1458 1816 quod
1512 1741 1742 1799 verterit
1796 1740 2051 1813 prtedicta

2160 543 2313 597 quam
2362 529 2515 583 hodie
2552 530 2607 584 in
2655 529 3001 604 Septuaginta
3036 531 3311 587 Seniorum
3342 531 3769 599 interpretatione

2161 621 2442 689 cernimus,
2496 621 2735 696 Origenis
2783 624 3044 678 inventum
3092 636 3188 681 est.
3238 622 3329 679 Sic
3376 623 3468 680 ille
3511 624 3769 697 Origenis

2160 713 2377 785 quidem
2419 714 2695 771 inventum
2725 725 2829 783 est,
2861 716 3006 790 quod
3039 717 3515 790 interpretationes
3543 718 3768 777 Grtecas

2159 820 2191 861 e
2230 805 2455 878 regione
2486 806 2589 863 sibi
2619 808 2848 865 invicem
2876 810 3191 880 opposuerit
3220 828 3234 865 :
3267 819 3323 865 at
3349 824 3457 867 non
3485 810 3645 868 facile
3674 827 3769 869 ac-

2157 901 2564 973 quiesceremus
2608 901 2807 958 Valesii
2854 903 3146 959 sententiae
3195 902 3251 959 in
3297 904 3466 975 priori
3513 904 3768 977 Origenis

2159 994 2411 1065 invento,
2443 1012 2551 1067 quo
2580 995 2797 1053 scilicet
2829 1013 3088 1054 versuum
3119 998 3526 1057 distinctionem
3557 1001 3772 1058 deriva-

2158 1095 2268 1143 tam
2299 1088 2428 1144 dicit
2458 1090 2509 1145 in
2532 1089 2884 1162 Septuaginta
2912 1090 3203 1147 Seniorum
3228 1090 3763 1163 interpretationem.

2155 1178 2488 1236 Credibilius
2540 1190 2665 1250 est,
2722 1183 2777 1237 ni
2821 1181 3009 1249 fallor,
3066 1183 3358 1253 aliqualem
3404 1200 3658 1242 versuum
3707 1193 3770 1242 et

2154 1281 2490 1328 commatum
2511 1273 2840 1330 divisionem
2868 1274 3195 1333 observasse
3220 1285 3434 1334 veteres
3463 1276 3588 1335 illos
3612 1277 3770 1336 Grat-

2155 1377 2251 1420 cos
2290 1365 2643 1436 interpretes,
2688 1365 3055 1439 Septuaginta
3101 1368 3246 1437 dico,
3291 1370 3563 1442 Aquilam,
3605 1369 3769 1446 Sym-

2155 1456 2410 1513 machum
2451 1466 2507 1513 et
2549 1457 3006 1531 Theodotiouem,
3054 1477 3217 1534 quam
3258 1463 3489 1521 confuso
3532 1480 3766 1535 prorsus

2153 1556 2211 1605 et
2254 1550 2570 1608 indistincto
2618 1553 2993 1624 imperitorum
3053 1555 3379 1627 scriptorum
3428 1572 3581 1615 more
3634 1573 3765 1615 suas

2153 1641 2436 1699 versiones
2465 1643 2801 1701 condidisse.
2834 1645 2913 1701 Ex
2952 1644 3197 1718 .losepho
3227 1655 3511 1705 ostensum
3540 1665 3766 1721 quoque

2153 1742 2241 1791 est
2288 1750 2477 1807 supra,
2520 1737 3003 1794 consuetissimum
3051 1738 3225 1797 fuisse
3255 1755 3464 1797 morem
3496 1741 3637 1813 apud
3666 1758 3767 1799 vce

444 1837 613 1894 verba
659 1836 971 1894 collumellis
1014 1841 1145 1895 inter
1184 1856 1240 1894 se
1265 1838 1501 1894 distinxit
1530 1853 1549 1893 :
1579 1837 1697 1892 cola
1747 1836 1893 1893 enim
1922 1844 2050 1892 sunt
2079 1822 2127 1885 Β
2156 1835 2301 1884 teres
2327 1838 2604 1899 auctores,
2630 1838 2790 1888 aetate
2820 1832 3084 1904 apostolis
3112 1834 3373 1905 aequales,
3407 1834 3587 1906 Opera
3616 1836 3765 1893 divi-

442 1943 637 1986 vcrsus
679 1946 778 1987 seu
821 1932 1067 1988 membra
1115 1946 1335 1988 sensum
1378 1931 1651 2002 integrum
1693 1928 2053 1986 ahsolventia.

443 2023 646 2082 Verum
679 2026 796 2098 ipse
841 2025 1087 2082 Valesius
1122 2041 1229 2083 non
1272 2025 1491 2083 videtur
1518 2035 1765 2082 naturam
1794 2040 2052 2082 versuum

437 2117 739 2190 Scriptura:
782 2120 942 2191 plene
984 2130 1269 2177 assecutus
1291 2164 1308 2188 ,
1340 2121 1465 2193 quia
1515 2120 1801 2178 confundit
1838 2120 1894 2177 in
1926 2120 2055 2177 Ilie-

440 2210 661 2282 ronymi
703 2210 1134 2283 praefatiunculis
1181 2214 1298 2269 cola
1328 2228 1584 2269 versuum
1612 2228 1734 2269 cum
1766 2213 2055 2269 commati-

436 2301 565 2372 bus,
613 2319 735 2376 quae
782 2314 967 2376 partes
1008 2317 1138 2361 sunt
1163 2314 1217 2361 et
1258 2305 1502 2362 membra
1530 2306 1797 2371 colorum,
1828 2320 2048 2362 sensum

441 2395 714 2467 integrum
745 2398 944 2468 saepius
969 2415 1074 2453 non
1106 2398 1465 2456 absolventia.
1500 2397 1611 2456 Sed
1640 2415 1763 2472 age,
1791 2398 2044 2471 profera-

435 2502 563 2545 mus
589 2488 644 2544 in
677 2489 915 2546 medium
948 2494 1357 2546 annotationem
1396 2489 1745 2547 Valesianam
1781 2492 1835 2546 in
1867 2491 2050 2547 locum

444 2579 673 2637 Eusebii
702 2581 816 2653 jam
842 2582 1142 2639 laudatum.
1176 2581 1411 2652 Primus,
1448 2581 1643 2653 inquit,
1673 2584 1814 2655 apud
1835 2581 2054 2640 Latinos

444 2656 813 2745 Hieronymus
835 2675 1309 2747 interpretationem
1346 2688 1493 2729 suam
1526 2690 1619 2744 per
1653 2690 1826 2730 versus
1865 2674 2051 2729 distin-

441 2768 541 2834 tcit,
575 2767 808 2823 imitatus
856 2767 1151 2841 Origenem,
1187 2768 1275 2839 qui
1314 2769 1365 2821 in
1397 2767 1654 2841 Hexaplis
1681 2768 1815 2823 idem
1841 2769 2046 2841 prtesti-

437 2867 593 2915 terat.
639 2859 809 2914 Porro
855 2859 1125 2933 Origenes,
1162 2861 1215 2914 in
1243 2876 1300 2915 eo
1337 2861 1565 2915 maxime
1592 2858 1850 2914 consuluit
1877 2859 2052 2931 legen-

437 2951 568 3005 tium
610 2951 841 3007 utilitati.
882 2950 1021 3007 Nam
1074 2967 1405 3023 quacumque
1452 2968 1542 3024 per
1584 2967 1758 3008 versus
1806 2951 2048 3006 distincta

442 3051 590 3111 sunt,
638 3058 699 3096 ea
744 3042 994 3115 facilius,
1045 3051 1153 3097 tum
1198 3041 1584 3115 intelliguntur,
1634 3052 1742 3098 tum
1788 3044 2049 3099 memoriae

2156 1920 2320 1978 dendi
2360 1938 2462 1994 per
2489 1940 2702 1995 versus,
2735 1941 2799 1982 ac
2828 1941 3018 1983 eorum
3050 1942 3336 1984 numerum
3367 1929 3424 1984 in
3454 1929 3561 1987 line
3588 1931 3765 1988 libro-

2155 2028 2276 2069 rum
2307 2006 2623 2072 annotaudi.
2650 2017 2918 2075 Praeterea
2944 2018 3070 2075 libri
3090 2025 3368 2099 στιχήριις
3387 2021 3545 2091 dicti,
3573 2022 3626 2079 id
3645 2033 3755 2093 est,

2154 2103 2275 2171 Job,
2305 2105 2509 2163 Psalmi
2527 2152 2542 2178 ,
2579 2108 2860 2166 Proverbia
2891 2109 3230 2169 Ecclesiastes
3259 2124 3312 2171 et
3342 2113 3610 2171 Canticum
3637 2133 3768 2173 can-

2154 2200 2393 2267 ticorum,
2417 2201 2669 2259 versibus
2697 2205 2769 2260 ab
2791 2204 2951 2261 initio
2973 2207 3274 2277 conscripti
3298 2216 3445 2265 sunt.
3472 2208 3626 2267 Unde
3648 2211 3766 2267 evi-

2152 2291 2290 2349 dens
2331 2295 2583 2367 exsurgit
2611 2306 3017 2367 argumentum,
3051 2298 3195 2370 quod
3238 2299 3291 2355 in
3335 2299 3443 2357 illis
3471 2302 3660 2358 saltem
3688 2302 3764 2358 li-

2152 2383 2267 2440 bris
2297 2384 2498 2441 divisio
2541 2401 2801 2444 versuum
2831 2389 3109 2447 inveutum
3139 2388 3391 2463 Origenis
3420 2392 3609 2450 haberi
3637 2395 3766 2451 nul~

2152 2475 2371 2534 latenus
2415 2478 2597 2536 debet.
2642 2479 2804 2537 Plura
2849 2493 2979 2538 sunt
3021 2483 3075 2538 in
3132 2485 3483 2542 annotatione
3521 2484 3761 2556 Valesii,

2148 2570 2425 2643 praecipue
2465 2570 2783 2629 Grmcorum
2814 2575 3106 2633 verborum
3146 2576 3401 2651 Hesycbii
3432 2579 3763 2652 interpreta-

2150 2664 2354 2720 tionem
2385 2665 2707 2734 spectantia,
2735 2683 2856 2739 quze
2882 2668 3225 2726 eruditorum
3250 2669 3457 2743 judicio
3489 2674 3764 2744 permitti-

2149 2770 2290 2811 mus.
2324 2755 2557 2813 Tantum
2588 2757 2762 2838 dicam
2796 2759 3126 2833 Hesychium
3153 2764 3408 2835 apposite
3438 2779 3628 2822 versus
3655 2781 3758 2838 ap—

2149 2850 2381 2921 pellasse
2406 2834 2788 2927 στίχους,ἠοη
2816 2856 2975 2925 κῶλα,
3010 2866 3069 2911 ut
3095 2857 3267 2913 voluit
3287 2855 3539 2915 Valesius
3564 2877 3577 2914 :
3601 2860 3758 2918 colon

2148 2944 2295 2999 enim
2323 2946 2556 3001 sumitur
2583 2946 2726 3016 apud
2758 2945 3147 3021 Hieronymum
3179 2964 3280 3021 pro
3308 2951 3580 3008 sententia
3611 2952 3757 3010 inte-

2145 3054 2265 3111 gra,
2299 3055 2421 3110 qua:
2450 3039 2664 3096 duobus
2691 3042 2775 3098 vel
2818 3042 2992 3100 tribus
3035 3045 3463 3101 cmsisdecurrit
3490 3046 3544 3102 in
3576 3046 3754 3104 sacris

434 3136 776 3191 mandantur.
820 3136 966 3191 Adde
999 3136 1139 3209 quod
1179 3135 1248 3190 ad
1290 3134 1500 3191 ercas
1537 3136 1788 3191 editiones
1828 3136 1963 3190 inter
1991 3152 2048 3191 se
2144 3130 2301 3186 libris
2343 3150 2355 3187 :
2386 3138 2580 3204 στίχος
2606 3149 2737 3190 vero
2776 3134 2977 3192 dicitur
3001 3136 3286 3208 quodlibet
3312 3152 3516 3195 cassum
3547 3139 3667 3207 coli,
3694 3146 3757 3198 et

437 3228 855 3298 comparandas,
898 3245 1115 3301 prorsus
1155 3229 1446 3284 necessaria
1483 3230 1585 3300 fuit
1623 3227 1928 3300 bujusmodi
1964 3228 2045 3283 di-
2070 3217 2115 3281 C
2147 3223 2405 3294 quaelibet
2445 3225 2835 3283 subdistinctio
2875 3227 2929 3283 in
2973 3228 3213 3299 periodis
3241 3245 3578 3289 sermonum.
3610 3231 3753 3290 Rern

432 3320 665 3375 stinctio.
695 3317 1009 3391 Exemplum
1052 3319 1292 3393 Origenis
1329 3321 1491 3376 secuti
1526 3330 1646 3375 sunt
1692 3329 1872 3391 postea
1909 3338 2050 3376 cont-

432 3412 641 3484 plures,
671 3422 719 3468 et
749 3415 805 3468 in
842 3430 973 3469 novo
1015 3421 1315 3469 testamento
1340 3413 1478 3468 idem
1507 3414 1876 3484 prtestiterunt,
1907 3415 2048 3487 quod

432 3506 525 3562 ille
569 3507 718 3579 prius
763 3505 954 3577 fecerat
996 3508 1054 3561 in
1096 3515 1263 3562 vetere
1303 3508 1678 3577 instrumento,
1729 3516 1786 3562 ut
1835 3516 2047 3563 testatur

432 3596 737 3670 Hesychius
792 3598 1264 3670 .Ierosolymitanus
1310 3600 1365 3653 in
1410 3598 1541 3653 libro
1588 3614 1740 3668 quem
1785 3599 2045 3671 inscripsit

431 3690 687 3766 Στιχηρόν
731 3689 1006 3745 duodecim
1059 3688 1452 3763 prophetarum.
1503 3689 1668 3757 Quem
1718 3691 1928 3761 quidem
1972 3691 2043 3745 li-

430 3782 582 3837 brum
623 3782 740 3838 ideo
785 3784 857 3838 sic
891 3784 1175 3852 inscripsit,
1215 3783 1354 3855 quod
1394 3782 1462 3837 ad
1504 3783 1788 3855 marginem
1812 3783 2045 3855 singulo-

426 3891 546 3930 rum
575 3891 812 3930 versuum
854 3884 1166 3947 apposuerat
1195 3876 1571 3947 expositionem
1598 3874 1832 3931 locorum
1862 3877 2047 3948 difﬁci-

427 3966 580 4035 lium,
606 3968 744 4038 quod
769 3970 1145 4047 παρατίθεσθαι
1168 3978 1217 4024 et
1241 3971 1518 4047 παράθεσιν
1543 3970 1653 4041 ipse
1675 3980 1841 4025 vocat.
1873 3969 2046 4026 Verba

430 4059 684 4132 Hesycht'i
721 4070 839 4117 sunt
867 4060 976 4117 htec
1008 4077 1027 4117 .°
1058 4060 1173 4119 ἔστι
1204 4064 1296 4134 μὶν
1332 4065 1563 4141 ἀρχαῖον
1601 4070 1755 4120 τοῦτο
1789 4072 1898 4127 τοῖς
1935 4065 2043 4121 θεο-

429 4157 612 4230 φύροις
652 4153 710 4209 τὸ
744 4153 1093 4227 σπούδασμα,
1126 4152 1386 4227 στιχηδὸν
1427 4157 1497 4218 ὡς·
1521 4157 1586 4210 τὰ
1613 4156 1772 4212 πολλὰ
1797 4158 1928 4234 πρὸς
1952 4162 2042 4217 τήν

428 4255 533 4305 τῶν
559 4246 916 4320 μελετωμένων
942 4251 1236 4320 σαφήνειαν,
1264 4248 1360 4311 τὰς
1387 4251 1701 4326 προφητείας
1733 4250 2038 4317 ἐκτίθεσθαι,

425 4350 555 4409 etc.,
610 4355 726 4412 qua:
768 4339 958 4396 Latine
1000 4341 1075 4395 ita
1119 4339 1403 4396 reddimus.
1448 4341 1643 4398 Libros
1687 4343 2043 4414 propheticos

432 4434 663 4507 majoris
705 4434 1111 4507 perspicuitatis
1155 4449 1317 4491 causa
1370 4450 1465 4506 per
1506 4450 1762 4492 versuum
1796 4437 1914 4494 cola
1954 4437 2041 4494 di-

433 4528 647 4596 videre,
676 4539 833 4585 vetus
862 4527 1143 4584 inventum
1171 4537 1256 4584 est
1284 4537 1598 4585 sanctorum
1629 4529 1871 4585 Patrum.
1903 4530 2038 4587 Nam

2148 3318 2421 3390 exemplis
2451 3320 2796 3377 manifestam
2824 3321 3011 3379 facere
3028 3322 3260 3395 juvabit.
3290 3325 3540 3385 Psalmus
3568 3342 3588 3383 ι
3608 3326 3754 3385 hanc

2151 3409 2341 3467 habuit
2358 3412 2657 3484 antiquitus
2668 3428 2921 3469 versuum
2933 3414 3339 3485 dispositionem
3361 3433 3426 3474 ac
3448 3419 3757 3478 distinctio-

2146 3515 2269 3558 nem
2302 3502 2360 3557 in
2388 3503 2772 3560 vetustissimis
2801 3505 3166 3563 Ecclesiarum
3209 3509 3622 3568 monumentis:
3674 3560 3677 3563 .

2216 3633 2411 3716 Beatus
2440 3635 2539 3716 vir,
2569 3635 2660 3708 qui
2688 3652 2791 3692 non
2820 3637 2948 3693 abiit
2976 3640 3030 3695 in
3060 3640 3279 3716 concilio
3304 3642 3601 3716 impiorum,

2291 3718 2338 3761 et
2368 3708 2419 3781 in
2446 3708 2527 3760 via
2546 3722 2886 3781 peccatorum
2916 3726 3022 3766 non
3046 3713 3209 3781 stetit,

2284 3787 2333 3834 et
2358 3779 2417 3851 in
2443 3780 2694 3851 cathedra
2718 3780 3028 3851 pestilentia:
3061 3800 3166 3839 non
3195 3779 3353 3843 sedit.

2219 3848 2325 3906 Sed
2349 3850 2401 3930 in
2431 3849 2542 3930 lege
2568 3848 2778 3930 Domini
2800 3855 3041 3930 uoluntas
3067 3859 3183 3930 ejus
3208 3871 3231 3912 :

2286 3930 2333 3976 et
2362 3922 2414 3976 in
2440 3920 2551 3994 lege
2579 3922 2690 3993 ejus
2716 3924 3046 3982 meditabitur
3070 3920 3154 3984 die
3178 3945 3242 3985 ac
3269 3941 3437 3989 nocte.

2215 4058 2332 4115 Duo
2354 4058 2426 4115 ibi
2453 4067 2578 4116 sunt
2604 4061 2761 4127 κῶλα,
2787 4061 2841 4118 id
2868 4072 2971 4129 est,
3000 4064 3124 4122 duae
3144 4069 3457 4138 sententiae,
3478 4070 3627 4143 prior
3650 4070 3752 4131 tri-

2144 4152 2422 4220 membris,
2470 4161 2529 4209 et
2563 4153 2837 4224 p05terior
2874 4155 3198 4217 bimembris
3236 4178 3252 4220 :
3291 4164 3532 4237 quinque
3558 4174 3747 4225 autem

2142 4246 2389 4303 membra
2421 4254 2477 4303 et
2509 4247 2749 4320 quinque
2794 4252 2979 4323 στίχοι
3020 4267 3117 4310 seu
3158 4270 3351 4313 versus
3384 4258 3745 4332 Hesychiani,

2142 4337 2235 4409 qui
2285 4338 2513 4409 singulis
2557 4341 2905 4397 sententiolis
2932 4354 2988 4399 et
3015 4344 3178 4403 lineis
3220 4349 3648 4408 constituuntur.
3680 4352 3746 4411 in

2141 4432 2546 4504 exemplaribus
2580 4430 2818 4490 Canonis
2862 4435 3152 4497 Hebraicis:
3181 4441 3429 4501 veritatis
3456 4446 3572 4501 cola
3597 4460 3750 4504 sem-

2142 4538 2241 4595 per
2270 4525 2536 4597 incipiunt
2562 4528 2629 4585 ab
2655 4540 2763 4583 una
2791 4526 2973 4586 littera
2996 4533 3317 4603 majuscula,
3344 4537 3545 4608 sapius
3574 4538 3746 4596 etiam

429 4623 591 4680 initio
618 4624 738 4680 sine
770 4623 879 4679 ulla
926 4621 1277 4679 distinctione
1308 4621 1650 4693 legebantur.
1681 4622 1877 4679 Postea
1910 4638 2040 4680 vero
2067 4602 2117 4663 1)
2145 4618 2366 4675 miniata
2397 4637 2413 4676 :
2443 4622 2624 4695 στίχοι
2651 4637 2749 4681 seu
2773 4641 2963 4683 versus
2983 4602 3459 4688 indiscriminatim
3480 4647 3510 4688 a
3533 4634 3745 4693 minuta

423 4714 533 4771 viri
562 4715 709 4771 docti
752 4723 807 4770 et
852 4728 1131 4771 sacrarum
1164 4715 1469 4770 litterarum
1515 4714 1765 4785 studiosi,
1816 4715 2041 4786 majoris

430 4820 491 4867 ut
522 4809 631 4865 disi
663 4809 1065 4880 perspicuitatis
1090 4824 1274 4877 causa,
1308 4808 1622 4879 bujusmodi
1673 4825 1925 4866 versuum
1956 4811 2041 4868 di-

430 4900 785 4957 stinctionem
826 4901 1225 4971 excogitarunt.
1257 4900 1332 4955 Ita
1366 4900 1763 4972 Prophetarum
1807 4901 1931 4959 libri
1956 4902 2038 4975 jab

426 4993 543 5051 illis
571 4992 701 5049 editi
729 5000 876 5047 sunt.
896 4990 990 5049 Sic
1019 4992 1241 5048 Davidis
1268 4991 1496 5059 Psalmi;
1524 4994 1605 5051 sic
1633 4993 1952 5062 Proverbia,
1982 5004 2038 5052 et

429 5086 816 5152 Ecclesiastes,
848 5093 905 5141 et
929 5083 1217 5141 Canticum
1246 5086 1605 5142 canticorum.
1634 5086 1725 5144 Sic
1756 5088 1891 5143 liber
1915 5087 2038 5144 Johi

427 5196 533 5252 per
579 5193 775 5236 versus
799 5177 1091 5235 distinctus
1116 5178 1409 5249 reperitur.
1442 5178 1551 5235 Sed
1581 5187 1637 5234 et
1662 5179 1857 5235 librum
1888 5177 2034 5250 Apo-

429 5273 706 5343 stolicum,
732 5271 784 5329 id
809 5282 915 5337 est.
951 5272 1120 5328 Actus
1145 5279 1201 5327 et
1231 5271 1507 5343 Epistolas
1528 5272 1899 5343 apostolorum
1929 5272 2032 5330 hoc

422 5368 595 5428 modo
644 5369 715 5424 ah
766 5365 1038 5438 aliquibus
1097 5365 1432 5437 descriptum
1491 5366 1694 5423 inveni.
1746 5365 2033 5440 Subjungit

423 5462 612 5519 deinde
651 5461 944 5534 Hesychius
988 5460 1097 5515 haec
1135 5461 1289 5515 verba
1329 5477 1348 5515 :
1376 5461 1501 5518 Ἀλλ’
1540 5461 1715 5522 ἐπειδή
1754 5463 1913 5520 πολλὰ
1937 5466 2029 5537 μὲν

422 5565 525 5615 τῶν
548 5559 756 5631 ἀσαφῶν
784 5557 815 5615 ri
840 5561 940 5612 τῶν
973 5556 1177 5627 στίχων
1200 5557 1460 5627 σαφηνίζει
1482 5553 1752 5631 διαίρεσις.
1789 5555 1888 5612 Ubi
1915 5559 2030 5614 στί-

426 5671 561 5724 χονς
585 5657 729 5705 vocat
756 5663 872 5721 qua:
896 5647 1032 5704 κῶλα
1059 5647 1228 5701 dicere
1255 5645 1703 5705 debuisset........
1728 5667 1888 5722 supra
1912 5666 2026 5706 mo-

420 5744 666 5809 nuimus,
713 5739 841 5811 quid
889 5741 1110 5811 primum
1153 5738 1218 5793 ab
1268 5735 1495 5811 Origene
1538 5741 1828 5812 prtestitum
1864 5744 1931 5797 sit
1971 5746 2025 5798 in

428 5831 789 5908 Hexaplorum
831 5831 1057 5892 editione
1091 5829 1276 5905 :quod
1314 5830 1547 5903 singulas
1579 5832 2023 5905 inter-petationes

2140 4712 2323 4769 littera
2353 4712 2442 4769 vel
2479 4716 2799 4787 majuscula,
2827 4720 2985 4787 juxta
3023 4737 3229 4780 morem
3256 4727 3575 4797 quorumvis
3602 4730 3748 4786 scri-

2140 4814 2381 4879 ptorum,
2415 4818 2471 4865 et
2498 4824 2687 4867 eorum
2729 4820 3057 4885 temporum,
3090 4816 3285 4888 quibus
3324 4819 3445 4875 libri
3477 4819 3744 4893 descripti

2138 4913 2284 4956 sunt.
2333 4901 2389 4957 ln
2439 4903 2706 4962 Psalterio
2745 4924 2798 4962 v.
2850 4923 2903 4979 g.
2953 4912 3266 4968 monasterii
3312 4911 3741 4988 Sen-Germani,

2140 4994 2295 5066 cujus
2325 5010 2545 5052 usuram
2590 4997 2846 5055 habuisse
2883 4999 3081 5057 dicitur
3104 5004 3481 5062 sanctissimus
3508 5007 3742 5067 antistes

2136 5087 2483 5158 Parisiensis,
2516 5105 2580 5146 ac
2623 5100 2887 5161 patronus
2925 5102 3132 5162 noster,
3164 5095 3361 5153 litterae
3388 5113 3581 5157 omnes
3609 5115 3741 5158 ver-

2135 5180 2432 5237 siculorqu
2476 5180 2717 5239 initiales
2755 5182 2959 5257 ubique
3004 5186 3258 5243 visuntur
3296 5189 3560 5261 aequales,
3605 5192 3739 5261 quia

2133 5275 2405 5330 universa:
2450 5274 2689 5332 unciales
2738 5285 2865 5332 sunt
2911 5276 3029 5335 sive
3066 5277 3380 5350 majusculat
3419 5297 3518 5354 per
3558 5290 3737 5343 totum

2132 5374 2452 5422 contextum
2483 5383 2498 5422 :
2528 5367 2608 5423 sic
2636 5367 2783 5425 enim
2812 5369 3043 5443 legimus
3066 5371 3205 5444 psal.
3238 5387 3254 5427 ι
3289 5389 3305 5428 :
3464 5374 3471 5381 “
3702 5426 3713 5429 _

2210 5483 2372 5565 lPEQ
2402 5483 2576 5565 res.
2596 5484 3733 5565 EE§UBG§NIJPEBII-|N_-4QDICIO,

2133 5554 2366 5622 NEQUE
2402 5555 2855 5615 PEtICATORES
2894 5558 2961 5615 IN
2999 5558 3316 5618 coucruo
3340 5554 3733 5625 Jusronuul

2132 5626 2442 5695 QUONIAM
2500 5628 2707 5684 NOVIT
2762 5629 3070 5688 DOMINUS
3127 5630 3295 5691 VIAM
3338 5633 3707 5696 JUSTORUM

2130 5697 2222 5755 ΕΤ
2248 5698 2410 5755 ITER
2434 5699 2773 5757 IMPIORUM
2803 5701 3096 5759 PERIBIT.

2199 5835 2401 5896 Gontra
2424 5845 2656 5912 quatuor
2681 5838 2782 5898 hos
2804 5842 3047 5916 στίχους,
3079 5841 3132 5903 id
3157 5852 3262 5915 est,
3289 5859 3480 5906 versus
3505 5845 3561 5904 in
3586 5843 3728 5905 duo-
