4040 6360
266 362 372 422 “3

939 361 1508 423 PROLEGOMENON
1548 365 1640 422 IV.
1685 364 1770 423 DE
1811 365 2105 438 τιτυλις,
2152 368 2307 428 ETC.
2352 369 2453 430 SS.
2498 369 2897 435 BlBLlORUM.

3464 378 3570 437 114

258 482 360 539 bus
407 478 552 537 colis
599 482 905 553 exscriptos
944 481 1186 537 retinent
1223 480 1461 537 Canonis
1504 482 1869 553 exemplaria,
1896 484 1949 545 Α
1976 481 2168 550 Nemo,
2196 486 2400 557 inquit,
2437 506 2552 543 cum
2579 492 2852 563 prophetas
2884 493 3110 549 versibus
3140 492 3327 550 uiderit
3353 512 3461 550 esse
3489 498 3580 550 de-

260 573 326 628 ad
360 574 511 631 hunc
542 574 763 629 modum
797 592 807 628 :

335 684 625 756 Propterea
649 704 751 741 non
782 696 1050 759 resurgent
1073 687 1220 758 impii
1250 687 1303 759 in
1334 686 1552 749 iudicio.

408 775 574 829 neque
599 769 893 831 peccatores
923 758 974 812 in
998 758 1398 831 congregatione
1420 762 1711 831 justorum.

333 829 608 897 Quoniam
628 833 762 884 novit
780 829 1030 885 Dominus
1055 829 1193 884 viam
1217 829 1512 903 justorum,

406 911 455 957 et
483 903 567 955 via
596 903 876 972 impiorum
906 903 1114 972 peribit.

330 1040 480 1097 Inter
530 1044 753 1114 στίχους
803 1041 969 1113 igitur
1024 1050 1078 1097 et
1108 1040 1253 1096 inter
1304 1043 1441 1097 κῶλα
1472 1042 1718 1097 eamdem
1747 1041 1861 1097 dis-

260 1134 582 1191 tinctionem
626 1133 891 1190 adhibere
943 1133 1129 1189 debuit
1156 1132 1429 1200 Valesius,
1479 1150 1639 1205 quam
1670 1150 1861 1191 omnes

258 1228 610 1296 agnoscimus
653 1228 707 1282 in
753 1226 1047 1283 circuitum
1096 1226 1400 1296 perfectum
1457 1229 1764 1295 orationis,
1810 1238 1863 1284 et

255 1320 401 1377 inter
430 1322 681 1377 membra
713 1320 959 1392 ejusdem
1001 1320 1283 1388 circuitus,
1318 1320 1371 1376 id
1404 1328 1489 1377 est
1518 1322 1659 1377 inter
1687 1326 1862 1399 περίο-

264 1413 348 1471 δον
374 1424 428 1471 et
459 1416 607 1471 inter
633 1416 788 1471 κῶλα.
814 1414 950 1484 Qua:
975 1423 1033 1469 ut
1056 1430 1125 1470 ex
1154 1416 1462 1487 Augustino
1483 1414 1860 1473 manifestiora

261 1506 414 1575 ﬁant,
446 1509 505 1564 in
532 1510 979 1565 consideratione
1006 1525 1194 1565 eorum
1225 1526 1344 1580 quae
1378 1510 1633 1581 leguntur
1647 1527 1767 1581 cap.
1803 1513 1858 1580 7,

256 1600 351 1657 lib.
380 1617 435 1657 tv
456 1602 528 1658 de
552 1603 807 1659 Doctrina
823 1601 1152 1670 Christiana,
1179 1604 1453 1673 pauliSper
1471 1606 1855 1659 immoremur:

256 1693 507 1749 nonnihil
565 1696 711 1751 enim
769 1695 905 1751 lucis
953 1695 1179 1751 accedet
1224 1696 1269 1750 si
1316 1708 1467 1753 recte
1520 1698 1860 1768 intelligatur

254 1789 398 1861 quod
423 1789 495 1845 de
527 1790 797 1861 periodis,
826 1791 988 1858 colis,
1014 1800 1069 1846 et
1097 1792 1459 1847 commatibus
1491 1793 1562 1849 ibi
1589 1793 1861 1863 reperitur

1966 578 2210 650 scriptos,
2253 590 2416 636 metro
2450 599 2534 637 eos
2578 586 2795 639 azstimet
2836 587 2979 655 apud
3020 586 3268 642 Hehrteos
3319 589 3493 657 ligari,
3527 596 3578 643 et

1964 670 2163 741 aliquid
2195 673 2359 727 simile
2378 674 2566 729 habere
2595 677 2658 731 de
2696 675 2923 732 Psalmis
2954 688 3000 733 et
3044 679 3296 748 Operibus
3321 680 3569 735 Salomo-

1964 763 2044 817 nis
2079 780 2096 817 :
2126 766 2216 820 sed
2266 768 2406 838 quod
2449 769 2501 822 in
2532 767 2877 825 Demosthene
2898 780 2946 825 et
2974 772 3028 825 in
3056 771 3231 826 Tullio
3270 772 3401 827 solet
3426 774 3567 841 ﬁeri,

1964 867 2020 911 ut
2066 876 2157 930 per
2209 861 2323 915 cola
2355 863 2666 928 scribantur,
2694 874 2739 919 et
2766 876 3044 931 commata,
3083 867 3171 935 qui
3198 868 3370 936 utique
3391 885 3569 935 prosa,

1964 962 2011 1006 et
2059 969 2160 1008 non
2192 956 2418 1009 versibus
2467 960 2897 1030 conscripserunt.
2946 960 3059 1015 Nos
3105 978 3308 1032 quoque
3338 961 3553 1017 utilitati

1963 1044 2241 1116 legentium
2285 1048 2643 1117 providentes,
2694 1052 3173 1123 interpretationem
3213 1069 3395 1107 novam
3429 1070 3559 1108 novo

1963 1140 2217 1195 scribendi
2268 1158 2448 1213 genere
2478 1144 2828 1199 distinximus.
2854 1144 2933 1199 Ita
2970 1146 3337 1219 Hieronymus
3368 1147 3567 1219 praela-

1964 1234 2114 1289 tione
2143 1236 2194 1288 in
2224 1235 2440 1302 Isaiam,
2473 1244 2529 1291 et
2554 1236 2605 1291 in
2638 1236 2979 1294 Ezechielem
3013 1239 3081 1294 de
3113 1238 3347 1294 Hebraeo
3380 1239 3574 1295 simili‘

1965 1334 2048 1381 ter
2078 1327 2147 1381 ab
2193 1342 2260 1382 eo
2292 1343 2542 1396 versum,
2580 1330 2682 1384 hoc
2710 1330 2875 1386 modo
2907 1332 3100 1385 invitat
3133 1331 3351 1387 Paulam
3380 1344 3433 1389 et
3464 1332 3582 1387 Eu-

1964 1420 2231 1475 stochium
2274 1420 2340 1475 ad
2392 1421 2678 1477 lectionem
2726 1422 2969 1491 ejusdem
3020 1423 3349 1493 prophetae:
3392 1423 3576 1496 Legite

1964 1513 2120 1587 igitur
2158 1524 2205 1567 et
2231 1514 2367 1567 hunc
2389 1518 2549 1587 juxta
2588 1514 2978 1570 translationem
3030 1525 3257 1570 nostram
3282 1533 3299 1569 :
3326 1519 3572 1587 quoniam

1963 1621 2051 1676 per
2098 1606 2209 1659 cola
2240 1607 2479 1676 scriptus,
2507 1615 2557 1659 et
2596 1616 2879 1673 commata,
2910 1606 3311 1676 manifestiorem
3343 1606 3561 1676 legenti-

1964 1696 2055 1750 bus
2095 1712 2299 1750 sensum
2355 1698 2553 1752 tribuit.
2578 1698 2727 1752 Colis
2762 1698 2925 1769 igitur
2974 1708 3028 1753 et
3058 1698 3418 1753 commatibus
3447 1700 3563 1755 dis—

1963 1788 2129 1843 tincta
2160 1797 2276 1843 erat
2303 1802 2441 1843 nova
2470 1789 2886 1861 llieronymiana
2918 1790 3301 1860 interpretatio
3322 1792 3565 1862 prophe-

254 1882 520 1951 scriptum
572 1900 585 1937 :
617 1885 946 1955 Agnoscitur,
992 1884 1170 1955 inquit
1218 1886 1578 1956 Augustinus,
1626 1896 1674 1940 et
1706 1885 1853 1939 aliud
1886 1877 1933 1936 B
1960 1890 2158 1949 tarum,
2190 1898 2312 1938 cum
2339 1891 2545 1938 tantum
2572 1884 2708 1939 colis
2738 1884 2912 1939 libros
2936 1884 3390 1954 Paralipomenon
3423 1884 3570 1940 divi-

255 1975 433 2044 decus,
457 1976 713 2047 quoniam
760 1985 875 2047 post
928 1977 1107 2047 aliqua
1136 1979 1574 2049 pronuntiationis
1606 1995 1725 2033 roce
1751 1980 1857 2033 sin—

255 2070 379 2141 gula
402 2070 577 2140 finita.
628 2086 742 2141 qua:
786 2070 945 2125 nostri
971 2071 1199 2125 membra
1224 2080 1269 2125 et
1291 2087 1444 2137 occsa,
1490 2069 1655 2126 (ἶνα)σί
1686 2081 1859 2125 autem

254 2164 388 2217 κῶλα
412 2172 461 2215 et
500 2164 738 2237 κόμματα
783 2174 982 2230 vocant,
1012 2165 1243 2236 sequitur
1272 2164 1492 2219 ambitus
1543 2166 1645 2218 sire
1670 2166 1859 2219 circui-

258 2267 360 2322 tus,
404 2273 561 2325 quem
612 2256 848 2332 περίοδον
882 2256 965 2310 illi
989 2256 1274 2329 appellant,
1308 2259 1455 2324 cuius
1486 2257 1715 2311 membra
1742 2274 1859 2311 suas

256 2349 562 2419 penduntur
608 2365 727 2403 voce
755 2349 994 2414 dicentis,
1033 2347 1387 2402 donecultimo
1418 2348 1653 2417 ﬁniatur.
1717 2347 1856 2403 Nam

257 2456 430 2494 eorum
480 2457 601 2511 qua:
653 2442 974 2509 prwcedunt,
1005 2441 1282 2493 circuitum
1312 2440 1594 2494 membrum
1620 2440 1755 2493 illud
1780 2450 1854 2495 est

254 2538 505 2607 primunt,
567 2536 825 2607 quoniam
871 2535 1149 2590 tribulatio
1195 2534 1513 2604 patientiam
1545 2544 1849 2605 operatur:

255 2629 575 2695 secundum,
628 2628 890 2699 patientia
936 2638 1115 2683 autem
1164 2628 1542 2698 probationem
1578 2647 1591 2683 :
1624 2630 1851 2695 tertium,

255 2723 512 2793 probatio
532 2740 665 2779 vero
688 2738 860 2792 Spem.
880 2723 1085 2778 Deinde
1104 2724 1440 2797 subjungitur
1456 2726 1565 2796 ipse
1580 2727 1850 2795 circuitus,

253 2817 339 2887 qui
383 2816 553 2870 tribus
600 2817 870 2890 peragitur
911 2816 1169 2882 membris,
1211 2834 1434 2889 quorum
1478 2820 1701 2890 primum
1756 2830 1850 2884 est,

254 2922 377 2977 spes
404 2917 597 2963 autem
631 2923 739 2963 non
773 2909 1061 2965 confundit
1086 2927 1098 2963 :
1122 2911 1429 2980 secundum,
1461 2912 1587 2982 quia
1614 2910 1851 2967 cbaritas

252 2998 350 3055 Dei
402 3000 607 3055 diﬂusa
656 3010 742 3057 est
791 3000 845 3056 in
904 3002 1161 3059 cordibus
1212 3006 1456 3059 nostris:
1490 3006 1717 3072 tertium,
1755 3022 1853 3076 per

251 3094 517 3165 Spiritum
550 3105 823 3163 sanctum,
854 3098 948 3168 qui
973 3098 1132 3153 datus
1162 3110 1244 3154 est
1274 3100 1452 3167 nobis,
1483 3100 1546 3154 At
1570 3100 1677 3155 [nec
1695 3110 1851 3173 atque

247 3189 556 3262 hujusmodi
597 3191 649 3244 in
682 3192 983 3247 elocutionis
1032 3203 1146 3249 arte
1193 3195 1504 3262 traduntur;
1556 3206 1608 3252 et
1649 3196 1848 3252 iterum

252 3286 412 3353 paulo
448 3284 681 3340 inferius
707 3303 720 3340 :
747 3285 922 3340 Porro
953 3296 1123 3341 autem
1143 3289 1231 3355 qui
1277 3290 1436 3357 novit,
1462 3291 1691 3360 agnoscit
1712 3291 1850 3362 quod
1878 3271 1924 3335 (ἶ
2028 3262 2095 3316 Fi

248 3396 309 3433 ea
360 3396 518 3447 caesa,
562 3396 680 3450 qute
728 3381 965 3454 κόμματα
1009 3381 1181 3437 Gra’ci
1224 3392 1424 3451 vocant,
1449 3393 1497 3438 et
1522 3386 1771 3450 membra,
1804 3397 1851 3440 et

244 3472 521 3537 circuitus,
572 3472 636 3526 de
684 3474 865 3543 quibus
911 3474 1069 3545 paulo
1121 3484 1242 3527 ante
1269 3475 1512 3543 disserui,
1560 3485 1668 3531 etc.
1700 3477 1851 3531 Cassa

248 3576 387 3634 ergo
439 3573 568 3619 sunt
610 3580 730 3636 quas
760 3576 1017 3619 commata
1060 3582 1090 3622 a
1138 3567 1340 3623 Graecis
1398 3578 1704 3625 vocantur:
1738 3571 1853 3624 cola

250 3658 501 3714 membra
548 3659 783 3730 integra,
837 3669 892 3714 et
938 3664 1145 3730 majora
1188 3662 1549 3717 commatibus
1591 3680 1603 3716 :
1646 3664 1849 3734 periodi

247 3770 407 3821 vero,
440 3755 703 3811 circuitus
749 3756 844 3827 qui
892 3756 1143 3827 pluribus
1191 3758 1452 3813 membris
1498 3767 1850 3829 peraguntur,

246 3849 325 3903 ita
351 3860 406 3903 ut
430 3850 693 3905 circuitus
715 3850 766 3904 in
796 3851 949 3917 κῶλα,
981 3851 1099 3905 cola
1128 3850 1179 3905 in
1203 3852 1436 3923 κόμματα
1460 3850 1629 3906 divisa
1660 3852 1770 3905 sint
1796 3851 1849 3906 in

245 3942 521 4009 oratione,
566 3944 721 4013 juxta
772 3945 1098 4000 elocutionis
1146 3956 1349 4011 artem,
1398 3947 1465 4001 de
1496 3961 1601 4017 qua
1648 3946 1848 4002 ibidem

244 4035 490 4105 disputat
519 4048 744 4091 sanctus
768 4036 1123 4107 Augustinus,
1156 4040 1244 4108 qui
1297 4048 1408 4093 tres
1436 4038 1846 4093 distinctionum

242 4132 459 4201 species
512 4131 751 4201 propriis
795 4132 1074 4187 vocabulis
1104 4132 1343 4188 ostendit
1390 4133 1443 4187 in
1471 4148 1574 4187 una
1606 4134 1664 4188 Β.
1694 4133 1844 4190 Pauli

240 4223 521 4295 περικᾶπῃ.
543 4224 639 4279 llis
663 4239 766 4279 non
787 4239 852 4280 ex
879 4240 1034 4296 {equo
1056 4226 1391 4296 respondent
1416 4225 1846 4298 llicronymianae

240 4332 503 4372 versunam
531 4317 909 4374 distinctiones
945 4337 959 4373 :
990 4319 1097 4374 duo
1124 4322 1268 4375 enim
1296 4336 1494 4391 genera
1516 4320 1845 4376 divisionum

241 4410 297 4464 in
329 4409 632 4479 Scripturis
664 4412 837 4465 solum
871 4421 1135 4467 memorat
1163 4411 1548 4484 Hieronymus,
1582 4414 1704 4483 ejus
1731 4415 1842 4469 sei-

238 4502 367 4558 licet
395 4519 521 4575 qua:
574 4505 636 4559 ﬁt
675 4521 769 4575 per
814 4506 949 4561 κῶλα
980 4507 1210 4578 integra,
1257 4516 1309 4562 et
1338 4508 1567 4563 asterius
1598 4523 1717 4578 quae
1748 4522 1846 4578 per

238 4600 381 4654 κῶλα
405 4612 456 4654 et
486 4602 725 4673 κόμματα
756 4601 1012 4656 distincta
1042 4610 1145 4656 est.
1182 4601 1259 4656 De
1289 4602 1455 4671 priori
1492 4600 1842 4656 distinctione

236 4708 499 4747 versuum
533 4710 632 4763 per
660 4695 868 4765 integra
897 4697 1033 4751 κῶλα
1057 4695 1305 4750 meminit
1334 4710 1591 4765 expresse
1622 4697 1673 4749 in
1702 4710 1841 4766 prte-

236 4784 447 4841 fatione
499 4786 761 4841 librorum
806 4786 1282 4858 Paralipomenon,
1335 4802 1472 4858 quos
1500 4802 1566 4843 ex
1610 4787 1839 4842 Hebrazo

234 4879 434 4936 Latine
480 4880 719 4937 reddidit
751 4899 764 4936 :
796 4880 866 4935 Et
895 4882 1037 4953 quod
1066 4899 1225 4948 nunc,
1270 4882 1461 4952 inquit,
1496 4897 1670 4938 DABRE
1711 4897 1837 4936 AtA-

235 4987 359 5033 ιιιιι,
386 4971 445 5023 id
467 4983 563 5035 est,
598 4971 774 5027 Verba
797 4973 1031 5034 dierum,
1053 4974 1421 5045 interpretatus
1450 4991 1565 5027 sum
1595 4990 1612 5027 :
1641 4973 1838 5027 idcirco

235 5068 360 5137 feci,
385 5079 441 5121 ut
472 5067 855 5122 inextricabiles
885 5083 1087 5134 moras,
1122 5075 1169 5121 et
1198 5068 1379 5122 silrant
1410 5068 1699 5133 nominum,
1723 5081 1837 5137 quae

234 5160 555 5228 scriptorum
583 5160 799 5229 confusa
821 5168 940 5214 sunt
968 5160 1109 5224 vitio,
1158 5176 1501 5231 sensuumque
1530 5159 1836 5224 barbariem,

234 5253 471 5319 apertius
482 5263 531 5306 et
543 5270 635 5325 per
654 5268 895 5307 versuum
909 5253 1023 5307 cola
1037 5253 1339 5323 digererem.
1360 5253 1560 5308 Eadem
1582 5268 1837 5307 versuum

233 5347 368 5411 τοῖα,
400 5346 650 5401 membra
683 5346 1185 5416 vocatprzet‘atione
1213 5348 1266 5401 in
1295 5346 1460 5403 Josue
1492 5366 1506 5402 :
1540 5346 1841 5401 Menenius-

234 5457 332 5509 que
359 5443 626 5509 lectorem,
651 5451 709 5495 ut
736 5442 921 5496 silvam
944 5440 1319 5496 Hebraicorum
1338 5443 1629 5507 nominum,
1659 5450 1707 5497 et
1736 5442 1841 5495 dis-

235 5534 508 5588 tinctiones
534 5551 622 5601 per
653 5535 878 5589 membra
908 5536 1097 5590 divisas
1128 5535 1349 5606 diligens
1389 5537 1610 5607 scriptor
1635 5552 1842 5589 conser-

232 5636 333 5680 uet.
365 5625 787 5682 Praelationibus
817 5637 998 5683 autem
1028 5629 1080 5682 in
1109 5627 1300 5683 Isaiam
1334 5637 1389 5683 et
1418 5629 1471 5681 in
1497 5627 1838 5683 Ezechielem

237 5731 340 5771 non
371 5717 552 5773 solum
591 5734 689 5788 per
713 5719 859 5787 cola,
892 5719 987 5775 sed
1014 5736 1112 5791 per
1142 5721 1261 5775 cola
1302 5730 1356 5776 et
1386 5731 1656 5775 commata
1683 5734 1837 5774 suam

235 5811 547 5867 versionem
574 5827 767 5867 novam
796 5826 866 5867 ex
904 5812 1134 5868 Hebraeo
1160 5812 1469 5868 diStinctam
1518 5812 1705 5879 fuisse,
1741 5810 1837 5866 do-

232 5913 319 5958 cet
340 5903 407 5958 ad
438 5918 650 5961 morem
681 5905 947 5962 librorum
997 5905 1378 5963 Demosthenis
1408 5915 1465 5962 et
1506 5905 1784 5963 Ciceronis
1822 5921 1836 5959 :

1961 1974 2149 2030 sisset.
2198 1974 2381 2041 Quare
2425 1975 2684 2031 lectorem
2732 1990 2839 2029 non
2874 1976 3198 2044 prauuonuit
3226 1976 3563 2045 praefationi—

1961 2066 2063 2122 bus
2106 2067 2155 2121 in
2188 2066 2462 2121 volumina
2495 2067 2764 2122 Historica
2793 2068 2960 2123 Josue
2989 2077 3041 2123 et
3072 2068 3553 2139 Paralipomenon,

1961 2178 2029 2218 ne
2054 2162 2303 2218 crederet
2330 2178 2394 2217 es
2422 2178 2517 2218 sua
2548 2162 2790 2218 colorum
2823 2162 3197 2230 distinctione,
3230 2171 3405 2219 metra
3431 2179 3560 2220 esse

1959 2254 2012 2309 in
2066 2254 2174 2309 illis
2206 2254 2360 2310 libris
2398 2274 2410 2310 :
2444 2256 2584 2311 sicut
2615 2270 2800 2311 revera
2850 2256 2997 2311 illam
3028 2257 3342 2327 opinionem
3402 2260 3565 2315 docet

1957 2363 2081 2405 esse
2130 2349 2542 2419 praecovendam
2584 2350 2635 2403 in
2687 2348 2843 2404 libris
2890 2349 3259 2419 propheticis;
3294 2351 3417 2420 quia
3469 2366 3567 2418 per

1958 2442 2074 2498 cola
2107 2452 2162 2498 et
2191 2452 2461 2498 commata
2492 2442 2750 2511 descripti
2796 2442 3033 2511 speciem
3066 2441 3271 2498 habent
3316 2442 3562 2499 metrica

1956 2536 2389 2607 compositionis.
2422 2536 2554 2604 Quze
2585 2544 2642 2590 ut
2668 2536 2837 2591 oculis
2866 2535 3106 2591 omnium
3138 2544 3419 2606 perspecta
3451 2536 3563 2593 sint

1956 2640 2013 2685 et
2034 2630 2342 2697 manifesta,
2368 2630 2659 2686 nonnullas
2678 2631 3002 2696 sententias,
3031 2639 3139 2685 tum
3161 2646 3226 2687 ex
3248 2631 3557 2702 Prophetis,

1958 2735 2071 2779 tum
2103 2741 2166 2779 ex
2198 2724 2653 2793 Paralipomeuis,
2690 2722 2777 2779 bic
2806 2724 2911 2778 loci
2951 2723 3267 2779 describere
3297 2740 3404 2778 non
3434 2739 3562 2794 gra-

1954 2819 2145 2874 vabor.
2189 2817 2279 2874 Sic
2329 2819 2492 2888 igitur
2541 2832 2640 2888 per
2701 2817 2833 2873 cola
2867 2826 2922 2873 et
2972 2826 3239 2873 commata
3289 2816 3560 2873 edidimus

1954 2919 2246 2981 sequentes
2281 2910 2433 2966 Isaiae
2478 2910 2755 2981 prephetze
2804 2910 3105 2967 sententias
3150 2910 3264 2967 sive
3295 2909 3556 2982 periodos

1957 3018 2082 3076 cap.
2115 3020 2131 3058 ι
2164 3021 2177 3061 :

2027 3118 2236 3183 Audite,
2268 3118 2403 3182 cwli,
2436 3127 2483 3172 et
2510 3118 2725 3173 auribus
2756 3117 2980 3189 percipe,
3016 3127 3177 3185 terra,

2095 3192 2338 3263 quoniant
2367 3189 2623 3263 Dominus
2651 3190 2850 3263 locutus
2870 3198 2967 3244 est.

2101 3260 2197 3318 lios
2216 3262 2457 3327 enutrivi,
2486 3270 2532 3314 et
2559 3260 2789 3314 exaltari
2816 3277 2835 3315 :

2100 3335 2199 3405 ipsi
2230 3342 2403 3386 autem
2432 3342 2731 3401 spreverunt
2754 3348 2851 3386 me.

2029 3404 2276 3476 Cognovit
2294 3406 2381 3458 bos
2399 3419 2737 3476 possessorem
2764 3420 2938 3466 suum,

2099 3475 2144 3529 et
2164 3477 2342 3529 asinus
2369 3490 2598 3546 prtesepe
2628 3475 2827 3527 domini
2846 3477 2926 3528 sui
2960 3491 2975 3526 :

2026 3547 2199 3601 Israel
2216 3558 2386 3600 autem
2426 3562 2529 3599 non
2551 3546 2812 3616 cognovit,

2098 3617 2322 3689 populus
2350 3633 2493 3671 meus
2525 3615 2629 3671 non
2652 3615 2925 3671 intellexit.

2025 3755 2214 3812 Modus
2245 3756 2333 3811 hic
2362 3754 2641 3811 dividendi
2669 3763 2979 3811 contextum
3010 3770 3234 3811 sacrum
3263 3757 3557 3827 propheta-

1953 3865 2098 3917 rum,
2128 3849 2257 3903 nihil
2288 3847 2467 3903 dill‘ert
2489 3848 2556 3901 ab
2585 3864 2674 3916 eo,
2703 3862 2811 3918 quo
2832 3848 3024 3918 psalmi
3053 3848 3311 3919 descripti
3345 3858 3473 3905 sunt
3499 3850 3555 3905 in

1953 3940 2354 4011 exemplaribus
2367 3940 2606 3995 Canonis
2625 3939 2889 3995 Hebraice
2904 3940 3146 3996 veritatis
3168 3958 3180 3993 :
3202 3957 3323 3996 nam
3341 3941 3553 4011 psalmo

1954 4049 2098 4090 nono
2145 4034 2296 4090 verbi
2339 4034 2512 4104 gratia
2543 4033 2771 4088 similem
2810 4030 2978 4089 habes
3025 4047 3282 4089 versuum
3326 4032 3555 4089 distinc-

1954 4128 2181 4184 tionem.

2024 4244 2319 4313 Conﬁtebor
2352 4241 2575 4297 Domino
2606 4244 2657 4296 in
2685 4250 2794 4297 toto
2821 4244 2974 4297 corde
2996 4258 3131 4308 meo,

2094 4315 2315 4369 narrabo
2354 4316 2527 4367 omnia
2552 4315 2807 4369 mirabilia
2837 4323 2945 4369 tua.

2024 4386 2266 4441 Laetabor
2293 4396 2339 4440 et
2365 4386 2595 4454 gaudebo
2620 4388 2673 4440 in
2705 4395 2771 4452 te,

2095 4474 2278 4512 canam
2320 4458 2512 4511 nomini
2543 4466 2653 4520 tuo,
2683 4457 2968 4511 Altissime.

2024 4530 2151 4583 Cum
2190 4528 2465 4583 ceciderint
2496 4530 2693 4582 inimici
2714 4529 2810 4583 mei
2837 4538 3138 4594 retrorsum,

2096 4602 2386 4654 corruerint
2424 4609 2469 4651 et
2496 4600 2741 4662 perierint
2770 4617 2801 4651 a
2841 4600 2974 4669 facie
3002 4607 3112 4653 tua.

1871 4662 1924 4722 D
2020 4670 2216 4727 Fecisti
2238 4673 2372 4724 enim
2387 4671 2649 4741 judicium
2678 4662 2850 4722 meum.
2872 4678 2917 4722 et
2932 4686 3142 4723 causam
3176 4685 3365 4736 meant,

2093 4744 2271 4797 sedisti
2302 4758 2455 4812 super
2476 4742 2661 4795 solium
2682 4741 2849 4810 judex
2865 4742 3113 4813 justitiaz.

2022 4881 2415 4950 Prophetarum
2471 4878 2653 4948 itaque
2702 4888 2755 4933 et
2812 4877 3154 4932 Psalmorum
3213 4878 3548 4949 descriptio,

1946 4989 2066 5031 cum
2097 4975 2287 5029 eadem
2321 4971 2482 5026 fuerit
2501 4970 2552 5025 in
2585 4985 2723 5025 nova
2746 4971 3061 5041 Hieronymi
3094 4970 3455 5028 translatione
3482 4988 3551 5028 ex

1949 5066 2202 5132 Hebraeo,
2230 5081 2337 5120 non
2371 5066 2466 5121 abs
2494 5080 2552 5119 re
2585 5064 2795 5119 monuit
2824 5064 2882 5119 S.
2912 5063 3119 5119 Doctor
3140 5065 3459 5135 praefatione
3492 5066 3550 5122 in

1945 5159 2163 5225 Isaiam,
2218 5174 2286 5213 ne
2315 5158 2458 5228 quis,
2506 5172 2631 5211 cum
2675 5155 2885 5211 videret
2941 5156 3246 5226 Prophetas
3298 5158 3552 5214 versibus

1946 5252 2273 5323 descriptos,
2306 5261 2481 5305 metro
2500 5263 2595 5304 eos
2619 5248 2918 5304 aestimaret
2937 5248 3080 5319 apud
3111 5249 3367 5307 Hebraeos
3397 5250 3553 5321 ligari

1948 5355 2003 5401 et
2028 5344 2234 5415 aliquid
2264 5344 2469 5397 habere
2501 5342 2682 5396 simile
2714 5341 2781 5397 de
2812 5341 3044 5396 Psalmis
3076 5350 3131 5395 et
3160 5342 3416 5412 operibus
3443 5342 3545 5399 Sa-

1951 5441 2207 5503 lomonis,
2254 5438 2342 5492 cui
2394 5434 2700 5491 addendum
2732 5444 2835 5506 est,
2887 5435 3031 5490 etde
3058 5434 3181 5490 Jobi
3226 5436 3501 5493 volumine
3529 5454 3551 5493 :

1948 5531 2052 5588 Job
2082 5545 2335 5601 namque,
2371 5537 2508 5584 teste
2554 5529 2907 5601 Hieronymo,
2955 5536 3132 5584 metro
3170 5526 3370 5599 ligatur
3405 5529 3551 5599 apud

1951 5626 2236 5690 Hebrteos,
2270 5634 2325 5679 et
2350 5624 2598 5679 versibus
2630 5625 2682 5678 in
2712 5623 2968 5679 versione
3012 5622 3257 5689 ejusdem
3304 5621 3553 5690 descrip-

1950 5728 2033 5775 tus
2077 5718 2271 5790 legitur
2298 5716 2363 5773 ad
2396 5732 2600 5772 merent
2646 5716 2985 5771 Psalmorum
3037 5725 3095 5771 et
3137 5730 3365 5787 operum
3393 5714 3552 5771 Salo-

1947 5810 2145 5867 monis.
2196 5809 2313 5867 Non
2345 5810 2424 5867 sic
2472 5808 2906 5879 Paralipomena,
2942 5824 3085 5879 quae,
3137 5818 3196 5863 ut
3239 5807 3373 5874 dixi,
3408 5806 3551 5862 colis

1948 5903 2322 5961 tantummodo
2352 5902 2628 5971 descripta
2653 5910 2779 5955 sunt
2808 5908 2863 5956 et
2891 5900 3146 5958 distincta
3176 5900 3245 5957 ad
3274 5899 3552 5958 vitandam
