3992 6338
517 416 620 474 “5

515 549 775 591 sensuum
798 530 1105 587 barbariem
1127 537 1178 584 et
1205 517 1757 582 confusionemUnde
1777 517 1895 587 cola
1921 513 2111 570 istltrec
2138 515 2190 574 Α

519 635 589 690 ita
622 631 893 701 descripta
926 625 1275 698 reperiuntur
1299 638 1418 694 cap.
1450 637 1466 676 ι
1495 617 1616 674 libri
1650 613 1850 688 prioris
1885 629 1898 666 :

595 747 764 801 Porro
786 744 881 815 ﬁlii
915 741 1114 815 Regma
1137 757 1156 795 :
1181 739 1323 815 Spha
1345 746 1390 792 et
1411 733 1614 815 .Da‘tan.

593 815 730 874 Chus
762 801 936 868 autem
967 801 1139 886 giznuit
1191 803 1421 865 Neutrod
1447 822 1462 857 :
1490 801 1583 858 iste
1628 801 1775 872 coepit
1801 814 1908 854 esse
1935 803 2114 868 potens

598 897 982 1016 Μὲιζξσξιῖζτζαδενυ
1004 953 1174 1024 genuit
1202 951 1412 1024 Lndirn,
1442 956 1486 1000 et
1508 938 2111 1024 Anamirtt,‘et‘Laabin.t,

596 1009 1081 1101 ὰ’Νέρἧωἱῖιῃ
1120 1009 1421 1101 Phetrusint
1452 1025 1729 1101 quoqucl‘et
1751 1014 2020 1101 Castrum:
2054 1009 2119 1065 de

667 1085 850 1175 auibus
881 1085 1077 1170 egressi
1096 1103 1210 1149 sunt
1245 1085 1538 1153 Pliilisti'm,
1573 1098 1620 1142 et
1652 1085 1972 1160 (Iaphtorim.

595 1241 766 1306 Quam
798 1236 1010 1290 diversa
1037 1231 1108 1285 sit
1131 1231 1232 1284 ista
1253 1225 1530 1283 distinctio
1544 1238 1639 1294 per
1655 1222 2032 1278 colaversutnn
2050 1214 2120 1268 ab

527 1348 611 1398 ea,
645 1346 764 1402 quae
791 1330 852 1383 iit
880 1341 976 1398 per
1004 1325 1125 1380 cola
1156 1334 1209 1378 et
1242 1331 1510 1376 commata
1530 1359 1546 1385 ,
1580 1331 1738 1371 nemo
1787 1315 2024 1381 prudens
2053 1324 2121 1364 ex

527 1421 821 1495 propontis
861 1418 1126 1486 exemplis
1173 1420 1522 1484 perspectum
1577 1407 1740 1464 modo
1771 1405 1974 1460 habere
2015 1417 2122 1456 non

528 1527 731 1587 pctcst.
760 1514 892 1581 Quis
941 1511 1087 1567 enim
1118 1508 1224 1562 sibi
1272 1504 1604 1577 persuadere
1630 1501 1885 1571 patietur,
1919 1496 2038 1550 cola
2068 1496 2123 1548 in

533 1604 964 1677 Paralipomenis
995 1603 1289 1671 descripta,
1312 1599 1552 1669 speciem
1582 1592 1843 1665 praierre
1881 1587 2126 1644 metricae

531 1702 816 1773 cujusdam
847 1695 1296 1770 compositionis?
1339 1695 1570 1748 Ecotitra
1599 1691 1720 1759 quis
1769 1686 1975 1742 inﬁcias
2005 1682 2120 1750 ibit,

533 1797 937 1851 distinctionem
991 1790 1382 1863 prophetarum
1425 1802 1524 1858 per
1585 1786 1701 1839 cola
1754 1792 1812 1837 et
1856 1789 2127 1836 commata

1116 409 1208 466 AD
1245 407 1302 465 S.
1347 395 1721 462 lllERllNYMl
1765 389 2045 454 DIYINAM
2086 391 2594 450 BlBl..lt)1‘llECAM
2636 387 3168 445 PROLECHMENA.

3691 389 3787 443 llb‘

2290 509 2341 564 In
2387 507 2508 564 aliis
2552 508 2964 580 quamplurimis
3006 522 3139 562 mss.
3191 505 3345 560 libris
3389 503 3526 560 liber
3568 503 3666 560 Job
3695 517 3787 562 nec

2219 605 2452 674 primum
2495 603 2680 669 habet,
2731 618 2831 656 nec
2863 600 3163 654 secundum
3207 612 3379 669 genus
3409 595 3786 666 distinctionis,

2215 697 2308 752 sed
2365 712 2470 750 uno
2499 696 2653 767 quasi
2697 695 2861 749 ductu
2911 704 2965 749 ct
3012 693 3206 747 eodem
3255 702 3446 746 tenore
3491 691 3789 762 descriptus

2216 798 2321 854 est,
2352 787 2494 844 sicut
2533 785 2924 845 describuntur
2955 785 3123 840 Musis
3154 793 3208 839 et
3255 783 3459 854 Regum
3505 783 3791 841 volumina.

2218 881 2328 937 Nec
2357 882 2468 935 alio
2517 881 2674 935 modo
2705 893 2893 934 versus
2943 879 2998 932 in
3032 877 3140 932 illis
3167 893 3235 933 ex
3283 877 3479 931 ordine
3523 885 3792 949 secantur,

2218 992 2381 1046 qttam
2419 975 2631 1044 punctis
2664 972 2947 1038 adhibitis,
2998 972 3212 1027 duobus
3249 971 3334 1026 vel
3387 971 3559 1025 tribus
3591 986 3684 1042 pro
3713 988 3802 1028 vo—

2220 1067 2429 1120 luntate
2450 1065 2776 1134 scriptorum
2808 1078 3077 1131 veterum,
3105 1063 3198 1134 qui
3221 1059 3606 1118 Cassiodorum
3639 1066 3802 1122 secuti

2222 1156 2479 1212 videntur
2509 1156 2564 1210 in
2595 1171 2682 1219 eo,
2715 1154 2858 1225 quod
2885 1155 3072 1210 docuit
3101 1170 3223 1224 cap.
3262 1151 3328 1209 12
3358 1154 3426 1210 de
3467 1154 3804 1213 InStitutione

2223 1248 2390 1303 divin.
2423 1248 2750 1303 litterarum.
2784 1247 2914 1302 Nam
2945 1247 3087 1318 quod
3120 1262 3215 1315 per
3242 1245 3522 1302 intervalla
3559 1247 3807 1320 Hierony-

2227 1355 2344 1397 mus
2374 1345 2427 1397 in
2459 1356 2554 1396 sua
2584 1341 2946 1396 translatione
2975 1339 3288 1410 descripsit,
3315 1338 3449 1394 illttd
3476 1353 3806 1411 consequen-

2229 1445 2310 1490 ter
2338 1436 2587 1506 posuisse
2620 1443 2674 1490 et
2719 1433 2989 1489 adunasse
3015 1432 3378 1488 Cassiodorus
3404 1433 3708 1489 eredendus
3736 1444 3814 1490 est

2227 1543 2294 1583 ex
2345 1529 2432 1592 iis,
2466 1542 2586 1598 quae
2621 1527 2738 1580 loco
2768 1527 2934 1580 citato
2977 1523 3228 1596 lcguntdr
3260 1540 3274 1579 :
3311 1521 3463 1578 Hunc
3489 1533 3660 1578 autem
3689 1539 3812 1596 pan-

2229 1623 2427 1686 decten,
2449 1621 2643 1688 inquit,
2670 1629 2880 1692 propter
2901 1621 3099 1693 rapiant
3118 1619 3351 1674 lectionis
3370 1619 3650 1674 minutiore
3665 1636 3814 1676 manu

2229 1715 2283 1767 in
2312 1712 2608 1766 senionibus
2638 1711 3007 1784 quinquaginta
3032 1711 3194 1765 tribus
3215 1711 3577 1766 (estimavimus
3603 1708 3818 1767 conscri-

2231 1807 2474 1873 bendam,
2504 1814 2558 1858 nt
2585 1805 2724 1876 quod
2757 1805 2904 1858 lectio
2922 1805 3128 1877 copiosa
3157 1805 3386 1870 tetendit,
3412 1806 3688 1877 scriptura!
3707 1806 3822 1860 den-

533 1892 763 1945 Silnilcm
789 1903 909 1943 ϐεδε
936 1886 1179 1941 malleis
1195 1879 1690 1953 descrip‘i‘mibm?
1713 1877 1772 1932 1“
1802 1892 1862 1932 ⁸³
1897 1874 2120 1930 ἀί³¹ί¹¹⁰’
2154 1904 2200 1964 Β
2226 1902 2351 1955 sitas
2393 1874 2622 1952 adunata
2671 1874 3016 1950 contraheret.
3051 1896 3446 1967 Copiosissima
3475 1874 3592 1951 erat
3626 1896 3677 1950 in
3717 1893 3822 1952 edi-

536 1987 682 2040 tione
736 1982 1132 2060 versiculorum
1199 1980 1413 2034 diceres
1463 1973 1764 2046 Prophetas
1829 1971 2125 2025 decurrere

539 2079 870 2134 hexametris
898 2085 951 2132 et.
980 2067 1367 2140 i’cntametris,
1401 2071 1529 2125 licet
1559 2082 1716 2139 prosa
1751 2076 1805 2122 et
1831 2081 1938 2119 non
1972 2076 2132 2118 versu

535 2173 831 2238 conscripti
879 2172 1012 2225 sint.
1062 2168 1475 2237 Paralipomena
1510 2176 1643 2217 vero
1691 2159 1897 2215 nullam
1931 2158 2135 2212 habent

539 2267 829 2337 imaginem
858 2263 1162 2318 hexametri
1193 2269 1286 2313 aut
1313 2255 1662 2328 pentametri,
1686 2252 1780 2308 sed
1807 2251 1977 2306 solius
2008 2264 2134 2303 ora-

537 2363 699 2416 tionis
724 2377 818 2430 per
842 2360 1081 2414 membra
1114 2357 1324 2420 divisa),
1361 2353 1411 2408 id
1451 2362 1558 2416 est,
1584 2365 1680 2422 per
1704 2364 1828 2404 suas
1851 2347 2136 2426 περικοπὰς

539 2465 597 2510 et
635 2454 894 2510 circuitus
920 2452 1217 2508 distincta).
1253 2448 1398 2518 Ergo
1437 2446 1575 2502 colis
1607 2453 1814 2498 tantum
1861 2441 2137 2510 Paralipo-

543 2563 760 2608 menon,
819 2557 873 2602 ct
900 2547 1067 2600 .losue
1116 2544 1287 2598 libros
1317 2539 1566 2596 distinxit
1596 2532 1982 2605 Hieronymus,
2011 2547 2134 2587 cum

539 2655 731 2695 tmtnes
763 2639 1060 2710 prephetas
1087 2645 1186 2706 per
1235 2635 1354 2688 cola
1386 2640 1442 2687 et
1465 2638 1729 2686 commata
1759 2625 2137 2696 descripserit,

545 2745 604 2789 ut
629 2734 745 2805 ipse
776 2733 938 2786 iidem
973 2731 1099 2785 facit
1129 2731 1179 2782 in
1209 2729 1323 2782 suis
1353 2722 1802 2795 pt'ml‘atiunculis.
1835 2719 1990 2787 Quod
2021 2718 2138 2772 dis-

540 2826 817 2882 tinctionis
845 2825 1043 2892 duplex
1071 2835 1241 2893 genus
1274 2817 1484 2872 facilius
1508 2816 1802 2885 intelliges,
1844 2814 1890 2867 si
1921 2815 2138 2866 noveris

543 2919 735 2972 eadem
781 2914 1055 2970 volumina
1097 2910 1507 2980 Scripturarum
1555 2903 1926 2961 diversimode
1974 2901 2141 2958 fuisse

545 3017 690 3063 secta
724 3018 778 3061 et
808 3007 1082 3075 descripta
1110 3005 1165 3058 in
1211 3004 1380 3058 variis
1411 3016 1474 3055 ac
1500 3000 1729 3055 diversis
1778 3013 1905 3051 mss.
1939 2994 2143 3051 codici-

547 3104 668 3157 bus.
723 3101 915 3170 Neque
963 3116 1092 3154 Vero
1117 3099 1254 3153 colis
1283 3106 1338 3151 et
1379 3091 1743 3151 commatibus
1789 3092 1990 3160 ubique
2031 3089 2142 3143 dis-

548 3198 749 3251 tinctus
782 3197 1058 3249 invenitur
1103 3193 1239 3246 liber
1265 3190 1416 3255 Johi,
1450 3188 1536 3241 vel
1570 3187 1709 3241 liber
1758 3184 2138 3247 Psalmorum;

2241 1996 2388 2049 tione
2437 1993 2751 2064 Hieronymi
2785 1991 2950 2046 lectio
2979 1991 3278 2061 Scriptura:
3311 2001 3534 2062 propter
3576 1991 3823 2047 diStincl'a

2237 2085 2522 2142 intervalla
2574 2085 2816 2140 colorum
2850 2091 2904 2140 et
2946 2094 3275 2140 commntum
3312 2103 3325 2139 :
3356 2100 3474 2139 eam
3519 2084 3824 2139 breviorem

2241 2179 2367 2234 fecit
2395 2186 2450 2233 et
2473 2177 2896 2231 contractiorem
2928 2175 3316 2240 Cassiodorus,
3342 2189 3465 2230 cum
3494 2185 3550 2230 et
3578 2174 3824 2229 minutio-

2237 2271 2388 2325 ribus
2414 2269 2831 2324 characteribus
2856 2268 3155 2323 litterarum
3175 2311 3188 2335 ,
3223 2279 3277 2323 et
3305 2269 3559 2323 adunatis
3591 2269 3824 2338 partibus

2239 2365 2390 2435 prius
2409 2363 2682 2419 distinctis
2714 2363 2764 2417 in
2793 2377 2956 2417 unum
2987 2363 3151 2417 veluti
3181 2361 3413 2417 densum
3461 2379 3661 2433 corpus
3708 2377 3827 2417 con-

2241 2459 2424 2513 traxit.
2461 2456 2674 2512 lniinita
2710 2465 3002 2526 supersunt
3037 2464 3168 2509 mss.
3200 2453 3531 2525 exemplaria
3556 2469 3828 2510 sacrorum

2243 2553 2575 2620 Bibliorutn,
2619 2549 2714 2604 ubi
2755 2563 2976 2614 versus,
3032 2557 3140 2604 tam
3189 2549 3242 2604 in
3292 2548 3544 2614 Psalmis,
3599 2565 3754 2618 quam
3779 2548 3828 2603 in

2241 2648 2462 2716 reliquis
2481 2647 2645 2712 netis,
2675 2651 2882 2698 tantum
2907 2645 3269 2714 interpunctis
3287 2643 3524 2698 diStincti
3549 2646 3826 2714 reperiun-

2244 2751 2328 2794 tur
2362 2757 2375 2793 :
2404 2739 2497 2795 sed
2529 2739 2739 2794 rariora
2773 2740 2823 2792 in
2857 2739 3054 2807 quibus
3082 2738 3307 2804 Psalmi,
3331 2745 3386 2793 et
3413 2719 3695 2810 praecipue
3717 2738 3828 2794 libri

2241 2835 2383 2902 Jobi,
2416 2833 2547 2889 colis
2571 2847 2822 2889 versuum
2853 2844 2976 2887 sunt
3009 2832 3269 2902 descripti
3303 2849 3318 2888 :
3350 2831 3615 2887 rarissimi
3661 2841 3831 2888 autem

2241 2927 2460 2986 codices
2491 2927 2563 2982 illi
2597 2938 2721 2982 sunt
2744 2927 2834 2996 qui
2866 2941 2963 2996 per
2986 2925 3103 2980 cola
3134 2934 3189 2980 et
3217 2935 3483 2979 commata
3504 2925 3685 2981 adhuc
3709 2924 3832 2980 reti-

2245 3031 2375 3077 nent
2405 3017 2706 3091 descriptos
2740 3019 2908 3073 libros
2938 3025 3207 3098 στιχήρεις
3235 3018 3429 3073 lolium
3475 3033 3675 3088 nempe
3720 3033 3832 3072 cum

2249 3115 2473 3168 Psalmis
2501 3113 2810 3178 Davidis,ct
2841 3113 3099 3180 cperibus
3129 3110 3461 3167 Salomonis.
3493 3111 3650 3176 Quod
3681 3111 3834 3180 igitur

2243 3217 2454 3278 spectat
2515 3205 2924 3260 distinctionem
2989 3219 3244 3260 versuum
3310 3204 3363 3259 in
3430 3211 3547 3259 toto
3619 3204 3837 3260 Canonc

548 3289 642 3343 sed
678 3303 820 3341 nunc
869 3301 966 3355 per
1019 3298 1272 3338 versuum
1303 3274 1512 3349 inteng
1547 3279 1690 3345 cola,
1725 3287 1865 3329 nunc
1898 3287 1994 3345 per
2019 3274 2139 3328 cola
2169 3287 2217 3350 ρ
2250 3274 2530 3355 mbram“,
2561 3297 2824 3366 “rimis,
2858 3313 2976 3352 eam
3029 3296 3254 3352 [nummi
3296 3309 3484 3351 summ
3525 3314 3554 3351 c
3588 3296 3838 3353 vemsﬁs_

547 3395 602 3436 et
632 3391 934 3444 commata,
987 3376 1127 3432 sicut
1174 3373 1465 3443 unicuique
1513 3373 1843 3440 scriptorum
1894 3379 2142 3423 veterum

552 3473 773 3542 placuit,
805 3468 1112 3537 descriptos
1150 3467 1319 3520 luisse
1344 3464 1478 3518 nulli
1509 3463 1733 3517 dubium
1782 3471 1888 3516 est.
1922 3459 2143 3513 Librum

550 3564 675 3619 Jobi
705 3578 799 3630 per
825 3561 947 3615 cola
995 3557 1244 3612 distinxit
1275 3569 1372 3610 ius.
1406 3555 1576 3610 cedes
1605 3552 1927 3606 monasterii
1971 3549 2144 3604 nostri

555 3657 781 3724 Majoris
812 3668 981 3722 prope
1010 3652 1285 3714 Turones,
1316 3659 1477 3718 quem
1510 3660 1606 3715 per
1629 3645 1746 3700 cola
1780 3653 1834 3699 et
1873 3648 2145 3698 commata

548 3747 803 3801 dividunt
825 3741 1162 3811 Exemplaria
1183 3742 1284 3795 tria
1305 3739 1546 3795 Canouis
1563 3737 1844 3793 Hebraicte
1866 3735 2142 3804 veritatis,

551 3840 934 3897 ll‘letumianum
988 3839 1133 3904 dico,
1179 3835 1639 3897 Csrcassonense,
1675 3842 1730 3887 et
1770 3830 2141 3887 Sen-Germa-

553 3950 724 3989 nense
750 3945 1023 3986 nostrum.
1053 3931 1188 3998 Cap.
1221 3944 1280 3984 tu
1307 3928 1431 3982 libri
1464 3927 1562 3982 .lob
1595 3929 1675 3980 sic
1709 3926 1939 3992 legimus
1966 3922 2146 3992 scrip-

555 4035 668 4080 tum
714 4027 768 4078 in
809 4023 1004 4080 codice
1033 4021 1253 4092 Maioris
1293 4019 1639 4084 monasterii,
1686 4027 1816 4074 ante
1849 4028 2146 4072 sexcentos

550 4133 728 4174 anttos
759 4120 811 4173 in
843 4118 1174 4172 membranis
1208 4115 1430 4187 pulchre
1461 4126 1686 4169 exarato
1712 4132 1725 4166 :

627 4230 812 4285 Pereat
857 4229 984 4297 dies,
1033 4231 1087 4283 in
1126 4245 1228 4298 qua
1253 4238 1406 4282 natus
1432 4243 1565 4292 sum,
1601 4235 1648 4281 et
1673 4241 1798 4292 nos,
1825 4226 1876 4279 in
1904 4241 2007 4296 qua
2036 4225 2148 4280 die-

700 4313 808 4355 tum
824 4312 895 4355 est
921 4317 938 4354 :
967 4297 1243 4370 conceptus
1263 4309 1342 4354 est
1361 4297 1536 4353 homo.

633 4370 753 4428 Dies
800 4373 888 4427 ille
929 4369 1153 4426 vertatur
1183 4372 1236 4424 in
1285 4371 1516 4424 tenebras
1554 4385 1572 4423 :
1605 4385 1707 4421 non
1751 4369 1984 4432 requirat
2027 4385 2145 4426 eum

702 4443 842 4498 Deus
863 4443 1105 4510 desuper,
1132 4452 1183 4497 et
1204 4457 1305 4495 non
1322 4440 1543 4496 illustret
1569 4439 1761 4494 lurniue
1785 4456 1805 4494 :

628 4516 912 4571 Obscurent
968 4509 1097 4567 em
1131 4513 1366 4576 tenebris,
1403 4522 1450 4567 et
1473 4509 1651 4564 umbra
1681 4510 1882 4582 mortis.
1917 4511 2146 4582 Occupet

697 4603 816 4640 eum
836 4585 1025 4656 caligo,
1052 4594 1100 4638 et
1129 4584 1419 4638 involvatur
1440 4581 1810 4635 amaritudine.

2249 3392 2402 3446 simis
2453 3391 2839 3455 monumentis,
2891 3403 3121 3459 quorum
3169 3399 3270 3458 ope
3300 3389 3547 3444 destituti
3597 3390 3652 3444 in
3685 3389 3839 3444 Musis

2249 3484 2639 3546 voluminibus,
2674 3482 2863 3550 Iosue,
2910 3482 3194 3547 Jndicunt,
3227 3489 3359 3547 ctc.,
3415 3481 3544 3537 nihil
3600 3499 3700 3553 per
3728 3481 3839 3537 cola

2249 3593 2504 3632 versuum
2561 3576 2758 3630 ibidem
2813 3576 3055 3631 dividere
3097 3577 3255 3632 nobis
3304 3578 3698 3646 permisimus,
3751 3576 3841 3631 5rd

2249 3679 2460 3723 tantum
2495 3670 3027 3736 interpunctionibus
3057 3669 3123 3722 ad
3154 3684 3407 3724 versuum
3439 3669 3839 3724 di~tinctioncm

2249 3763 2512 3818 adhibitis
2541 3761 2838 3817 editionem
2868 3773 3110 3820 nostram
3146 3764 3478 3820 absolvimus
3511 3775 3677 3836 prout
3700 3763 3845 3819 licuit

2248 3855 2622 3910 mediocritati
2654 3864 2877 3909 nostrm.

2319 3946 2620 4002 Notandum
2649 3963 2777 4003 vero
2796 3962 2918 4002 cum
2946 3949 3153 4018 primis,
3183 3948 3290 4003 duo
3310 3963 3509 4020 genera
3537 3948 3845 4005 distinctio-

2249 4057 2401 4106 num,
2433 4055 2553 4112 qnte
2582 4041 2634 4095 in
2674 4041 2922 4097 versibus
2965 4041 3086 4097 Jobi
3131 4051 3188 4097 et
3233 4043 3566 4113 psalmorum
3616 4044 3848 4100 diximus

2249 4136 2464 4198 usitata,
2488 4136 2539 4188 in
2558 4133 2797 4204 pluribus
2821 4134 3056 4191 Hebraeis
3077 4134 3437 4190 voluminibus
3460 4151 3594 4191 mss.
3611 4137 3847 4191 nondum

2247 4243 2369 4284 esse
2418 4229 2700 4284 obsoleta:
2752 4244 2874 4283 nam
2926 4243 3277 4300 quiecumque
3327 4229 3742 4286 observavimus
3795 4231 3848 4282 in

2250 4321 2456 4377 Latinis
2479 4323 2634 4379 libris
2658 4323 2726 4379 de
2753 4323 3102 4378 distinctione
3135 4338 3387 4378 versuum
3418 4339 3561 4379 nunc
3587 4341 3690 4395 per
3713 4323 3848 4387 cola,

2249 4416 2410 4469 modo
2443 4430 2538 4485 per
2561 4415 2678 4470 cola
2709 4425 2762 4471 et
2808 4425 3100 4483 commata,
3151 4416 3340 4471 eadem
3391 4432 3617 4486 prorsus
3664 4433 3851 4472 occur.

2249 4516 2377 4562 runt
2403 4509 2452 4562 in
2481 4509 2714 4579 antiquis
2749 4509 3095 4566 Hebraeorum
3132 4511 3517 4574 monumentis,
3542 4510 3686 4566 haud
3711 4509 3857 4566 incu-

2249 4603 2392 4657 riose
2412 4617 2440 4656 a
2465 4602 2617 4658 nobis
2637 4603 2954 4658 eruditionis
2991 4617 3151 4658 causa
3194 4603 3552 4673 perlustratis.
3594 4601 3856 4658 llebraira

623 4704 776 4768 ’l‘ria,
811 4707 869 4756 ut
906 4700 1083 4768 vides,
1127 4693 1213 4755 hic
1243 4700 1360 4755 cola
1405 4713 1658 4755 versuum
1691 4699 1963 4769 descripta
1995 4709 2144 4768 sunt,
2174 4679 2228 4742 Ῑ)
2253 4695 2422 4751 Biblia
2464 4712 2592 4752 mss.
2625 4711 2748 4768 qute
2776 4698 2829 4752 in
2879 4695 3208 4754 Bibliotheca
3253 4698 3486 4753 Oratorii
3535 4695 3857 4752 Parisiensis

555 4811 679 4866 qum
708 4797 760 4849 in
791 4794 1047 4849 omnibus
1067 4793 1296 4864 aequalia
1325 4801 1452 4848 sunt
1479 4793 1733 4848 divisioni
1768 4793 2064 4865 hodierna,
2094 4804 2149 4849 ct

560 4879 1024 4942 Massoretbarum
1095 4884 1561 4941 distinctionibus.
1618 4885 1672 4940 ln
1741 4887 2147 4957 exemplaribus

552 4987 737 5032 autem
779 4973 1019 5030 Canonis
1057 4977 1250 5032 eadem
1288 4977 1452 5032 verba
1493 4976 1764 5032 diversam
1799 4978 2004 5034 habent
2028 4993 2150 5034 ver-

546 5083 706 5125 suum
735 5065 1166 5130 distinctionem,
1191 5071 1316 5140 quia
1346 5046 1667 5139 percola,'et
1688 5079 1958 5126 commata
1989 5086 2149 5142 sepa-

549 5173 748 5219 rantur
791 5161 943 5232 juxta
975 5177 1183 5219 rnorem
1233 5166 1729 5221 vetususslmorum
1781 5167 2144 5239 Scriptorum,

553 5256 646 5326 qui
669 5255 950 5326 aliquanto
994 5265 1237 5326 tempore
1279 5267 1402 5328 post
1431 5259 1824 5332 ilieronymum
1857 5260 2030 5317 Biblia
2061 5276 2148 5319 sa-

554 5363 650 5408 cra
681 5349 1069 5407 describebant
1095 5352 1147 5408 in
1167 5351 1318 5410 hunc
1349 5356 1570 5411 modum
1607 5376 1617 5410 :

631 5467 815 5524 Pereat
843 5466 972 5534 dies,
1002 5465 1054 5521 in
1078 5483 1180 5538 qua
1207 5477 1360 5522 natus
1386 5485 1524 5539 sum,

549 5607 553 5611 ‘
637 5611 668 5617 _
689 5549 746 5617 et
770 5551 893 5617 nos,
919 5540 972 5592 in
1000 5551 1101 5610 qua
1125 5539 1320 5617 dictum
1349 5547 1421 5617 est
1454 5556 1472 5597 .'
1503 5549 1778 5617 conceptus
1805 5553 1878 5600 est
1909 5544 2083 5600 homo.

626 5611 750 5668 Dies
778 5611 866 5666 ille
889 5619 1116 5665 uertatur
1139 5611 1194 5664 in
1222 5613 1456 5666 tenebras
1474 5653 1489 5678 ,

697 5699 803 5740 non
817 5682 1050 5755 requirat
1070 5697 1185 5755 eum
1197 5682 1348 5755 ,θεῖαι
1368 5682 1611 5755 desuper,

697 5765 746 5809 et
782 5751 900 5810 non'
916 5752 1137 5809 illustret
1159 5751 1369 5809 Iuntina.

625 5825 911 5883 Obscurent
933 5839 1048 5880 eum
1074 5825 1312 5892 tenebrae,
1343 5834 1392 5881 et
1421 5827 1600 5882 umbra
1630 5827 1829 5894 mortis,

689 5908 901 5968 occupet
930 5912 1047 5952 eunt
1071 5897 1261 5969 caligo,
1287 5910 1333 5953 et
1361 5900 1656 5956 involvam:-
1679 5901 2054 5958 amaritudine.

2250 4798 2618 4856 asservantur,
2644 4789 2837 4860 hisque
2863 4790 3060 4845 litteris
3082 4799 3135 4846 et
3159 4791 3421 4859 numeris,
3448 4789 3553 4845 BB.
3579 4791 3652 4846 55
3675 4797 3858 4844 notata

2249 4889 2398 4946 sunt,
2429 4895 2536 4935 non
2586 4882 2742 4936 aliam
2793 4891 3100 4952 agnoscunt
3144 4896 3399 4938 versuum
3443 4881 3859 4938 distinctionem

2251 4977 2306 5031 in
2351 4973 2503 5031 libris
2544 4975 2696 5039 Jobl,
2742 4975 2982 5042 Davidis,
3021 4987 3076 5033 et
3123 4977 3454 5044 Salomonis,
3484 4991 3646 5047 quam
3677 4987 3801 5044 quae
3831 4987 3861 5026 a

2251 5065 2600 5125 Massorethis
2633 5068 2893 5137 praeﬁnita
2941 5079 3024 5124 est
3069 5085 3167 5139 per
3215 5077 3408 5138 puncta
3459 5068 3598 5124 dicta
3649 5066 3860 5134 Silone,

2249 5163 2366 5219 sive
2389 5161 2532 5233 Soph
2561 5160 2747 5216 Pastis.
2781 5162 2850 5216 At
2876 5162 3020 5233 regia
3052 5157 3315 5217 Hebraica
3344 5175 3624 5216 sacrorum
3659 5159 3865 5216 Biblio-

2251 5271 2368 5312 rum
2385 5256 2658 5312 volumina
2674 5270 2800 5313 mss.
2821 5272 2944 5311 num
2957 5297 2970 5311 .
2987 5256 3130 5313 5et6
3143 5255 3359 5311 eosdem
3377 5256 3543 5312 libros
3554 5253 3864 5324 descriptos

2249 5351 2488 5406 retinent
2515 5360 2611 5421 per
2635 5351 2754 5406 cola
2788 5365 3040 5407 versuum
3073 5359 3126 5404 et
3151 5361 3442 5417 commata,
3465 5351 3536 5404 ita
3563 5358 3622 5402 ut
3644 5347 3864 5402 diceres

2251 5442 2584 5514 exemplaria
2607 5442 2842 5498 Catienis
2869 5443 3057 5498 Latina
3088 5457 3153 5498 ex
3183 5441 3290 5497 illis
3323 5441 3564 5497 Hehrtcis
3592 5450 3864 5509 espressa

2253 5535 2443 5591 fuisse.
2473 5535 2643 5590 Tanta
2673 5547 2904 5606 namque
2935 5535 3205 5606 reperitur
3233 5534 3376 5589 inter
3401 5542 3668 5600 utrosque
3705 5529 3864 5585 codi-

2249 5645 2340 5685 ces
2363 5630 2597 5685 aillnitas
2625 5641 2681 5685 et
2716 5628 3029 5693 concordia,
3075 5639 3130 5682 ιιι
3173 5627 3328 5683 nobis
3369 5626 3570 5696 smpius
3611 5622 3860 5677 admira-

2249 5723 2380 5778 tioni
2426 5723 2629 5790 fuerit,
2675 5722 2892 5793 quando
2937 5735 3059 5777 cum
3104 5721 3351 5778 Hebrasis
3395 5717 3860 5790 comparabamus

2245 5817 2577 5886 exemplaria
2607 5815 2817 5870 Latina.
2837 5813 3000 5871 Liber
3025 5814 3147 5881 Job,
3175 5821 3468 5871 attestante
3489 5810 3857 5882 Hieronymo,

2243 5919 2405 5979 pmsa
2433 5911 2642 5978 incipit,
2674 5921 2832 5964 versu
2851 5907 3073 5977 labitur,
3099 5907 3330 5980 pedestri
3358 5915 3616 5963 sermone
3640 5901 3858 5970 linitur.
