4040 6360
238 360 335 415 H7

918 354 1478 419 PROLEGOMENON
1519 363 1607 419 IV.
1651 363 1740 419 DE
1780 365 2071 433 'llTULiS,
2115 368 2265 423 E'l‘ti.
2310 368 2406 424 SS.
2454 368 2846 427 BIBLIORUM.

3431 378 3533 431 HS

238 481 285 533 id
310 491 419 545 εει,
451 494 481 532 a
511 478 778 548 principio
794 477 1080 532 voluminis
1109 493 1277 548 usque
1301 476 1368 532 ad
1403 478 1565 532 verba
1588 477 1711 543 Job,
1738 478 1824 531 ubi
1857 483 1903 541 Λ
1933 478 2220 534 ostendere
2264 480 2469 535 studuit
2502 494 2531 535 e
2557 487 2818 537 contextu
2849 480 3210 552 Epistularum
3256 484 3316 537 Β.
3348 483 3535 551 Pauli,

230 572 305 625 ait
330 588 342 623 :
376 568 569 625 Pereat
594 571 723 638 dies,
752 578 883 638 eic.,
907 584 1065 639 prosa
1098 570 1270 623 oratio
1299 578 1416 624 est:
1452 569 1517 625 ab
1541 569 1631 623 illo
1658 577 1836 625 autem

230 672 503 719 commate
555 678 723 732 usque
772 665 837 718 ad
886 664 1044 718 linem
1092 663 1215 718 libri
1245 663 1493 719 versibus
1519 662 1834 732 absolvitur,

231 772 427 827 nempe
457 772 629 828 usque
657 756 727 812 ad
758 758 871 812 ltazc
917 757 1101 824 verba,
1152 766 1198 811 et
1244 774 1344 828 ago
1394 758 1737 829 paenitentiam
1783 758 1837 812 in

231 851 409 921 {milia
428 860 473 905 et
498 852 687 906 cinere.
713 851 941 907 Parvum
965 861 1142 908 autem
1164 866 1373 907 comma
1398 852 1510 908 sive
1530 849 1834 923 Capitulum

232 943 371 1013 quod
407 953 653 999 remanet
676 960 831 1015 prosa
854 945 1099 1000 oratione
1119 946 1444 1000 contexitur.
1473 944 1669 1000 Totum
1694 943 1836 1001 istud

231 1034 348 1091 libri
381 1036 486 1091 Job
516 1037 804 1092 artiﬁcium
837 1037 1083 1107 religiose
1114 1038 1462 1092 observatum
1498 1037 1740 1093 videmus
1777 1037 1831 1092 iu

230 1130 391 1201 regiis
411 1146 544 1185 mss.
572 1128 934 1201 llebrzcisjam
952 1130 1206 1185 laudatis:
1234 1139 1401 1185 totum
1426 1130 1550 1185 item
1580 1132 1628 1184 in
1656 1146 1836 1185 exem-

232 1223 463 1292 plaribus
495 1223 735 1278 Cononis
765 1222 1049 1278 Hebraiczc
1074 1222 1332 1290 veritatis,
1382 1235 1540 1292 quem
1586 1220 1833 1276 Latinum

228 1313 352 1370 fecit
396 1316 779 1387 Hieronymus.
829 1314 883 1370 ln
927 1330 992 1371 eo
1033 1323 1238 1370 tantum
1266 1312 1661 1385 discrepabunt,
1693 1314 1833 1385 quod

229 1409 584 1465 Hebraorum
614 1425 862 1465 versuum
893 1420 1157 1464 commata
1181 1410 1369 1480 spatiis
1395 1411 1577 1464 vacuis
1602 1409 1669 1462 ab
1702 1408 1837 1463 invi-

226 1516 338 1555 cem
373 1510 700 1571 separantur
726 1503 776 1557 lu
805 1502 992 1557 eadem
1041 1502 1175 1557 linea
1204 1522 1216 1558 :
1251 1517 1372 1572 quae
1419 1511 1684 1557 commata
1732 1499 1835 1556 sibi

226 1594 465 1664 subjecta
497 1603 547 1650 ei
582 1595 823 1651 subnexa
859 1596 1197 1665 reperiuntur
1226 1596 1278 1649 in
1314 1593 1504 1649 Latina
1540 1595 1791 1650 versione
1818 1639 1831 1663 ,

227 1699 446 1758 prepter
492 1689 753 1759 majorem
805 1690 1091 1743 verborum
1124 1688 1434 1743 Latinorum
1465 1690 1697 1757 copiam,
1730 1700 1834 1757 qua

228 1782 531 1850 proprietas
581 1782 741 1851 hujus
792 1781 985 1853 lingua!
1014 1782 1337 1851 completur.
1367 1779 1473 1836 Res
1498 1780 1599 1834 erit
1630 1779 1837 1834 facilior

1941 572 2034 627 ubi
2060 575 2422 642 grammatij
2450 575 2583 629 artis
2610 573 3011 641 distinctiones,
3042 591 3105 630 ac
3133 572 3283 646 leges
3314 575 3533 646 elegan-

1942 664 2094 720 tioris
2138 667 2407 721 sermonis
2458 666 2757 734 probantur
2802 676 3046 722 retentaa.
3098 663 3225 721 Cola
3272 666 3438 738 igitur
3480 678 3537 724 et

1939 766 2206 812 commata
2239 756 2297 812 S.
2332 758 2620 828 Augustini
2651 758 2783 812 nihil
2811 758 2914 812 hoc
2947 760 3066 813 loco
3095 759 3311 829 spirant
3337 766 3539 829 praeter

1938 850 2308 921 gradationem
2336 852 2769 921 grammaticam,
2796 867 2897 921 qua
2929 852 3095 907 verba
3118 852 3204 907 vel
3223 866 3383 907 sensa
3406 866 3539 907 eon-

1942 953 2229 1000 nectuntur
2278 944 2505 1000 alterum
2547 960 2618 999 ex
2667 944 2862 1011 altero,
2909 944 3049 1000 sicut
3077 944 3235 999 Rom.
3269 960 3323 1014 ν,
3358 960 3440 1011 ιιι,
3468 960 3537 1001 ex

1942 1037 2292 1093 tribulatione
2330 1038 2646 1108 patientiam
2671 1077 2684 1101 ,
2728 1051 2794 1092 ex
2823 1038 3082 1107 patientia
3122 1036 3499 1108 probationem
3522 1081 3537 1107 ,

1940 1147 2006 1188 ex
2038 1132 2357 1203 probatione
2386 1146 2537 1200 spem
2568 1145 2867 1185 connexam
2914 1129 3194 1185 videmus:
3244 1130 3325 1185 vel
3371 1129 3539 1185 decus

1939 1226 2081 1280 aliud
2124 1225 2411 1291 orationis,
2440 1240 2548 1295 quo
2581 1234 2700 1293 post
2744 1224 2922 1294 aliqua
2966 1224 3366 1292 pronuntiantis
3408 1239 3540 1280 voce

1938 1319 2151 1389 singula
2183 1317 2353 1387 ilnita,
2388 1318 2630 1387 sequitur
2655 1315 2890 1369 ambitus
2918 1316 3033 1369 sive
3055 1315 3345 1380 circuitus,
3377 1330 3542 1385 quem

1938 1411 2174 1489 περίοδον
2201 1412 2480 1482 appellant
2508 1427 2519 1461 :
2542 1408 3016 1480 grammaticorum
3036 1417 3090 1463 et
3114 1416 3391 1463 oratorum
3411 1416 3541 1464 sunt

1940 1506 2039 1560 ieta
2066 1504 2179 1558 cola
2207 1512 2261 1559 et
2291 1513 2558 1558 commata
2586 1518 2599 1554 :
2634 1500 3056 1572 ilieronymiana
3084 1512 3265 1555 autem
3306 1502 3443 1557 κῶλα
3481 1508 3541 1556 et

1937 1600 2173 1672 κόμματα
2219 1596 2271 1651 in
2332 1595 2756 1667 prteiatiunculis
2800 1594 2858 1649 S.
2909 1593 3155 1648 Doctoris
3209 1603 3542 1661 memorata,

1939 1690 2320 1748 distinctiones
2350 1685 2478 1746 sunt
2503 1690 2909 1760 Scripturarum
2941 1704 3040 1759 per
3064 1688 3305 1744 membra
3325 1688 3540 1757 divisae,

1940 1800 2057 1856 qua:
2091 1799 2372 1839 numerum
2402 1797 2654 1838 versuum
2684 1782 3021 1838 constituunt
3051 1781 3106 1835 in
3148 1780 3299 1835 libris
3346 1782 3542 1837 sacris.

225 1876 531 1942 intellectu,
556 1877 599 1930 si
627 1875 783 1946 hujus
814 1875 1138 1930 discriminis
1169 1874 1413 1944 exempla
1445 1886 1829 1943 proponamus.
1867 1885 1912 1947 Β
1937 1878 2081 1947 Quas
2128 1877 2507 1932 distinctiones
2558 1890 2849 1941 versuum,
2899 1887 3043 1929 nunc
3090 1873 3326 1941 majores
3378 1873 3547 1931 fuisse

223 1965 341 2022 Jobi
375 1967 563 2039 itaque
592 1967 772 2037 capite
798 1968 958 2022 tertio
986 1966 1107 2022 talis
1132 1978 1213 2021 est
1235 1966 1373 2037 apud
1404 1965 1659 2020 llebrtnos
1683 1979 1833 2018 com-

227 2070 427 2113 matum
456 2059 737 2114 diStinctio
764 2061 817 2114 itt
850 2060 1114 2115 versibus.

227 2165 372 2212 nr:
400 2166 524 2212 mn
548 2164 683 2213 ma
712 2137 901 2213 abdam
1336 2160 1399 2212 ta
1426 2134 1554 2211 181s
1582 2158 1670 2211 εν
1698 2155 1835 2211 nui

226 2244 391 2299 Jorad
414 2249 531 2319 jom
558 2248 774 2301 havaled
803 2247 864 2300 bo
1091 2244 1294 2301 valaela
1326 2260 1473 2297 antur
1496 2242 1627 2295 hora
1655 2257 1832 2313 gaver.

297 2338 424 2394 llaec
456 2339 567 2393 duo
595 2348 862 2394 commata
894 2338 1135 2409 ejusdem
1167 2353 1357 2393 versus
1387 2336 1439 2390 in
1480 2336 1669 2391 Latina
1715 2348 1836 2389 vcr-

228 2435 378 2490 sione
424 2434 531 2489 sibi
580 2435 819 2490 subnexa
866 2443 1023 2503 sunt,
1072 2443 1131 2489 ut
1172 2433 1430 2501 diximus,
1460 2431 1645 2488 ethoc
1673 2429 1837 2488 modo

228 2529 506 2599 descripta
531 2547 544 2582 :

371 2621 567 2677 Pereat
595 2623 707 2676 dies
738 2623 789 2676 in
814 2639 914 2691 qua
944 2634 1091 2676 natus
1122 2638 1277 2689 sum;

372 2692 443 2747 Et
469 2710 576 2748 nos:
602 2695 655 2747 in
682 2711 783 2763 qua
808 2690 1002 2748 dictum
1031 2704 1105 2748 est
1131 2710 1150 2749 :
1176 2701 1449 2765 conceptus
1475 2702 1551 2747 est
1583 2690 1777 2748 homo:

297 2808 367 2864 ita
381 2818 1071 2881 consequentcrpertotum
1086 2809 1302 2877 Jobum,
1318 2809 1435 2864 etin
1454 2806 1691 2863 llebrtcis
1705 2824 1834 2865 mss.

235 2902 532 2964 codicibus.
564 2912 619 2957 et
645 2903 697 2957 in
730 2902 932 2957 Latinis
976 2901 1209 2957 Canonis
1256 2900 1677 2970 exemplaribus,
1721 2901 1841 2957 cola

239 3010 491 3049 versuum
520 3003 577 3049 et
606 3004 872 3050 commata
899 2995 1165 3065 descripta
1196 2994 1562 3063 reperiuntur.
1599 2994 1839 3060 Quorum

235 3090 641 3146 distinctionem
670 3092 768 3145 etsi
797 3091 847 3145 in
878 3091 1119 3160 pluribus
1142 3105 1271 3145 mss.
1304 3088 1580 3145 codicibus
1621 3089 1841 3144 minime

234 3184 578 3239 observatam
606 3184 905 3252 videamus,
936 3183 1138 3239 nullum
1162 3192 1447 3254 propterea
1487 3196 1705 3236 movere
1743 3180 1841 3237 de—

1940 1969 2081 2042 apud
2114 1977 2326 2024 veteres
2355 1969 2688 2037 Scriptores,
2718 1983 2865 2023 nunc
2893 1967 3175 2022 breviores
3202 1980 3368 2035 supra
3395 1966 3545 2023 dice-

1940 2064 2150 2120 bamus.
2200 2062 2503 2131 Utrumque
2550 2072 2728 2117 autem
2762 2062 2812 2115 id
2840 2059 3247 2117 distinctionum
3275 2076 3445 2131 genus
3470 2062 3544 2119 ab

1940 2156 2272 2226 Hieronymo
2301 2155 2537 2226 agnitum
2563 2165 2616 2209 et
2644 2164 2988 2224 usurpatum,
3021 2169 3087 2209 ex
3124 2153 3371 2221 ejusdem
3412 2169 3539 2208 ver-

1940 2251 2022 2305 bis
2053 2249 2292 2305 breviter
2322 2248 2803 2303 detnonStrandum
2833 2256 2938 2303 est.
2975 2247 3237 2303 Versuum
3263 2246 3547 2303 distinctio

1938 2342 2007 2395 ab
2035 2342 2258 2409 antiquo
2289 2354 2404 2395 aevo
2435 2350 2688 2410 usurpata
2723 2340 2776 2394 in
2810 2340 2961 2395 libris
2986 2340 3178 2406 sacris,
3200 2354 3263 2395 ea
3308 2340 3541 2409 primum

1940 2436 2081 2491 haud
2114 2435 2277 2490 dubie
2306 2436 2640 2489 recensenda
2669 2445 2751 2491 est
2778 2450 2898 2506 qua:
2933 2434 2983 2489 in
3032 2434 3272 2491 editione
3322 2434 3543 2505 Vulgata

1941 2538 2067 2584 ante
2098 2528 2485 2598 Hieronymum
2516 2526 2834 2583 obtinebat:
2866 2542 3094 2596 qumque
3120 2525 3397 2596 capiosior
3442 2525 3544 2580 fuit

1939 2621 2149 2677 czeteris
2172 2621 2421 2674 omnibus
2442 2619 2801 2673 divisionibus
2830 2628 2935 2672 tam
2957 2620 3217 2688 antiquis,
3241 2633 3403 2689 quam
3436 2618 3534 2673 ho-

1940 2710 2163 2766 diernis.
2193 2712 2303 2766 Hac
2323 2711 2673 2767 distinctione
2695 2725 2947 2766 versuum
2967 2709 3141 2780 partiti
3163 2710 3292 2765 olim
3319 2711 3535 2780 psalmi,

1942 2806 2107 2876 duplo
2139 2806 2399 2875 majorem
2429 2806 2669 2861 habuere
2703 2821 2988 2861 numerum
3013 2805 3429 2869 versiculorum,
3452 2805 3543 2860 vel

1944 2898 2217 2953 interdum
2254 2897 2415 2967 triplo
2439 2898 2724 2968 majorem,
2758 2912 2918 2967 quam
2950 2912 3095 2953 nunc
3116 2896 3315 2952 habent
3341 2897 3396 2951 in
3412 2896 3544 2953 Vul—

1943 3001 2064 3061 gata
2112 3001 2298 3047 nostta
2340 2990 2550 3051 Latina.
2584 2990 2749 3047 Verbi
2776 3004 2939 3046 causa
2968 2991 3102 3061 psal.
3139 3007 3230 3049 ιιιι
3256 2990 3409 3061 juxta
3444 2990 3546 3047 lto-

1945 3083 2188 3139 diernam
2221 3082 2543 3138 divisionem
2571 3083 2763 3138 decem
2794 3082 3040 3137 versibus
3069 3080 3364 3138 distinctus
3401 3080 3542 3151 legi-

1946 3185 2052 3243 tur,
2080 3174 2228 3243 juxta
2260 3175 2538 3243 antiquam
2568 3174 2888 3229 divisionem
2921 3173 2974 3228 in
3010 3172 3276 3228 Psalterio
3300 3171 3550 3228 Romano

236 3277 358 3333 biant
381 3278 843 3348 exemplariorum
870 3288 1031 3332 tanta:
1055 3278 1448 3342 discrepantiae,
1474 3276 1594 3347 quia
1619 3273 1848 3330 inducite
1876 3269 1923 3332 C
1951 3270 2238 3325 duodecim
2285 3270 2471 3324 ltabuit
2519 3282 2739 3332 versus,
2790 3269 2873 3321 vel
2919 3265 3204 3331 tredecim,
3254 3274 3543 3321 numerato

237 3383 359 3426 sunt
401 3388 431 3427 a
480 3372 717 3427 librariis
767 3381 821 3428 et
866 3372 1219 3442 scriptoribus
1268 3371 1523 3439 antiquis,
1578 3370 1667 3439 qui
1702 3382 1845 3425 nunc

239 3466 418 3533 plures
443 3466 745 3521 sententias
771 3466 1126 3537 conjungunt,
1160 3479 1299 3519 nunc
1330 3464 1660 3532 distralmnt,
1690 3470 1849 3531 prout

239 3557 291 3609 in
326 3557 598 3610 calamum
640 3557 893 3624 ﬂuerent,
923 3568 978 3611 et
1005 3557 1218 3611 animus
1249 3556 1555 3624 scriptoris,
1591 3564 1701 3609 tutn
1739 3555 1845 3609 lle-

238 3650 390 3710 brzei,
426 3658 537 3703 tum
572 3649 769 3717 Latini,
799 3650 949 3720 operi
980 3661 1125 3704 esset
1157 3651 1417 3717 intentus,
1453 3656 1545 3701 aut
1569 3660 1759 3717 vagus;
1790 3660 1847 3701 ιιι

238 3743 292 3796 in
322 3742 533 3810 magnis
559 3752 613 3797 et
638 3743 907 3798 diuturnis
938 3744 1193 3812 operibus
1229 3742 1345 3796 ﬁeri
1386 3742 1548 3797 solet.
1600 3741 1848 3810 Scriptor

238 3832 448 3889 codicis
498 3833 712 3890 Hebraei
760 3834 1063 3890 Oratoriani
1096 3850 1255 3905 supra
1287 3833 1574 3890 memorati
1605 3834 1846 3902 integros

239 3940 433 3981 versus
452 3927 713 3982 continue
735 3927 1021 3997 descripsit
1042 3929 1095 3981 in
1120 3935 1234 3982 toto
1252 3926 1531 3996 psitlterio,
1559 3940 1658 3982 nec
1682 3926 1843 3985 ullam

238 4019 314 4074 ibi
346 4020 658 4075 observavit
678 4028 1005 4076 commntum
1022 4020 1446 4087 distinctionem,
1475 4034 1634 4090 quam
1665 4028 1844 4075 tamen

244 4122 568 4182 prosecutus
597 4124 679 4167 εει
711 4111 852 4167 libro
876 4112 1051 4180 primo
1076 4111 1547 4181 Paralipomenon,
1572 4126 1692 4165 cum
1720 4124 1842 4182 cap.

244 4219 336 4257 xvi
365 4204 605 4273 ejusdem
641 4204 760 4257 libri
789 4204 1051 4273 psalmum
1081 4218 1167 4259 etv
1201 4219 1305 4257 non
1354 4203 1592 4273 segniter
1634 4201 1843 4258 exscri-

244 4295 378 4349 bere
406 4295 597 4350 voluit.
632 4295 776 4350 Idem
805 4305 924 4350 esto
949 4295 1212 4365 judicium
1242 4296 1309 4350 de
1336 4295 1599 4366 scriptore
1631 4294 1842 4362 Latino,

244 4401 352 4441 me.
384 4386 589 4440 codicis
618 4386 931 4451 Biblioruut,
963 4402 1122 4457 quem
1160 4387 1483 4443 Culberlium
1505 4386 1844 4447 bibliothecae

243 4479 516 4533 donarunt
538 4479 786 4535 canonici
810 4478 1131 4534 Anicienses
1155 4496 1167 4531 :
1201 4477 1246 4533 is
1271 4481 1413 4533 enim
1432 4478 1568 4533 colis
1591 4493 1843 4534 versuum

246 4572 495 4626 distinxit
545 4572 753 4641 priores
797 4581 919 4626 octo
965 4570 1049 4627 vel
1091 4571 1275 4626 decem
1325 4569 1561 4641 psalmos
1600 4572 1841 4637 Davidis,

1947 3364 2102 3419 titulo
2136 3363 2325 3432 psalmi
2358 3378 2455 3430 pro
2483 3376 2592 3417 uno
2622 3371 2912 3415 commate.
2942 3360 2998 3413 In
3043 3357 3320 3415 communi
3362 3368 3545 3414 autem

1946 3465 2000 3511 et
2030 3456 2199 3511 veteri
2227 3453 2415 3508 Latina
2448 3452 2803 3507 translatione
2837 3449 3023 3519 viginti
3069 3449 3309 3520 quinque
3355 3461 3547 3504 nume-

1946 3556 2133 3602 rantur
2171 3549 2385 3618 στίχοι,
2425 3554 2517 3599 aut
2560 3544 2745 3613 viginti
2776 3558 2870 3597 sex
2898 3556 3019 3596 cum
3055 3540 3231 3595 titulo.
3266 3539 3423 3595 Istius
3451 3553 3547 3596 co-

1949 3640 2269 3712 piosissima:
2292 3638 2570 3693 divisionis
2591 3650 2848 3695 versuum
2875 3633 3121 3689 meminit
3154 3632 3542 3703 Hieronymus,

1949 3734 2075 3787 dum
2103 3732 2297 3803 virgini
2322 3731 2703 3787 eruditissima}
2732 3727 3026 3789 Eustochio
3049 3724 3347 3795 respondet
3368 3738 3549 3793 prom-

1948 3828 2056 3882 mio
2094 3826 2147 3881 in
2189 3827 2282 3880 lib.
2334 3841 2421 3881 xvi
2466 3822 2987 3879 (lotttmentariorum
3035 3836 3088 3873 tn
3138 3818 3369 3874 lsaiam:
3421 3816 3549 3875 Non

1948 3937 2179 3989 parvum,
2231 3919 2424 3989 inquit,
2468 3918 2592 3971 mihi
2634 3913 3061 3986 qttazstiunculam
3108 3909 3363 3978 detulisti,
3404 3909 3546 3980 quod

1946 4015 2135 4067 scilicet
2173 4021 2284 4066 octo
2316 4027 2491 4066 versus
2520 4009 2611 4081 qui
2636 4010 2874 4079 leguntur
2896 4006 2949 4059 in
2983 4002 3249 4068 Ecclesiis,
3279 4011 3325 4057 et
3355 4003 3406 4055 in
3439 4000 3547 4057 He-

1948 4105 2121 4159 braico
2152 4120 2251 4157 non
2290 4102 2563 4171 habentur,
2609 4099 2745 4154 tertii
2785 4097 2972 4153 decimi
3006 4093 3218 4167 psalmi,
3266 4094 3548 4163 Apostolus

1948 4198 2231 4269 usurparit,
2278 4195 2504 4250 scribens
2551 4194 2633 4247 ad'
2671 4192 2969 4248 Romanos:
2996 4186 3311 4258 Sepulcrum
3360 4194 3550 4256 patens

1944 4301 2027 4347 est
2056 4299 2239 4361 guttur
2267 4304 2477 4354 eorum,
2512 4286 2706 4355 linguis
2738 4284 2848 4338 suis
2874 4282 3061 4337 dolose
3086 4280 3340 4352 agebant,
3371 4294 3540 4337 vene-

1951 4402 2074 4441 num
2102 4382 2349 4453 aspidum
2376 4380 2478 4437 sub
2511 4379 2667 4435 labiis
2695 4376 3161 4443 eorum.Quorum
3192 4386 3253 4428 os
3282 4370 3549 4429 maledic-

1951 4480 2096 4534 tione
2135 4486 2194 4533 et
2222 4472 2580 4531 amaritudine
2609 4470 2825 4541 plenum
2858 4476 2971 4533 est,
3005 4465 3224 4523 veloces
3266 4461 3434 4535 pedes
3456 4476 3551 4521 co-

1949 4586 2068 4625 rum
2102 4568 2168 4623 ad
2196 4564 2581 4625 effundendum
2612 4561 2947 4632 sanguinem.
2980 4554 3251 4610 Coutritio
3292 4562 3345 4608 et
3370 4552 3552 4609 infeli-

243 4667 487 4735 reliquos
516 4680 643 4720 vero
671 4674 961 4734 sequentes
984 4664 1279 4733 descripsit
1309 4663 1513 4733 absque
1550 4664 1707 4717 simili
1747 4680 1836 4717 ('0-
1868 4665 1919 4724 1)
1945 4664 2078 4719 citas
2111 4663 2164 4717 in
2190 4660 2293 4716 viis
2323 4673 2534 4722 eorum,
2565 4665 2624 4710 et
2654 4655 2792 4709 viam
2825 4651 2973 4722 pacis
3003 4663 3111 4702 non
3138 4654 3547 4717 cognoverunt;

248 4758 427 4812 lorum
486 4756 832 4812 distinctione
861 4799 875 4823 ,
928 4754 1458 4826 interpunctionibus
1500 4754 1843 4811 solummodo

247 4848 506 4906 adhibitis
534 4850 586 4905 itt
615 4849 721 4905 line
743 4866 1015 4906 versuum.
1044 4850 1135 4903 llis
1158 4848 1416 4905 addenda:
1439 4857 1622 4904 essent
1642 4848 1847 4919 aliquot

249 4942 523 4997 variantes
572 4941 947 4999 distinctiones
972 4957 1221 4997 versuum
1251 4941 1522 4998 interdum
1552 4958 1845 4997 occurren-

251 5048 333 5093 tes
365 5038 420 5091 in
454 5037 618 5107 regiis
648 5036 887 5091 llebrreis
914 5036 1211 5103 codicibus,
1250 5037 1409 5105 inque
1450 5034 1626 5091 tribus
1664 5051 1849 5091 exem-

250 5131 495 5203 plaribus
540 5132 750 5187 Latinis
785 5131 1024 5186 Cononis
1054 5130 1331 5186 llebraicaa
1358 5133 1603 5187 veritatis
1632 5131 1731 5188 nisi
1761 5148 1855 5185 cu-

250 5228 399 5281 rioso
448 5226 636 5282 lectori
679 5223 995 5281 sufﬁcerent
1036 5242 1157 5297 quin
1200 5224 1559 5296 prtemisiutus
1602 5225 1856 5296 exempla

252 5321 320 5374 ad
346 5335 523 5375 causa:
554 5319 995 5389 explicationem.

328 5416 478 5470 Nunc
500 5416 548 5469 si
570 5414 637 5469 ad
662 5414 933 5482 periodos,
955 5414 1075 5469 cola
1098 5422 1153 5470 et
1175 5424 1441 5469 commata
1465 5414 1531 5469 ab
1554 5413 1857 5485 Augustino

254 5508 540 5563 observata
573 5507 624 5561 in
659 5506 914 5577 Epistolis
946 5506 1096 5562 Pauli
1123 5506 1432 5576 redeamus,
1480 5507 1733 5576 proclivis
1778 5515 1862 5562 est

255 5613 417 5673 atque
439 5600 691 5671 expedita
713 5603 1013 5670 restionsio,
1037 5600 1434 5657 sanctissimum
1465 5600 1759 5655 antistitem
1779 5615 1861 5656 re.

254 5699 499 5768 spuisse
529 5696 625 5751 lib.
652 5711 703 5750 tv
724 5695 791 5750 de
819 5695 1073 5750 Doctrina
1102 5694 1431 5761 Christiana,
1452 5708 1558 5748 non
1581 5693 1647 5746 ad
1667 5692 1864 5749 distin-

258 5792 494 5846 ctionem
546 5802 799 5845 versuum
848 5790 1097 5844 usitatam
1146 5788 1202 5844 in
1250 5788 1400 5843 libris
1436 5788 1633 5855 sacris,
1665 5785 1761 5841 sed
1794 5786 1862 5841 ad

266 5883 761 5959 ltagiographorum
826 5884 1151 5955 scriptorum
1215 5881 1579 5953 eloquentiam
1612 5924 1625 5947 ,
1700 5894 1862 5949 quam

1944 4773 2051 4814 non
2082 4764 2169 4810 est
2199 4754 2358 4809 timor
2390 4751 2480 4805 Dei
2507 4757 2635 4805 ante
2662 4745 2851 4801 oculos
2880 4755 3091 4801 eorum.
3122 4737 3277 4805 Quod
3304 4753 3421 4797 cum
3449 4754 3550 4791 au-

1946 4850 2153 4913 dissent,
2180 4845 2327 4915 quasi
2354 4861 2385 4896 a
2407 4841 2685 4914 fortissimo
2712 4838 2886 4911 pugili:
2914 4848 3190 4907 percussus
3212 4848 3398 4897 essem,
3423 4831 3555 4903 εαξρὶ

1946 4944 2134 4998 tacitus
2163 4951 2405 4999 aestuare.
2431 4949 2479 4993 et
2508 4946 2774 5005 stuporem
2801 4931 2981 4986 mentis
3031 4928 3202 4983 vultus
3243 4926 3444 5000 pallore
3481 4925 3559 4980 si-

1956 5052 2133 5109 gnare,
2166 5046 2272 5089 etc.
2304 5034 2440 5087 Octo
2469 5029 2545 5085 illi
2580 5042 2794 5092 versus,
2825 5024 2917 5095 qui
2947 5031 3059 5077 tres
3102 5029 3341 5109 iantum_
3356 5016 3561 5073 habent

1956 5107 2337 5183 distinctiones
2367 5124 2417 5178 in
2450 5128 2633 5179 nostra
2662 5117 2884 5186 Vulgata
2914 5114 3127 5176 Latina,
3157 5109 3285 5165 etin
3314 5107 3561 5165 Romano

1959 5219 2242 5284 Psalterio,
2278 5217 2379 5270 hoc
2404 5213 2595 5271 ordine
2626 5220 2681 5265 ct
2708 5221 2935 5265 numero
2970 5204 3271 5261 decurrunt
3307 5199 3362 5256 in
3406 5198 3562 5257 Psal-

1960 5318 2098 5370 terio
2124 5314 2180 5369 S.
2213 5310 2493 5375 Germani,
2524 5316 2760 5363 veterem
2794 5302 3074 5372 Vulgatam
3104 5308 3159 5353 et
3188 5296 3366 5357 Kouniv
3406 5309 3562 5350 com—

1964 5408 2145 5479 plexo,
2177 5414 2233 5460 et
2262 5402 2586 5468 uncialibus,
2620 5407 2679 5453 ut
2708 5404 2925 5462 vocant,
2960 5391 3155 5448 litteris
3188 5388 3367 5446 aureis
3397 5396 3562 5458 atque

1962 5499 2234 5572 argenteis
2262 5505 2487 5554 exarato
2512 5514 2523 5550 :

2111 5591 2423 5661 Sepulcrum
2454 5596 2633 5661 patens
2661 5595 2734 5641 est
2758 5593 2931 5661 guttur
2962 5595 3158 5644 eorum,

2110 5655 2324 5733 Linguis
2350 5655 2462 5715 suis
2486 5659 2659 5733 dolose
2692 5655 2951 5733 agebant;

2115 5726 2385 5788 Venenum
2409 5732 2650 5800 aspidum
2681 5726 2772 5783 sub
2808 5726 2961 5779 labiis
2984 5737 3163 5800 eorum

2113 5807 2347 5872 Quorum
2363 5821 2419 5858 os
2438 5789 2798 5857 ntaledictione
2814 5806 2861 5851 et
2878 5794 3227 5872 macritudine
3243 5789 3449 5871 plenum
3468 5795 3567 5843 est.

2118 5866 2329 5933 Veloces
2351 5876 2505 5947 pedes
2539 5888 2711 5928 eorum
2743 5872 2810 5925 ad
2842 5866 3210 5935 ell'tmdsndum
3230 5866 3562 5931 sanguinem;
