4040 6360
514 349 614 408 119

560 517 567 526 .
651 462 907 521 Contritio
934 470 978 516 et
998 457 1279 532 infelicitas
1308 456 1362 510 in
1388 454 1483 510 uiis
1510 467 1687 507 eorum

652 537 724 608 Et
752 538 886 590 viam
911 534 1055 608 pacis
1079 548 1192 608 non
1211 533 1556 608 cognoverunt

658 607 783 663 Non
812 616 885 663 est
911 598 1066 661 timor
1097 602 1193 657 Dei
1214 598 1334 656 ante
1363 598 1538 654 oculos
1566 610 1763 651 eorum.

579 747 640 803 In
673 745 932 802 Ecclesiis
961 742 1277 799 Latinorum
1304 736 1623 807 legebantur
1645 738 1772 787 octo
1793 727 1871 784 illi
1892 742 2103 794 versus,

505 848 647 898 teste
668 838 1021 910 Hieronymo,
1043 850 1106 891 ac
1125 833 1334 905 virgine
1357 826 1673 893 Eustochio,
1692 825 1746 881 in
1767 838 1953 880 eorum
1974 836 2109 894 quo-

505 951 612 1008 que
636 933 915 990 codicibus
942 928 1105 986 modo
1131 927 1241 998 jam
1285 922 1524 980 exhibito
1564 918 1942 977 scribebantur
1982 930 2107 1008 cum

508 1005 739 1084 totidem
782 1037 1041 1081 versuum
1084 1015 1540 1082 distinctionibus,
1588 1027 1711 1081 quae
1758 1010 1975 1080 duplam
2020 1005 2108 1063 vel

508 1121 725 1193 triplam
780 1117 985 1173 habent
1038 1113 1359 1169 divisionem
1412 1125 1534 1165 cum
1593 1106 1780 1162 nostra
1844 1103 2106 1159 hodierna

506 1218 861 1282 comparatae.
882 1206 1140 1262 Eatndem
1157 1218 1408 1260 versuum
1426 1200 1829 1256 distinctionem
1851 1209 2107 1251 numero-

509 1321 627 1362 sam
659 1305 900 1376 agnoscit
940 1301 1304 1373 Hieronymus
1350 1297 1580 1369 epistola
1629 1294 1695 1349 ad
1743 1294 2005 1349 Sunniam
2055 1300 2110 1347 et

508 1399 800 1465 Frelelam,
843 1396 937 1452 ubi
985 1394 1100 1452 haec
1144 1394 1308 1450 habet
1331 1392 1398 1448 ad
1424 1391 1561 1463 psal.
1596 1404 1730 1455 xvtt,
1765 1388 1864 1442 l5:
1896 1383 2109 1441 Grando

509 1505 559 1550 ct
580 1494 820 1548 carbones
845 1491 1002 1562 ignis,
1026 1500 1131 1546 etc.
1182 1487 1249 1543 Et
1294 1487 1524 1559 quieritis
1562 1501 1658 1540 cur
1701 1482 1912 1538 ercus
1951 1481 2109 1535 istum

506 1587 818 1643 versiculum
864 1582 1093 1639 secundo
1137 1598 1241 1636 non
1284 1580 1502 1643 habeat,
1552 1576 1872 1649 interpositis
1912 1572 2110 1628 duobus

507 1680 756 1735 versibus.
790 1679 897 1734 Sed
923 1674 1190 1731 sciendum
1216 1675 1344 1747 quia
1372 1674 1437 1728 de
1464 1670 1519 1726 Η
1524 1671 1749 1737 εὐναίου,
1778 1679 1827 1725 et
1868 1667 2111 1723 Theodo-

508 1775 667 1830 tionis
688 1773 909 1828 editione
929 1771 984 1825 in
1008 1768 1356 1842 Septuaginta
1377 1764 1407 1818 Ι
1412 1764 1751 1838 nterpretibns
1777 1763 1872 1818 sub
1901 1760 2109 1816 asteris-

1082 386 1085 389 ρ
1132 341 1227 400 ΔΙ)
1262 338 1322 399 S.
1364 335 1749 397 HIERONYMI
1790 331 2071 392 DlVlNMl
2110 323 2622 387 BIBLIOTHECAM
2660 318 3199 384 PROLEGOMENA.

2128 438 2551 515 Adisputatur:
2579 441 2708 514 quia
2757 456 2955 495 comma
2998 438 3138 509 quod
3182 440 3409 491 remanet
3436 447 3465 489 a
3494 430 3811 504 supradicto

3700 314 3805 373 120

2209 552 2374 612 versp
2405 536 2528 593 Jobi
2560 550 2733 607 usque
2762 534 2828 589 ad
2858 532 3020 587 ﬁnem
3055 529 3201 595 libri,
3236 528 3505 598 integrum
3536 534 3622 582 est
3661 524 3813 595 capi-

2208 631 2407 699 tulum,
2439 629 2687 702 plurimis
2723 637 2981 683 constans
3018 620 3329 687 sententiis,
3361 619 3418 676 id
3447 628 3532 676 est
3559 618 3813 691 plurimis

2208 725 2482 790 versibus,
2513 732 2571 780 et
2615 735 2874 779 versuum
2919 716 3308 774 commatibus.
3361 711 3573 769 Comma
3626 712 3814 782 itaque

2207 802 2298 876 hic
2327 819 2432 877 loci
2458 818 2685 887 dictum,
2716 815 2859 872 idem
2884 821 2972 871 est
2997 811 3142 884 quod
3168 815 3424 888 περικοπὴ
3453 807 3594 879 apud
3621 805 3818 878 Orige-

2209 929 2334 969 nem
2366 927 2430 969 ac
2452 920 2684 968 caeteros
2711 908 2936 966 Graecia:
2960 913 3302 961 tractatores.
3334 901 3497 958 Aliud
3524 901 3815 971 vestigium

2210 1006 2494 1062 hodierna:
2524 1002 2899 1060 distinctionis
2930 1014 3183 1057 versuum
3230 995 3486 1068 putabam
3531 1010 3620 1050 me
3660 994 3819 1050 iuvc-

2210 1100 2359 1156 uisse
2382 1099 2476 1154 lib.
2502 1095 3072 1153 ICommentariorum
3101 1090 3419 1162 Hieronymi
3448 1089 3502 1145 in
3530 1087 3818 1144 Danielem

2210 1209 2260 1250 c.
2294 1207 2355 1246 ιιι
2385 1191 2455 1247 de
2484 1191 2592 1246 illis
2623 1189 2769 1245 enim
2798 1186 3003 1252 verbis,
3035 1184 3332 1240 Benedicitc
3355 1182 3524 1238 sancti
3551 1188 3601 1236 et
3642 1180 3818 1235 humi-

2212 1284 2284 1340 les
2310 1283 2464 1338 corde
2493 1279 2739 1348 Domino,
2766 1280 2978 1335 laudate
3002 1288 3050 1333 et
3075 1275 3456 1348 superexaltate
3479 1289 3599 1328 eum
3627 1274 3680 1328 in
3718 1287 3824 1329 sa:-

2211 1375 2352 1445 cula,
2386 1376 2457 1430 ita
2480 1373 2704 1430 disserit
2729 1373 2788 1430 S.
2820 1372 3216 1444 Hieronymus:
3249 1368 3616 1424 Humilitatem
3643 1366 3823 1421 cordis

2213 1468 2416 1536 habere,
2449 1476 2495 1523 et
2525 1483 2749 1538 praesens
2772 1465 3056 1522 versiculus
3085 1465 3255 1531 docet,
3287 1472 3394 1519 etc.
3435 1462 3508 1517 At
3555 1460 3822 1531 inspectis

2212 1559 2506 1631 diligenter
2550 1574 2684 1614 mss.
2731 1557 3017 1613 codicibus
3055 1553 3585 1611 Commentariorum
3618 1551 3670 1606 iu
3716 1550 3826 1605 Da-

2213 1654 2448 1721 nielem,
2504 1651 2671 1707 ﬁdem
2726 1650 2933 1707 nullam
2986 1663 3109 1705 esse
3159 1645 3493 1718 deprehendi
3543 1645 3598 1701 in
3655 1642 3827 1701 editis

2214 1745 2406 1801 libris:
2436 1744 2508 1799 ita
2544 1744 2691 1800 enim
2738 1750 2947 1797 textum
2979 1740 3298 1812 praedictum
3331 1738 3575 1795 Danielis
3616 1736 3830 1793 descri-

509 1884 572 1923 co
598 1867 834 1922 additum
862 1867 946 1921 sit.
990 1862 1069 1918 Ita
1099 1871 1183 1918 est
1208 1903 1222 1928 ,
1251 1860 1473 1918 Graecus
1500 1867 1789 1915 contextus
1833 1854 1902 1909 ad
1948 1868 2106 1924 quem

2214 1838 2367 1903 bunt,
2401 1850 2467 1892 ac
2514 1837 2560 1891 si
2609 1837 2880 1908 integrum
2924 1850 3072 1891 vers.
3124 1836 3193 1889 87
3241 1850 3290 1889 c.
3342 1848 3401 1889 ιιι
3450 1833 3728 1898 recitaret,
3766 1839 3829 1886 et

507 1970 667 2017 vetus
688 1959 907 2029 antiqua
929 1957 1117 2013 Latina
1137 1968 1391 2027 expressa
1408 1960 1511 2022 est,
1530 1966 1634 2007 non
1653 1949 1867 2021 legebat
1883 1950 1934 2003 in
1956 1946 2111 2023 Κοινῇ

511 2050 729 2108 Grande
746 2060 793 2106 et
813 2051 1057 2106 carbones
1079 2051 1249 2122 ignis;
1274 2060 1399 2120 post
1422 2046 1550 2103 ista:
1573 2044 1641 2099 Et
1652 2042 1951 2099 Altissimus
1970 2042 2112 2096 dedit

505 2160 682 2199 vocem
709 2161 857 2200 suam
874 2161 896 2211 ;
926 2144 1022 2200 sed
1049 2142 1218 2199 semel
1250 2149 1458 2197 tantum
1481 2149 1645 2197 ante:
1679 2138 1748 2193 Et
1777 2137 2006 2193 intonuit
2048 2135 2113 2189 de

509 2240 637 2294 creto
662 2238 939 2295 Dominus.
966 2238 1125 2296 Unde
1160 2239 1308 2294 illum
1342 2235 1670 2294 versiculum
1701 2250 1826 2291 cum
1846 2231 2110 2289 asterisco

506 2333 754 2399 reposuit
778 2332 1141 2404 Hieronymus
1167 2331 1223 2386 in
1251 2332 1392 2386 hunc
1422 2328 1676 2385 modum:

656 2449 870 2507 Grando
894 2460 940 2505 et
972 2451 1215 2506 carbones
1244 2450 1399 2520 ignis.

656 2520 728 2576 Et
757 2524 983 2578 intonuit
1010 2523 1075 2579 de
1095 2523 1221 2578 caelo
1249 2521 1509 2577 Dominus
1526 2538 1544 2574 :

654 2592 728 2648 Et
754 2594 1053 2650 Altissimus
1081 2596 1224 2649 dedit
1250 2611 1423 2649 vocem
1449 2610 1615 2661 suam,

757 2665 974 2721 Grando
1002 2676 1049 2722 et
1078 2666 1320 2722 carbones
1348 2667 1482 2738 ignis
1500 2680 1520 2720 .'

582 2800 719 2858 Tres
742 2802 917 2858 ultimi
940 2816 1128 2858 versus
1156 2801 1316 2873 hujus
1337 2801 1642 2869 divisionis,
1664 2801 1887 2859 unicum
1913 2801 2113 2859 consti-

509 2902 669 2950 tuunt
696 2909 842 2949 vers.
873 2910 962 2950 XIV
993 2895 1046 2950 in
1070 2894 1299 2965 Vulgata
1326 2895 1538 2950 Latina.
1568 2895 1723 2953 Unde
1750 2896 1975 2968 colligas
2004 2911 2113 2952 ma-

510 2987 718 3043 ximum
747 2989 1037 3045 discrimen
1073 2988 1220 3060 quod
1260 2990 1539 3045 intercidit
1578 2989 1724 3046 inter
1765 2990 2107 3057 hodiernam,

504 3087 563 3135 et
609 3081 754 3135 inter
799 3080 1238 3152 antiquissimam
1284 3081 1696 3139 distinctionem
1741 3097 2017 3151 versuum,
2057 3084 2109 3138 in

504 3171 664 3228 libris
707 3176 877 3229 sacris
916 3182 1234 3245 usurpatam
1279 3173 1468 3244 primis
1493 3173 1616 3231 ﬁdei
1645 3175 2001 3245 temporibus.
2036 3177 2110 3232 De

509 3280 802 3322 numerosa
832 3266 933 3323 hac
961 3283 1218 3323 versuum
1258 3269 1523 3326 divisione
1566 3270 1887 3325 consulatur
1932 3270 2110 3327 adhuc

508 3356 875 3429 Hieronymus
919 3359 970 3414 in
999 3375 1048 3414 c.
1079 3375 1169 3415 xxx
1216 3361 1438 3427 Ezech.,
1484 3361 1539 3416 in
1578 3376 1630 3417 c.
1678 3378 1817 3418 thtt
1850 3362 2020 3430 Isaiae,
2055 3372 2110 3418 et.

506 3450 631 3505 aliis
681 3451 981 3507 innumeris
1027 3452 1187 3520 locis,
1234 3469 1463 3524 quorum
1492 3456 1796 3511 recitationi
1825 3456 2110 3527 indulgere

508 3558 619 3600 non
644 3544 821 3615 juvat,
852 3561 918 3603 eo
945 3549 1089 3618 quod
1110 3549 1222 3619 jam
1250 3550 1417 3605 allata
1437 3551 1753 3607 testimonia
1781 3552 1970 3607 lectori
1998 3560 2111 3607 stu-

509 3638 664 3696 dioso
695 3640 824 3696 satis
852 3657 973 3697 esse
1001 3642 1352 3699 credidimus.
1381 3642 1561 3700 Unum
1590 3654 1861 3715 superest,
1895 3653 1955 3701 ut
1974 3661 2111 3702 non-

508 3732 660 3788 nulla
691 3732 914 3805 vestigia
945 3734 1223 3790 hodlerna:
1248 3734 1620 3791 distinctionis
1646 3751 1897 3793 versuum
1927 3745 2109 3794 osten-

508 3825 704 3882 damus
734 3829 970 3884 existere
997 3829 1137 3899 apud
1165 3829 1578 3902 Hieronymum,
1623 3832 1768 3902 quod
1813 3848 1975 3902 supra
2023 3847 2110 3889 me

506 3920 777 3977 facturum
816 3922 1062 3994 promisi.
1105 3923 1397 3980 Sciendum
1431 3926 1593 3996 igitur
1620 3926 1783 3983 verba
1818 3928 1938 3984 Jobi
1986 3943 2107 3998 cap.

509 4028 645 4084 xm,
678 4029 825 4070 vers.
858 4030 932 4083 vt,
961 4016 1154 4087 quibus
1197 4018 1569 4088 pmniteutiam
1617 4034 1771 4075 suam
1805 4020 2068 4090 prmdicat
2089 4066 2103 4091 ,

506 4121 675 4162 unum
696 4106 914 4164 efﬁcere
936 4123 1152 4165 versum
1174 4110 1315 4180 apud
1338 4110 1397 4169 S.
1422 4111 1838 4185 Hieronymum,
1862 4124 1922 4170 ut
1941 4131 2110 4172 unum

504 4199 739 4256 dicimus
766 4200 919 4271 juxta
959 4201 1278 4260 hodiernam
1317 4204 1717 4262 versiculorum
1758 4207 2109 4278 divisionem,

507 4306 540 4347 a
571 4291 922 4349 Massorethis
964 4305 1287 4353 mutuatam.
1329 4296 1463 4353 Nam
1497 4309 1781 4370 postquam
1824 4311 2113 4374 monuerat

507 4384 827 4457 praefatione
868 4386 926 4441 in
973 4386 1174 4444 librum
1220 4389 1323 4445 Job
1353 4405 1421 4446 ex
1467 4390 1700 4447 Hebraeo
1744 4407 2105 4464 conversum,

506 4475 841 4534 hexametris
866 4479 1114 4535 versibus
1135 4480 1310 4551 ipsum
1341 4482 1637 4540 decurrere
1657 4485 1801 4554 apud
1827 4485 2112 4554 Hebraeos,

504 4585 537 4627 a
558 4571 743 4628 verbis
768 4573 979 4630 scilicet
999 4574 1125 4642 Job,
1157 4576 1209 4631 in
1238 4576 1435 4647 quibus
1463 4577 1560 4644 ait,
1592 4576 1782 4633 Pereat
1813 4578 1943 4645 dies,
1973 4588 2106 4647 etc.,

505 4677 680 4734 usque
701 4665 768 4720 ad
795 4680 920 4722 eum
950 4666 1154 4732 locum,
1186 4668 1277 4723 ubi
1305 4678 1432 4724 ante
1460 4669 1626 4724 ﬁnem
1655 4669 1947 4726 voluminis
1977 4671 2112 4726 scri-

507 4765 657 4827 ptum
687 4766 802 4813 est:
834 4757 1044 4813 Idcirco
1074 4760 1184 4831 ipse
1204 4776 1287 4815 me
1311 4761 1656 4833 reprehendo,
1706 4771 1755 4819 et
1802 4779 1902 4835 ago
1947 4766 2111 4836 paeni-

505 4848 718 4903 tentiam
739 4850 793 4904 in
817 4851 996 4918 favilla
1020 4861 1067 4908 et
1090 4854 1261 4909 cinere
1284 4870 1305 4909 :
1333 4854 1573 4911 subdidit
1599 4856 1781 4912 statim
1808 4873 1821 4910 :
1852 4856 1897 4911 Α
1922 4873 2112 4928 supra-

504 4940 645 4997 dicto
674 4952 845 4997 autem
868 4961 1016 4999 versu
1039 4962 1201 5018 usque
1219 4948 1291 5002 ad
1315 4949 1471 5016 finem
1499 4949 1637 5017 libri,
1668 4967 1878 5023 paruum
1908 4967 2110 5005 comma

503 5034 644 5105 quod
683 5046 930 5108 remanet,
960 5054 1114 5111 prosa
1141 5042 1374 5096 oratione
1403 5044 1714 5098 contexitur.
1741 5042 1843 5099 Ubi
1872 5044 1980 5100 duo
2011 5044 2110 5099 ob-

502 5128 715 5183 servari
756 5129 944 5198 velim,
992 5133 1227 5202 primum
1274 5135 1521 5191 eamdem
1570 5134 2004 5204 distinctionem,
2049 5145 2106 5192 et

502 5219 756 5276 eamdem
803 5221 961 5279 unius
1007 5239 1194 5282 versus
1244 5228 1633 5283 continentiam
1680 5228 1734 5282 in
1778 5227 2104 5298 supradictis

499 5310 683 5366 verbis
711 5311 837 5378 Job,
870 5324 1189 5386 usurpatam
1218 5315 1386 5374 fuisse
1416 5317 1487 5372 ab
1512 5318 1865 5390 Hieronymo,
1897 5334 2016 5390 quae
2048 5319 2102 5374 in

500 5400 732 5472 Vulgata
765 5404 1024 5462 hodierna
1052 5423 1310 5464 versuum
1350 5409 1700 5466 distinctione
1738 5426 1839 5467 usu
1880 5422 2102 5482 recepta

497 5502 619 5549 est:
668 5494 816 5552 unde
862 5498 1111 5569 sequitur
1154 5499 1416 5555 nonnulla
1466 5500 1750 5558 hodiernae
1790 5503 2100 5559 distinctio-

502 5585 589 5641 nis
638 5590 868 5660 vestigia
918 5605 1186 5662 apparere
1237 5591 1379 5662 apud
1430 5591 1844 5668 Hieronymum.
1897 5595 2101 5652 Deinde

505 5691 701 5731 comma
744 5678 813 5734 ab
848 5679 1043 5737 eodem
1086 5682 1145 5739 S.
1177 5683 1405 5739 Doctore
1428 5694 1681 5740 vocatum
1708 5686 1813 5743 hoc
1843 5686 1964 5743 loco
1995 5702 2101 5743 non

500 5784 623 5827 esse
648 5773 958 5842 promiscue
979 5775 1355 5848 accipiendum
1385 5793 1506 5834 cum
1529 5780 1655 5835 colis
1681 5790 1736 5836 et
1764 5781 2104 5835 commatibus

500 5876 789 5939 versuum,
838 5867 906 5924 de
946 5882 1176 5940 quorum
1218 5870 1581 5930 divisionibus
1626 5876 1679 5931 in
1728 5876 1831 5932 hoc
1875 5874 2106 5931 articulo

2140 4631 2192 4692 D

2215 1932 2630 1989 commentariis
2668 1932 2964 1986 illustraret
3006 1930 3393 2002 Hieronymus,
3440 1942 3563 1984 cum
3609 1933 3825 1981 certum

2212 2026 2287 2082 sit
2314 2024 2547 2080 mediam
2576 2033 2784 2078 tantum
2828 2032 3038 2095 partem
3081 2022 3337 2079 versiculi
3379 2021 3551 2077 nostri
3585 2020 3826 2092 positam

2214 2118 2282 2174 ab
2311 2132 2378 2174 eo
2434 2117 2605 2172 fuisse
2654 2127 2711 2174 et
2757 2117 3066 2188 expositam
3112 2116 3168 2171 in
3216 2115 3330 2170 suis
3377 2111 3827 2178 Commentariis,

2214 2213 2376 2269 istam
2407 2227 2636 2285 nempe:
2668 2210 2966 2267 Benedicite
3000 2210 3167 2265 sancti
3195 2219 3243 2265 et
3273 2209 3491 2264 Immites
3519 2209 3674 2263 corde
3710 2205 3830 2260 Do-

2213 2308 2376 2362 mino.
2409 2307 2476 2361 Et
2497 2306 2599 2361 hoc
2620 2314 2727 2374 est,
2759 2305 2906 2377 quod
2941 2304 3308 2377 Hieronymus
3332 2311 3493 2360 vocat
3516 2309 3828 2372 prtescntem

2210 2399 2543 2465 uersiculum,
2572 2401 2723 2469 juxta
2754 2398 3059 2468 antiquam,
3090 2404 3147 2452 et
3174 2410 3278 2453 non
3306 2394 3466 2468 juxta
3491 2394 3827 2450 hodiernam

2206 2482 2622 2548 distinctionem
2654 2506 2934 2547 versuum.
2962 2490 3043 2547 Ad
3071 2489 3178 2545 alia
3209 2489 3439 2561 proinde
3459 2488 3709 2560 exempla
3736 2486 3830 2543 di-

2212 2587 2537 2643 vertendum
2581 2587 2740 2643 nobis
2768 2596 2871 2644 est.
2905 2586 2963 2643 In
2993 2587 3083 2642 Ps.
3113 2601 3283 2643 cxvm
3320 2586 3595 2657 duplicem
3626 2585 3830 2641 distin—

2210 2680 2448 2736 ctionem
2478 2694 2735 2736 versuum
2753 2681 3008 2737 usitatam
3040 2679 3212 2737 fuisse
3238 2680 3381 2751 apud
3411 2689 3628 2736 veteres
3654 2678 3831 2736 disci-

2213 2787 2335 2828 mus
2389 2787 2420 2828 e
2471 2772 2860 2828 vetustissimis
2918 2772 3327 2841 monumentis,
3374 2788 3442 2829 ex
3496 2772 3829 2845 Hieronymi

2209 2864 2461 2936 epistolis
2503 2880 2608 2920 non
2635 2867 2843 2937 paucis,
2875 2872 2931 2922 et
2967 2865 3193 2938 egregio
3232 2864 3517 2937 Augustini
3555 2865 3824 2937 Speculo.

2210 2957 2558 3014 Monumenta
2596 2958 2966 3015 vetustissima
3020 2958 3125 3013 ista
3172 2968 3336 3014 sunt:
3380 2957 3705 3015 Psalterium
3754 2955 3823 3013 S.

2211 3050 2468 3107 Germani
2502 3051 2663 3107 toties
2693 3052 2994 3119 laudatum,
3016 3061 3069 3107 et
3095 3051 3427 3121 exemplaria
3453 3050 3552 3106 tria
3577 3048 3829 3107 Canonis

2213 3143 2495 3200 Hebraicm
2532 3145 2812 3213 veritatis,
2852 3144 2942 3200 ubi
2990 3144 3138 3201 Psal.
3167 3159 3334 3202 cxvttt
3374 3144 3612 3200 sedecim
3654 3143 3830 3200 habet

2137 3237 2184 3302 C
2218 3252 2409 3293 versus
2450 3236 2554 3293 sub
2602 3252 2927 3309 unaquaque
2974 3237 3159 3294 littera
3209 3237 3488 3310 alphabeti
3539 3235 3825 3301 Hebraici,

2213 3332 2304 3401 qui
2334 3330 2415 3386 sic
2442 3331 2828 3386 describuntur
2862 3331 2917 3387 in
2945 3330 3177 3409 Vulgata
3222 3331 3420 3397 veteri,
3449 3345 3609 3401 quam
3635 3330 3826 3387 conti-

2214 3430 2306 3479 net
2345 3421 2663 3478 Psalterium
2694 3432 2820 3479 ante
2851 3433 3221 3494 nuncupatum
3250 3422 3308 3480 S.
3333 3423 3592 3481 Germani
3624 3442 3634 3476 :

2919 3548 3109 3595 ἈΛΕφο

2321 3630 2528 3687 BEATI
2563 3631 2997 3688 IMMACULATI
3037 3633 3104 3688 IN
3143 3632 3279 3696 VIA.

2320 3702 2439 3768 QUI
2468 3703 2847 3759 AMBULANT
2869 3703 2936 3759 IN
2969 3704 3152 3759 LEGE
3184 3701 3455 3766 DOMlNl:

2322 3774 2531 3829 BEATI
2562 3774 2680 3842 QUI
2708 3774 3174 3831 SCllUTANTUR
3206 3773 3623 3832 TESTIMONIA
3651 3774 3828 3834 EJUS

2326 3844 2393 3901 ΙΝ
2434 3846 2619 3903 ΤΟΤυ
2655 3844 2887 3901 CORDE
2927 3846 3338 3914 EXQUIRUNT
3378 3846 3541 3913 EUM,
3572 3855 3708 3902 etc.:

2213 3956 2335 4011 qua}
2364 3940 2561 3997 eodem
2591 3943 2752 3997 modo
2775 3942 3031 4012 leguntur
3050 3942 3105 3995 in
3126 3940 3220 3996 illo
3241 3941 3538 4010 exemplari
3562 3940 3832 3996 vetustis-

2215 4035 2358 4091 simo
2410 4035 2773 4091 Psalmorum.
2825 4034 2881 4089 ln
2936 4032 3174 4090 Canonis
3217 4033 3625 4104 exemplaribus
3672 4032 3827 4090 idem

2214 4143 2476 4185 numerus
2500 4142 2780 4198 versuum,
2810 4127 2907 4183 sed
2946 4127 3107 4199 paulo
3134 4126 3296 4183 aliter
3321 4126 3632 4197 descriptus
3656 4143 3671 4182 :

2923 4241 3120 4282 ALEPH.

2392 4317 2541 4372 Beati
2566 4317 2886 4371 immaculati
2909 4318 2962 4372 in
2993 4318 3101 4380 uia,

2464 4391 2553 4461 qui
2572 4390 2836 4444 ambulant
2864 4390 2916 4444 in
2950 4389 3061 4460 lege
3088 4387 3313 4442 Domini.

2391 4458 2545 4515 Beati
2564 4462 2651 4529 qui
2672 4462 2972 4515 custodiunt
2999 4458 3291 4516 testimonia
3317 4461 3429 4531 ejus
3450 4476 3471 4524 ;

2461 4533 2515 4588 in
2546 4542 2649 4587 toto
2676 4531 2834 4604 corde
2853 4532 3129 4604 exquirunt
3158 4547 3297 4604 eum.

2395 4600 2520 4658 Non
2548 4604 2683 4658 enim
2711 4603 2803 4675 qui
2825 4600 3102 4675 operantur
3132 4603 3477 4673 iniquitatem,

2465 4676 2520 4728 in
2547 4676 2653 4748 viis
2673 4674 2788 4748 ejus
2816 4674 3228 4730 ambulaverunt.

2392 4744 2475 4800 Tu
2496 4744 2755 4819 mandasti
2779 4757 3037 4819 praecepta
3065 4758 3153 4801 tua

2465 4818 2719 4872 custodiri
2743 4817 2917 4873 nimis.

2396 4887 2609 4944 Utinam
2628 4887 2924 4958 dirigantur
2948 4888 3044 4942 ria:
3071 4902 3198 4943 mete

2463 4961 2534 5014 ad
2559 4959 2895 5013 custodienda
2916 4970 3175 5033 pracepta
3204 4969 3314 5014 tua.

2398 5029 2542 5085 Tunc
2570 5046 2671 5083 non
2697 5031 3010 5100 confundor,

2464 5118 2578 5155 cum
2600 5116 2868 5169 respexero
2895 5103 2965 5155 ad
2991 5103 3167 5157 omnia
3192 5103 3434 5158 mandata
3460 5112 3570 5159 tua.

2389 5170 2683 5242 Conﬁtebor
2711 5172 2801 5226 tibi
2831 5173 2885 5226 in
2910 5173 3192 5229 directione
3220 5175 3416 5240 cordis,

2461 5259 2579 5298 cum
2605 5243 2840 5298 didicero
2861 5244 3069 5318 judicia
3088 5246 3316 5318 justitite
3343 5256 3467 5303 tuaz.

2390 5313 2661 5377 Praecepta
2690 5325 2779 5369 tua
2806 5313 3117 5380 custodiam,

2459 5403 2521 5441 ne
2537 5385 2869 5458 derelinquas
2893 5404 2973 5442 me
2992 5389 3166 5442 nimis.

2932 5495 3096 5536 BETH.

2388 5569 2455 5625 In
2480 5587 2580 5642 quo
2607 5572 2817 5644 corrigit
2842 5573 3103 5642 juvenior,
3136 5579 3245 5629 etc.

2282 5683 2410 5741 Haec
2424 5696 2537 5741 erat
2555 5698 2842 5741 numerosa
2858 5699 3116 5740 versuum
3135 5684 3421 5743 distinctio
3436 5688 3491 5744 in
3508 5688 3599 5744 Ps.
3619 5704 3808 5761 cxvm,

2208 5792 2330 5849 quae
2361 5793 2391 5834 e
2432 5776 2659 5846 Vulgata
2699 5779 2922 5846 antiqua
2972 5778 3226 5835 versione
3268 5780 3458 5837 Latina
3505 5782 3560 5838 in
3610 5798 3811 5840 novam

2209 5870 2272 5928 S.
2316 5868 2634 5941 Hieronymi
2673 5871 3090 5929 translationem
3129 5873 3276 5932 illico
3304 5874 3549 5934 derivata
3580 5886 3685 5945 est,
3735 5881 3812 5936 uti
