4040 6360
256 322 347 382 l2!
942 322 1504 384 PROLEGOMENON
1545 324 1633 380 IV.
1678 324 1767 381 DE
1810 319 2101 387 TITULIS,
2155 320 2306 378 ETC.
2349 318 2446 380 SS.
2492 319 2885 380 BIBLIORUM.

3450 313 3553 372 ης

250 454 333 496 res
362 447 447 495 est
479 440 532 495 in
564 449 821 514 promptu
852 457 918 499 ex
944 443 1178 514 Speculo
1203 443 1259 500 S.
1291 442 1598 512 Augustini,
1631 445 1720 512 qui
1752 442 1847 496 bn-
1878 446 1925 502 Α
1957 441 2081 511 quia
2112 457 2207 512 per
2234 441 2348 497 Cuia
2379 450 2433 497 et
2462 451 2732 498 commata
2762 442 3096 514 descriptum
3134 438 3207 498 ibi
3239 438 3435 511 legitur
3462 441 3551 496 ut-

245 533 331 604 jns
377 534 573 603 psalmi
614 550 804 590 versus
851 536 1279 607 quamplurimos
1323 536 1531 601 citavit,
1579 544 1850 591 eteorum

249 638 536 680 numerum
567 626 923 697 determinat,
947 628 1137 685 dicens
1168 629 1295 682 duos
1322 644 1431 683 esse
1457 645 1629 684 versus
1653 628 1722 685 ab
1746 629 1855 685 illis

246 718 429 773 verbis
455 736 470 771 :
512 718 785 792 Prwcepta
811 731 899 775 tua
937 738 1040 775 non
1070 738 1184 776 sum
1215 721 1423 783 oblitus,
1453 736 1623 793 uSque
1651 723 1716 778 ad
1748 723 1851 778 ista

248 828 367 882 quae
400 812 660 884 leguntur
682 828 824 869 vers.
847 815 949 870 85:
986 814 1254 869 Foderuut
1278 815 1635 888 mihisuperbi
1656 820 1850 888 foveas,

248 919 364 974 quin
392 920 495 958 non
526 914 673 959 erant
702 907 853 975 iuxta
883 907 1047 978 legem
1078 916 1241 962 tuam.
1285 909 1532 965 Totidem
1582 912 1742 965 etiam
1786 911 1853 967 ab

250 993 332 1048 his
367 1010 543 1066 usque
572 996 639 1051 ad
671 1013 765 1052 ea:
799 998 969 1053 Paulo
994 1000 1162 1053 minus
1189 1011 1664 1056 consummaverunt
1693 1019 1772 1056 me
1800 1004 1852 1057 in

250 1096 411 1155 terra,
436 1100 573 1157 etc.,
606 1093 815 1147 numeri
843 1109 973 1163 ergo
1002 1109 1280 1165 versuum,
1313 1110 1447 1167 quos
1476 1097 1715 1167 assignat
1742 1099 1854 1153 Au-

249 1182 525 1252 gustinus,
558 1185 761 1255 saepius
806 1186 1090 1241 iterando:
1123 1187 1192 1242 Et
1230 1200 1342 1259 post
1381 1191 1509 1244 duos
1548 1190 1854 1245 versus:Et

251 1286 364 1347 post
392 1288 589 1349 septem
620 1297 816 1347 versus,
842 1292 976 1349 etc.,
1011 1285 1248 1353 perfecte
1275 1286 1541 1356 quadrant
1570 1286 1635 1340 ad
1658 1288 1855 1342 distin-

251 1372 496 1427 etionem
548 1373 664 1443 jam
718 1375 942 1443 dictam,
977 1378 1226 1433 usitatam
1269 1380 1322 1434 in
1358 1380 1637 1436 veteribus
1672 1381 1854 1437 Eccle—

249 1463 457 1520 siarum
496 1470 893 1535 monumentis,
925 1488 1042 1541 qua:
1073 1472 1309 1528 sedecim
1348 1489 1603 1529 versuum
1635 1474 1858 1530 divisio-

251 1573 349 1614 nes
400 1560 669 1618 exhibent
718 1563 787 1618 ad
839 1565 1048 1636 singula
1100 1566 1394 1637 Alpbabcti
1450 1568 1696 1623 llebraici
1746 1568 1857 1625 cle-

252 1661 455 1706 menta.
515 1656 619 1710 Alii
670 1670 801 1711 mss.
846 1657 1063 1713 codices
1106 1658 1444 1715 Psalmorum
1498 1662 1856 1732 antiquissimi

253 1746 609 1815 quamplures
652 1764 716 1804 ac
765 1753 981 1819 optima:
1025 1761 1187 1819 noue,
1238 1764 1360 1811 octo
1408 1766 1612 1811 tantum
1666 1771 1857 1812 versus

1957 533 2146 589 timum
2178 534 2527 606 alphabetum
2562 552 2576 588 :

2170 672 2442 746 Mulierem
2471 674 2655 743 fortem
2686 675 2800 746 quis
2830 675 3089 730 inueniet?

2240 745 2424 821 procul
2432 756 2494 821 Aet
2516 746 2578 798 de
2602 745 2797 821 ultimis
2814 747 3001 821 ﬁnibus
3027 747 3247 819 pretium
3269 749 3402 821 ejus.

2172 813 2397 885 Con/idit
2426 817 2477 870 in
2505 834 2563 870 ea
2584 834 2672 871 cor
2697 818 2791 871 viri
2814 813 2922 879 sui.

2244 897 2289 941 et
2319 887 2499 956 spoliis
2532 906 2632 942 non
2660 890 2930 961 indigebit,
2960 900 3066 948 etc.

1956 1016 2093 1073 Hinc
2122 1018 2347 1090 colligas
2375 1018 2644 1089 duplicem
2677 1021 2846 1077 fuisse
2878 1023 2930 1077 in
2956 1023 3343 1079 vetusdssimis
3365 1038 3560 1079 monu-

1958 1112 2153 1166 mentis
2182 1127 2435 1167 versuum
2463 1111 2896 1183 distinctionem,
2928 1126 3216 1185 utramque
3246 1132 3382 1172 vero
3404 1118 3560 1186 agni-

1959 1214 2065 1262 tam
2110 1206 2280 1263 fuisse
2329 1217 2384 1264 et
2428 1220 2741 1279 usurpatam
2791 1210 2859 1265 ab
2905 1212 3306 1282 antiquioribus
3356 1212 3559 1267 Eccle-

1956 1298 2192 1355 siasticis
2217 1302 2601 1371 scriptoribus.
2636 1302 2793 1373 Apud
2824 1302 3182 1373 Augustinum
3215 1320 3314 1359 usu
3346 1318 3563 1375 semper

1958 1402 2231 1462 receptam
2275 1408 2393 1447 eam
2426 1392 2690 1460 invenies,
2726 1410 2849 1464 qua:
2896 1396 2967 1450 sit
3020 1411 3121 1467 per
3165 1397 3283 1451 cola
3327 1404 3382 1451 et
3412 1410 3561 1451 com-

1959 1493 2142 1540 mata:
2176 1485 2315 1554 apud
2350 1485 2736 1558 Hieronymum
2770 1502 2923 1553 vero,
2956 1504 3100 1543 nunc
3122 1489 3392 1554 eamdem,
3423 1504 3567 1545 nunc

1959 1578 2231 1635 diversam
2256 1578 2411 1649 juxta
2436 1580 2753 1650 qualitatem
2782 1581 3120 1652 singularum
3152 1583 3383 1652 partium
3412 1582 3562 1637 Scri—

1960 1683 2135 1745 ptume
2165 1674 2381 1729 divinar.
2414 1674 2473 1730 In
2507 1676 2751 1731 metricis
2778 1676 3289 1747 compositionibus,
3316 1691 3436 1747 qua:
3466 1691 3563 1730 nu-

1961 1783 2141 1824 meros
2166 1768 2366 1824 habent
2392 1771 2643 1825 astrictos
2664 1771 2960 1826 secundum
2984 1772 3181 1827 seriem
3208 1770 3562 1826 Hebrzeorum

255 1837 457 1894 habent
485 1843 756 1911 ascriptos
795 1844 897 1899 sub
928 1845 1156 1916 singulis
1182 1848 1377 1905 litteris
1412 1850 1713 1917 llebraicis,
1750 1859 1854 1905 tam
1887 1854 1935 1913 B
1961 1864 2376 1925 ειρηιεηιοι-ιιηι,
2410 1878 2526 1919 eam
2570 1863 2681 1919 fere
2730 1878 2952 1934 semper
2994 1863 3403 1919 distinctionem
3443 1878 3567 1918 ver—

255 1930 306 1984 in
347 1933 521 1987 veteri
573 1934 814 1991 editione
852 1937 1005 2007 juxta
1037 1938 1181 1994 LXX
1213 1942 1561 2011 [nterprctes,
1598 1959 1756 2014 quam
1804 1944 1856 1999 in

255 2038 391 2078 nova
440 2024 864 2100 llieronymiana
910 2046 975 2085 ex
1027 2031 1267 2088 Hebrmis
1316 2034 1679 2089 voluminibus
1734 2052 1862 2105 pro-

254 2130 433 2189 gnata.
473 2120 551 2176 Ita
582 2122 905 2179 Psalterium
934 2124 1125 2197 triplex
1155 2127 1213 2184 S.
1244 2127 1559 2202 Hieronymi
1592 2130 1641 2185 in
1676 2130 1861 2187 codice

258 2211 638 2270 vetustissimo
673 2216 998 2274 Carnutensi
1050 2218 1380 2291 descriptum
1420 2237 1517 2291 per
1558 2229 1669 2277 tres
1706 2223 1856 2278 colu-

256 2305 444 2359 mellas
474 2308 579 2361 sibi
614 2308 845 2364 invicem
886 2311 1182 2382 oppositas,
1216 2312 1283 2367 ad
1312 2313 1723 2369 similitudinem
1762 2314 1863 2370 Teo

259 2396 558 2465 traplorum
590 2408 645 2453 et
688 2400 1053 2471 llexaplorum
1102 2402 1374 2473 Origenis.
1418 2405 1605 2476 Itaque
1649 2422 1863 2478 quoque

256 2489 400 2543 aliud
423 2492 625 2561 triplex
654 2492 969 2550 Psalterium
993 2497 1341 2553 bibliothecm
1363 2497 1695 2571 Sorbonicm,
1723 2503 1864 2572 quod

257 2583 511 2640 Grmeam
557 2586 703 2643 LXX
749 2588 1036 2647 Scniorum
1082 2592 1399 2661 editionem,
1433 2595 1635 2652 Latinis
1687 2609 1865 2654 tamen

259 2679 523 2750 scriptam
556 2683 861 2751 elementis,
893 2687 1263 2745 curiosissime
1286 2692 1486 2747 retinet
1514 2707 1634 2747 cum
1664 2693 1869 2749 Psalte-

258 2776 339 2830 rio
366 2775 621 2833 Romano
652 2790 705 2834 et
728 2782 1085 2839 translatione
1126 2784 1436 2859 Hieronymi
1462 2788 1747 2845 llebraica.
1777 2790 1869 2847 Sic

259 2871 506 2943 denique
558 2874 825 2943 Vaticani,
886 2878 1069 2947 Regii,
1121 2880 1452 2951 Colbertini,
1514 2884 1869 2940 Ean-Germa-

260 2981 489 3035 nenses,
522 2979 577 3024 et
604 2970 695 3025 alii
726 2971 992 3029 innumeri
1018 2975 1232 3030 codices
1261 2993 1392 3032 mss.
1430 2978 1788 3043 Psalmorum,
1816 2983 1867 3034 in

262 3062 461 3132 quibus
491 3075 670 3121 exstat
696 3066 861 3123 editio
884 3084 1020 3125 nova
1056 3069 1393 3143 Hieronymi,
1422 3082 1514 3127 aut
1542 3082 1696 3129 vetus
1719 3075 1867 3145 juxta

264 3155 625 3227 Septuaginta
656 3158 1010 3231 interpretes.
1052 3163 1155 3218 Per
1181 3165 1302 3221 cola
1328 3181 1608 3231 versuum,
1638 3167 1751 3222 sive
1776 3183 1871 3238 per

1964 1970 2121 2010 suum
2154 1957 2457 2025 usurpavit,
2493 1972 2654 2024 quam
2699 1972 2799 2012 nos
2830 1956 2992 2012 hodie
3022 1957 3300 2028 sequimur
3340 1957 3394 2011 in
3439 1955 3571 2012 Vul-

1964 2058 2084 2121 gata
2116 2050 2306 2105 Latina
2336 2070 2345 2104 :
2378 2052 2428 2106 in
2459 2053 2674 2107 caeteris
2708 2059 2888 2106 autem
2927 2052 3103 2117 libris,
3141 2060 3199 2107 ut
3228 2066 3389 2121 supra
3419 2052 3565 2106 dixi-

1965 2158 2107 2211 mus,
2142 2154 2387 2198 numerat
2412 2143 2708 2199 Bibliorunt
2734 2159 2924 2200 versus
2946 2144 3103 2215 juxta
3132 2144 3563 2217 copiosissimam

1964 2250 2150 2292 eorum
2183 2236 2587 2292 distinctionem
2620 2252 2720 2293 suo
2749 2246 2995 2308 tempore
3045 2246 3321 2308 receptam
3365 2236 3417 2291 in
3461 2237 3568 2292 Ec-

1966 2330 2171 2396 clesiis,
2206 2331 2256 2386 id
2291 2339 2393 2397 est,
2430 2339 2702 2402 receptam
2732 2332 2785 2386 in
2812 2333 2985 2389 veteri
3016 2331 3270 2403 Vulgata,
3296 2346 3415 2402 qua:
3455 2345 3570 2386 ma-

1967 2424 2127 2481 nibus
2176 2426 2491 2481 Latinorum
2543 2426 2837 2483 terebatur.
2883 2427 3123 2495 Quorum
3174 2427 3568 2484 versiculorum

1966 2526 2255 2590 antequam
2290 2519 2467 2575 varios
2497 2519 2707 2576 indices
2741 2536 3139 2591 pr0ponamus,
3166 2521 3307 2576 haud
3334 2522 3567 2577 otiosum

1968 2610 2130 2666 fuerit
2174 2613 2465 2667 nonnullas
2511 2613 2781 2683 subjicere
2827 2613 3205 2670 distinctiones
3255 2614 3482 2669 usitatas
3515 2615 3567 2670 in

1970 2719 2110 2759 novo
2138 2704 2505 2761 Testamento.
2555 2707 2815 2776 Quaedam
2868 2709 3034 2779 igitur
3082 2707 3382 2779 fragmenta
3432 2723 3564 2763 mss.

1972 2795 2249 2867 Evangelii
2276 2797 2572 2851 secundum
2607 2798 2804 2854 Lucam
2831 2799 2965 2853 mihi
3005 2798 3430 2854 communicavit
3460 2800 3572 2853 cla-

1971 2887 2220 2942 rissimus
2250 2888 2332 2943 vir
2353 2888 2415 2942 F.
2442 2890 2750 2956 Desmares,
2779 2891 2829 2944 in
2863 2890 3060 2960 quibus
3087 2900 3343 2962 superest
3379 2890 3572 2948 distin-

1972 2981 2082 3036 ctio
2111 2982 2329 3053 antiqua
2361 2998 2651 3051 versuum,
2680 2992 2738 3037 ut
2764 2992 2819 3039 et
2858 2983 3079 3054 antiqua
3131 2983 3310 3039 versio
3352 2982 3565 3050 Latina,

1972 3072 2172 3128 litteris
2202 3074 2507 3131 unciatibus
2546 3075 2814 3146 descripta
2846 3075 2903 3131 in
2940 3077 3261 3144 pervetustis
3292 3077 3572 3131 membra-

1974 3166 2079 3222 nis.
2110 3165 2243 3222 Luc.
2289 3183 2342 3233 v,
2396 3167 2483 3232 18,
2535 3167 2635 3223 hoc
2676 3169 2839 3223 modo
2876 3170 3135 3239 scriptum
3182 3169 3445 3239 legimus:
3480 3169 3569 3224 ET

263 3259 497 3305 octonos
527 3266 720 3307 versus
749 3253 1009 3325 descripti
1049 3264 1181 3311 sunt
1224 3258 1459 3314 universi
1505 3259 1726 3316 codices
1768 3260 1866 3329 illi,
1897 3252 1942 3316 C
1975 3260 2157 3317 ECCE
2213 3262 2352 3318 VIBI
2408 3263 2767 3320 POTENTES
2812 3263 2876 3318 IN
2925 3263 3150 3318 LECTO
3197 3263 3572 3319 CIRCUMFE-

263 3347 568 3402 secundum
596 3348 907 3405 hodiernam
939 3366 1194 3407 versuum
1221 3352 1621 3409 distinctionem
1653 3362 1708 3409 ct
1736 3369 1868 3409 euu-

265 3441 631 3497 merationem
667 3442 719 3496 in
754 3443 960 3513 psalmo
990 3445 1291 3499 centesimo
1319 3446 1531 3501 decimo
1560 3454 1771 3515 octavo,
1798 3445 1867 3503 de

265 3548 378 3600 quo
404 3533 770 3607 Hieronymus
795 3534 862 3590 ad
894 3535 1114 3590 Paulam
1152 3536 1407 3593 Urbicam
1436 3556 1447 3591 :
1479 3538 1868 3593 Studiosissime

268 3628 591 3698 perquisisti,
615 3630 743 3700 quid
764 3631 859 3684 sibi
876 3630 1280 3687 relintHebra'te
1307 3632 1514 3699 litterae,
1534 3649 1649 3703 qua:
1668 3633 1869 3705 psalmo

267 3735 419 3790 quem
449 3720 773 3791 legebamus,
802 3722 1111 3777 videbantur
1134 3724 1359 3779 insertar.
1396 3724 1657 3797 Respondi
1690 3741 1873 3779 secun-

268 3814 399 3867 dum
433 3817 666 3871 ordinem
707 3817 998 3872 litterarum
1030 3834 1145 3872 eum
1189 3836 1299 3873 esse
1339 3822 1696 3888 compositum,
1734 3820 1871 3889 quod

270 3905 511 3961 videlicet
534 3925 598 3961 ex
627 3909 795 3977 prima
824 3911 1019 3976 littera,
1041 3929 1156 3983 quae
1172 3913 1316 3983 apud
1331 3929 1417 3967 eos
1442 3924 1654 3967 vocatur
1677 3929 1870 3979 amen,

269 4007 386 4052 octo
411 4016 585 4053 uersus
606 4002 905 4073 inciperent,
934 4020 1113 4058 rursus
1138 4021 1201 4059 ea:
1225 4006 1453 4076 sequenti
1472 4020 1631 4068 nam,
1663 4007 1873 4061 totidem

268 4106 447 4146 versus
493 4095 764 4148 exordium
801 4108 1079 4162 sumerent,
1124 4115 1185 4152 ac
1230 4109 1405 4168 postea
1442 4117 1505 4155 ea:
1538 4116 1700 4155 ciust.
1739 4101 1875 4155 idem

269 4202 519 4240 numerus
564 4188 930 4259 compleretur,
986 4198 1141 4261 atque
1178 4192 1251 4245 ita
1292 4209 1452 4263 usque
1489 4194 1555 4246 ad
1581 4209 1685 4248 TAU
1709 4236 1722 4258 ,
1763 4210 1875 4264 qua:

270 4278 420 4349 apud
456 4296 546 4333 eos
578 4291 805 4336 extrema
849 4283 1019 4337 littera
1059 4294 1163 4349 est,
1203 4286 1460 4353 psalmum
1504 4302 1611 4339 esse
1646 4289 1875 4341 conscri-

272 4380 447 4443 ptum,
478 4381 584 4427 etc.
621 4372 883 4430 Eamdem
914 4390 1170 4431 versuum
1201 4376 1606 4433 distinctionem
1641 4394 1877 4450 sequun-

272 4473 367 4518 tur
401 4463 643 4522 Hilarius
690 4476 744 4522 et
787 4467 1111 4525 Ambrosius
1142 4470 1195 4525 in
1228 4471 1341 4525 suis
1369 4470 1435 4526 ad
1484 4470 1674 4541 psalm.
1707 4486 1876 4527 cxvtn

273 4560 719 4615 commentariis:
754 4560 897 4617 unde
942 4562 1287 4619 manifestum
1331 4564 1486 4619 nobis
1517 4574 1619 4631 cst,
1650 4582 1755 4619 non
1784 4580 1875 4619 so-

273 4650 387 4705 lum
418 4652 562 4722 apud
588 4652 1000 4726 Hieronymum,
1032 4656 1128 4711 sed
1158 4655 1300 4725 apud
1332 4658 1468 4713 alios
1499 4657 1660 4712 etiam
1696 4656 1881 4712 Eccle-
1908 4652 1961 4713 D

274 4741 375 4798 sia:
415 4742 678 4801 doctores
726 4755 781 4800 et
822 4746 1232 4817 antiquissimos
1277 4749 1576 4817 scriptores
1618 4748 1878 4803 nonnulla

277 4844 495 4892 exstare
522 4838 748 4908 vestigia
776 4837 1054 4895 hodiernae
1084 4856 1337 4896 versuum
1364 4839 1645 4895 divisionis
1670 4851 1725 4897 et
1748 4856 1881 4896 enu-

278 4928 625 4986 merationis.
654 4928 800 4984 Idem
835 4931 1076 5003 intellige
1116 4933 1185 4988 de
1229 4933 1418 4988 ultima
1467 4935 1709 4989 sectione
1750 4934 1883 4989 Pro-

279 5022 617 5090 verbiorum,
648 5024 793 5094 quod
817 5024 884 5081 de
906 5026 1050 5081 Psal.
1081 5041 1275 5083 cxvnt:
1302 5042 1423 5083 nam
1449 5028 1586 5098 apud
1616 5029 1884 5100 Hierony-

280 5130 429 5171 mum
460 5116 551 5171 illa
582 5124 833 5195 περικοπὴ
860 5135 982 5189 quae
1016 5119 1205 5175 laudes
1236 5121 1477 5177 mulieris
1511 5120 1664 5175 fortis
1693 5136 1881 5191 prose-

277 5211 483 5280 quitur,
497 5212 687 5281 viginti
706 5212 916 5268 duobus
928 5223 1141 5269 constat
1160 5214 1409 5269 versibus
1424 5213 1577 5285 juxta
1598 5230 1879 5269 numerum

278 5305 582 5360 litterarum
622 5306 1045 5362 Hebraicarnm:
1079 5307 1359 5363 Proverbia
1396 5324 1595 5379 quoque
1642 5308 1881 5364 Salomo-

279 5399 384 5463 nis,
415 5398 591 5469 inquit
636 5399 998 5472 Hieronymus
1029 5400 1255 5471 epistola
1290 5401 1401 5471 jam
1444 5400 1681 5467 laudata,
1711 5412 1879 5455 extre-

283 5506 424 5543 mum
479 5491 677 5543 claudit
722 5490 1094 5559 Alphabetum,
1136 5493 1276 5563 quod
1323 5502 1616 5548 letramelro
1662 5493 1882 5549 iambico

281 5594 597 5654 supputatur
632 5585 695 5638 ab
733 5602 790 5640 eo
829 5586 972 5655 loco,
1020 5586 1072 5640 iu
1108 5602 1209 5657 quo
1250 5587 1363 5641 ait:
1396 5585 1667 5640 Mulierem
1699 5589 1882 5658 fortem

283 5679 393 5747 quis
418 5677 675 5733 inveniet?
704 5677 762 5732 ln
791 5678 1198 5749 exemplaribus
1221 5689 1401 5735 autem
1427 5679 1686 5744 Canonis,
1718 5680 1884 5749 inque

285 5772 669 5826 vetustissimis
703 5771 907 5841 aliquot
934 5772 1053 5827 aliis
1084 5786 1214 5827 mss.
1249 5772 1556 5839 codicibus,
1594 5787 1885 5827 numeran-

289 5874 371 5921 tur
402 5867 456 5921 in
485 5866 577 5922 illa
609 5868 872 5937 sectione,
908 5882 1014 5923 non
1054 5874 1266 5922 tantum
1296 5866 1368 5922 22
1399 5882 1617 5935 versus,
1649 5865 1745 5923 sed
1789 5864 1878 5931 44,

1970 3356 2248 3412 REBANT
2296 3356 2609 3413 HOMINEM
2641 3357 2758 3425 QUI
2804 3357 2991 3412 ERAT
3044 3356 3571 3413 PARALYTICUS:

1971 3451 2057 3507 ET
2102 3451 2548 3520 QUAEREBANT
2597 3450 2743 3506 EUM
2793 3450 3094 3506 INFERRE
3146 3451 3237 3505 ET
3292 3450 3572 3505 PONERE

1972 3545 2157 3602 ANTE
2204 3545 2345 3602 EUM
2380 3546 2467 3601 ET
2506 3544 2643 3600 NON
2677 3544 3156 3612 lNVENlENTES,
3184 3555 3292 3601 etc.
3326 3545 3471 3599 Duos
3497 3544 3572 3598 ibi

1970 3653 2163 3693 versus
2222 3638 2470 3693 distinxit
2521 3638 2760 3707 scriptor
2822 3636 2965 3692 illius
3026 3636 3273 3701 codicis,
3333 3637 3572 3692 notando

1974 3744 2231 3804 punctum
2256 3748 2552 3803 supernum
2585 3733 2651 3786 ad
2686 3734 2850 3787 tinem
2880 3731 3242 3802 singulorum.
3273 3746 3373 3785 nec
3406 3730 3569 3784 aliam

1973 3826 2379 3882 distinctionem
2423 3840 2678 3881 versuum
2711 3826 2761 3878 in
2792 3824 2891 3879 illo
2928 3839 3030 3879 ms.
3071 3823 3371 3892 exemplari
3417 3824 3573 3877 adbi-

1976 3918 2142 3973 bitam
2177 3920 2457 3989 perspexi.
2500 3918 2557 3974 In
2604 3918 2712 3972 alio
2752 3927 2935 3973 autem
2985 3916 3288 3986 fragmento
3331 3916 3571 3985 ejusdem

1976 4010 2278 4083 Evangelii,
2303 4011 2462 4083 plena
2510 4020 2593 4066 est
2620 4025 2877 4065 versuum
2908 4010 3138 4077 divisio,
3169 4019 3333 4081 atque
3381 4010 3572 4065 distin-

1977 4131 2085 4187 ctio
2112 4139 2447 4186 commntum
2480 4144 2581 4201 per
2610 4128 2894 4183 intervalla
2922 4145 2934 4181 :

2121 4221 2211 4277 ET
2254 4223 2427 4278 ECCE
2468 4220 2841 4277 EXEUNTES

2194 4294 2331 4350 Ι)Εο
2372 4294 2463 4348 EX
2504 4290 2879 4349 DISCIPULIS
2908 4288 3071 4346 JESU

2124 4364 2329 4419 IBANT
2372 4366 2517 4420 IPSA
2558 4365 2669 4418 DIE

2198 4436 2261 4491 IN
2298 4435 2714 4492 CASTELI.UM

2122 4507 2309 4576 QUon
2350 4508 2536 4563 ERAT
2580 4506 2645 4562 IN
2686 4505 2933 4562 SPATIO

2198 4579 2595 4636 STADIORUM
2636 4577 2847 4633 SICXA-

2198 4651 2407 4706 GINTA
2446 4653 2536 4705 AB
2577 4646 3024 4705 HIERUSALEM

2125 4721 2391 4777 NOMINE
2434 4722 2744 4777 EMMAUS.

1985 4844 1993 4895 ξ
2056 4838 2297 4906 Quatuor
2338 4837 2390 4892 hi
2439 4853 2627 4893 versus
2658 4838 2893 4907 antiquae
2927 4835 3316 4903 distinctionis,
3359 4835 3580 4891 unicum

1983 4931 2323 4987 constituunt
2352 4931 2405 4985 in
2444 4940 2630 4985 nostra
2658 4930 2883 5002 Vulgata
2910 4930 3101 4985 Latina
3134 4930 3265 4984 Luc.
3301 4943 3455 4995 xxiv,
3489 4929 3577 4983 l5.

1988 5023 2159 5079 Tanta
2202 5024 2368 5094 igitur
2406 5025 2507 5079 erit
2548 5023 2803 5079 distantia
2843 5039 3193 5079 numerorum
3238 5021 3293 5077 in
3335 5021 3585 5077 versibus

1985 5118 2209 5174 Biblicis
2238 5119 2379 5191 apud
2404 5134 2503 5175 nos
2523 5128 2578 5175 et
2600 5119 2744 5189 apud
2768 5121 3058 5191 Antiquos,
3088 5129 3289 5190 quanta
3320 5127 3403 5174 est
3428 5118 3586 5173 unius

1986 5213 2157 5282 partis
2200 5213 2266 5267 ad
2313 5221 2547 5283 quatuor
2589 5222 2790 5281 partes.
2822 5212 3003 5281 Quare
3033 5212 3304 5268 nemiuem
3335 5219 3589 5267 moveant

1986 5306 2122 5361 adeo
2151 5304 2495 5361 dissonantes
2525 5305 2734 5360 numeri
2767 5320 3041 5371 versuum,
3073 5304 3162 5375 qui
3189 5303 3350 5358 hodie
3377 5318 3582 5374 suppu-

1989 5406 2170 5451 tantur
2196 5396 2248 5451 in
2274 5399 2445 5453 sacris
2467 5397 2853 5465 voluminibus,
2876 5412 2999 5452 cum
3031 5397 3139 5452 illis
3162 5411 3421 5452 versuum
3450 5411 3584 5451 eun--

1987 5492 2400 5556 merationibus,
2446 5508 2567 5562 quae
2615 5492 2866 5563 leguntur
2901 5492 2954 5546 in
2990 5492 3263 5547 veteribus
3292 5490 3588 5548 Bibliorum

1990 5600 2268 5641 sacrorum
2299 5587 2701 5655 exemplaribus
2743 5587 3143 5657 manuscriptis,
3178 5585 3382 5642 Graecis
3431 5592 3592 5651 atque

1989 5678 2235 5735 Latinis:
2264 5679 2587 5736 Incredibile
2621 5681 2795 5735 visum
2839 5688 2924 5735 est
2966 5695 3172 5750 nupero
3202 5675 3452 5747 scriptori
3483 5675 3593 5730 eri-

1991 5773 2119 5841 tico,
2154 5772 2207 5827 in
2233 5774 2351 5829 solo
2376 5772 2498 5829 Jobi
2527 5772 2807 5829 volumine
2837 5772 3074 5828 defuisse
3102 5771 3470 5841 septingentos
3500 5765 3594 5822 vel

1989 5868 2335 5939 octingentos
2392 5882 2584 5926 versus
2628 5878 2755 5923 ante
2805 5866 3101 5923 editionem
3151 5863 3394 5935 ejusdem
3444 5861 3591 5931 libri,
