4040 6360
257 360 357 416 12';

937 353 1501 411 PROLECOMENON
1546 353 1634 410 IV.
1675 354 1765 410 DE
1806 346 2097 422 Ti'l'ULIS,
2142 349 2288 411 ETC.
2329 355 2431 413 SS.
2477 353 2872 414 BIBLIORUM.

3447 356 3548 413 1‘26

253 488 648 540 numerorum,
682 481 949 544 quotquot
994 480 1154 534 sunt,
1209 484 1374 540 penes
1411 469 1664 539 antiquos
1698 479 1860 524 erunt
1888 469 1936 530 Α
1964 469 2281 540 aliquando,
2314 482 2725 540 nonnumquam
2753 471 2804 525 in
2847 471 2953 526 ﬁne
2982 481 3162 526 sectas
3183 480 3236 527 et
3264 470 3555 542 imperfec-

251 569 516 625 librarios
538 611 554 634 ,
584 578 643 625 et
687 567 1059 639 exseriptores
1098 564 1401 633 imperitos.
1426 563 1597 619 Porro
1635 564 1856 620 tertium

248 661 532 719 Canouem
566 663 832 717 librorum
861 674 1142 715 sacrorum
1183 673 1304 713 cum
1347 673 1575 713 numero
1602 671 1856 713 versuum

249 756 484 827 singulis
527 755 684 810 libris
725 761 1007 822 auuotato,
1057 750 1349 823 Nicephori
1379 751 1700 822 patriarchae
1726 764 1859 805 cou-

247 847 727 918 stantinopolitani
758 861 881 901 esse
902 845 1163 900 diximus.
1181 844 1336 899 Hunc
1363 843 1536 899 edidit
1563 843 1718 898 nobis
1735 857 1861 898 eru-

248 943 558 998 ditissimus
585 942 645 998 P.
675 941 921 996 Pithoeus
953 941 1003 993 iu
1029 937 1289 1009 opusculo
1318 937 1385 993 de
1408 938 1616 993 Latinis
1641 937 1737 992 SS.
1771 935 1860 991 Bi-

251 1036 490 1090 bliorum
524 1034 913 1105 interpretibus
933 1076 946 1095 ,
975 1049 1083 1103 quo
1109 1033 1356 1087 curiosus
1381 1032 1554 1086 lector
1584 1046 1643 1085 se
1670 1045 1860 1084 aman-

246 1127 373 1182 dari
419 1127 678 1198 patietur.
723 1126 958 1181 Iudicem
1000 1125 1235 1196 denique
1279 1125 1547 1179 columnae
1587 1132 1797 1194 quartae
1826 1138 1858 1180 e

243 1220 462 1276 Graecis
491 1220 900 1287 exemplaribus
930 1219 1266 1288 deprompsit
1292 1228 1418 1272 ante
1450 1233 1545 1272 nos
1587 1217 1858 1274 Robertus

243 1314 600 1384 Stephanus,
654 1315 712 1370 in
757 1330 865 1385 quo
901 1316 944 1369 si
981 1315 1108 1386 quid
1139 1315 1476 1369 difﬁcultatis
1525 1315 1853 1385 emerserit,

249 1421 551 1464 recurrere
580 1408 750 1462 debes
796 1407 862 1461 ad
908 1408 1205 1462 editionem
1251 1407 1493 1463 Grmcam
1537 1407 1662 1462 novi
1693 1416 1857 1461 testa-

241 1501 449 1564 menti,
482 1501 905 1572 elegantissimis
925 1501 1068 1572 typis
1095 1500 1164 1556 ab
1185 1500 1378 1556 eodem
1406 1500 1672 1572 scriptore
1692 1499 1854 1554 ador-

239 1604 464 1650 natam.

319 1685 582 1756 lnjurism
635 1685 922 1742 nobiscum
969 1686 1322 1757 expostulare
1355 1698 1581 1758 possent
1627 1687 1856 1745 studiosi

251 1779 542 1842 lectores,
595 1781 641 1834 si
687 1779 1092 1836 dissimularem
1149 1781 1370 1838 silentio
1399 1798 1616 1838 errores
1661 1783 1855 1852 nuperi

1963 572 2064 617 tas.
2120 563 2214 618 His
2267 562 2644 634 adjuugendus
2698 561 2934 620 Biblicus
2978 561 3154 619 codex
3202 560 3556 622 Corbeiensis

1958 655 2202 725 ejusdem
2227 654 2402 710 aetatis
2434 671 2555 710 cum
2584 655 2870 727 superiori,
2903 656 2956 710 in
2989 669 3096 727 quo
3123 655 3267 710 Ruth
3298 655 3461 710 habet
3487 654 3553 710 li-

1961 763 2091 802 neas
2113 749 2242 803 218.
2265 748 2319 802 lu
2349 747 2615 804 columnis
2643 748 2870 820 singulis
2895 749 3052 804 linea:
3076 747 3300 810 sun145.
3331 761 3382 805 et
3411 747 3464 804 in
3488 749 3555 804 li-

1962 843 2078 897 neis
2104 842 2376 898 dictiones
2397 842 2451 908 4,
2470 843 2520 908 5,
2549 843 2603 909 6,
2630 845 2682 912 7,
2717 844 2797 899 vel
2825 844 2878 909 8,
2907 854 2961 898 ut
2992 843 3241 914 leguntur
3261 842 3314 898 in
3345 855 3552 913 prasce-

1960 936 2216 992 dentibus
2238 951 2368 992 mss.
2385 937 2684 993 codicibus.
2703 938 2907 993 Nuncsi
2929 936 3338 992 meminerimus
3355 936 3549 993 librum

1962 1028 2102 1083 Ruth
2129 1027 2270 1098 apud
2291 1029 2541 1099 antiquos
2567 1031 2869 1100 scriptores
2899 1031 3304 1086 ecclesiasticos
3327 1029 3556 1086 habuis-

1958 1137 2018 1176 se
2045 1131 2250 1177 tantum
2285 1138 2472 1178 versus
2495 1126 2618 1193 ΞΜ),
2657 1132 2762 1178 tam
2793 1125 2846 1178 iu
2878 1125 3098 1195 antiqua
3125 1123 3394 1178 divisione
3419 1132 3549 1180 ante

1961 1217 2390 1289 Hieronymum,
2433 1235 2592 1288 quam
2654 1219 2708 1274 in
2763 1219 3039 1274 codicibus
3110 1217 3556 1290 Hieronymiaua:

1958 1311 2252 1375 versiouis,
2282 1311 2404 1380 quis
2436 1309 2814 1381 mquauimiter
2860 1311 2996 1368 feret
3044 1319 3122 1365 tot
3151 1321 3440 1382 tantosque
3469 1325 3558 1366 er-

1961 1418 2110 1458 rores
2141 1417 2360 1473 nuperre
2390 1404 2594 1458 critiem
2618 1404 2820 1459 veteris
2850 1403 3183 1459 Testameuti
3213 1447 3224 1469 ,
3257 1419 3378 1474 qua“:
3409 1404 3554 1459 mul-

1966 1497 2033 1551 tis
2065 1495 2328 1553 studiosis
2353 1498 2667 1553 hominibus
2697 1499 2915 1570 impune
2943 1497 3122 1553 fucum
3165 1497 3294 1553 facit
3317 1498 3367 1552 iu
3395 1498 3558 1555 rebus

1960 1607 2111 1646 nunc
2137 1592 2375 1655 levioris,
2409 1607 2551 1645 nunc,
2571 1591 2880 1661 gravissimi
2913 1593 3195 1647 momenti.
3227 1591 3444 1647 Falsum
3469 1601 3556 1649 est

1961 1697 2172 1741 veteres
2201 1686 2504 1756 appellasse
2530 1701 2705 1740 versus
2735 1701 3102 1757 quascumque
3126 1685 3293 1741 lineas
3322 1687 3556 1758 scriptu-

1960 1795 2032 1834 τιτι
2075 1796 2089 1846 ;
2117 1780 2310 1835 falsum
2336 1795 2548 1851 quoque
2577 1781 2696 1836 illas
2738 1781 2899 1836 lineas
2921 1791 3173 1836 constare
3195 1797 3284 1835 sea:
3310 1780 3554 1836 dictioni-

238 1873 432 1927 critici
461 1871 768 1943 scriptoris,
799 1874 893 1944 qui
939 1889 1037 1943 pro
1065 1888 1216 1929 more
1260 1876 1371 1930 suis
1405 1875 1690 1944 indulgens
1721 1889 1850 1928 con-
1891 1871 1934 1934 Β
1965 1874 2076 1940 bus,
2136 1874 2484 1930 falsissimum
2518 1874 2751 1947 denique
2787 1890 2850 1929 ex
2905 1875 3151 1929 adnotato
3181 1890 3395 1929 numero
3443 1890 3558 1929 ver-

240 1967 490 2037 jecturis
516 1968 905 2023 multa'statuit
925 1971 989 2022 de
1018 1983 1272 2024 versuum
1309 1970 1636 2025 Bililicorum
1666 1967 1859 2023 distin-

240 2060 530 2116 ctionibus
577 2074 641 2115 ac
685 2075 935 2126 numero,
983 2062 1036 2116 in
1069 2062 1266 2133 quibus
1297 2063 1440 2116 nulla
1494 2071 1576 2117 est
1606 2063 1805 2116 veritas
1839 2079 1854 2117 :

240 2153 498 2224 dumque
518 2153 693 2208 aliena
722 2153 926 2222 sacpius
955 2153 1146 2209 nititur
1165 2155 1463 2210 emendare
1485 2155 1637 2218 vitia,
1671 2163 1857 2209 osten-

243 2245 336 2301 dit
369 2260 492 2302 sua.
525 2246 751 2302 Putavit
773 2247 857 2300 vir
897 2248 1082 2302 multm
1109 2249 1359 2305 lectionis
1386 2259 1602 2304 veteres
1628 2250 1859 2321 scripto-

245 2354 350 2394 res
376 2351 554 2394 vernis
575 2338 880 2409 appellasse
919 2354 1290 2411 quascumque
1320 2340 1697 2395 distinctiones
1726 2355 1860 2395 con-

248 2443 444 2490 textus
473 2434 759 2500 librorum,
789 2451 928 2508 quas
958 2451 1060 2490 uos
1081 2437 1290 2493 Gallico
1319 2452 1572 2493 sermone
1601 2451 1859 2492 vocamus

245 2529 457 2601 ligus;
481 2527 654 2584 Graeci
688 2541 867 2586 autem
897 2533 1141 2602 στίχους.
1173 2530 1369 2587 Lineas
1399 2546 1530 2586 vero
1560 2531 1858 2585 vocabulo-

247 2635 375 2674 rum
421 2630 577 2676 certo
631 2638 846 2678 numero
875 2622 1045 2678 fuisse
1076 2624 1398 2695 prwﬁnitas;
1451 2624 1522 2678 ita
1553 2633 1609 2677 ut
1643 2639 1710 2677 ex
1756 2639 1860 2677 nu-

258 2727 419 2766 mero
456 2728 711 2769 versuum
743 2717 796 2769 in
825 2716 933 2770 ﬁne
961 2715 1225 2770 librorum
1253 2707 1530 2781 annutato,
1570 2715 1726 2770 facile
1755 2715 1862 2768 sci-

250 2818 410 2862 retur
435 2820 557 2878 quot
591 2820 758 2864 essent
787 2809 1036 2864 dictiones
1064 2811 1115 2863 in
1139 2809 1368 2878 singulis
1407 2808 1582 2864 libris.
1617 2807 1860 2879 Denique

251 2905 620 2975 Augustinum
650 2906 964 2976 frequenter
995 2907 1306 2962 meminisse
1339 2908 1388 2960 in
1423 2906 1644 2975 speculo
1676 2905 1863 2976 hujus-

253 3000 403 3052 modi
435 3011 694 3064 uersuum,
725 3010 781 3055 et
807 3017 869 3054 ex
912 3000 1199 3054 nonnullis
1223 3000 1290 3054 ab
1319 3014 1387 3053 eo
1417 2999 1658 3054 recitatis
1677 2996 1861 3069 colligi

253 3105 446 3161 posse,
479 3108 894 3165 unumquemque
924 3109 1125 3147 versum
1153 3109 1242 3148 sea:
1265 3101 1464 3146 tantum
1486 3092 1725 3145 habui‘se
1751 3091 1862 3144 dic-

252 3189 440 3242 tiones.
486 3187 564 3243 ita
596 3189 781 3244 docuit
811 3190 1034 3245 criticus
1065 3201 1275 3258 auctor,
1309 3189 1398 3259 qui
1451 3202 1636 3242 secum
1689 3201 1859 3242 exor-

1957 1984 2108 2022 suum
2136 1969 2434 2026 intumuisse
2459 1969 2779 2037 lectoribus,
2811 1979 2936 2042 quot
2979 1979 3144 2024 essent
3201 1968 3450 2022 dictiones
3501 1968 3556 2023 in

1957 2062 2177 2130 singulis
2208 2060 2374 2116 libris.
2408 2062 2659 2132 Quinque
2709 2062 3090 2134 antiquissima
3127 2067 3480 2116 monumenta
3525 2075 3557 2115 a

1961 2153 2120 2208 nobis
2142 2157 2326 2220 citata,
2361 2169 2460 2210 uec
2491 2171 2647 2224 pares
2681 2154 2880 2210 habent
2907 2154 3103 2222 lineas,
3145 2170 3245 2209 uec
3285 2153 3550 2223 aequalem

1961 2247 2256 2302 dictionum
2307 2264 2592 2304 numerum
2625 2249 2674 2302 in
2727 2249 2913 2317 lineis,
2945 2264 3049 2303 nec
3088 2247 3322 2303 similem
3355 2247 3407 2302 in
3440 2255 3553 2302 toto

1963 2343 2101 2396 lihro
2129 2343 2389 2397 linearum
2416 2358 2698 2398 numerum
2729 2361 2742 2397 ε
2769 2343 2870 2399 etsi
2905 2359 3001 2413 pro
3031 2343 3170 2397 libro
3207 2341 3348 2397 Ruth
3375 2356 3558 2413 requa-

1962 2436 2026 2490 lis
2058 2436 2109 2488 in
2139 2436 2217 2491 eis
2239 2446 2528 2490 annotatus
2557 2437 2629 2491 sit
2657 2453 2892 2490 versuum
2922 2454 3164 2491 numerus
3195 2437 3246 2492 in
3282 2436 3385 2491 line
3411 2437 3561 2507 ejus-

1962 2529 2082 2584 dem
2113 2530 2427 2595 voluminis,
2471 2546 2665 2601 nempe
2693 2545 2883 2585 versus
2908 2529 3033 2585 ‘250.
3068 2529 3315 2585 Proferat
3343 2530 3394 2584 in
3429 2545 3546 2585 me-

1963 2623 2108 2677 dium
2138 2623 2366 2679 criticus
2394 2632 2599 2685 uoster,
2654 2624 2699 2678 si
2734 2635 2910 2678 tamen
2948 2623 3211 2694 potuerit,
3249 2623 3558 2678 vetustissi-

1964 2731 2108 2770 mum
2141 2715 2360 2786 aliquod
2405 2715 2686 2786 exemplar
2713 2714 3010 2770 Bibliorum
3039 2757 3052 2782 ,
3087 2714 3140 2770 in
3174 2727 3282 2784 quo
3329 2713 3556 2786 aqualis

1963 2815 2034 2869 sit
2064 2829 2323 2870 numerus
2372 2830 2626 2870 versuum
2678 2823 2967 2870 aunotatus
3018 2815 3070 2869 in
3128 2814 3258 2886 ﬁne,
3294 2830 3416 2870 cum
3447 2830 3555 2870 uu-

1967 2924 2119 2963 tnero
2153 2909 2440 2973 linearum,
2495 2907 2692 2979 quibus
2738 2907 2867 2961 illud
2920 2907 3201 2978 exemplar
3226 2907 3561 2979 descriptum

1965 3013 2066 3058 est.
2103 3002 2369 3058 Ostendat
2424 3003 2620 3057 iterum
2654 2999 2893 3072 singulas
2937 3003 3109 3056 liueas
3149 3001 3202 3056 iu
3248 3001 3344 3056 illo
3373 3016 3560 3057 exem-

1967 3095 2100 3164 piari
2133 3094 2338 3149 habere
2367 3109 2458 3148 sex
2493 3101 2703 3148 tantum
2752 3093 3038 3160 dictiones,
3066 3104 3122 3149 et
3149 3110 3215 3149 ex
3256 3109 3322 3150 eo
3367 3095 3564 3150 dictio.

1969 3204 2094 3241 num
2128 3201 2360 3243 numero
2383 3185 2453 3241 ita
2486 3186 2928 3257 circumscripto,
2963 3189 3145 3242 statim
3176 3188 3397 3258 agnosci
3427 3196 3559 3257 quot

252 3279 688 3336 tamdivinarum
704 3283 1094 3351 scripturarum
1120 3281 1367 3352 peritiam
1392 3279 1530 3350 apud
1557 3278 1856 3334 catholicos
1885 3272 1930 3336 C
1963 3283 2074 3336 sint.
2114 3282 2384 3338 dictiones
2441 3283 2492 3336 in
2546 3283 2662 3347 tali,
2712 3282 2788 3338 vel
2825 3281 2916 3336 tali
2967 3283 3127 3338 libro.
3164 3283 3218 3339 Si
3274 3284 3375 3338 hoc
3413 3280 3561 3339 fece-

253 3377 359 3432 sibi
379 3377 688 3448 gratulatur
710 3418 727 3444 ,
760 3391 824 3432 ac
854 3391 1040 3432 secum
1083 3375 1376 3446 aliquando
1401 3390 1628 3446 prorsus
1653 3373 1856 3428 cxs1iu-

253 3453 525 3544 guendam
557 3473 912 3544 pertimescit.
937 3472 1043 3528 Sed
1072 3475 1365 3526 vanitatem
1396 3469 1554 3540 hujus
1587 3469 1857 3538 opinionis

257 3567 556 3622 ostendere
603 3566 659 3622 in
687 3575 944 3636 promptu
988 3565 1149 3619 nobis
1177 3573 1261 3620 est
1291 3579 1356 3618 ex
1385 3579 1492 3617 uno
1521 3562 1661 3616 Ruth
1701 3561 1855 3615 volu-

257 3659 405 3714 mine
431 3701 445 3723 ,
478 3657 623 3728 quod
655 3672 846 3728 magna
895 3655 1218 3710 curiositate
1259 3662 1430 3709 totum
1478 3654 1766 3723 perlegens
1802 3650 1857 3705 in

260 3753 512 3823 plurimis
540 3750 994 3820 mss.codicibus,
1019 3749 1294 3804 numeravi
1325 3747 1517 3808 lineas,
1548 3757 1600 3799 et
1617 3743 1860 3814 singulas

255 3848 551 3914 dictiones,
573 3852 634 3900 ut
649 3845 909 3916 judicium
930 3843 1186 3898 haberem
1215 3839 1283 3896 de
1297 3839 1441 3894 falsis
1469 3837 1861 3894 observationi-

261 3945 362 3997 bus
379 3941 484 3996 viri
508 3938 828 4010 supradicti.
854 3937 988 3992 Eam
1012 3949 1142 3991 vero
1167 3949 1285 3989 rem
1314 3933 1642 4003 expendere,
1672 3941 1723 3986 et
1755 3931 1863 3986 die-

256 4037 440 4091 tiones
493 4047 822 4089 enumerare
863 4030 1014 4086 volui
1062 4031 1117 4084 in
1151 4028 1291 4083 libro
1330 4028 1512 4096 Ruth,
1546 4026 1688 4098 quod
1745 4027 1861 4099 ipse

257 4127 529 4185 brevitate
544 4141 643 4183 sua
655 4125 726 4181 sit
739 4123 1200 4180 accommodatior
1226 4129 1412 4176 nostro
1429 4120 1678 4189 consilio,
1711 4135 1862 4175 eum-

256 4225 491 4295 demque
503 4221 700 4278 habeat
713 4235 995 4276 numerum
1011 4233 1261 4274 versuum
1277 4217 1330 4272 in
1342 4215 1618 4272 codicibus
1632 4230 1760 4271 mss.
1775 4229 1863 4269 ve-

257 4317 905 4376 tusﬁssimisanuotatum
933 4311 1194 4370 adﬁnem.
1227 4311 1539 4368 LilierRuth
1565 4311 1733 4364 inuis.
1757 4307 1863 4364 ite-

262 4417 349 4488 gio
373 4411 678 4470 Bibliorum
709 4425 984 4466 sacrorum
1008 4392 1362 4464 codiCenuui.
1379 4404 1541 4473 556⁸5,
1557 4403 1863 4472 descriptus

267 4511 318 4563 in
353 4506 569 4564 duabus
596 4505 871 4562 columnis
899 4502 1194 4558 minutiore
1221 4517 1380 4556 manu
1411 4501 1527 4554 sive
1555 4505 1859 4565 caractere,

258 4603 427 4660 habet
458 4602 635 4658 lineas
679 4599 821 4666 3'55;
852 4597 1079 4683 singula:
1121 4597 1390 4651 columnae
1423 4594 1860 4663 complectuntur

1963 3375 2053 3441 rit,
2095 3374 2196 3428 erit
2251 3374 2402 3429 nobis
2460 3388 2686 3445 magnus
2716 3374 2912 3443 Apollo
2939 3421 2953 3444 ,
2989 3386 3041 3430 et
3088 3391 3193 3445 ego
3245 3376 3559 3434 criticorum

1963 3468 2243 3522 abortivus
2281 3466 2554 3538 proferam
2597 3469 2649 3523 in
2691 3467 2926 3524 taedium
2963 3477 3220 3526 sexcenta
3251 3469 3557 3538 volumina,

1963 3579 2080 3634 quae
2111 3562 2272 3618 ﬁdem
2303 3562 2594 3618 excludant
2621 3563 2819 3619 eruditi
2843 3562 3001 3632 hujus
3031 3561 3153 3618 viri.

2038 3655 2126 3711 iV.
2162 3655 2218 3712 ln
2262 3656 2364 3712 hoc
2399 3657 2648 3726 prtesenti
2710 3657 2939 3712 articulo
2970 3657 3212 3713 breviter
3259 3657 3556 3726 qua-rimus

1964 3763 2029 3802 an
2063 3747 2168 3802 sint
2200 3757 2368 3805 metra
2408 3749 2461 3803 in
2487 3748 2786 3817 Scripturis
2833 3750 3027 3816 sacris,
3082 3765 3146 3804 ac
3201 3750 3476 3821 prtecipue
3506 3751 3560 3806 iu

1966 3840 2196 3895 Psalmis
2227 3840 2479 3896 Davidis?
2515 3841 2869 3896 famosissima
2921 3842 3138 3912 quidem
3168 3841 3419 3914 quaestio,
3463 3833 3558 3898 sed

1965 3933 2104 4003 apud
2137 3947 2231 3988 eos
2259 3931 2560 4000 dumtaxat,
2585 3933 2674 4003 qui
2707 3933 2868 3988 rudes
2897 3944 3022 3988 sunt
3054 3935 3106 3988 in
3137 3933 3318 4004 lingua
3349 3942 3556 4002 sancta,

1967 4042 2068 4082 nec
2097 4025 2369 4081 solvendae
2398 4026 2522 4080 huic
2549 4023 2854 4082 difﬁcultati
2901 4041 2965 4080 ex
2997 4043 3056 4082 se
3089 4041 3243 4098 pares
3275 4026 3561 4082 inveniun-

1965 4133 2072 4178 tur.
2113 4122 2243 4176 Nam
2276 4120 2416 4176 inter
2447 4121 2717 4176 doctiores
2750 4130 2805 4177 et
2832 4122 3159 4178 exercitatos
3190 4123 3241 4176 in
3298 4121 3449 4176 libris
3477 4135 3564 4175 sa-

1965 4218 2072 4272 cris
2103 4213 2241 4270 haud
2275 4215 2568 4288 ambigitur
2599 4213 2876 4270 metricam
2927 4230 3049 4270 esse
3095 4215 3147 4270 in
3197 4213 3435 4270 Cauticis
3467 4213 3560 4268 Bi-

1965 4309 2197 4368 bliorum
2237 4309 2710 4381 compositionem.
2746 4308 2800 4363 Id
2839 4308 2994 4364 Philo
3041 4307 3352 4366 Judaeorum
3391 4305 3563 4362 diser-

1970 4403 2232 4468 tissimus,
2249 4410 2306 4458 et
2323 4401 2757 4474 sapientissimus
2781 4402 3051 4473 Josephus
3072 4415 3332 4474 expresse
3360 4399 3563 4455 docue-

1968 4507 2114 4554 runt.
2149 4498 2214 4552 Et
2241 4507 2361 4568 post
2387 4499 2707 4552 vernaculos
2760 4497 2884 4553 illos
2919 4496 3230 4554 Judaeorum
3265 4493 3561 4565 scriptores

1967 4591 2109 4647 idem
2134 4606 2346 4662 quoque
2376 4593 2617 4647 attestati
2645 4601 2771 4647 sunt
2791 4589 3079 4662 Origenes,
3111 4588 3401 4654 Eusebius,
3429 4588 3559 4643 Am-

255 4697 433 4756 lineas
453 4693 562 4762 42;
595 4695 758 4748 lineae
779 4707 908 4748 vero
932 4672 1040 4746 tres
1060 4688 1328 4746 interdum
1349 4688 1550 4745 habent
1572 4686 1857 4753 dictiones,
1889 4672 1938 4732 Ῐ)
1967 4684 2211 4754 brosius,
2238 4695 2293 4740 et
2342 4684 2701 4756 Hieronymus
2731 4700 2852 4742 cum
2885 4682 3186 4738 innumeris
3211 4681 3332 4738 aliis
3363 4697 3559 4737 recen-

261 4788 535 4845 uonnullte
549 4786 1027 4860 quatuoriutegras
1043 4798 1164 4839 cum
1188 4781 1464 4838 dimidiata
1486 4781 1740 4843 dietione,
1760 4778 1860 4832 ali-

260 4883 479 4955 quando
498 4883 759 4954 quiuque,
784 4879 865 4936 vel
895 4895 1013 4950 sex,
1035 4877 1117 4935 vel
1139 4883 1367 4950 septem.
1398 4875 1738 4933 Colbertinus
1753 4887 1857 4928 ms.

263 4993 417 5032 num.
435 4975 539 5032 157
556 4974 752 5032 librum
767 4973 912 5028 Ruth
925 4973 1196 5042 integrum
1211 4968 1784 5026 describithﬁliueis.
1801 4966 1859 5022 In

262 5067 529 5124 columnis
541 5067 660 5137 ejus
672 5065 832 5121 lineae
845 5067 914 5121 4⁸5
927 5074 1300 5120 numerantur.
1318 5062 1499 5118 Linea
1515 5061 1751 5132 quinque
1767 5061 1860 5114 lia-

264 5162 816 5229 bentdictiones,aut
836 5160 891 5227 6,
916 5169 1008 5213 aut
1035 5159 1090 5225 7,
1120 5173 1240 5214 cum
1273 5157 1473 5227 aliquot
1501 5155 1746 5228 syllabis,
1775 5153 1862 5209 vel

264 5257 423 5310 etiam
441 5253 494 5310 8.
513 5252 666 5320 Alter
679 5249 1024 5308 Colbertiuus
1040 5266 1166 5306 num
1181 5295 1189 5303 .
1206 5250 1275 5304 7i
1301 5257 1470 5305 totum
1495 5248 1687 5302 librum
1714 5243 1861 5300 Rulli

266 5348 496 5404 absolvit
524 5345 631 5402 565
657 5345 838 5401 lineis.
861 5343 1141 5401 Columnce
1167 5344 1367 5398 habent
1391 5342 1459 5398 50
1483 5342 1671 5408 lineas;
1709 5342 1864 5396 linem

267 5441 549 5496 continent
577 5452 722 5493 nunc
746 5438 878 5493 duas
907 5438 1170 5492 dictiones
1193 5444 1285 5490 aut
1314 5445 1442 5500 tres;
1463 5434 1592 5488 alibi
1613 5443 1720 5488 tres
1740 5449 1862 5487 cum

268 5531 509 5595 dimidia,
535 5538 683 5586 nunc
705 5538 940 5600 quatuor
975 5527 1058 5584 vel
1081 5528 1338 5598 quinque.
1367 5523 1549 5580 Codex
1571 5525 1863 5580 Bibliorum

268 5624 799 5684 Seu-Germanensis
824 5635 948 5678 ante
966 5622 1308 5692 octingentos
1331 5633 1499 5674 annos
1523 5619 1574 5672 iu
1599 5618 1868 5672 membra-

270 5721 350 5774 uis
371 5725 649 5784 exaratus,
671 5723 998 5787 notatusque
1029 5731 1178 5770 num.
1208 5715 1262 5781 5,
1291 5712 1463 5767 lineas
1495 5711 1652 5766 habet
1674 5711 1725 5765 iu
1756 5720 1867 5768 toto

269 5810 410 5868 Ruth
449 5808 732 5874 volumine
763 5816 970 5863 tantum
1010 5807 1147 5874 243;
1180 5806 1448 5862 colurnum
1489 5804 1768 5860 continent
1797 5804 1865 5858 53

270 5906 478 5973 lineas;
515 5903 674 5960 lineae
725 5903 782 5968 4,
809 5901 868 5967 5,
902 5903 955 5970 ﬁ,
981 5902 1036 5970 7,
1089 5902 1174 5958 vel
1221 5903 1255 5954 8
1286 5899 1588 5967 dictiones,
1621 5899 1866 5968 integras

1969 4777 2122 4832 tioris
2153 4776 2251 4832 aivi
2274 4776 2589 4835 auctoribus
2611 4775 3019 4844 ecclesiasticis,
3047 4789 3281 4846 cumque
3307 4775 3564 4831 eruditis-

1967 4871 2104 4926 simo
2131 4869 2430 4926 scholiaste
2459 4869 2694 4926 Cauouis
2731 4869 3014 4926 Hebraicae
3039 4870 3312 4939 veritatis,
3345 4869 3436 4942 qui
3481 4867 3566 4924 di-

1967 4970 2113 5018 scrte
2141 4962 2385 5018 eamdem
2416 4963 2740 5017 sententiam
2779 4973 2960 5018 tuetur
3011 4963 3062 5018 iu
3093 4960 3205 5018 suis
3233 4959 3562 5030 Quaestioni-

1967 5056 2066 5113 bus
2109 5056 2390 5112 llebraieis
2433 5057 2499 5111 ad
2531 5072 2580 5111 c.
2613 5057 2683 5111 23
2731 5056 2853 5111 libri
2899 5056 3219 5126 posterioris
3248 5055 3516 5112 Samuelis
3547 5070 3563 5110 :

1967 5148 2098 5205 Hice
2126 5159 2245 5204 sunt
2271 5151 2420 5204 verba
2449 5149 2612 5204 David
2638 5151 2933 5205 novissima.
2971 5149 3271 5204 Novissima
3305 5158 3448 5216 sunt,
3483 5147 3565 5203 in-

1967 5243 2083 5308 quit
2109 5240 2454 5310 scholiastes,
2482 5244 2604 5313 quia
2626 5251 2742 5312 post
2764 5241 3077 5298 Psalterium
3096 5251 3142 5296 et
3171 5249 3354 5297 uetera
3382 5251 3564 5308 petra,

1971 5336 2065 5391 hoc
2093 5337 2440 5408 composuisse
2460 5347 2675 5391 metrum
2705 5337 2981 5402 dicitur,in
3011 5352 3111 5410 quo
3137 5337 3210 5389 ait
3239 5351 3255 5389 :
3281 5333 3422 5390 Dixit
3452 5332 3562 5387 Da—

1971 5432 2057 5486 rid
2083 5433 2224 5502 ﬁlius
2246 5430 2376 5488 lsai.
2406 5431 2551 5487 Dixit
2579 5433 2673 5500 vir,
2702 5433 2787 5486 cui
2814 5431 3091 5487 constituta
3121 5440 3194 5486 est
3215 5430 3355 5484 scala
3381 5426 3562 5483 Chris-

1976 5539 2027 5582 to
2054 5525 2151 5582 Dei
2171 5526 2355 5582 Iacob.
2403 5526 2518 5582 Non
2550 5527 2722 5583 solum
2748 5537 2918 5582 metra
2947 5525 3191 5597 agnoscit
3212 5524 3263 5579 in
3296 5521 3566 5577 Psalterio

1976 5619 2193 5675 Davidis
2217 5663 2232 5688 ,
2262 5629 2317 5676 et
2347 5622 2401 5676 iu
2433 5621 2645 5677 steteris
2683 5621 2800 5692 ejus
2851 5619 3123 5687 Canticis,
3156 5615 3250 5672 sed
3284 5613 3564 5673 metricam

1973 5715 2195 5786 insuper
2227 5717 2676 5788 compositionem
2712 5725 2764 5770 et
2813 5713 3102 5768 melodiam
3128 5707 3437 5765 Davidicam
3470 5704 3569 5760 ob-

1974 5817 2155 5866 servat
2183 5810 2233 5864 iu
2263 5810 2585 5884 supradictis
2605 5808 2788 5865 verbis
2806 5807 3128 5878 Scripturte,
3153 5819 3180 5857 ιι
3206 5815 3365 5858 versu
3388 5797 3569 5872 primo

1975 5905 2164 5977 capitis
2193 5921 2324 5960 χχιιι
2347 5901 2440 5962 lib.
2461 5901 2506 5960 li
2533 5903 2737 5976 Regum
2764 5900 2831 5958 ad
2860 5910 3109 5960 octavum
3133 5912 3304 5969 usque
3322 5909 3563 5954 versum.
