3992 6338
458 309 561 368 ΙΞῚ
1055 309 1148 369 Μ)
1185 307 1245 370 S.
1287 306 1667 368 IIIERONYMI
1703 304 1986 366 DIVINAM
2026 304 2539 367 BIBLIOTHECAM
2577 305 3125 366 PROLEGOMENA.
3520 348 3531 357 .
3645 299 3756 359 198

458 424 592 494 Quae
612 423 797 498 siquis
816 423 1087 485 curiosius
1110 432 1482 498 perscrutatus
1495 422 1853 492 luerit,facile
1874 422 2051 481 disce-
2075 424 2132 487 Α
2158 432 2265 481 tem
2308 433 2363 481 et
2399 424 2875 496 compositionem.
2910 422 3017 479 Sed
3048 419 3201 478 valde
3240 416 3480 478 celebris
3522 417 3642 476 haec
3670 424 3761 473 est

457 515 555 572 det
597 531 629 572 a
681 518 961 577 sententia
1019 518 1379 591 quorumdam
1426 517 1826 574 neotericorum
1857 516 2050 573 exisli-
2155 519 2387 590 quaestio
2426 534 2442 572 :
2497 518 2749 587 Quaenam
2774 517 2958 571 veteris
2984 514 3207 572 Poeseos
3238 529 3404 571 sacra:
3442 513 3568 570 olim
3594 511 3763 582 fuerit

460 606 724 664 mantium
777 619 949 667 metra
980 624 1089 666 non
1118 624 1243 668 esse
1271 609 1324 666 in
1366 609 1519 665 libris
1538 609 1733 675 sacris,
1764 607 1890 681 quia
1921 609 2053 666 illud
2156 613 2331 683 ratio?
2360 609 2551 668 Tantis
2575 625 2808 683 namque
2831 608 3242 665 dil'licultatibus
3265 607 3438 663 obsita
3456 614 3559 668 est.
3587 613 3648 662 ut
3667 604 3764 661 vix

460 701 639 759 edocti
670 710 800 760 sunt
824 703 919 762 abs
949 705 1106 760 novis
1132 702 1510 775 prudentibus,
1559 718 1790 775 quorum
1837 704 2056 761 nomina
2157 706 2293 763 certi
2325 705 2530 777 aliquid
2556 704 2627 762 de
2656 719 2720 761 ea
2764 704 2937 775 possit
2964 701 3176 759 haberi.
3212 701 3304 769 Et,
3334 701 3379 757 si
3408 700 3766 772 quamplures

461 802 640 864 taceo,
675 809 745 852 ne
765 810 1091 868 quemquam
1117 795 1317 852 laedere
1345 792 1554 850 videar.
1595 792 1724 850 Fuit
1748 795 2016 867 siquidem
2037 838 2054 863 ,
2159 799 2435 854 studiosos
2460 797 2769 862 audiamus,
2795 807 3001 852 tantum
3038 796 3212 862 abest,
3239 805 3296 851 ut
3322 809 3443 866 qua:
3470 791 3766 864 Iosephus,

457 885 637 961 inquit
658 903 769 946 non
800 904 984 957 nemo,
1007 886 1315 944 communis
1341 887 1695 957 antiquorum
1723 887 1910 959 opinio
1937 889 2056 961 plu-
2163 889 2345 959 Philo,
2372 888 2645 959 Eusebius,
2683 888 3055 960 Hieronymus,
3091 886 3464 956 Theodoretus,
3491 894 3541 942 et
3583 884 3774 942 Isido-

461 994 554 1037 res
584 979 883 1051 Scriptura!
914 990 1094 1053 partes
1122 979 1468 1052 maximeque
1495 978 1839 1049 Psalterium,
1861 990 1917 1038 et
1943 997 2063 1039 om-
2162 999 2254 1039 rus
2293 983 2362 1039 de
2403 981 2745 1040 carminibus”
2790 981 3089 1038 Bibliorum
3129 980 3489 1051 scripserunt,
3523 994 3636 1035 rem
3664 977 3774 1035 ob—

460 1071 549 1129 nia
576 1072 749 1130 l‘erme
779 1071 1035 1139 Cantica,
1067 1072 1316 1129 versibus
1359 1081 1638 1130 constare.
1703 1071 1895 1128 Verum
1946 1090 2062 1130 cum
2165 1091 2382 1135 scuram
2432 1078 2788 1136 illustriorem
2817 1078 3185 1147 reddiderint,
3231 1089 3285 1133 et
3339 1072 3640 1132 lectoribus
3669 1087 3773 1127 sa-

468 1168 591 1225 huic
644 1167 878 1240 opinioni
928 1167 1256 1239 refragantur
1310 1168 1550 1223 nonnulli
1599 1170 1943 1235 recentiores,
1974 1170 2065 1241 qui
2167 1166 2491 1239 tisl‘ecerint,
2518 1172 2645 1243 quin
2689 1171 2870 1243 potius
2916 1171 3153 1228 incertos
3180 1169 3351 1241 magis
3396 1176 3453 1225 et
3476 1164 3781 1239 perplexas

466 1258 706 1317 Psalmos
749 1257 1028 1315 Davidicos
1067 1260 1313 1315 carminis
1339 1260 1590 1317 vocabulo
1629 1261 1937 1334 insigniunt,
1991 1261 2065 1315 ita
2169 1263 2386 1320 animos
2415 1279 2603 1321 eorum
2634 1264 3007 1321 reddiderint:
3040 1264 3165 1336 quia
3210 1262 3287 1334 id,
3316 1261 3462 1334 quod
3491 1259 3568 1316 illi
3596 1255 3782 1314 tradi-

463 1354 716 1426 explicari
744 1364 980 1426 possunt,
1008 1363 1063 1410 ut
1083 1371 1261 1411 eorum
1281 1354 1556 1411 dictionem
1579 1371 1683 1411 non
1713 1361 1821 1410 tam
1842 1356 2068 1410 vinctam
2172 1355 2392 1425 derunt,
2424 1356 2669 1429 nuspiam
2698 1357 2942 1413 invenire
2969 1365 3285 1428 potuerunt.
3315 1354 3467 1412 Unde
3494 1352 3581 1409 vel
3609 1351 3783 1407 aliter

462 1446 699 1518 pedibus,
727 1463 882 1517 quam
907 1449 1179 1520 grandem,
1210 1448 1545 1519 patheticam,
1578 1456 1733 1519 atque
1758 1448 1828 1503 ad
1859 1457 2070 1503 cantum
2173 1453 2341 1507 verba
2372 1466 2569 1508 eorum
2597 1466 2722 1508 esse
2748 1451 3099 1523 intelligenda
3122 1450 3314 1507 volunt
3349 1460 3405 1506 et
3424 1444 3781 1518 exponenda,

462 1542 904 1598 accommodatam
934 1559 1044 1598 esse
1073 1543 1386 1619 signiﬁcent.
1411 1542 1694 1599 Falluntur
1721 1543 1813 1616 qui
1843 1543 1914 1600 ita
1937 1541 2073 1600 scri-
2176 1545 2259 1601 vel
2295 1544 2469 1601 fumos
2492 1543 2786 1601 lectoribus
2808 1543 3135 1612 vendidisse,
3161 1554 3215 1601 et
3233 1544 3392 1599 nimis
3417 1540 3676 1598 audacter
3693 1541 3770 1595 de

464 1645 716 1707 pserunt,
746 1651 853 1691 non
884 1644 1110 1706 possunt
1148 1635 1409 1708 explicari
1451 1636 1555 1692 boc
1581 1635 1742 1692 modo
1772 1635 2075 1706 scriptores
2176 1639 2341 1698 rebus
2360 1640 2623 1696 nonsatis
2644 1640 2878 1711 cognitis
2903 1647 3066 1711 atque
3088 1639 3385 1711 perspectis
3406 1652 3502 1693 eos
3526 1649 3786 1707 pronun-
3830 1707 3835 1713 '

467 1735 708 1795 veteres,
731 1729 821 1801 qui
851 1728 1096 1785 Psalmos
1112 1729 1399 1786 Davidicos
1420 1729 1678 1786 carminis
1697 1729 1964 1785 vocabulo
1990 1730 2074 1784 in-
2181 1735 2363 1791 tiasse.
2382 1734 2703 1805 Huiusmodi
2717 1734 3185 1804 expostulationes
3196 1732 3265 1787 ab
3277 1731 3604 1803 Hieronymo
3621 1741 3789 1784 amo-

466 1820 724 1894 signium.
754 1822 867 1879 Nisi
898 1821 1039 1880 forte
1058 1823 1259 1880 dixeris
1283 1823 1425 1893 apud
1453 1824 1748 1897 Josephum
1770 1824 1865 1882 lib.
1892 1841 1929 1881 ll
1957 1824 2069 1882 An-
2097 1829 2145 1890 B
2170 1841 2299 1884 vere
2324 1828 2684 1894 decrevimus,
2713 1840 2947 1899 eumque
2974 1841 3079 1882 non
3120 1826 3390 1881 {umorum
3411 1821 3783 1890 venditorem,

466 1913 603 1985 tiqq.
635 1915 814 1986 capite
846 1915 1056 1981 ultimo,
1111 1916 1162 1970 iu
1191 1915 1449 1993 ἑξαμέτρῳ
1475 1915 1610 1989 τόνῳ
1657 1920 1949 1977 συντιθήσιν
1979 1915 2042 1971 Ite

2211 1921 2267 1978 ed
2284 1920 2680 1992 Scripturarum
2700 1920 3004 1976 divinarum
3026 1916 3489 1977 consultissimum
3512 1914 3787 1985 interpre-

468 2015 699 2062 atametro
743 2022 889 2062 versu
934 2008 1244 2079 composuit,
1296 2006 1437 2063 idem
1477 2022 1600 2065 esse
1645 2008 1789 2081 quod
1820 2024 2071 2065 sermone
2174 2022 2282 2071 tem
2309 2014 2604 2071 ostendere
2629 2013 2964 2070 conabimur.
2978 2013 3112 2082 Qua:
3138 2026 3224 2068 res
3248 2024 3513 2083 prospere
3534 2017 3592 2064 ut
3613 2006 3785 2063 nobis

469 2099 661 2172 grandi
687 2109 733 2153 et
768 2100 1032 2173 pathetica
1060 2100 1284 2155 dictione
1306 2099 1494 2157 laudes
1537 2101 1631 2157 Dei
1662 2101 1881 2157 cecinit.
1913 2100 2070 2173 Apud
2172 2106 2408 2173 eveniat,
2430 2105 2549 2163 loca
2580 2106 2728 2177 prius
2750 2104 3097 2178 proponenda
3127 2111 3275 2171 sunt,
3299 2102 3352 2158 in
3372 2099 3572 2173 quibus
3595 2101 3785 2155 tomos

471 2190 755 2250 Philonem
778 2192 1053 2261 similiter,
1086 2202 1144 2251 et
1162 2194 1304 2265 apud
1331 2194 1723 2267 Hieronymum
1749 2210 1938 2252 versus
1969 2204 2073 2251 tre-
2174 2199 2485 2256 vendidisse
2518 2200 2928 2273 Hieronymum,
2961 2198 3313 2270 conqueritur
3342 2196 3650 2253 Buxtorlius
3677 2210 3793 2252 uo-

469 2294 653 2352 metro,
682 2294 729 2340 et
756 2294 1056 2342 tetrametro
1081 2286 1301 2342 iambico
1334 2295 1673 2353 constantes,
1722 2289 2072 2358 explicabun-
2173 2293 2321 2349 mine
2376 2292 2609 2349 aliorum
2665 2292 3058 2350 studiosorum.
3121 2289 3445 2346 Prmiatione
3502 2289 3663 2360 igitur
3718 2288 3787 2346 in

470 2386 559 2434 tur
589 2395 684 2450 per
701 2380 954 2452 grandem
996 2390 1044 2437 et
1067 2381 1380 2452 patheticam
1417 2381 1716 2450 dictionem,
1742 2382 1787 2438 si
1818 2382 1951 2440 lides
1978 2383 2074 2441 ha-
2174 2387 2445 2445 Chronica
2507 2387 2727 2444 Eusebii
2782 2383 3135 2442 Caesariensis
3189 2383 3260 2440 de
3314 2382 3793 2453 interpretationis

473 2471 667 2528 beatur
694 2488 859 2543 supra
885 2473 1198 2530 memoratis
1219 2474 1715 2531 observationibus.
1749 2475 1869 2531 Non
1898 2475 1979 2533 sic
2001 2476 2071 2533 il-
2175 2480 2495 2537 difﬁcultate
2539 2481 2814 2537 disserens
2857 2480 3245 2553 Hieronymus,
3305 2477 3422 2533 huc
3464 2476 3533 2533 de
3587 2474 3792 2531 metris

474 2563 721 2621 ludamus
746 2566 1079 2636 simplicitati
1103 2567 1389 2637 lectorum,
1415 2582 1483 2623 ne
1512 2567 1565 2624 in
1595 2582 1693 2623 nos
1717 2568 1923 2627 chartis
1950 2568 2075 2625 illu—
2176 2573 2573 2643 Scripturarum
2595 2572 2774 2628 obiter
2802 2572 3090 2629 observat:
3120 2569 3350 2640 Denique
3368 2568 3496 2641 quid
3517 2566 3791 2624 Psalterio

475 2662 605 2717 dant
657 2664 956 2735 scriptores
985 2664 1163 2735 periti.
1212 2664 1359 2720 ~Vera
1396 2673 1481 2721 est
1534 2679 1665 2736 ergo
1711 2665 2072 2737 Antiquorum
2175 2668 2452 2734 canorius,
2482 2667 2618 2737 quod
2654 2668 2710 2722 in
2736 2683 2929 2721 morem
2956 2665 3120 2720 nostri
3160 2661 3344 2720 Flacci
3371 2671 3418 2719 et
3444 2662 3615 2718 Grceci
3638 2660 3791 2717 Pin-

473 2754 657 2827 Opinio
686 2755 754 2813 de
796 2756 988 2813 metris
1010 2772 1075 2813 ac
1103 2756 1440 2813 carminibus
1477 2757 1903 2829 Scripturarum,
1934 2775 2072 2832 quo-
2176 2760 2293 2815 dari
2313 2776 2449 2814 nunc
2478 2758 2648 2813 iambo
2672 2759 2869 2828 currit,
2917 2774 3055 2813 nunc
3081 2756 3296 2812 Alcaico
3324 2763 3566 2828 personat
3595 2795 3611 2823 ,
3643 2770 3796 2809 nunc

475 2864 595 2905 rum
630 2850 817 2920 utique
839 2850 978 2906 ratio
1008 2851 1310 2907 carminum
1339 2867 1445 2907 non
1472 2852 1540 2909 ab
1565 2851 1747 2923 aliquo
1769 2855 2071 2919 nesciente,
2177 2852 2443 2926 Sapphico
2472 2861 2651 2919 tumet,
2675 2856 2814 2906 nunc
2837 2851 3099 2921 semipede
3124 2848 3614 2923 ingreditur?de
3636 2845 3796 2901 Deu-

476 2942 572 2996 sed
600 2942 668 2998 ab
696 2943 1050 2999 llebrmorum
1076 2944 1461 2999 eruditissimis
1487 2944 1746 3000 discenda
1773 2956 1877 3013 est,
1908 2956 1961 3002 et
1988 2961 2075 3003 se-
2177 2947 2446 3002 teronomii
2475 2956 2523 3001 et
2551 2944 2709 3002 [sane
2738 2946 2941 3001 cantico
2969 2943 3237 3018 pulchrius
3257 2946 3283 2999 ?
3326 2941 3467 3009 Quid
3501 2940 3799 2997 Salomone

476 3034 605 3091 dulo
664 3036 1009 3109 inquirenda.
1069 3038 1269 3094 Doceat
1295 3047 1347 3095 te
1374 3038 1443 3095 R.
1492 3039 1712 3095 Asarias
1744 3040 1868 3097 libri
1924 3040 2075 3097 Meor
2176 3040 2422 3112 gravius?
2455 3038 2598 3107 Quid
2625 3038 2905 3111 perfectius
2925 3034 3065 3092 Job?
3096 3036 3225 3104 Qui:
3250 3033 3425 3090 omnia
3453 3030 3800 3088 Hexametris

474 3129 649 3183 anaim
702 3130 1001 3201 nuncttpati
1031 3138 1184 3201 parte
1212 3132 1267 3197 5,
1301 3146 1422 3203 cap.
1452 3129 1522 3189 60
1555 3149 1568 3187 :
1602 3130 1734 3188 Sine
1770 3130 1926 3188 dubio
1966 3149 2077 3188 esse
2178 3141 2224 3187 et
2258 3130 2600 3189 Pentometris
2620 3131 2848 3188 versibus
2877 3171 2892 3195 ,
2922 3137 2980 3184 ut
3003 3127 3265 3199 Iosephus
3304 3134 3352 3181 et
3381 3125 3629 3195 Origenes
3645 3124 3797 3177 scri-

479 3237 741 3277 mensuras
763 3231 812 3277 et
831 3223 1188 3295 praportiones
1214 3230 1380 3278 certas
1405 3223 1738 3280 Canticorum
1765 3239 2032 3281 sacrorum
2060 3267 2073 3290 ,
2102 3210 2150 3277 C
2181 3224 2329 3295 bunt,
2359 3226 2504 3292 apud
2529 3242 2650 3280 suos
2675 3224 2957 3295 composita
2985 3221 3287 3278 decurrunt.
3311 3217 3439 3275 Hcce
3463 3233 3581 3273 cum
3604 3215 3801 3272 (ἔνετοι

475 3315 568 3369 sed
605 3315 727 3370 illas
753 3332 854 3370 non
877 3318 1157 3373 consistere
1200 3318 1254 3372 in
1298 3334 1509 3374 numero
1539 3320 1827 3374 motionum
1856 3319 1952 3392 (id
1995 3330 2079 3377 est
2180 3319 2396 3392 legimus
2422 3359 2436 3385 ,
2480 3318 2628 3373 aliud
2652 3316 2903 3388 quiddam
2928 3322 3149 3380 sonant;
3180 3327 3297 3367 cum
3324 3310 3544 3377 Latine,
3581 3308 3803 3380 penitus

480 3406 849 3480 syllabarum)
889 3414 967 3464 vel
994 3414 1569 3483 prdumperfectorum,
1617 3422 1708 3467 aut
1749 3413 2079 3485 imperfecto-
2180 3429 2286 3467 non
2331 3413 2546 3469 luerent.
2601 3410 2720 3467 Non
2777 3410 3019 3467 insolens
3062 3417 3148 3464 est
3176 3407 3515 3485 Hieronymo
3534 3405 3805 3476 vulgares

481 3515 620 3566 rum,
645 3499 801 3569 juxta
823 3501 1048 3571 formam
1071 3482 1357 3557 carminum
1379 3502 1770 3569 hodiernorunt,
1792 3482 1883 3558 sed
1904 3482 1958 3559 in
1983 3522 2082 3559 nu-
2179 3505 2411 3576 primum
2443 3485 2727 3574 opiniones
2749 3501 2902 3574 sequi
2929 3544 2946 3569 ,
2974 3509 3030 3557 et
3056 3509 3245 3572 postea
3272 3499 3342 3553 ab
3369 3498 3478 3553 illis
3502 3482 3807 3553 discedere

487 3604 631 3644 mero
657 3605 826 3643 rerum
850 3598 899 3644 et
924 3591 1139 3646 illarum
1167 3593 1415 3662 partium,
1440 3594 1656 3663 subjecti
1676 3595 1901 3662 scilicet,
1939 3612 2077 3666 prtc-
2179 3610 2302 3651 cum
2327 3595 2626 3667 unicuique
2654 3596 2735 3650 rei
2776 3592 3019 3649 debitum
3056 3602 3267 3662 tempus
3291 3587 3571 3659 impertire
3598 3586 3753 3643 licuit
3780 3632 3800 3656 ,

476 3681 658 3749 dicati,
690 3691 740 3735 et
759 3684 871 3755 ejus
898 3682 1040 3749 quod
1074 3684 1171 3739 illa
1196 3684 1334 3740 inter
1359 3702 1413 3741 se
1443 3685 1657 3757 copulat
1676 3687 1731 3742 in
1772 3704 2081 3760 unaquaque
2179 3687 2248 3744 de
2281 3690 2381 3744 hac
2403 3687 2761 3744 inconstantia
2791 3686 3056 3743 lectorem
3084 3683 3204 3755 ipse
3237 3695 3397 3739 suum
3426 3678 3759 3751 praemonuit
3781 3722 3813 3745 ,ν

476 3776 728 3831 sententia
749 3785 795 3829 et
825 3776 1185 3831 enuntiatione
1206 3817 1224 3845 ,
1270 3776 1391 3834 sive
1415 3819 1431 3844 ,
1473 3778 1528 3833 in
1571 3795 1879 3850 unoquoque
1907 3797 2077 3835 versu.
2138 3820 2145 3821 κ
2181 3780 2309 3837 dum
2342 3796 2541 3837 nomen
2569 3789 2721 3869 mpm
2746 3778 2970 3851 Daphca
2993 3779 3447 3848 interpretaretur
3468 3771 3628 3844 epist.
3660 3771 3803 3842 127,

477 3866 571 3925 Sic
593 3879 664 3923 est
685 3885 855 3923 versus
876 3868 1079 3924 duabus
1110 3871 1370 3925 mensuris
1399 3887 1489 3925 seu
1512 3873 1889 3943 propositionis
1918 3875 2083 3945 parti—
2183 3874 2467 3928 mansione
2523 3873 2557 3929 9
2581 3863 2619 3927 ε’
2643 3871 2761 3927 Hoc
2786 3887 2971 3927 nomen
3001 3915 3017 3939 ,
3075 3869 3250 3941 inquit
3275 3909 3290 3933 ,
3342 3866 3482 3938 apud
3543 3863 3805 3919 Hebraeos

479 3960 573 4016 bus
591 3972 856 4028 constans,
885 3963 1074 4036 quibus
1094 3963 1139 4017 si
1159 3962 1420 4019 secundus
1448 3965 1681 4036 accedat,
1706 3967 1838 4038 ﬁunt
1861 3978 2084 4037 quatuor
2183 3977 2409 4045 κροῦμα,
2434 3968 2490 4023 id
2512 3978 2609 4035 est,
2640 3967 2869 4039 pulsatio
2898 3966 3105 4032 dicitur,
3121 3968 3279 4038 juxta
3304 3961 3445 4033 quod
3470 3969 3517 4016 et
3541 3956 3819 4017 Dominis:

483 4056 701 4129 (partes
738 4058 855 4114 sive
895 4072 1164 4112 mensura:
1185 4056 1227 4130 ).
1260 4058 1411 4112 Alius
1439 4059 1530 4129 qui
1578 4068 1777 4115 constat
1824 4076 1887 4116 ea:
1916 4060 2081 4116 tribus
2183 4064 2292 4119 ait:
2318 4062 2537 4119 Pulsate
2561 4104 2577 4130 ,
2623 4070 2677 4117 et
2713 4059 2989 4130 aperietur
3028 4056 3206 4113 vobis.
3232 4055 3301 4111 In
3325 4056 3455 4112 libro
3475 4061 3650 4109 autem
3680 4051 3817 4109 He-

486 4152 756 4218 tnensuris,
780 4151 967 4225 quibus
996 4152 1043 4206 si
1066 4153 1196 4207 alter
1222 4155 1433 4207 accedat
1454 4168 1647 4220 versus,
1670 4153 1804 4224 ﬁunt
1824 4170 1915 4209 sea:
1941 4171 2084 4209 mcn-
2186 4154 2477 4209 braicorum
2540 4152 2803 4207 nominum
2835 4192 2851 4217 ,
2907 4149 3257 4204 adhaesioncm
3291 4191 3306 4216 ,
3362 4145 3819 4213 retentionemque

485 4260 623 4300 sura:
672 4262 763 4300 seu
816 4255 1009 4323 partes.
1062 4244 1310 4316 Exempli
1357 4244 1564 4316 gratia,
1592 4246 1644 4300 in
1672 4241 1888 4301 Cantica
1920 4244 2083 4323 Mosis
2185 4248 2582 4314 transtulimus,
2629 4249 2771 4318 quod
2808 4246 3050 4299 lectorem
3099 4242 3302 4299 turbare
3341 4256 3445 4296 non
3487 4237 3674 4302 debet,
3706 4254 3819 4293 nec

485 4336 642 4395 Exod
675 4354 765 4405 xv,
796 4339 829 4395 6
855 4317 1011 4397 :mru
1032 4345 1194 4422 πείθων
1224 4337 1550 4409 (jentineclta
1580 4335 1815 4410 Adonai)
1846 4347 1923 4393 est
1949 4316 2083 4393 unus
2187 4348 2329 4414 putet
2352 4358 2448 4396 nos
2468 4316 2791 4396 dissonantia
2810 4336 3054 4393 scribere.
3082 4334 3167 4390 Ibi
3185 4335 3518 4407 enim,jua:ta
3535 4328 3633 4385 hoc
3651 4331 3812 4400 quod

484 4447 684 4500 versus,
727 4430 927 4486 duobus
958 4440 1202 4486 constans
1244 4433 1521 4486 terminis:
1551 4443 1663 4493 n3:
1683 4438 1846 4493 iam:
1870 4430 2060 4500 (nednr

2238 4435 2344 4505 tlgo
2373 4431 2589 4486 habetur
2611 4473 2626 4498 ,
2655 4431 2913 4486 edidimus
2938 4474 2953 4499 ,
2977 4429 3022 4484 si
3050 4427 3277 4483 medium
3304 4424 3516 4481 verbum
3536 4422 3814 4477 scribatur

484 4525 802 4599 bakkoaltb)
830 4534 905 4581 est
924 4527 974 4581 ei
995 4525 1180 4581 similis
1206 4534 1253 4580 et
1280 4524 1671 4599 cohwrens,qui
1689 4527 1864 4599 juncti
1885 4527 2085 4598 faciunt
2114 4597 2143 4599 _
2188 4543 2280 4598 per
2309 4541 2449 4582 nuru
2473 4524 2735 4580 litteram:
2786 4524 2873 4577 hic
2921 4531 3096 4577 autem
3135 4522 3190 4575 in
3238 4517 3499 4574 Hebraico
3540 4513 3820 4570 volumine

486 4629 726 4691 quatuor,
777 4597 829 4675 id
861 4628 971 4685 est,
1004 4626 1407 4688 tetrametrum,
1456 4628 1566 4676 etc.
1594 4597 1713 4674 Alia
1739 4597 1988 4690 exempla
2017 4636 2084 4676 ex
2108 4597 2164 4659 Ῑ)
2187 4597 2440 4689 scriptum
2460 4617 2626 4689 reperi
2656 4631 2746 4689 per
2775 4630 2900 4684 rue,
2928 4613 3068 4686 quod
3091 4615 3399 4668 elementum
3427 4608 3593 4679 magis
3619 4605 3821 4679 pulsa-

488 4709 725 4767 Canticis
772 4712 943 4769 sacris
972 4712 1226 4784 proponit
1266 4713 1512 4779 Asarias,
1544 4710 1738 4783 quibus
1768 4712 1961 4779 probat
1990 4713 2081 4769 illa
2188 4713 2379 4767 tionem
2417 4726 2575 4782 quam
2602 4708 2858 4780 glutinum
2890 4714 3111 4762 sonat...
3134 4702 3455 4760 Prudentem
3480 4697 3827 4754 studiosum-

490 4802 703 4858 cantica
750 4814 1005 4861 constare
1032 4805 1367 4862 tetrametris
1393 4804 1479 4860 Vel
1510 4801 1863 4875 hexametris,
1897 4804 1950 4862 id
1977 4815 2079 4875 est,
2188 4819 2287 4875 que
2339 4800 2580 4856 lectorem
2631 4806 2873 4868 rogatum
2926 4797 3077 4851 velim
3105 4834 3122 4863 ,
3177 4804 3233 4849 ut
3288 4793 3418 4847 sciat
3473 4806 3554 4845 me
3605 4797 3822 4844 vertere

492 4904 723 4968 quatuor
751 4894 836 4951 vel
865 4912 961 4952 sex
1004 4898 1272 4968 partibus,
1319 4912 1454 4969 quas
1500 4897 1749 4953 terminos
1777 4908 1956 4968 vocat,
2015 4900 2086 4955 At
2192 4895 2404 4949 nomina
2415 4896 2576 4967 juxta
2608 4890 2927 4946 Hebraicam
2945 4890 3230 4944 veritatem.
3257 4885 3500 4955 Alioquin
3522 4884 3577 4938 in
3606 4880 3827 4941 Grcecis

493 4987 612 5044 haec
666 4986 872 5044 videsis
921 4990 1062 5059 apud
1096 4990 1365 5047 Joannem
1394 4991 1733 5046 Buxtorllnm
1784 4991 1979 5058 lilium,
2018 4993 2075 5048 in
2191 4998 2241 5044 et
2269 4987 2475 5044 Latinis
2520 4986 2823 5054 codicibus,
2868 4993 3052 5056 printer
3082 4998 3290 5053 pauca,
3340 4979 3512 5035 omnia
3560 4989 3827 5050 corrupta

494 5080 748 5139 Mantissa
805 5081 1013 5153 aliquot
1087 5083 1535 5141 dissertationum
1594 5083 1663 5140 ad
1730 5084 1891 5140 linem
1964 5084 2088 5141 libri
2198 5080 2517 5153 reperimus,
2560 5085 2609 5132 et
2636 5078 2799 5132 miror
2822 5075 3079 5147 quosdam
3105 5073 3333 5129 eruditos
3355 5080 3403 5126 et
3432 5068 3827 5126 ecclesiasticos

493 5173 667 5233 Cozri.
2198 5176 2334 5230 viros
2384 5190 2444 5228 ea
2499 5173 2721 5227 uoluisse
2761 5175 3044 5244 transferre
3067 5213 3083 5240 ,
3129 5183 3245 5238 qua:
3292 5167 3349 5222 in
3394 5164 3653 5221 Hebraico
3702 5180 3826 5221 non

568 5270 635 5327 V.
668 5268 879 5327 Nullam
903 5269 1042 5342 apud
1065 5269 1304 5328 eruditos
1332 5272 1687 5343 quaestionem
1711 5286 1835 5328 esse
1860 5269 1994 5338 dixi,
2022 5287 2091 5328 an
2200 5267 2480 5334 habentur,
2535 5276 2643 5323 etc.
2704 5265 2864 5323 lstius
2920 5261 3307 5321 admonitionis
3354 5275 3481 5316 mox
3528 5258 3833 5317 recordari

499 5364 898 5419 sintnonnullae
915 5372 1093 5435 partes
1117 5364 1169 5417 in
1192 5377 1346 5420 sacra
1370 5364 1670 5436 Scriptura,
1693 5380 1816 5436 qua:
1837 5372 2095 5421 constent
2204 5361 2474 5434 oportebit
2498 5378 2511 5415 :
2540 5359 2666 5431 quia
2691 5360 2962 5415 canticum
2991 5352 3396 5413 Deuteronomii
3426 5395 3442 5421 ,
3487 5350 3629 5423 quod
3650 5349 3834 5408 lose-

497 5457 675 5527 aliqua
708 5456 933 5512 metrica
971 5456 1387 5525 compositione.
1421 5456 1478 5513 ld
1509 5458 1651 5513 enim
1686 5472 1884 5528 negare
1904 5449 2093 5514 contra
2207 5458 2373 5528 phum
2401 5465 2457 5513 et
2483 5454 2770 5527 Origenem
2815 5468 2978 5524 supra
3024 5457 3243 5507 secutus
3287 5461 3447 5503 versu
3490 5445 3834 5502 hexametro

499 5548 814 5607 unanimem
836 5550 2099 5609 consensumcelebratissimorumomniumve-
2204 5550 2568 5621 compositum
2620 5548 2832 5614 voluit,
2892 5545 3128 5601 iambico
3184 5549 3499 5598 tetrametro
3552 5545 3834 5597 constare

504 5651 682 5700 ternm
712 5641 1061 5713 scriptorum,
1096 5656 1204 5695 non
1235 5655 1429 5711 sapere
1455 5651 1621 5710 esset,
1652 5652 1709 5698 ut
1735 5653 1973 5714 oportet,
2002 5643 2099 5700 sed
2204 5642 2523 5698 testiﬁcatur
2545 5641 2704 5711 epist.
2738 5637 2842 5695 l55
2867 5679 2884 5705 ,
2934 5636 3001 5692 ad
3034 5634 3252 5692 Paulam
3286 5632 3539 5689 Urbicam
3566 5671 3581 5697 ,
3615 5628 3671 5683 in
3703 5644 3831 5700 qua

502 5735 670 5807 gratis
696 5734 949 5807 ineptire.
974 5732 1241 5790 Constans
1272 5732 1431 5805 igitur
1451 5733 1720 5791 sententia
1746 5743 1831 5790 est
1860 5736 2101 5791 virorum
2207 5736 2277 5793 de
2304 5734 2538 5792 Psalmis
2578 5742 2635 5789 et
2671 5730 2889 5789 caeteris
2930 5727 3173 5785 metricis
3198 5721 3684 5796 compositionibus
3724 5730 3833 5779 sat

506 5826 811 5895 doctorum,
848 5827 1128 5886 metricam
1157 5840 1282 5884 esse
1317 5827 1369 5883 in
1390 5824 1599 5898 aliquot
1626 5825 1782 5886 libris
1807 5828 1978 5886 sacris
2006 5844 2101 5886 ar-
2205 5826 2420 5884 abunde
2450 5824 2775 5897 disputavit:
2795 5822 2869 5880 Ac
2898 5822 3199 5894 priusquam
3217 5819 3283 5875 de
3297 5815 3514 5889 singulis
3533 5812 3829 5883 disseram,
