4040 6360
218 296 315 354 lii)

210 506 551 566 Hebraeorum
594 515 818 583 incipere
872 521 1275 592 elementorum,
1317 529 1646 583 centesimum
1677 531 1816 586 deci—

208 616 340 653 mum
365 611 413 654 et
444 607 783 662 centesimum
820 611 1153 668 undecimum
1181 657 1196 682 ,
1226 626 1273 672 et
1295 616 1437 673 hunc
1463 622 1527 674 de
1552 638 1653 693 quo
1680 640 1817 678 nunc

205 695 505 762 scribimus,
556 710 606 753 et
662 704 998 759 centesimum
1048 710 1501 784 quadragesimum
1549 725 1813 785 quartum.

213 786 401 843 Verum
429 790 583 846 debes
606 795 737 849 scire
764 796 817 850 in
847 798 1108 868 prioribus
1129 804 1364 873 psalmis,
1390 806 1610 878 singulis
1632 810 1816 866 litteris

204 879 436 951 singulos
467 886 772 955 versiculos,
804 889 893 959 qui
917 891 1147 948 trimetro
1174 895 1393 951 iambico
1424 908 1682 969 constant,
1705 919 1815 957 esse

201 972 494 1032 subnexos:
515 976 789 1045 inferiores
817 997 935 1036 vero
980 994 1273 1041 tetrametro
1305 989 1525 1045 iambico
1554 1003 1811 1063 constare,

201 1065 353 1119 sicuti
380 1077 425 1119 et
450 1066 843 1126 Deuteronomii
865 1073 1138 1131 Canticum
1157 1081 1409 1149 scriptum
1435 1092 1527 1138 est.
1557 1083 1624 1139 In
1644 1097 1815 1141 cente-

198 1158 326 1212 simo
374 1160 575 1215 decimo
613 1174 793 1218 octavo
841 1168 1040 1236 psalmo
1065 1212 1080 1236 ,
1129 1171 1363 1245 singulas
1398 1173 1600 1231 litteras
1641 1180 1813 1234 octoni

199 1265 372 1305 tersus
395 1264 707 1325 sequuntur.
748 1256 817 1313 In
845 1262 1119 1317 centesimo
1151 1266 1548 1337 quadragesimo
1578 1279 1766 1341 quarto
1792 1288 1811 1337 ;

195 1346 417 1416 singulis
447 1345 636 1404 litteris
665 1352 863 1424 singuli
892 1371 1065 1410 versus
1096 1358 1433 1430 deputantur.
1487 1362 1624 1417 Sunt
1652 1366 1738 1435 qui
1764 1374 1814 1423 et

194 1437 325 1492 alios
350 1439 451 1494 hec
482 1443 663 1498 ordine
692 1455 874 1512 putant
894 1447 1137 1519 incipere,
1163 1452 1254 1505 sed
1274 1452 1412 1522 falsa
1435 1446 1611 1509 eorum
1638 1457 1812 1526 Opinio

193 1543 288 1587 est.
344 1533 530 1591 Habes
579 1548 626 1593 et
666 1540 723 1593 in
773 1539 1255 1600 Lamentationibus
1309 1546 1544 1604 Jeremite
1592 1559 1813 1621 quatuor

192 1627 471 1699 alphabeta
495 1672 510 1697 ,
556 1648 584 1687 e
631 1634 820 1706 quibus
848 1636 953 1692 duo
980 1639 1149 1708 prima
1190 1641 1339 1711 qttasi
1368 1642 1633 1713 Sapphico
1656 1654 1813 1699 metro

192 1721 389 1791 scripta
411 1733 575 1779 sunt:
601 1727 723 1795 quia
745 1736 849 1782 tres
878 1730 1159 1786 versiculos
1188 1734 1276 1802 qui
1300 1733 1396 1787 sibi
1424 1738 1639 1792 connexi
1668 1747 1810 1806 sunt,

188 1819 245 1865 et
266 1812 327 1865 ab
360 1830 465 1868 una
486 1825 691 1871 tantum
715 1819 887 1874 littera
915 1822 1192 1894 incipiunt,
1224 1824 1434 1880 Heroici
1461 1845 1659 1883 comma
1686 1849 1811 1887 con-

192 1905 378 1974 cludit,
412 1906 650 1965 Tertium
676 1928 793 1967 vero
810 1912 1144 1983 alphabetum
1176 1918 1405 1974 trimetro
1432 1923 1685 1994 scriptunt
1705 1936 1803 1994 est,

188 2007 243 2051 et
268 2016 297 2051 α
329 2003 497 2056 ternis
526 2004 711 2059 litteris
739 2047 755 2073 ,
809 2008 897 2061 sed
924 2008 1112 2062 eisdem
1153 2011 1286 2065 terni
1330 2028 1505 2068 versus
1529 2016 1803 2088 incipiunt.

192 2093 456 2160 Quartum
483 2097 815 2168 alphabetum
836 2101 1003 2155 simile
1030 2112 1103 2156 est
1132 2104 1299 2171 primo
1321 2114 1367 2158 et
1393 2108 1642 2162 secundo.
1669 2108 1807 2163 Pro-

189 2187 362 2241 rerbia
390 2204 593 2259 quoque
608 2188 908 2246 Salomonis
932 2202 1219 2249 extremum
1239 2197 1435 2253 claudit
1452 2201 1804 2272 alphabetum,

187 2280 331 2348 quod
350 2290 647 2337 tetrametro
672 2284 889 2339 iambico
918 2298 1256 2359 supputatur,
1287 2291 1347 2345 ab
1371 2308 1428 2347 eo
1453 2293 1586 2360 loco,
1620 2295 1673 2349 in
1703 2313 1805 2367 quo

189 2372 296 2426 ait:
326 2371 606 2429 Mulierem
634 2376 821 2447 fortem
860 2379 972 2448 quis
998 2380 1262 2437 inveniet?
1289 2382 1463 2454 Opera
1495 2386 1805 2444 Salomonis

196 2474 251 2518 et
272 2462 567 2520 Canticum
604 2468 1011 2526 Deuteronomii
1038 2514 1050 2539 ,
1077 2488 1197 2544 qua:
1228 2475 1559 2534 hexametris
1587 2489 1642 2536 et
1669 2496 1803 2552 pen-

191 2558 445 2613 tametris
475 2559 619 2629 apud
649 2577 776 2617 suos
804 2567 1102 2633 composita
1134 2568 1428 2627 decurrere
1455 2571 1639 2628 docuit
1669 2591 1806 2645 prac-

191 2648 402 2708 l'atione
431 2653 486 2707 in
515 2651 783 2710 Chronica
814 2656 1059 2725 Eusebii,
1090 2658 1176 2716 hic
1192 2661 1257 2716 ad
1289 2662 1509 2720 Paulam
1533 2667 1800 2737 scribens,

189 2745 395 2797 asserit
422 2753 740 2802 tetrametro
766 2747 999 2805 iambico
1027 2750 1214 2807 eadem
1242 2756 1504 2825 opuscula
1532 2770 1801 2814 constare.

191 2835 392 2892 Melius
420 2839 521 2894 sibi
546 2850 760 2896 constat
784 2840 839 2897 in
870 2844 1121 2901 versibus
1146 2845 1291 2913 .lobi,
1325 2848 1406 2903 ait
1431 2852 1574 2905 enim
1604 2852 1800 2922 praefa-

192 2928 349 2986 tione
383 2932 432 2985 in
460 2932 710 2988 eumdem
739 2934 964 2990 librum:
989 2936 1035 2990 Α
1062 2939 1317 3010 principio
1344 2941 1515 3012 itaque
1536 2944 1803 2999 voluminis

190 3038 362 3091 usque
388 3026 455 3076 ad
480 3024 627 3079 verba
650 3025 751 3079 Job
778 3069 792 3093 ,
843 3029 984 3099 apud
1032 3028 1277 3087 Hebra'os
1307 3051 1461 3104 prosa
1493 3038 1663 3090 oratio
1706 3048 1799 3093 est.

190 3112 374 3171 Porro
398 3135 426 3168 a
449 3119 607 3173 verbis
633 3118 758 3187 Job,
787 3121 843 3175 in
873 3123 1058 3193 quibus
1090 3126 1194 3178 ait:
1227 3127 1422 3183 Pereat
1449 3128 1587 3196 dies,
1613 3131 1663 3185 in
1694 3145 1799 3203 qua

188 3221 361 3265 natus
393 3228 535 3278 sunt,
563 3222 661 3269 etc.
691 3254 706 3280 ,
734 3231 893 3286 usque
917 3222 986 3270 ad
1013 3235 1126 3273 eum
1150 3220 1320 3274 locum
1340 3263 1355 3289 ,
1390 3224 1474 3277 ubi
1496 3234 1614 3279 ante
1643 3226 1800 3295 ﬁnem
1826 3223 1871 3286 C
1906 3233 2062 3291 nibus

188 3304 476 3358 voluminis
504 3306 756 3378 scriptum
788 3320 897 3363 est:
924 3309 1133 3367 Idcirco
1161 3314 1277 3383 ipse
1317 3331 1405 3371 me
1435 3317 1798 3388 reprehendo,

189 3409 321 3463 ατη
356 3400 638 3456 hexametri
667 3419 841 3460 versus
871 3414 1008 3472 sunt,
1045 3407 1272 3480 dactylo,
1306 3412 1650 3486 sponda'oque
1678 3432 1800 3471 cur-

188 3502 369 3547 rentes
394 3536 408 3559 ,
455 3503 504 3548 et
543 3506 755 3567 prapter
783 3496 976 3571 linguae
1012 3501 1207 3556 idioma
1232 3545 1246 3571 ,
1285 3504 1460 3561 crebro
1482 3508 1801 3578 recipiendos

188 3597 240 3642 et
266 3588 403 3641 alios
424 3590 599 3661 pedes,
629 3608 729 3646 non
762 3595 1057 3651 earumdem
1086 3598 1406 3668 syllabarum
1432 3646 1445 3671 ,
1472 3601 1565 3657 sed
1593 3619 1798 3658 eorum-

190 3681 312 3735 dem
339 3691 648 3753 temporum.
697 3683 971 3741 Interdum
997 3706 1199 3762 quoque
1236 3697 1471 3764 rythmus
1496 3696 1604 3766 ipse
1633 3695 1802 3752 dulcis

188 3788 237 3833 et
284 3780 517 3835 tinnulas
548 3783 717 3852 fertur
762 3786 989 3840 numeris
1038 3785 1147 3858 lege
1196 3791 1347 3843 metri
1392 3790 1610 3845 solutis:
1664 3794 1801 3859 quod

192 3876 403 3928 metrici
436 3877 599 3948 magis
611 3893 768 3947 quam
792 3879 1015 3950 simplex
1034 3879 1214 3949 lector,
1240 3882 1555 3956 intelligunt.
1577 3927 1589 3939 .
1611 3927 1623 3940 .
1650 3929 1662 3942 .
1684 3928 1693 3939 .
1716 3927 1728 3941 .
1751 3927 1763 3940 .
1783 3927 1797 3943 .

193 3969 353 4036 Quod
381 3971 427 4024 si
480 3973 561 4024 cui
597 3971 797 4027 videtur
843 3974 1169 4029 incredulum
1198 4018 1212 4043 ,
1251 3987 1413 4034 metra
1460 3981 1653 4034 scilicet
1692 3998 1801 4037 esse

188 4062 336 4133 apud
374 4061 640 4131 Hebrteos,
672 4073 718 4119 et
750 4066 801 4120 in
828 4082 1015 4121 ntorem
1041 4065 1245 4135 Flacci,
1264 4069 1530 4140 Graecique
1550 4071 1795 4146 Pindari,

188 4154 357 4209 Alani
382 4167 432 4209 et
460 4156 679 4228 Sappho
705 4202 717 4225 ,
755 4159 831 4213 vel
862 4158 1175 4216 Psalterium
1200 4204 1215 4230 ,
1264 4164 1343 4218 vel
1381 4163 1798 4223 Lamentationes

186 4247 453 4315 Jeremiw,
484 4250 564 4305 vel
595 4252 770 4306 omnia
796 4256 956 4324 ferme
987 4254 1379 4326 Scripturarum
1411 4259 1627 4314 Cantica
1656 4278 1798 4316 com-

187 4341 464 4411 prehendi,
490 4343 626 4415 legat
653 4341 951 4414 Philonem,
969 4344 1274 4420 Josephunt,
1306 4349 1601 4425 Origenem,
1627 4354 1801 4410 Cresa-

188 4434 411 4488 riensem
436 4433 737 4505 Eusebium,
755 4448 802 4492 et
829 4455 1007 4494 eorum
1030 4443 1322 4498 testimonio
1343 4461 1424 4499 me
1440 4462 1611 4501 verum
1628 4449 1799 4505 dicere

190 4528 569 4599 comprobabit.
599 4528 1087 4603 Psalmographum
1124 4550 1340 4608 quoque
1380 4538 1643 4596 Davidem
1669 4557 1798 4599 nos-

896 304 1465 374 PROLEGOMENON
1505 316 1595 375 ιγ.
1639 316 1727 375 DE
1770 318 2062 395 'l‘lTULIS,
2107 325 2261 387 ETC.
2306 334 2400 392 SS.
2444 335 2836 407 BlBLlORUM.

210 415 316 477 ait,
362 416 499 470 scire
544 420 696 477 debes
726 435 950 495 quatuor
988 426 1229 485 Psalmos
1258 435 1540 489 secundum
1589 438 1822 493 ordinem
1847 440 1901 502 Α
1927 442 2022 496 dru

3416 366 3522 424 150

2026 446 2674 527 ρίῑεὶρΙαηπίῑαΙρΙιαὺειο
2702 506 2715 528 ,
2758 469 2894 535 quod
2936 487 3026 526 nos
3077 491 3330 533 mensura:
3379 484 3536 538 metri

1919 536 2244 611 versibusque
2272 546 2618 606 reddidimus.
2652 555 2777 612 Haec
2808 570 2932 616 sunt
2964 563 3079 621 loca
3111 568 3436 637 celebriora,
3467 582 3527 630 ut

1919 638 2049 723 puto
2071 673 2085 697 ,
2118 633 2170 687 in
2192 636 2389 703 quibus
2417 650 2472 696 et
2515 658 2669 701 suam
2697 689 2713 716 ,
2757 660 2812 707 et
2858 669 3250 723 praecesserunt
3301 680 3524 723 suorum

1916 719 2224 789 opinionem
2249 729 2395 785 circa
2417 743 2587 791 metra
2610 753 2884 799 sacrorum
2907 746 3205 808 Bibliorum
3228 754 3526 818 declaravit

1917 811 2304 889 Hieronymus.
2334 825 2464 893 Quae
2491 829 2540 885 si
2568 832 2758 890 eodem
2780 839 2974 908 spiritu
3005 860 3112 915 quo
3142 849 3341 920 scripta
3373 864 3520 924 sunt,

1916 910 2152 1009 anubis
2199 916 2465 986 explicata
2513 929 2741 997 proponi
2792 937 3140 1007 potuissent,
3190 945 3525 1009 validissime

1915 997 2166 1069 injuriam
2198 1004 2470 1068 rumorum
2502 1017 2650 1085 prius
2680 997 2965 1093 impactam
2991 997 3376 1095 defendere-ab
3400 997 3528 1099 Hie:

1914 1107 2144 1166 ronymo
2190 1115 2298 1157 non
2350 1104 2720 1178 desperarem.
2770 1118 2875 1175 Sed
2904 1137 3097 1181 vereor
3122 1170 3137 1195 ,
3172 1146 3239 1187 ne
3268 1135 3345 1189 rei
3377 1135 3522 1192 difﬁ-

1916 1186 2118 1288 cultate
2143 1206 2431 1263 superatus
2456 1243 2469 1267 ,
2508 1214 2633 1272 post
2661 1207 2975 1285 Hieronymi
3008 1186 3316 1293 susceptam
3346 1246 3522 1302 expo-

1915 1278 2171 1337 sitionem
2204 1287 2440 1347 clamare
2463 1307 2583 1349 cum
2618 1314 2682 1352 eo
2713 1307 3044 1374 compellar:
3075 1278 3517 1391 Ign'osce,lectror,

1924 1370 2063 1391 ,ιξοερ
2096 1374 2128 1391 Ι·
2175 1378 2205 1391 -·
2291 1388 2298 1391 Α
2432 1384 2442 1391 ³
2618 1390 2625 1391 “

1916 1370 2225 1445 difﬁcultati,
2252 1388 2298 1433 et
2329 1384 2527 1438 veniam
2559 1390 2723 1446 tribue
2760 1370 2975 1469 pauperi
2995 1370 3369 1478 intelligentiia.
3416 1370 3523 1471 Pe;

1916 1462 2167 1534 fenestras
2195 1470 2333 1525 enim
2362 1476 2624 1548 obliquas,
2674 1493 2723 1536 et
2752 1487 2804 1540 in
2836 1489 3047 1547 modum
3076 1500 3197 1554 retis
3235 1503 3403 1571 factas
3427 1549 3443 1575 ,
3472 1519 3521 1564 et

1916 1571 2030 1625 qua:
2058 1575 2257 1628 semper
2283 1564 2478 1623 clausa:
2494 1581 2640 1640 sunt,
2672 1578 2888 1635 oculum
2915 1582 3344 1661 intromittimus,
3370 1600 3521 1656 varia

1916 1663 2113 1719 genera
2154 1659 2458 1717 carminum
2490 1663 2543 1720 in
2588 1666 2742 1727 libris
2781 1675 2955 1733 sacris
2996 1681 3181 1739 rimari
3226 1659 3519 1750 tentantes.

1917 1743 2110 1815 Operae
2137 1758 2317 1808 tamen
2348 1758 2579 1826 pretium
2610 1764 2681 1819 sit
2709 1768 2796 1824 vel
2824 1769 2954 1827 illud
2988 1780 3173 1834 conari
3203 1781 3269 1838 ad
3298 1784 3521 1842 absolu-

1837 1836 1889 1900 B
1916 1835 2115 1894 tionem
2158 1841 2675 1917 Prolegomenorum
2718 1869 3036 1920 nostrorum
3067 1910 3081 1933 ,
3126 1887 3245 1941 qua:
3275 1890 3385 1931 non
3413 1878 3523 1936 alio

1908 1932 2139 1987 consilio
2183 1937 2444 1996 adornata
2484 1955 2650 2015 sunt,
2695 1966 2856 2021 quam
2898 1956 2950 2011 in
3001 1932 3424 2025 elucidationem
3465 1980 3522 2029 et

1907 2022 2279 2086 defensionem
2313 2038 2531 2093 maximi
2578 2041 2984 2114 Scripturarum
3019 2054 3357 2129 interpretis.
3384 2064 3518 2137 Ejus

1908 2115 2074 2187 igitur
2120 2127 2445 2183 sententiam
2491 2130 2558 2187 de
2605 2138 2794 2195 metris
2822 2152 2876 2197 et
2916 2147 3165 2206 versibus
3206 2115 3514 2217 divinorhm

1908 2211 2244 2273 voluminum
2273 2230 2329 2275 ut
2357 2226 2696 2286 manifestam
2723 2232 3003 2307 faciamus,
3037 2244 3102 2300 ad
3136 2255 3246 2304 tres
3268 2261 3362 2306 aut
3384 2270 3514 2323 qua-

1908 2310 2031 2359 tuor
2061 2311 2363 2369 carminum
2391 2320 2607 2386 species
2644 2331 2953 2387 revocanda
2990 2336 3244 2396 videntur
3286 2310 3515 2407 recitata

1907 2402 2157 2469 superius
2188 2407 2518 2467 teSIimonia.
2552 2414 2685 2472 Nam
2728 2422 2963 2490 primum
2997 2428 3051 2484 in
3083 2431 3221 2490 libro
3250 2437 3355 2495 Job
3383 2456 3510 2497 ver-

1907 2504 2000 2546 sus
2062 2494 2406 2557 hexametros
2440 2545 2453 2567 ,
2534 2506 2751 2582 dactylo
2805 2520 3174 2593 spondzeoque
3227 2541 3515 2591 currentes

1905 2586 2156 2653 agnoscit
2177 2601 2395 2647 sanctus
2428 2594 2645 2654 Doctor.
2703 2602 2763 2657 ln
2792 2605 3025 2666 Psalmis
3052 2586 3232 2672 autem
3266 2621 3512 2683 trimetra

1906 2685 1959 2730 et
1983 2683 2295 2737 tetrametra
2324 2685 2552 2745 iambica
2583 2736 2597 2761 ,
2641 2703 2697 2749 ut
2720 2696 2771 2751 in
2803 2695 3025 2758 Cantico
3053 2705 3457 2770 Deuteronomii
3490 2758 3505 2784 ,

1905 2772 2046 2839 quod
2082 2780 2395 2833 tetrametro
2422 2782 2656 2841 iambico
2684 2800 2936 2849 constare
2959 2801 3292 2870 pronuntiat,
3318 2772 3508 2877 quam-'-

1905 2862 1987 2916 vis
2040 2864 2174 2921 alias
2230 2867 2546 2931 hexametro
2610 2893 2771 2938 versu
2838 2884 3067 2945 dixisset
3119 2862 3503 2969 compositum.

1905 2952 2345 3019 Lamentationes
2373 2964 2612 3041 denique
2636 2974 2793 3045 quasi
2822 2994 2981 3037 versu
3015 2952 3284 3057 Sapphico
3312 2997 3511 3053 asserit

1905 3048 2153 3118 scriptas,
2180 3066 2406 3125 propter
2424 3074 2630 3118 comma
2656 3065 2885 3139 heroici,
2911 3076 3058 3144 quod
3080 3088 3189 3136 tres
3212 3086 3509 3147 versiculos

1905 3140 2005 3195 sibi
2032 3157 2309 3203 connexos
2338 3154 2631 3211 concludit.
2665 3140 3024 3234 Quodque-ait
3050 3170 3118 3226 de
3140 3140 3509 3237 Lamentatio-

2092 3242 2245 3309 quasi
2274 3242 2546 3315 Sapphico
2575 3266 2733 3309 versu
2756 3261 3103 3334 conscriptis,
3132 3265 3275 3324 idem
3303 3271 3505 3330 intelli-

1902 3331 2135 3399 gendum
2167 3344 2219 3389 et
2249 3336 2317 3392 de
2337 3339 2462 3396 aliis
2487 3345 2788 3403 carminum
2820 3331 3127 3423 speciebus.
3160 3361 3346 3435 Neque
3375 3383 3504 3426 vero

1906 3420 2215 3481 Graecorum
2249 3444 2312 3484 ac
2341 3431 2656 3492 Latinorum
2690 3439 3022 3505 hexametris
3052 3461 3109 3507 et
3140 3461 3496 3520 pentametris

1904 3514 2071 3584 pedes
2101 3520 2323 3576 omnino
2347 3522 2554 3582 similes
2594 3539 2869 3599 pateretur
2895 3537 3095 3598 idioma
3128 3544 3454 3608 Hebraicum
3480 3596 3498 3623 ,

1904 3624 2010 3678 quo
2037 3610 2159 3667 libri
2190 3618 2331 3671 sacri
2371 3620 2575 3676 conditi
2606 3636 2734 3681 sunt
2772 3629 2841 3685 ab
2886 3631 3271 3710 hagiograpbis
3312 3610 3503 3703 aucto:

1904 3704 2071 3761 ribus.
2106 3708 2286 3774 Quare
2330 3728 2451 3769 cum
2498 3716 2652 3772 audis
2698 3719 2996 3782 hexametra
3040 3741 3094 3786 et
3139 3746 3496 3813 pentametra,

1904 3798 2313 3859 similitudinem
2346 3809 2633 3876 quamdam
2666 3812 3019 3878 Heroicorum
3044 3798 3297 3886 versuum
3334 3798 3498 3891 intel:

1903 3890 2073 3962 ligere
2098 3893 2261 3951 debes
2288 3938 2301 3963 ,
2327 3907 2382 3953 et
2412 3900 2489 3955 sic
2519 3900 2572 3957 in
2604 3906 2816 3963 caeteris
2845 3921 3139 3971 metrorum
3165 3923 3455 3991 generibus
3479 3967 3498 3997 ,

1902 3984 2120 4039 iambico
2168 3998 2221 4043 et
2260 3988 2469 4047 Alcaico
2496 4036 2511 4060 ,
2556 3997 2754 4067 quibus
2801 4017 3024 4062 currere
3081 4026 3145 4066 ac
3169 3984 3501 4085 vpersonare

1902 4076 2221 4136 Psalterium
2244 4083 2441 4141 dicitur
2462 4089 2603 4157 apud
2627 4091 3039 4167 Hieronymum.
3072 4076 3218 4176 Ergo
3245 4076 3501 4172 Carmina

1903 4168 2119 4227 heroica
2154 4173 2392 4244 elegiaca
2419 4187 2472 4233 et
2499 4179 2665 4250 lyrica
2706 4182 2762 4239 in
2808 4185 3102 4260 Scripturis
3131 4168 3302 4256 sacris
3328 4244 3342 4271 ,
3392 4221 3499 4262 non

1902 4262 2090 4318 eadem
2123 4275 2245 4319 sunt
2270 4282 2395 4324 cum
2427 4269 2633 4329 Graecis
2659 4284 2751 4331 aut
2774 4277 2978 4338 Latinis
3009 4289 3218 4357 metris,
3251 4262 3345 4350 sed
3373 4295 3501 4353 illan

1902 4369 2018 4409 rum
2049 4368 2345 4415 metrorum
2373 4360 2573 4419 instar:
2598 4382 2732 4438 quas
2755 4378 2935 4429 tamen
2958 4375 3220 4450 imagines
3244 4400 3497 4446 versuum

1902 4462 1964 4502 ac
1982 4448 2365 4509 similitudines
2382 4468 2547 4526 supra
2566 4472 2756 4517 omnes
2774 4448 3094 4524 Pindaricos
3109 4472 3269 4544 longe
3286 4478 3502 4549 modos,

1901 4538 2200 4610 Flaccicos,
2230 4544 2554 4604 Horatianos
2583 4560 2640 4607 et
2678 4553 2997 4615 Homericos
3026 4576 3290 4632 pra-stare
3318 4571 3500 4631 nullus

192 4630 335 4676 trum
366 4622 627 4679 aemulum
654 4625 841 4696 objicit
869 4626 1075 4685 Graecis
1119 4628 1439 4704 Latinisque
1468 4636 1642 4705 poetis
1672 4680 1687 4705 ,
1745 4638 1798 4693 in
1825 4623 1881 4685 D
1904 4632 2139 4693 dubitet.
2180 4638 2285 4695 Sed
2326 4646 2485 4700 novis
2526 4647 2689 4704 modo
2727 4652 3113 4721 experimentis
3159 4663 3497 4732 propositum

193 4714 424 4784 epistola
474 4713 543 4770 ad
593 4716 879 4774 Paulinum
926 4721 1127 4792 scripta
1178 4722 1247 4779 de
1299 4726 1549 4783 omnibus
1601 4729 1800 4788 divina:

194 4806 455 4864 Historia:
482 4807 670 4878 libris;
702 4810 871 4867 David
894 4813 1188 4871 Simonides
1220 4828 1414 4886 noster,
1440 4819 1634 4893 inquit,
1672 4822 1801 4879 Pin»-

194 4906 377 4970 darus,
403 4915 455 4959 et
477 4904 939 4974 Alcwus,'Flaccus
963 4925 1183 4982 quoque,
1199 4911 1438 4969 Catullus
1466 4924 1618 4988 atque
1646 4918 1805 4975 Sere-

195 5010 312 5063 nus,
347 4995 611 5051 Christum
634 4998 747 5069 lyra
766 5009 1026 5071 personat,
1052 5011 1096 5056 et
1121 5003 1175 5058 in
1198 5004 1517 5062 decachordo
1544 5005 1800 5067 Psalterio

195 5088 257 5140 ab
288 5088 471 5159 inferis
502 5090 695 5146 excitat
723 5103 1097 5164 resurgentem.
1144 5096 1296 5164 Quod
1322 5113 1493 5169 genus
1537 5103 1794 5159 carminis

194 5179 352 5251 lyrici
373 5185 660 5255 conceptis
685 5185 868 5242 verbis
893 5188 1087 5243 iterum
1114 5190 1372 5259 praedicat
1399 5194 1492 5249 lib.
1522 5210 1576 5249 ιι
1629 5193 1796 5252 Com-

196 5276 593 5331 mentariorum
625 5276 679 5332 in
702 5292 824 5347 cap.
856 5294 983 5335 xxx.
1012 5281 1313 5338 Ezechielis
1341 5288 1655 5356 pr0phette:
1688 5289 1797 5346 Sed

195 5368 247 5420 in
279 5365 510 5423 Psalmis
539 5370 713 5440 facilis
738 5374 1000 5444 responsio
1028 5386 1124 5442 est,
1156 5394 1359 5433 carmen
1389 5397 1497 5437 esse
1526 5379 1796 5455 Lyricum,

196 5470 242 5514 et
268 5462 322 5516 in
349 5463 655 5533 hujusmodi
678 5482 830 5539 apere
856 5486 960 5523 non
989 5472 1151 5541 quieti
1181 5474 1413 5528 ordinem
1432 5475 1684 5548 historiaz,
1711 5479 1800 5534 sed

202 5556 453 5623 factorum
482 5561 718 5616 carmina
742 5563 1087 5633 singulorum.
1137 5567 1464 5628 Praefatione
1502 5573 1718 5631 demum
1748 5577 1803 5634 in

201 5648 491 5706 Jeremiam
520 5652 896 5725 quadruplicis
926 5658 1221 5730 alphabeti,
1254 5673 1312 5718 et
1354 5679 1622 5722 mensura:
1643 5669 1806 5726 metri

204 5744 537 5800 mentionem
568 5746 701 5802 fecit
732 5747 816 5804 his
836 5752 1056 5809 verbis:
1091 5753 1241 5811 Unde
1260 5759 1313 5811 in
1339 5756 1482 5814 Juda
1510 5770 1732 5831 tantum,
1758 5774 1807 5820 et

204 5836 250 5889 in
279 5834 551 5911 Benjamin
583 5841 911 5914 prophetarit
939 5886 953 5915 ,
1002 5856 1049 5902 et
1095 5849 1316 5911 civitatis
1348 5870 1455 5909 sua:
1482 5859 1657 5913 ruinas
1679 5873 1808 5929 qna-

1905 4735 2149 4785 nostrum
2177 4746 2538 4803 exsequamur
2560 4777 2576 4805 ,
2608 4752 2639 4793 a
2668 4738 2809 4798 libro
2832 4742 2935 4799 Job
2973 4745 3186 4805 initium
3220 4766 3499 4816 sumentes

1904 4823 2280 4881 similitudinis
2329 4826 2478 4883 illius
2528 4832 2808 4902 metricae,
2857 4852 3014 4907 quam
3046 4840 3098 4897 in
3131 4842 3284 4903 libris
3327 4851 3502 4911 sacris

1905 4924 2121 4974 exstare
2146 4918 2405 4989 diximus,
2437 4921 2558 4979 Ιοὺί
2586 4942 2778 4985 versus
2807 4944 2929 5003 cap.
2961 4948 3019 4989 tu
3038 4934 3141 4993 hoc
3168 4941 3333 4999 modo
3360 4944 3500 5002 inci-

1904 5011 2058 5082 piunt
2084 5013 2138 5069 in
2165 5015 2437 5073 veteribus
2466 5017 2709 5078 Hebraeis
2728 5027 3157 5097 exemplaribus:

1910 5136 2059 5213 ξηιλ
2086 5138 2203 5213 mn
2246 5139 2377 5189 me
2405 5112 2593 5213 ὦνερ-Π
2850 5148 2908 5198 1:
2988 5125 3120 5202 "his:
3178 5148 3294 5209 ξεν
3362 5160 3501 5213 “tam

1902 5201 2075 5286 nam:
2118 5204 2252 5283 ΜΒΝ
2280 5208 2603 5287 remp-Su
2744 5241 2877 5323 quin
2928 5242 3016 5323 mi
3069 5201 3246 5300 m‘
3263 5201 3397 5323 cur}

2745 5313 2928 5389 {mna
2958 5313 3075 5395 η’θῖ
3102 5318 3395 5399 Ἐπὶ-5⁸η

1907 5430 2039 5499 Qua:
2060 5433 2222 5489 verba
2253 5434 2324 5490 ita
2350 5434 2453 5507 legi
2487 5447 2713 5508 possunt
2736 5439 2887 5511 juxta
2922 5460 3133 5503 morem
3156 5451 3503 5522 antiquorum

1910 5524 2281 5595 Hebrteorum,
2308 5537 2363 5586 et
2386 5538 2631 5603 tempore
2658 5533 2833 5590 saneti
2856 5535 3170 5613 Hieronymi
3193 5557 3499 5618 receptum:

1911 5668 2078 5724 Jobed
2108 5674 2223 5745 jam
2260 5672 2481 5730 havaleil
2516 5676 2578 5732 bo

1975 5762 2126 5834 Ajom
2148 5765 2253 5818 altu
2270 5765 2385 5835 jehi
2404 5766 2595 5823 hosach

1965 5854 2293 5927 t'al-thophaa
2305 5858 2421 5914 aluv
2436 5876 2582 5918 nam.

2771 5679 2971 5737 valuela
2996 5700 3145 5739 amar
3172 5687 3303 5743 hora
3323 5691 3500 5762 gaber.

2764 5772 3062 5845 al-jadrastt
3084 5776 3219 5834 Eloa
3242 5780 3511 5839 mimmaal
