3992 6338
508 282 609 342 131

1078 272 1093 320 t
1134 275 1227 335 AD
1264 273 1324 335 S.
1364 267 1748 339 lllERONYltll
1788 262 2073 325 DIVINAM
2114 258 2623 323 BlBLlOTHEGAM
2666 259 3202 333 PROLEGOIENA.

3691 264 3789 325 {32

508 392 701 450 Latine
729 396 911 447 autem
956 388 1164 446 reddita
1197 397 1321 446 sunt
1357 388 1462 451 hoc
1488 386 1679 443 ordine
1714 383 1767 439 itt
1812 378 2103 459 Exempla-
2138 377 2181 447 Α,
2210 373 2362 431 diant
2390 394 2401 430 :
2429 377 2551 447 quin
2583 384 2638 437 ct
2665 376 2767 441 hoc
2789 376 2962 448 ipsum
2986 374 3334 449 praemonuit,
3361 374 3573 445 dicens,
3604 374 3791 437 librum

508 484 660 540 ribus
685 482 925 539 Canonis
952 481 1230 538 llebraica:
1261 479 1536 536 veritatis:

654 572 842 630 Pereat
868 574 1007 639 dies,
1040 574 1092 628 in
1122 590 1225 646 qua
1256 580 1409 627 natus
1432 586 1576 636 sum,

724 655 773 701 et
799 660 903 700 nos:
925 636 1112 714 inqua
1133 636 1325 699 dictum
1349 652 1456 696 est:
1474 646 1753 714 conceptus
1780 642 1857 693 est
1881 636 2054 691 homo.

730 717 856 775 Dies
884 716 973 775 ille
1011 713 1243 772 uertatur
1267 718 1321 770 in
1348 713 1601 776 tenebras,

735 806 839 849 non
863 789 1092 858 requirat
1120 803 1239 858 eum
1263 785 1400 858 Deus
1421 785 1643 855 desuper
1661 827 1676 853 ,

733 871 781 916 et
810 875 913 915 non
934 856 1167 914 'illustret
1196 856 1413 912 lumine.

587 954 703 1019 Non
752 953 970 1011 mireris
1014 949 1158 1025 quod
1211 948 1264 1005 in
1306 949 1464 1006 tertia
1512 964 1646 1025 voce
1697 947 1895 1019 prioris
1925 960 2116 1002 versus

515 1046 799 1120 pulverem
831 1024 1074 1111 havated,
1110 1060 1204 1117 pro
1225 1041 1454 1098 Hebraeo
1477 1024 1609 1104 ’ἔνιαι
1638 1042 1777 1096 banc
1806 1039 2120 1104 enim,teste

519 1140 874 1213 Hieronymo,
888 1133 1338 1195 consuetudinem
1362 1133 1639 1195 habebant
1655 1143 1870 1195 veteres
1882 1130 2118 1196 Hebraei,

518 1242 579 1290 ut
604 1232 758 1306 aleplt
786 1232 1032 1302 legerent
1058 1244 1155 1301 per
1180 1226 1276 1282 lic:
1308 1237 1362 1283 et
1384 1227 1447 1281 he
1475 1241 1572 1298 per
1604 1224 1779 1297 aleph.
1815 1221 1973 1283 Unde
2004 1222 2122 1297 ipse

516 1323 660 1382 libro
707 1322 1083 1391 Qumstionum
1127 1316 1515 1377 Hebraicarum
1565 1317 1620 1381 in
1671 1316 1958 1377 Genesim:
2009 1313 2123 1370 Nec

520 1417 845 1483 mirandum,
894 1432 1057 1489 quare
1085 1430 1204 1473 cum
1248 1411 1393 1486 apud
1423 1410 1629 1467 ercos
1675 1416 1724 1467 et
1752 1424 1846 1467 nos
1876 1425 1908 1465 Α
1952 1407 2126 1462 littera

518 1511 758 1567 uideatur
781 1510 965 1566 addita
994 1507 1091 1582 (in
1131 1509 1355 1565 nomine
1382 1505 1623 1581 Abram)
1653 1522 1744 1563 nos
1789 1519 1861 1563 BE
1900 1503 2127 1561 litteram

522 1601 806 1661 Hebraeum
851 1604 1087 1659 additam
1140 1599 1695 1658 dixerimus:idioma
1747 1599 1885 1654 enim
1934 1595 2129 1671 lingua:

520 1698 669 1756 illius
690 1707 765 1755 est
789 1716 883 1774 per
902 1714 973 1754 tu:
994 1697 1203 1770 quidem
1225 1696 1468 1762 scribere,
1490 1693 1583 1751 sed
1608 1710 1702 1767 per
1722 1710 1757 1753 Α
1784 1692 2130 1766 legere:sicut

524 1793 818 1850 econtrario
846 1809 880 1849 Α
902 1793 1129 1847 litteram
1155 1807 1294 1860 swpe
1316 1805 1407 1865 per
1436 1804 1507 1849 tta
1532 1786 1897 1862 pronuntiant.
1928 1784 2134 1849 Notan—
2160 1773 2208 1847 Β

529 1888 659 1946 dum
689 1889 851 1945 etiam
886 1905 972 1945 me
999 1888 1313 1960 Hieronymi
1338 1885 1661 1943 auctoritate
1690 1882 1910 1940 ductum
1939 1880 2137 1953 legisse

526 1984 689 2057 gabor
717 2001 814 2057 pro
844 1982 1110 2047 hodierno
1141 1999 1294 2059 gaver
1313 2024 1329 2055 ,
1358 1990 1414 2038 et
1463 1979 1677 2039 Hosaclt
1724 1992 1825 2051 pro
1864 1975 2132 2037 chortech.

516 2060 665 2134 Nam
697 2075 923 2155 epistola
948 2075 1013 2133 ad
1043 2075 1332 2147 Evagrium
1355 2074 1425 2131 de
1445 2070 1844 2129 Melchisedeco
1864 2069 2132 2132 scribens,

529 2167 821 2227 Hebraeum
854 2153 984 2231 n'w
1010 2211 1025 2238 ,
1056 2168 1224 2225 Salim
1252 2213 1268 2238 ,
1323 2168 1405 2225 vel
1453 2167 1631 2223 Salem
1660 2162 2134 2223 indiscriminatim

526 2262 634 2335 legi
667 2262 860 2319 docet:
900 2261 1025 2317 Non
1068 2264 1269 2334 refert,
1320 2259 1535 2332 inquit,
1572 2267 1746 2313 utrum
1797 2255 1979 2312 Salem
2007 2295 2023 2320 ,
2067 2269 2139 2307 an

531 2353 706 2414 Salim
725 2357 1169 2424 nominetur,cum
1185 2353 1442 2409 vocalibus
1461 2352 1516 2407 in
1532 2350 1699 2405 medio
1720 2347 1908 2405 litteris
1928 2360 2138 2417 perraro

530 2460 747 2507 utantur
783 2449 1013 2518 Hebraei,
1046 2459 1096 2505 et
1125 2466 1222 2524 pro
1251 2447 1514 2503 voluntate
1534 2444 1809 2512 lectorum,
1832 2454 1988 2515 atque
2009 2440 2142 2495 veri-

531 2554 636 2601 tate
661 2544 953 2618 regionum,
986 2542 1164 2599 eadem
1192 2543 1343 2601 verba
1368 2541 1584 2596 diversis
1606 2537 1747 2593 sonis
1779 2546 1931 2608 atque
1956 2550 2140 2588 accm-

535 2639 667 2695 tibus
697 2641 1050 2711 proferantur.
1081 2638 1340 2693 Litteram
1366 2646 1410 2698 n
1435 2676 1449 2701 ,
1485 2633 1624 2688 Heth
1648 2675 1664 2701 ,
1697 2632 1820 2704 lego
1848 2628 2012 2685 etiam
2041 2642 2143 2698 per

535 2728 594 2787 H
626 2730 980 2802 majnsculam
1011 2772 1028 2798 ,
1081 2730 1147 2785 ad
1183 2728 1590 2785 distinctionem
1622 2723 1889 2796 simplicis
1926 2732 1967 2784 Π
1996 2766 2011 2791 ,
2040 2719 2142 2775 Ite:

534 2822 682 2893 quod
735 2824 1088 2880 observatum
1147 2837 1364 2895 qu0que
1402 2822 1630 2891 legimus
1679 2820 1733 2874 in
1781 2816 2146 2890 appendicula

534 2914 777 2974 Ganonis
800 2917 1079 2973 ilebraicae
1110 2918 1376 2982 veritatis,
1402 2930 1563 2986 quam
1588 2913 1802 2970 consuli
1832 2913 1994 2968 velim
2019 2925 2143 2966 cum

536 3008 765 3066 scitoliis
816 3007 884 3063 ad
937 3008 1097 3064 linem
1149 3009 1267 3079 ejus
1312 3008 1595 3079 appositis.
1626 3007 1708 3061 Ex
1746 3004 2025 3077 praemissa
2067 3004 2148 3059 sic

539 3102 758 3174 antiqua
786 3101 1023 3159 lectione
1055 3101 1447 3157 llebraicorum
1488 3100 1784 3156 verborum
1814 3140 1831 3166 ,
1871 3097 2015 3153 haud
2046 3097 2145 3152 itn-

2210 466 2332 524 Johi
2362 468 2559 529 crebro
2590 470 2837 541 recipere
2878 470 3019 526 alios
3056 469 3222 542 pedes
3251 478 3308 525 et
3350 467 3544 526 modos
3586 480 3795 541 propter

2211 560 2412 633 lingua:
2440 562 2610 634 ipsius
2639 561 2863 621 idioma.
2888 562 3016 619 Hmc
3040 564 3235 635 raptim
3265 572 3319 620 ct
3340 578 3440 633 pro
3472 570 3713 632 tempore
3733 562 3801 620 de

2214 651 2546 714 hexametris
2575 654 2702 721 Job,
2725 654 2930 712 dixisse
2957 654 3232 717 sufﬁciant
3262 656 3314 719 in
3345 654 3719 719 defensionem
3741 654 3795 717 8.

2214 745 2492 805 Doctoris.
2522 744 2672 803 Nunc
2698 761 2867 818 partes
2890 744 3036 809 etde
3063 760 3225 811 versu
3254 745 3528 819 Sapphico
3550 744 3806 815 ραι-διεξει-

2215 828 2343 911 gere
2383 840 2539 896 liceat
2577 839 2630 896 in
2666 838 3177 907 Lamentationibns
3202 838 3478 905 .leremiae.
3511 837 3667 905 Prim'
3703 837 3805 904 La-

2219 933 2609 997 mentationttm
2634 933 2887 999 Jeretnia:
2919 934 3047 992 illud
3082 934 3246 995 habet
3287 933 3575 1002 exordium
3598 934 3656 998 in
3683 949 3810 993 con-

2224 1036 2374 1087 textu
2402 1026 2664 1085 Hebraico
2694 1043 2709 1082 :

2568 1130 2653 1191 ΕΣ]
2688 1130 2831 1187 ΤΒἽ
2856 1128 2995 1187 nam
3022 1132 3131 1183 Tt:
3155 1129 3305 1183 Πτ-Ψτ
3331 1128 3470 1185 nam

2650 1221 2812 1278 tam:
2838 1223 2981 1275 vna-1
3006 1197 3229 1281 tumba:
3253 1223 3397 1279 mm

2592 1288 2752 1367 :DDS
2780 1316 2922 1367 nm't
2967 1315 3206 1370 natm:
3232 1315 3393 1375 tmte

2375 1396 2518 1450 Echa
2545 1414 2757 1466 jasceua
2782 1398 2950 1453 ttadad
2974 1398 3093 1454 hair
3124 1399 3361 1455 rabbatlti
3385 1417 3473 1463 aut

2446 1467 2966 1549 Itajelltaﬂealntana
3009 1468 3248 1549 rabbatlti
3288 1472 3524 1549 baggoim

2442 1539 2645 1594 sarat'lti
2668 1540 3049 1596 bammeainoth
3078 1543 3293 1614 hajethu
3320 1539 3505 1599 tantas.

2304 1636 2411 1691 Ista
2450 1636 2640 1692 Latine
2688 1652 2960 1693 mensura:
3006 1639 3166 1695 metri
3221 1651 3275 1697 et
3306 1640 3556 1696 versibus
3596 1638 3831 1698 reddidit

2236 1730 2343 1787 hoc
2371 1731 2534 1787 modo
2561 1731 2622 1788 S.
2650 1730 3012 1805 Hieronymus
3039 1749 3053 1787 :

2941 1840 3137 1881 ALEPH.

2382 1914 2654 1991 Quomodo
2676 1918 2814 1971 sedet
2836 1918 2953 1991 sola
2967 1919 3152 1991 civitas
3180 1917 3334 1991 plena
3356 1919 3549 1991 papula
3578 1939 3598 1981 ,-

2448 1990 2591 2059 [acta
2618 1999 2692 2043 est
2712 1990 2862 2061 quasi
2890 1990 3047 2044 uidua
3071 1990 3285 2043 domina
3313 1991 3545 2061 gentium
3577 2008 3592 2045 :

2451 2062 2691 2131 princeps
2712 2062 3096 2133 provinciarum
3122 2063 3263 2130 [acta
3292 2072 3368 2119 est
3393 2064 3488 2118 sub
3509 2064 3730 2119 tributo.

2309 2154 2447 2211 Tres
2475 2154 2729 2215 ltiversus
2755 2156 2857 2213 sibi
2878 2155 3128 2221 connexi,
3164 2166 3216 2212 et
3238 2156 3308 2213 ab
3332 2170 3436 2213 una
3462 2156 3643 2221 littera
3666 2156 3838 2225 Alepb

2240 2247 2595 2318 incipientes,
2638 2250 2798 2307 unius
2836 2249 3076 2320 stroplm
3108 2249 3378 2321 bymtticm
3417 2250 3841 2308 similitudinem

2240 2349 2457 2411 gerunt,
2491 2347 2547 2395 et
2585 2341 2738 2409 quasi
2770 2338 3046 2410 Sapphico
3068 2356 3229 2399 versu
3258 2341 3449 2411 scripti
3480 2340 3762 2409 videntur,
3793 2341 3852 2398 in

2240 2430 2474 2489 Hebraeo
2501 2433 2737 2493 maxime
2757 2443 3039 2499 contextu,
3071 2433 3163 2491 ubi
3185 2432 3399 2507 Itajetlta
3418 2434 3605 2503 lamas,
3632 2450 3852 2491 comma

2245 2525 2541 2597 perlectum
2571 2524 2802 2594 heroici,
2824 2526 3071 2583 ultimum
3088 2542 3301 2585 versum
3316 2526 3618 2584 concludit.
3641 2526 3855 2583 Deinde

2243 2617 2476 2675 similem
2517 2618 2724 2675 habent
2764 2634 2953 2677 versus
2995 2620 3048 2675 in
3094 2620 3205 2679 line
3238 2620 3635 2687 desinentiam,
3687 2636 3853 2692 quam

2246 2726 2346 2766 nos
2362 2710 2565 2768 Gallice
2582 2712 2812 2769 dicimus
2832 2714 3002 2769 rime:
3033 2714 3242 2784 priores
3254 2716 3400 2770 enim
3427 2714 3537 2773 duo
3565 2714 3853 2779 desinunt,

2248 2804 2302 2860 in
2328 2815 2403 2872 επ,
2452 2821 2604 2873 metu,
2645 2817 2700 2862 et
2738 2806 2889 2875 prior
2920 2822 3045 2863 cum
3095 2807 3258 2864 tertio
3302 2806 3356 2864 in
3383 2808 3624 2864 vocalem
3657 2824 3726 2873 α,
3771 2820 3861 2862 am

2247 2899 2456 2957 scilicet
2486 2910 2543 2954 et
2579 2916 2707 2956 mas.
2737 2899 2981 2957 Tandem
3015 2900 3060 2958 si
3088 2909 3342 2957 Veratrum
3382 2901 3609 2972 syllaba:
3655 2916 3857 2958 ιιιιιωε

2248 3001 2459 3057 rentur,
2492 2992 2754 3062 aequalem
2787 2995 2840 3051 in
2864 2994 2944 3049 eis
2968 3009 3254 3050 numerum
3278 2993 3684 3065 deprehendes:
3705 2994 3864 3052 Unde

2248 3095 2592 3154 perspectum
2613 3094 2776 3155 atque
2797 3087 3139 3156 exploratum
3168 3085 3452 3151 habemus,
3481 3086 3616 3142 nihil
3647 3098 3864 3143 temere

538 3193 801 3266 possibile
849 3194 954 3250 erit
990 3194 1310 3267 Hieronymi
1356 3209 1572 3251 causam
1600 3194 1848 3250 obtinere
1881 3191 2144 3248 adversus

2258 3175 2318 3231 ab
2350 3175 2682 3248 Hieronymo
2715 3177 2882 3232 fuisse
2914 3179 3176 3257 scriptum
3196 3218 3211 3242 ,
3241 3194 3363 3237 cum
3393 3178 3597 3239 diceret
3627 3195 3644 3233 :
3680 3178 3864 3234 Habes

536 3282 754 3359 iniquos
782 3286 1210 3360 reprehensores
1241 3328 1256 3354 ,
1306 3287 1397 3359 qui
1423 3287 1476 3342 in
1507 3285 2022 3343 condemnationem
2051 3299 2145 3340 vo-

538 3390 667 3437 cant
711 3379 973 3452 quidquid
1005 3396 1033 3433 a
1074 3381 1241 3436 saliva
1285 3381 1502 3450 propria
1537 3379 1772 3443 viderint
1807 3378 2143 3447 discrepare.

538 3470 745 3528 Versus
768 3472 933 3544 igitur
962 3472 1085 3529 libri
1114 3473 1217 3529 an
1248 3472 1542 3543 aliqualem
1571 3473 1809 3543 speciem
1845 3472 2146 3528 hexametri

540 3566 837 3637 prtelerunt
882 3565 935 3621 in
975 3565 1310 3621 dictionibus
1346 3567 1546 3639 quibus
1590 3577 1879 3621 constant:
1923 3580 2047 3620 nam
2092 3565 2145 3619 in

544 3655 717 3727 priori
750 3672 932 3724 versu,
962 3657 1110 3711 verbi
1140 3657 1338 3728 gratia,
1369 3656 1572 3728 dactyli
1604 3656 1775 3729 pedes
1793 3656 2148 3727 spondutique

545 3747 845 3804 decurrunt
871 3791 885 3813 ,
917 3765 1019 3804 nec
1062 3749 1297 3804 absurde
1322 3747 1626 3809 instituitur
1654 3749 1906 3821 aliqualis
1930 3763 2150 3819 compa-

547 3842 691 3901 ratio
717 3844 860 3900 inter
900 3859 1117 3901 versum
1148 3845 1382 3914 primum
1426 3842 1692 3901 IEneidos
1739 3854 1795 3900 et
1836 3843 1999 3901 istum
2028 3842 2149 3905 Johi

548 3936 881 3993 versiculum
908 3937 1218 3997 Hebraeum.

586 4029 883 4104 Jobedjom
927 4029 1152 4087 havaled
1170 4032 1232 4086 bo
1344 4029 1551 4087 valacla
1581 4046 1730 4085 amar
1759 4028 1889 4083 hora
1919 4027 2079 4101 gaber

589 4128 750 4180 Arma
778 4126 1044 4192 virumque
1070 4142 1203 4181 cano
1336 4123 1515 4198 Troja:
1551 4125 1641 4196 qui
1679 4125 1879 4197 primus
1899 4121 1963 4176 ab
1995 4120 2118 4175 oris.

625 4215 685 4283 In
719 4216 950 4273 Hebraeo
977 4231 1137 4273 versu
1166 4216 1289 4273 Jobi
1321 4225 1402 4271 tot
1423 4227 1549 4271 sunt
1577 4215 1825 4287 syllabas,
1859 4223 1990 4284 quot
2028 4220 2157 4269 sunt

557 4310 612 4366 in
639 4324 798 4366 versu
821 4309 990 4365 latino
1019 4309 1257 4365 Maronis
1291 4327 1303 4363 :
1337 4323 1536 4365 caesum
1573 4308 1698 4362 item
1731 4307 1973 4378 perfecte
2017 4319 2153 4359 con-

558 4404 705 4460 venit
745 4401 888 4458 inter
932 4410 1252 4472 utrumque,
1283 4411 1338 4459 et
1367 4402 1413 4457 si
1441 4385 1656 4472 'dactyli
1683 4416 1789 4455 non
1827 4405 2152 4467 consonant,

560 4511 664 4559 nec
713 4495 765 4550 in
805 4494 1029 4570 syllabis
1076 4494 1356 4563 brevibus,
1409 4508 1509 4550 nec
1550 4495 1602 4549 in
1653 4507 1883 4549 numero
1934 4490 2154 4562 pedum,

562 4566 849 4663 nonnullae
883 4595 1060 4642 tamen
1090 4594 1217 4641 sunt
1246 4598 1408 4641 voces
1435 4592 1746 4642 constantes
1775 4582 1953 4640 tribus
1992 4581 2159 4655 sylla-
2184 4566 2239 4645 Ρ

562 4676 671 4748 bis,
704 4694 825 4750 quae
853 4679 1028 4734 vicem
1058 4678 1318 4749 supplent
1358 4677 1703 4749 dactylorum
1751 4675 2065 4735 Graecorum
2104 4682 2159 4730 et

563 4769 902 4829 Latinorum.
928 4772 1195 4828 Prteterea
1226 4788 1416 4829 versus
1444 4754 1707 4831 Hebraeus
1732 4772 1965 4827 similem
1995 4770 2161 4825 habet

565 4878 782 4932 sonum,
814 4866 931 4921 sive
954 4866 1239 4951 rythmum,
1269 4877 1324 4923 ut
1345 4865 1551 4925 Gallice
1569 4866 1775 4935 dicunt,
1804 4868 1857 4921 in
1881 4865 1989 4921 line
2008 4879 2160 4920 com-

564 4965 771 5013 rnatum
802 4975 816 5013 :
848 4958 975 5029 quia
1001 4969 1290 5030 utrumque
1314 4974 1526 5017 comma
1551 4960 1876 5016 terminatur
1909 4960 1961 5012 in
1989 4974 2038 5023 ο,
2069 4956 2156 5028 bo,

565 5060 622 5108 et
667 5051 780 5105 bor.
830 5050 942 5106 Hoc
982 5049 1151 5106 decus
1177 5051 1428 5109 obtinent
1456 5051 1685 5107 Hebraea
1715 5050 1955 5106 carmina
1997 5065 2162 5121 supra

565 5145 883 5203 Graecorum
912 5145 998 5201 vel
1037 5144 1354 5203 Latinorum
1400 5156 1593 5203 metra.
1641 5145 1812 5203 Porro
1860 5163 1925 5202 ex
1973 5145 2163 5202 eadem

570 5238 856 5296 cuneordia
876 5253 1129 5295 versuum
1160 5240 1508 5297 Hebraeorum
1532 5257 1654 5295 cum
1679 5241 1884 5296 Latinis
1910 5242 2168 5296 hexame—

572 5333 706 5400 tris,
749 5348 872 5403 qum
902 5336 1175 5388 sexcentis
1207 5335 1341 5389 locis
1370 5335 1607 5389 occurrit
1636 5335 1687 5388 itt
1722 5343 1834 5389 toto
1863 5333 1987 5389 Jobi
2012 5332 2168 5389 volu-

570 5421 748 5491 mine,
781 5424 947 5493 plane
974 5424 1381 5480 demonstratur
1412 5426 1801 5497 Hieronymum
1831 5424 2036 5496 absque
2081 5434 2165 5480 te-

574 5516 843 5573 meritatis
870 5517 958 5573 vel
1003 5518 1234 5572 inscitiae
1260 5528 1387 5573 nota
1412 5517 1794 5589 pronuntiasse
1816 5518 1883 5573 de
1915 5517 2169 5572 hexame-

577 5611 676 5667 tris
704 5610 952 5681 versibus
979 5612 1225 5682 ejnsdem
1256 5612 1401 5680 lihri,
1433 5627 1531 5669 nec
1557 5614 1735 5693 inepte
1756 5613 1993 5692 speciem
2025 5612 2078 5671 in
2101 5628 2169 5681 eo

575 5720 641 5760 ac
683 5704 970 5789 imaginem
1022 5705 1220 5785 dactyli
1273 5719 1321 5767 et
1373 5707 1610 5777 spondazi
1663 5708 2026 5779 perapexisse.
2056 5706 2168 5763 Nec

578 5807 725 5855 vetat
748 5796 897 5870 quod
929 5798 1087 5855 talem
1113 5798 1544 5859 convenientiam
1573 5799 1740 5856 multa
1771 5801 1970 5871 saepius
1992 5800 2163 5870 impe-

2248 3277 2295 3323 ει
2328 3269 2383 3324 in
2411 3268 2893 3325 Lamentationibus
2918 3250 3172 3327 ‘Jeremia?
3208 3281 3431 3343 quatuor
3468 3271 3794 3341 alphabeta,
3838 3288 3870 3328 ι

2248 3364 2435 3434 quibus
2476 3365 2578 3419 duo
2616 3366 2783 3436 prima
2813 3366 2961 3437 quasi
2985 3365 3254 3437 Sapphico
3281 3378 3445 3425 metro
3464 3368 3667 3439 scripta
3697 3376 3823 3424 sunt
3849 3384 3870 3423 ι

2249 3457 2373 3531 quia
2417 3465 2517 3511 tres
2547 3455 2857 3524 versiculos,
2887 3459 2977 3529 qui
3005 3457 3102 3515 sibi
3124 3459 3343 3515 connexi
3382 3468 3533 3525 sunt,
3560 3470 3611 3515 et
3653 3464 3724 3517 ab
3763 3477 3873 3515 una

2253 3560 2455 3610 tantum
2485 3551 2656 3605 littera
2686 3552 2941 3622 incipiunt
2963 3594 2979 3620 ,
3008 3550 3224 3608 Heroici
3245 3569 3445 3611 comma
3472 3554 3772 3613 concludit.

2328 3647 2402 3703 De
2451 3648 2670 3704 cantico
2718 3648 3162 3716 Deuteronomii,
3212 3647 3358 3720 quod
3390 3648 3478 3705 vel
3522 3650 3879 3705 hexametris

2251 3740 2527 3808 versibus,
2557 3742 2641 3797 vel
2666 3750 2984 3804 tetrametro
3008 3741 3246 3799 iambico
3270 3754 3527 3799 constare
3552 3742 3795 3809 dicitur,
3819 3753 3882 3801 et

2253 3828 2355 3887 hoc
2384 3832 2545 3886 etiam
2579 3832 2965 3903 adjiciendum.
3011 3833 3527 3897 Praestantissimum
3558 3834 3701 3891 illud
3746 3850 3878 3892 cars

2254 3939 2379 3981 nten
2422 3924 2474 3980 in
2517 3940 2583 3981 eo
2616 3924 2780 3982 lubet
2822 3927 3064 3996 speciem
3095 3926 3429 3994 hexametri,
3470 3926 3620 3998 quod
3664 3927 3880 3998 singuli

2255 4016 2428 4074 ferme
2458 4035 2654 4083 versus
2681 4036 2779 4091 per
2808 4035 2904 4075 sex
2934 4020 3204 4078 dictiones
3232 4020 3546 4088 decurrant,
3574 4023 3749 4093 quasi
3784 4037 3887 4093 per

2258 4111 2483 4168 totidem
2516 4113 2683 4182 pedes
2713 4120 2770 4169 et
2799 4123 2970 4170 metra
3013 4131 3026 4167 ;

2261 4212 2553 4271 teriam
2575 4213 2753 4291 vostr
2771 4215 2981 4291 suam
3193 4215 3413 4291 manu
3439 4213 3658 4268 arma
3688 4216 3896 4271 unum

2476 4312 2488 4356 :
2519 4281 2720 4361 innuit
2743 4281 2858 4361 ἣτε)
2881 4281 2985 4365 ’πη
3244 4281 3380 4387 ’τιρῆ
3405 4308 3581 4360 ηοω
3612 4308 3776 4386 nam

2259 4434 2485 4488 Haasiuu
2508 4434 2834 4487 haschamaim
2854 4433 3158 4486 vaadabbera
3193 4429 3459 4484 vetitismah
3481 4432 3688 4484 haarets
3726 4433 3895 4486 imre-

2322 4499 2409 4564 plti
2421 4498 2636 4565 jaaroplt
2650 4498 2920 4555 trttnurtatar
2943 4496 3088 4553 liccltt'
3104 4495 3250 4551 tinet
3268 4494 3419 4553 kattal
3435 4494 3657 4553 immiti.

2410 4627 2628 4691 Audite,
2662 4626 2809 4691 creti,
2838 4641 2953 4699 qua;
2983 4625 3166 4699 loquor
3199 4640 3221 4680 :

2479 4699 2663 4752 audiat
2689 4708 2828 4752 terra
2850 4696 3001 4751 uerba
3026 4697 3130 4752 oris
3160 4696 3283 4751 mei.

2407 4768 2713 4825 Coucrescat
2741 4778 2796 4824 ut
2815 4769 2990 4839 pluvia
3016 4768 3254 4829 doctrina
3284 4783 3398 4833 utea
3424 4784 3445 4823 .'

2477 4842 2605 4913 ﬂuat
2632 4849 2687 4894 ut
2712 4857 2795 4894 ros
2824 4840 3081 4910 eloquium
3118 4855 3324 4907 meum;

2339 4933 2526 4990 Nonne
2556 4950 2735 4990 veram
2767 4932 3120 4989 lleroicorum
3151 4932 3450 4996 carminum
3480 4928 3745 5011 speciem
3780 4949 3910 5005 pra:

2267 5043 2330 5085 se
2353 5027 2531 5084 ferunt
2557 5027 2643 5081 illa
2672 5024 3079 5089 Deuteronomii
3104 5040 3352 5079 versuum
3380 5023 3553 5091 κῶλαῖ
3581 5022 3817 5089 Mirare
3848 5035 3913 5085 tu

2266 5122 2543 5196 rythmum
2568 5121 2620 5175 in
2647 5118 2883 5175 disticho
2911 5118 3017 5174 isto
3040 5115 3339 5191 Virgiliano
3365 5137 3377 5173 :

2396 5254 2619 5309 Vertitur
2639 5254 2835 5306 interea
2851 5256 3049 5314 ewlmn,
3068 5260 3123 5306 et
3136 5253 3242 5304 ruit
3256 5251 3457 5304 Octauo
3472 5263 3593 5301 ιοι.

2394 5316 2660 5379 Sternitur,
2689 5309 3275 5382 exanimisque'tremens
3299 5314 3575 5379 procumbit.
3593 5309 3761 5367 illum
3782 5315 3916 5373 bos.

2346 5425 2565 5494 Mirare,
2596 5426 2850 5499 inquam,
2886 5423 3138 5481 modulos
3171 5421 3296 5478 illos
3331 5419 3589 5485 metricae
3618 5417 3695 5475 in
3734 5434 3925 5492 poem

2272 5517 2462 5591 gentili
2498 5536 2512 5572 :
2542 5533 2643 5589 ego
2672 5517 2843 5574 divini
2871 5517 3008 5575 vatis
3036 5530 3193 5579 sacra
3218 5511 3458 5579 carmina
3479 5524 3723 5580 semper
3760 5529 3930 5585 prae-

2273 5609 2498 5681 dicabo,
2548 5610 2603 5667 in
2649 5610 2868 5684 rythmo
2902 5608 3269 5681 mualitatem
3311 5620 3377 5660 ac
3417 5602 3809 5675 gravitatem.
3866 5610 3929 5669 in

2272 5703 2433 5763 exesis
2462 5704 2736 5761 leuitatem
2768 5701 2964 5771 tinnuli
3004 5698 3231 5757 alterius
3260 5695 3464 5770 rythmi,
3505 5694 3617 5757 late
3649 5702 3929 5774 sumpti,

2273 5810 2328 5856 et
2353 5798 2408 5854 in
2434 5813 2526 5855 sex
2552 5795 2875 5855 dietionibus
2896 5809 3084 5852 versus
3113 5789 3266 5863 quasi
3295 5788 3662 5859 hexametros
3690 5794 3932 5865 mi“-
