4040 6360
274 283 380 346 133

952 283 1516 364 PROLEGOHENON
1556 297 1644 356 IV.
1689 299 1777 368 DE
1815 299 2111 374 TITULIS,
2158 308 2308 373 ETC.
2353 311 2446 368 SS.
2497 314 2889 383 BIBLIORUM.

3465 326 3567 388 156

270 408 446 454 tarem
482 399 638 472 plane
665 402 900 460 divinam
933 406 1132 476 ubique
1165 409 1484 466 retinentes.
1522 410 1591 466 Et
1627 413 1673 470 si
1708 413 1867 469 aliam
1898 419 1940 476 Α
1975 420 2027 472 ln
2062 421 2252 477 metris
2273 421 2723 494 Catulli,lloratii
2745 431 3068 502 etaliornm,
3089 435 3326 504 quisnon
3359 439 3571 498 videat?

262 507 565 549 metrorum
594 497 855 567 speciem,
884 513 1004 570 qua:
1033 510 1352 557 tetrametro
1378 513 1591 562 conSIet
1614 504 1865 573 iambico,

259 588 520 643 curiosus
547 589 720 644 lector
741 592 983 662 requirat
1015 593 1069 648 in
1100 595 1264 652 Mosis
1294 595 1528 664 cantico,
1560 598 1872 653 meminerit

258 677 575 749 imperfecti
605 685 932 752 lctrametri,
965 687 1108 756 quod
1139 688 1338 757 smpius
1372 688 1424 742 in
1455 692 1628 742 sacris
1655 688 1870 761 hymnis

256 771 534 841 decurrit,
565 772 652 828 cui
676 775 859 844 utique
881 785 1110 847 possunt
1129 778 1434 848 comparari
1462 777 1869 834 Deuteronotnii

255 879 485 922 versus.
517 865 678 923 Verbi
706 869 900 939 gratia,
932 868 1040 925 duo
1067 871 1281 941 priores
1311 886 1497 928 versus
1529 873 1730 930 cantici
1773 889 1866 928 sa-

253 961 501 1029 pradicti
533 978 548 1017 :

260 1081 496 1134 Harman
513 1081 804 1136 exhauserim
825 1085 1126 1138 vaadebbera
1136 1087 1398 1140 vethiamah
1408 1087 1631 1143 Itaareets
1640 1090 1870 1156 hnre-pln'

385 1165 594 1230 jaamplt
619 1166 886 1221 kamrnalar
906 1169 1048 1222 licchi
1070 1170 1215 1224 tizzal
1238 1173 1386 1226 Itattal
1402 1171 1620 1230 imrallti.

249 1286 557 1359 aliqualcm
577 1289 778 1347 habent
798 1293 1213 1353 similitudinem
1240 1314 1364 1355 cum
1382 1299 1502 1357 istis
1525 1312 1798 1360 tctramett
1815 1302 1859 1360 is

250 1379 518 1436 iambicis
555 1401 568 1436 :

360 1475 552 1547 Eange,
568 1477 761 1547 lingua,
789 1479 991 1542 gloriosi
1017 1485 1239 1547 praelium
1265 1490 1581 1539 certaminis:

361 1537 425 1587 Et
442 1552 596 1603 super
617 1537 779 1592 cFuci’s
791 1537 1040 1606 'tropzeun't
1062 1549 1140 1600 die
1157 1537 1469 1616 triumphum,
1480 1537 1718 1606 nobilem.

330 1647 598 1714 Quamvis
642 1645 800 1704 enim'
839 1652 906 1707 ad
939 1662 1311 1712 tetranietrum
1361 1660 1658 1728 perfectura
1690 1663 1870 1720 desint

248 1742 540 1795 nonnulla
569 1742 795 1814 syllaba:
827 1744 880 1800 in
911 1748 1196 1815 posteriori
1230 1765 1394 1806 versu
1424 1752 1862 1824 Deuteronomii,

1976 511 2361 572 'l‘erminantur
2393 520 2444 574 in
2474 518 2807 585 dictionibus
2830 525 3054 581 duarunt
3087 529 3446 600 syllabarum,
3472 549 3567 590 sex

1975 603 2176 662 habent
2221 612 2372 680 quasi
2408 612 2606 682 pedes,
2642 616 2728 670 vel
2763 627 2820 672 ut
2851 618 3046 681 melius
3075 619 3340 689 dicamus,
3371 626 3568 694 pedum

1974 697 2260 771 imagines,
2295 715 2402 761 tres
2434 723 2598 768 voces
2638 708 2880 782 integras
2908 715 3139 785 saepius,
3168 733 3270 774 nec
3294 719 3479 789 plures
3509 722 3563 778 in

1973 793 2163 852 eodem
2198 811 2355 856 versu
2390 799 2628 863 retinent
2658 819 2674 864 ;
2711 804 2901 876 ecquid
2943 806 3085 868 istud
3127 823 3286 868 vocas
3320 811 3424 867 nisi
3474 815 3572 871 tri-

1972 894 2140 942 metra
2189 888 2451 948 iambica?
2497 892 2790 958 Fateantur
2825 913 2954 967 ergo
3001 897 3266 956 fastidiosi
3314 903 3565 962 homines

1971 984 2140 1032 totum
2190 979 2532 1050 Psalterium,
2581 995 2633 1038 et
2691 989 2866 1042 omnia
2915 989 3313 1061 Seripturarum
3362 996 3569 1052 cantica

1972 1074 2184 1143 poetico
2212 1076 2447 1144 quodam
2479 1077 2798 1137 charactere
2824 1100 2947 1139 esse
2967 1085 3228 1154 animata,
3260 1102 3364 1143 nec
3394 1089 3567 1146 fumos

1969 1165 2280 1222 vendidisse
2327 1167 2710 1243 Hieronymum
2736 1189 2858 1230 cum
2902 1177 3100 1234 diceret
3139 1195 3154 1235 :
3187 1179 3418 1252 Denique
3443 1184 3569 1254 quid

1975 1257 2230 1316 Psalmio
2275 1263 2540 1330 sartorius,
2565 1267 2708 1336 quod
2748 1268 2802 1322 in
2844 1286 3038 1328 merent
3084 1275 3249 1326 nostri
3293 1272 3476 1329 Flacci
3524 1287 3573 1330 et

1971 1349 2138 1406 (ἐνωσὶ
2164 1351 2386 1408 Pindari
2408 1373 2548 1418 nunc
2569 1358 2740 1420 iambo
2763 1364 2950 1430 currit,
2986 1380 3125 1420 nunc
3154 1365 3362 1421 Alcaico
3393 1385 3574 1435 perso-

1970 1453 2078 1510 nat,
2110 1461 2247 1499 nunc
2277 1445 2544 1519 Sapphico
2568 1454 2770 1506 tumet?
2801 1452 3030 1523 Legerat
3064 1455 3377 1525 Pindarum,
3427 1460 3570 1516 scie-

1971 1536 2066 1602 bat
2091 1539 2220 1610 quid
2248 1541 2321 1596 sit
2347 1542 2655 1616 iantbicum,
2689 1546 2817 1618 quid
2849 1547 3153 1616 Alcaicum,
3184 1562 3234 1606 et
3267 1552 3392 1622 quid
3425 1553 3566 1622 Sap-

1970 1629 2186 1699 phicum
2220 1643 2472 1688 tnetrutn.
2494 1633 2626 1690 Cum
2659 1637 3009 1694 llebrmorntn
3045 1643 3426 1699 eruditissimis
3457 1647 3569 1701 col-

1970 1722 2150 1792 loquia
2184 1727 2426 1797 quotidie
2471 1729 2728 1797 miscens,
2758 1734 2876 1801 ipse
2908 1735 3108 1806 iil'lglltl}
3140 1738 3420 1794 Hebraica:
3462 1742 3571 1794 cal-

245 1841 313 1887 et
343 1831 405 1888 in
435 1807 1240 1903 priorinonnullte'rednndent
1267 1859 1282 1903 :
1307 1845 1525 1903 suavius
1554 1807 1865 1906 tanien-de:
1899 1807 1944 1867 Β
1973 1816 2306 1874 ¹⁰¹¹¹ί⁵δί¹η¹¹⁵
2324 1836 2434 1876 "0"
2458 1825 2628 1892 pom“
2662 1825 2917 1897 ignorare
2939 1844 3188 1898 quaenam
3208 1833 3318 1890 Sim
3339 1832 3390 1888 in
3421 1833 3574 1890 “bris

245 1935 495 1980 currunt
545 1927 629 1982 illa
679 1944 831 1984 sacra
867 1931 1095 1987 iambica
1138 1933 1495 2007 imperfecta,
1552 1955 1715 2010 quam
1762 1942 1862 1998 ista

247 2019 407 2088 apud
440 2019 755 2076 Terentium
787 2040 800 2077 :

319 2129 598 2182 Pecuniam
634 2135 682 2182 in
721 2134 830 2185 loco
863 2135 1159 2201 negligere,
1192 2141 1461 2194 maxltnum
1498 2143 1747 2196 interdum
1790 2154 1866 2198 est

317 2255 541 2318 Pr0pter
562 2269 697 2307 suam
723 2259 1061 2324 impotentiam
1085 2276 1142 2314 se
1159 2277 1363 2330 semper
1385 2266 1599 2320 credunt

330 2360 605 2416 Trimetra
638 2365 791 2432 quasi
825 2365 1056 2423 iambica
1089 2368 1142 2424 in
1174 2369 1398 2440 psalmis
1427 2387 1492 2428 ex
1523 2381 1578 2428 et
1601 2389 1710 2442 cxr,
1741 2391 1863 2432 cum

249 2452 595 2525 Hieronymo
621 2456 778 2511 facile
804 2459 1127 2527 concedent,
1145 2462 1236 2534 qui
1267 2463 1369 2519 hos
1395 2465 1658 2522 Hebraeos
1677 2484 1866 2524 versus

249 2547 449 2618 legere
481 2557 536 2603 et
565 2547 873 2621 intelligere
903 2553 1233 2610 studuerint.
1269 2555 1482 2611 Psalmo
1507 2573 1573 2614 ex
1604 2561 1864 2633 scriptum

247 2638 462 2711 legitur
492 2641 546 2695 in
579 2640 936 2699 Hebraeorum
970 2646 1343 2705 voluminibus
1381 2667 1395 2703 :

753 2725 1004 2803 πιέν-551
1032 2752 1155 2804 mm
1193 2756 1329 2806 rma:

727 2842 890 2899 :n'nn
919 2844 1102 2896 ειν-πων
1123 2845 1258 2899 'nD:

554 2924 670 2980 Ode
694 2921 831 2980 ,Ιαὴο
857 2927 1206 2986 bechol—levav
1235 2950 1253 2986 :

621 2997 779 3070 besod
797 3002 1042 3070 jescarim
1066 3003 1244 3058 vecda.

477 3066 778 3136 Con/itebor
798 3066 1029 3128 Domino
1055 3074 1110 3130 in
1141 3082 1249 3130 toto
1271 3077 1427 3136 corde
1455 3093 1474 3134 .'

545 3139 602 3193 in
634 3141 855 3196 concilio
868 3143 1135 3216 justorum
1162 3158 1210 3202 et
1235 3149 1655 3222 congregatione.

257 3253 486 3310 Psahno
515 3265 702 3312 autem
729 3273 846 3324 ext,
891 3260 1086 3318 eadem
1114 3277 1367 3318 versuum
1410 3265 1624 3335 species
1656 3267 1726 3322 ita
1767 3266 1867 3324 de-
1899 3252 1920 3267 “

253 3360 433 3406 Curi-tt
464 3366 477 3401 :

777 3452 1023 3507 raw-nn
1042 3455 1145 3505 mi
1172 3452 1479 3512 uttqu

839 3545 1001 3593 :‘txt:
1027 3543 1150 3621 vnn
1175 3543 1418 3601 vniam

556 3625 812 3680 Ascra-ise
840 3626 954 3695 iure
980 3625 1236 3683 etIt-Jalto
1270 3647 1287 3684 :

632 3696 998 3769 bemitsttotltav
1022 3699 1278 3769 hhaphets
1310 3704 1474 3756 mead.

557 3766 748 3823 Beatus
775 3768 854 3820 vir
878 3769 963 3838 qui
986 3766 1138 3824 timet
1158 3771 1434 3828 Dominum
1464 3791 1482 3828 :

624 3840 676 3892 in
706 3839 963 3895 mandatis
984 3844 1097 3914 ejus
1126 3844 1264 3898 volet
1285 3846 1460 3901 nimis.

338 3954 604 4010 Advertat
649 3953 822 4009 lector
851 3955 1105 4012 eumdem
1134 3972 1256 4013 esse
1288 3974 1480 4015 sonum
1516 3963 1782 4017 vocalium
1813 3965 1866 4018 in

261 4049 375 4104 line
416 4047 735 4119 huiusmodi
780 4063 1040 4104 versuum
1085 4050 1476 4108 llebraicorutn
1523 4074 1534 4109 :
1581 4071 1702 4109 nam
1735 4057 1868 4111 Ιρυαυ

262 4157 323 4198 et
367 4143 529 4196 rceda
571 4159 734 4198 unatn
783 4143 984 4199 habent
1021 4143 1385 4202 desinentiant
1429 4149 1545 4203 sive
1598 4148 1868 4221 rythmum

260 4234 376 4290 late
406 4244 708 4306 sumptum.
741 4235 1007 4292 Similiter
1033 4236 1085 4291 in
1116 4238 1321 4308 psalmo
1353 4253 1440 4294 ext
1465 4242 1612 4294 mead
1635 4240 1686 4294 in
1711 4256 1874 4296 voca-

263 4327 374 4383 lem
404 4345 437 4382 o
469 4329 844 4397 terminatum,
869 4330 1121 4387 eumdem
1160 4333 1320 4388 habet
1344 4349 1535 4394 sonum
1560 4350 1680 4390 cum
1711 4333 1869 4391 Jaho.

265 4419 342 4474 Ita
370 4421 518 4477 enim
551 4421 654 4493 legi
671 4421 834 4478 debet
862 4439 1059 4480 nomen
1083 4424 1180 4480 Dei
1207 4437 1729 4497 tetragrammaton;
1765 4445 1869 4486 non

264 4521 331 4568 ut
359 4513 522 4570 hodie
552 4525 812 4587 corrupte
844 4515 1071 4587 legitur:
1096 4515 1316 4575 Jehora.
1347 4519 1442 4575 His
1459 4536 1596 4576 vero
1623 4523 1872 4578 versibus

265 4605 517 4665 iambieis
548 4611 721 4665 sacris
752 4610 1012 4681 majorem
1042 4611 1225 4669 inesse
1253 4613 1567 4681 melodiam,
1603 4631 1763 4686 quam
1799 4615 1872 4672 sit

1969 1915 2138 1965 sacris
2169 1927 2336 1983 opera
2379 1917 2626 1984 metrica,
2661 1928 2716 1974 ct
2746 1920 2942 1989 quibus
2972 1923 3177 1993 legibus
3210 1927 3450 1982 metricis
3476 1928 3571 1984 ad-

1969 2004 2182 2060 stricta.
2222 2005 2587 2074 Quamobrem
2633 2010 2768 2068 fides
2801 2013 3131 2088 Hieronymo
3173 2017 3416 2076 habenda
3462 2034 3566 2092 est,

1971 2097 2312 2169 potiusquam
2352 2099 2633 2174 Scaligero
2657 2146 2670 2172 ,
2705 2105 2934 2178 ejusque
2983 2109 3366 2168 reconditioris
3408 2113 3569 2169 disci-

1972 2189 2133 2257 plinae
2170 2194 2550 2265 sectatoribus,
2584 2196 2673 2268 qui
2704 2207 2756 2257 et
2802 2200 2900 2269 ipsi
2934 2201 3244 2271 Opinionem
3279 2208 3558 2275 propriam

1970 2282 2037 2338 de
2068 2288 2259 2342 metris
2299 2288 2724 2362 Scripturarnm,
2755 2310 2817 2348 ac
2851 2299 3121 2368 pra-cipue
3165 2299 3410 2357 Psalterii
3458 2313 3569 2357 sta-

1971 2383 2214 2443 tuentes,
2252 2391 2424 2436 totum
2476 2385 2724 2442 ordinem
2760 2401 3076 2457 pervertunt
3106 2393 3154 2446 in
3200 2396 3486 2452 sententiis
3518 2407 3572 2452 ct

1969 2470 2216 2527 versibus
2249 2473 2548 2532 Bibliorum
2593 2493 2871 2536 sacrorum
2892 2526 2908 2552 ,
2942 2483 2997 2538 in
3029 2486 3224 2556 quibus
3269 2490 3573 2557 smpissime

1969 2561 2108 2618 ordo
2140 2564 2432 2620 verborum
2467 2571 2784 2640 mysterium
2810 2585 2911 2628 est.
2945 2575 3096 2633 Unde
3130 2579 3272 2635 idem
3307 2581 3573 2655 Hierony-

1974 2670 2090 2710 ιιιυά
2121 2656 2173 2710 in
2204 2672 2324 2727 cap.
2358 2675 2436 2714 ttt.
2468 2661 2724 2732 Epistula:
2754 2666 2818 2721 ad
2853 2669 3119 2736 Ephesios
3152 2689 3163 2725 :
3202 2672 3342 2740 Quia
3370 2676 3442 2730 ita
3474 2677 3570 2731 Im.

1971 2746 2121 2803 betur
2153 2750 2204 2805 in
2233 2749 2442 2822 Graeco,
2475 2763 2522 2810 el
2569 2758 2760 2830 singuli
2791 2778 3068 2830 sermones,
3100 2765 3346 2838 syllabae,
3377 2770 3569 2842 apices,

1973 2855 2202 2916 puncta,
2248 2847 2302 2903 in
2345 2849 2538 2905 divinis
2590 2853 2878 2927 Scripturis
2925 2859 3080 2930 plena
3123 2871 3240 2917 sunt
3281 2864 3513 2920 sensibus
3553 2883 3572 2921 .°

1972 2947 2246 3008 propterea
2275 2943 2438 3016 magis
2466 2946 2702 3002 uolumus
2725 2949 2777 3004 in
2807 2954 3178 3020 compositione
3203 2965 3571 3028 structuraque

1971 3035 2272 3101 verborum,
2329 3056 2485 3110 quam
2532 3043 2910 3120 intelligentia,
2961 3051 3272 3124 periclitari.
3325 3053 3444 3116 Non
3494 3053 3574 3108 sic

1971 3124 2224 3196 Scriptor
2246 3146 2512 3200 nuperos,
2545 3136 2634 3205 qui
2678 3152 2778 3208 pro
2808 3137 2963 3194 libitu
3000 3157 3216 3196 sacrant
3246 3143 3571 3199 Contextum

1973 3224 2234 3300 pervertit
2262 3225 2312 3278 in
2357 3227 2579 3296 psalmis
2610 3245 2671 3297 tt,
2703 3246 2860 3288 CLXXI
2893 3244 2944 3288 et
2975 3250 3061 3302 CL,
3098 3244 3155 3290 ut
3185 3237 3389 3306 poesim
3423 3238 3576 3309 ryth-

1973 3312 2170 3369 micam
2206 3314 2258 3370 in
2294 3317 2399 3372 illis
2431 3319 2695 3377 inveniat.
2725 3321 2956 3380 Tantam
2989 3327 3093 3382 viri
3127 3327 3322 3384 eruditi
3357 3329 3578 3385 liberta-

1972 3413 2082 3460 tem
2129 3407 2391 3465 cohibere
2436 3413 2486 3466 in
2541 3425 2791 3485 promptu
2829 3428 2974 3474 esset
3013 3435 3078 3476 ex
3129 3421 3575 3480 distinctiottihus

1973 3499 2329 3558 llebraaornm
2357 3505 2608 3562 codicum
2641 3509 3061 3582 antiquissimis,
3096 3521 3149 3568 et
3193 3529 3259 3569 ex
3290 3515 3572 3571 versiculis

1973 3609 2069 3664 per
2118 3594 2402 3652 intervalla
2447 3598 2742 3671 descriptis
2788 3605 2842 3660 in
2887 3607 3287 3680 exemplaribus
3336 3607 3576 3666 Canonis

1978 3683 2263 3742 Hebraicae
2288 3687 2572 3756 veritatis;
2606 3692 2702 3746 sed
2727 3691 2867 3749 hanc
2893 3695 3322 3766 disputationem
3357 3699 3575 3772 tnajori~

1978 3777 2080 3831 bus
2109 3779 2232 3834 otiis
2254 3820 2269 3844 ,
2307 3791 2356 3834 et
2392 3782 2551 3836 alteri
2585 3785 2814 3855 tempori
2845 3790 3281 3860 reservavimns,
3332 3792 3575 3847 contenti

1978 3869 2086 3924 hoc
2129 3869 2250 3926 loco
2295 3872 2541 3942 quadam
2591 3873 2789 3931 futurae
2841 3876 3035 3934 domus
3084 3879 3341 3938 stravisse
3387 3881 3578 3938 funda-

1978 3972 2180 4018 tnenta.
2228 3963 2356 4019 Hth
2388 3980 2516 4022 vero
2563 3967 2980 4042 qualiacumque
3022 3971 3175 4040 sint,
3227 3988 3332 4029 non
3380 3973 3574 4030 frivola

1979 4052 2264 4108 videantur
2291 4069 2411 4110 esse
2443 4057 2658 4124 lectori,
2703 4059 2854 4128 licet,
2887 4070 2942 4116 et
2971 4061 3100 4116 mihi
3135 4062 3267 4132 ipsi,
3300 4065 3392 4135 qui
3424 4064 3569 4135 dico,

1977 4147 2338 4219 displiceant,
2381 4152 2626 4212 sentiens
2659 4169 2746 4208 me
2795 4153 3036 4209 clausam
3082 4157 3297 4228 pulsare
3320 4158 3568 4228 januatn.

1978 4239 2082 4295 Sed
2116 4241 2343 4312 legenda
2372 4259 2492 4298 eum
2527 4246 2687 4298 venia
2732 4256 2878 4314 sunt,
2912 4245 3152 4320 alioquin
3187 4250 3335 4321 potui
3367 4250 3575 4319 simpli-

1976 4334 2115 4390 citer
2153 4334 2514 4406 ignorantiam
2560 4339 2844 4410 conﬁteri,
2899 4350 2954 4397 et
2997 4357 3157 4397 omne
3207 4345 3573 4402 studiosorum

1977 4438 2263 4500 amputare
2289 4431 2645 4487 desiderium.
2674 4432 2824 4493 Sicut
2855 4433 2998 4490 enim
3026 4451 3054 4489 a
3088 4435 3320 4505 perfecta
3347 4440 3574 4497 scientia

1979 4523 2166 4594 procul
2209 4539 2396 4579 sumus
2449 4541 2463 4576 :
2510 4524 2736 4580 levioris
2788 4525 2961 4596 culpa:
3009 4528 3339 4584 arbitramur
3377 4531 3573 4588 saltem

1979 4633 2166 4688 parum
2191 4616 2258 4673 de
2285 4616 2476 4673 metris
2517 4619 2720 4683 sacris,
2752 4633 2912 4692 quam
2944 4620 3169 4676 omnino
3197 4621 3336 4679 nihil
3366 4623 3574 4683 dicere.

1716 4772 2127 4838 EPILOGUS.

350 4910 503 4984 Ergo
538 4887 767 4982 legenda
799 4922 1067 4968 suntcum
1098 4928 1229 4986 pace
1254 4914 1649 4990 Prolcgotnena
1674 4925 1879 4984 nostra,
1907 4920 1960 4982 D
1987 4917 2153 4976 multa
2182 4917 2429 4974 convicia
2459 4919 2613 4989 operi
2646 4927 2835 4978 nostro
2859 4920 3128 4986 intentare
3154 4927 3380 4988 scimus.
3405 4929 3579 4994 Caete-

277 5015 334 5062 ct
362 5017 597 5062 conatus
633 5008 801 5064 nostri
835 5007 1019 5065 favore
1052 5010 1231 5080 potius
1264 5019 1318 5066 et
1349 5011 1687 5067 orationibus
1727 5012 1878 5082 adju-

277 5101 465 5165 vandi,
498 5115 661 5171 quam
695 5100 991 5170 spernendi
1023 5115 1157 5157 aure
1188 5102 1464 5172 malivola,
1498 5105 1620 5182 quia
1645 5121 1875 5178 carpere

278 5199 333 5245 et
357 5191 654 5249 detrahere
683 5193 768 5247 vel
793 5193 1030 5263 imperiti
1063 5206 1308 5265 possunt.
1356 5195 1650 5252 Doctorum
1694 5209 1873 5254 autem

277 5298 381 5354 est,
412 5297 469 5341 et
507 5287 596 5360 qni
645 5285 1010 5342 laborantium
1041 5304 1243 5344 novere
1274 5289 1556 5358 sudorem,
1586 5293 1674 5346 vel
1717 5292 1876 5347 lassis

275 5395 494 5434 manum
547 5379 864 5450 porrigere,
901 5379 984 5435 vel
1041 5383 1350 5438 errantibus
1401 5384 1506 5439 iter
1560 5385 1868 5443 ostendere.

275 5469 344 5526 Et
361 5470 490 5542 quid
527 5470 749 5541 prodest
778 5473 1153 5542 spumantibus
1183 5474 1359 5542 labiis,
1382 5485 1436 5532 et
1465 5479 1656 5534 latratu
1682 5479 1879 5536 adver-

275 5578 397 5619 sutn
431 5578 535 5618 nos
571 5563 782 5638 garrire
821 5579 1014 5620 canum
1051 5582 1212 5622 :cum
1245 5568 1470 5648 sinqilex
1505 5582 1558 5626 et
1600 5571 1879 5628 moderata

278 5655 591 5728 responsio,
629 5668 720 5711 aut
769 5658 939 5728 possit
971 5668 1022 5713 te
1051 5659 1264 5729 placare
1313 5662 1356 5716 si
1383 5678 1504 5717 vera
1557 5674 1668 5729 est,
1701 5673 1791 5718 aut
1831 5664 1879 5718 si

280 5748 443 5815 falsa,
469 5747 671 5804 leniter
693 5766 723 5803 a
757 5757 807 5804 te
830 5758 885 5804 ct
912 5750 1248 5819 placabiliter
1267 5753 1565 5810 emendari.
1591 5755 1670 5811 Ha
1689 5771 1718 5811 c
1745 5757 1881 5811 inte-

279 5841 384 5900 rint
440 5852 664 5915 propter
699 5844 961 5911 tetnulos,
1004 5858 1139 5916 quos
1183 5847 1491 5905 censoriam
1526 5847 1788 5921 virgulam
1827 5859 1880 5915 et

1982 5027 2101 5067 rum
2131 5025 2305 5080 Spem,
2337 5027 2460 5082 qua:
2499 5027 2599 5067 nos
2628 5013 2804 5069 tenuit
2847 5015 2991 5088 apud
3031 5031 3219 5088 aequos
3241 5035 3303 5080 ac
3330 5023 3578 5094 eruditos

1981 5106 2214 5164 lectores
2261 5122 2599 5179 nequaquam
2658 5108 2990 5180 abjecimus,
3030 5114 3246 5176 veniam
3299 5118 3448 5176 enim
3497 5121 3578 5180 illi

1981 5202 2142 5258 nobis
2171 5201 2332 5258 facile
2370 5201 2690 5272 concedent,
2735 5205 2780 5259 si
2813 5205 2942 5276 quid
2987 5209 3337 5278 peccavimus
3371 5213 3423 5274 in
3457 5210 3578 5274 edi,

1981 5296 2128 5353 tione
2155 5293 2312 5366 hujus
2337 5294 2538 5350 divinae
2579 5295 2946 5352 Bibliotltecm.
2977 5297 3141 5370 quue
3169 5301 3505 5371 potissimum
3535 5308 3582 5366 si

1982 5387 2163 5443 animo
2193 5389 2265 5442 ita
2307 5402 2395 5441 me
2423 5396 2792 5458 comparatum
2831 5389 3114 5457 noverint,
3147 5401 3203 5448 ut
3229 5409 3338 5450 non
3384 5399 3583 5458 multo.

1984 5494 2113 5551 pere
2141 5479 2454 5536 criticorum
2503 5479 2861 5550 quorumdam
2908 5483 3261 5553 supercilium
3299 5489 3588 5558 pertimes-

1986 5587 2147 5637 cens,
2198 5571 2471 5628 benevolis
2518 5572 3007 5645 reprehensoribus
3045 5577 3350 5649 quibusque
3396 5597 3586 5650 parere

1988 5667 2214 5725 multum
2239 5664 2783 5735 gaudeatn.Ca\'eant
2809 5668 2922 5734 alii,
2948 5670 3035 5739 qui
3065 5670 3266 5738 fulmen
3292 5676 3582 5745 intentant,

1989 5773 2056 5812 ne
2094 5757 2145 5812 in
2178 5757 2365 5826 alium,
2405 5773 2567 5831 quam
2615 5760 2667 5815 in
2697 5757 2940 5818 Fratrem
2986 5760 3248 5818 Joannem
3292 5764 3588 5843 Martianay

1992 5851 2099 5907 tela
2145 5859 2542 5926 contorqueant
2571 5865 2711 5912 sua:
2754 5851 3014 5927 quidQuid
3057 5855 3199 5914 enim
3241 5855 3294 5913 in
3321 5857 3424 5916 hac
3469 5863 3587 5922 edi-
