4040 6360
478 311 582 369 155

1067 307 1158 366 AD
1196 306 1256 366 S.
1300 306 1677 365 HIERUNYMI
1719 299 2010 366 DIVINAM
2051 299 2563 362 BIBLIOTHECAM
2603 295 3143 361 PHOLEGOMENA.

3678 294 3783 352 156

478 427 626 482 tione
657 423 831 481 sancti
861 423 1175 496 Hieronymi
1202 435 1478 496 peccatum
1511 433 1615 491 est,
1645 425 1775 480 mihi
1809 425 2082 495 imputan-
2105 427 2152 485 Α
2183 423 2394 479 Domno
2427 423 2662 479 Antonio
2691 423 2917 494 Pouget,
2954 419 3082 475 mihi
3113 417 3469 474 fraternitatis
3513 430 3698 472 amore
3726 425 3785 471 et

475 517 603 575 dum
635 517 924 573 admoneo.
955 517 1182 572 C:eteris
1219 511 1497 573 sodalibus
1537 517 1672 573 meis
1713 517 1863 572 nulla
1893 517 2077 572 convi-

474 613 684 668 ciorum
735 612 840 666 tela
876 610 1075 665 debent
1110 609 1420 678 adhaerere,
1453 612 1577 682 quia
1619 611 1900 681 imperitia:
1941 627 2076 668 mete

473 706 780 762 nullatenus
822 705 1116 777 participes
1153 704 1394 760 fuerunt.
1441 705 1590 760 Bona
1619 706 1818 776 igitur,
1867 707 1914 762 si
1959 723 2079 777 qua:

475 800 606 869 sint,
633 809 691 856 ut
716 814 846 856 vere
876 800 1042 854 multa
1067 807 1196 854 sunt
1217 799 1270 854 in
1295 799 1399 855 hoc
1419 815 1606 870 opere,
1636 799 1782 856 Patri
1815 800 2078 856 luminum

476 902 536 950 ut
579 893 774 950 reddas
812 893 976 949 etiam
1023 900 1184 964 atque
1222 892 1385 948 etiam
1437 908 1591 964 rogo.
1640 892 1882 951 Laudem
1914 895 2078 951 etiam

2179 519 2371 574 studiis
2409 518 2888 588 conjunctissimo,
2935 515 3176 571 debitam
3221 528 3324 568 non
3361 511 3612 583 negabis,
3655 525 3781 564 cum

2182 617 2318 670 mira
2344 615 2667 670 dexteritate
2691 626 2928 668 canones
2959 609 3378 679 Evangeliorum
3410 607 3522 662 suis
3544 603 3679 662 locis
3706 605 3786 659 iu-

2181 709 2396 765 veneris
2447 708 2747 764 restitutos.
2789 705 2847 761 In
2895 703 3144 772 caeteris,
3179 711 3273 757 aut
3321 697 3504 770 profer
3529 697 3786 753 meliores

2183 803 2393 874 epulas,
2425 813 2482 859 et
2506 817 2593 857 me
2621 800 2848 856 conviva
2877 807 3054 864 utere,
3078 803 3172 852 aut
3191 793 3568 867 qualicumque
3599 799 3787 847 nostra

2174 894 2460 977 .etenacula
2488 901 2779 950 contentus
2815 900 2953 947 esto.

482 1046 3772 1099 Ε

805 1224 1108 1309 LAUS
1186 1222 1764 1308 VIRORUM
1841 1223 2377 1334 ALIQUOT
2453 1220 3448 1314 CLARISSIMORUM

1288 1390 1456 1455 CUM
1499 1388 1772 1452 lNDlCE
1813 1388 2551 1454 MANUSCBIPTORUM
2593 1387 2955 1453 CODICUM

1021 1539 1101 1604 ad
1135 1555 1423 1620 quorum
1455 1537 1642 1601 ﬁdem
1671 1538 1969 1602 restituta
2003 1541 2102 1600 est
2123 1537 2359 1599 Divina
2386 1536 2762 1618 Hieronymi
2787 1535 3212 1598 Bibliotheca.

561 1845 693 1915 Quae
732 1841 1040 1915 accepimus
1070 1883 1085 1908 ,
1132 1843 1244 1898 cito
1285 1850 1340 1898 et
1386 1856 1509 1898 cum
1557 1841 1743 1896 fenore
1800 1837 2074 1897 reddenda
2110 1841 2154 1903 Β
2184 1840 2520 1914 Hieronymo
2569 1841 2697 1899 item
2749 1851 2939 1900 nostro
2991 1851 3311 1914 perpetuam
3379 1838 3785 1898 observantiam

485 1936 847 2008 Hieronymus
871 1934 1056 1991 docuit
1091 1951 1105 1989 :
1138 1935 1262 2006 quia
1289 1935 1452 1990 sortis
1478 1933 1667 1988 dilatio
1698 1931 1963 2003 majorem
1988 1931 2085 1986 ad-

475 2029 582 2086 huc
612 2045 828 2086 usuram
859 2029 1112 2098 parturit.
1143 2028 1382 2084 lndicem
1410 2029 1571 2100 igitur
1599 2028 1865 2084 librorum
1901 2043 2085 2082 mauu-

476 2125 835 2195 scriptorum,
860 2138 1018 2194 quem
1047 2137 1146 2193 pro
1169 2136 1320 2178 more
1350 2131 1573 2191 recepto
1623 2121 1691 2177 ad
1730 2122 1935 2176 calcem
1977 2120 2080 2176 hu-

469 2217 556 2288 jus
588 2216 881 2272 voluminis
912 2215 1184 2285 conjicere
1212 2223 1548 2285 poteramus,
1582 2213 1670 2270 hic
1691 2211 1744 2268 in
1777 2212 1958 2269 fronte
1988 2229 2084 2283 ap-

479 2328 682 2383 ponere
713 2311 858 2366 volui
884 2328 898 2364 :
925 2319 983 2366 ut
1010 2326 1078 2366 ex
1109 2310 1213 2366 hoc
1246 2308 1464 2365 tandem
1496 2309 1689 2364 ordine
1718 2324 1899 2364 rerum
1929 2305 2086 2379 quasi

476 2414 813 2477 praepostero
841 2403 1147 2475 intelligant
1177 2417 1371 2458 omnes
1399 2402 1670 2458 sinceram
1719 2417 1782 2457 ac
1837 2416 2084 2472 praepro-

477 2515 665 2569 peram
691 2497 858 2553 animi
885 2497 1060 2553 nostri
1099 2496 1485 2568 gratitudinem
1541 2511 1670 2566 erga
1723 2496 1912 2551 doctos
1966 2505 2084 2551 stu~

474 2593 768 2663 diososque
799 2590 1070 2656 homines,
1104 2604 1241 2661 quos
1268 2590 1477 2660 experti
1515 2604 1707 2644 sumus
1758 2587 1981 2644 editioni
2015 2589 2076 2644 S.

475 2684 792 2758 Hieronymi
825 2684 1127 2754 impensius
1171 2683 1440 2740 faventes.
1493 2683 1622 2738 Scio
1674 2697 1762 2738 me
1812 2681 2084 2753 promisso

480 2779 679 2845 teneri,
709 2794 778 2834 ex
807 2793 914 2850 quo
941 2775 1242 2847 conscripsi
1288 2777 1641 2847 prodromum
1666 2774 1924 2832 editionis
1957 2789 2085 2830 nos-

477 2880 614 2938 trae;
665 2871 720 2927 in
749 2871 907 2942 cujus
934 2871 1100 2941 priori
1142 2877 1298 2940 parte
1346 2869 1513 2924 animi
1544 2869 1682 2941 grati
1724 2868 2081 2939 significatio-

479 2978 602 3018 nem
659 2963 937 3033 pollicitus
981 2976 1101 3017 sum
1151 2976 1279 3032 erga
1317 2977 1440 3026 eos,
1472 2961 1563 3032 qui
1597 2961 1796 3032 aliquid
1833 2961 1953 3032 Opis
1995 2968 2084 3014 aut

479 3054 811 3111 eruditionis
859 3053 1172 3110 conferrent
1197 3053 1265 3109 ad
1294 3069 1492 3109 novam
1522 3052 1817 3110 editionem
1860 3067 2085 3123 operum

476 3149 533 3205 S.
571 3147 907 3220 Hieronymi.
944 3149 1086 3218 Ergo
1130 3158 1238 3203 tam
1263 3146 1457 3218 grandi
1484 3148 1633 3204 velut
1663 3147 1850 3203 fenore
1890 3147 2088 3202 libera-

2188 1934 2520 1990 exhibuisse.

2261 2028 2498 2084 Iudicem
2519 2027 2630 2099 jam
2662 2045 2796 2085 mss.
2828 2029 3074 2085 codicum
3109 2037 3355 2086 texentes
3391 2027 3460 2082 ab
3512 2024 3789 2096 exempla-

2187 2121 2334 2175 ribus
2355 2120 2592 2176 Canonis
2635 2121 2918 2177 Hebraica:
2975 2122 3218 2177 veritatis
3262 2120 3584 2176 exordimur
3617 2137 3626 2170 :
3661 2118 3788 2188 quia

2187 2214 2254 2269 ad
2279 2229 2468 2269 eorum
2502 2215 2778 2285 praecipue
2805 2214 2967 2270 fidem
2995 2257 3011 2283 ,
3066 2217 3296 2285 primam
3347 2212 3789 2281 nobilioremque

2187 2308 2386 2362 divina:
2415 2307 2772 2365 Bibliotheca:
2800 2319 3007 2378 partem
3030 2307 3323 2364 edidimus.
3353 2308 3460 2362 Sex
3493 2317 3699 2371 autem,
3734 2304 3790 2360 ni

2186 2400 2366 2468 fallor,
2392 2401 2535 2457 nacti
2553 2416 2740 2457 sumus
2769 2400 2819 2456 id
2839 2415 3010 2472 genus
3039 2399 3643 2470 exemplaria,quatuor
3666 2412 3791 2468 qua:

2189 2503 2360 2549 totum
2387 2493 2635 2550 dividunt
2663 2506 2818 2550 vetus
2843 2493 3255 2550 Testamentum
3282 2509 3378 2563 per
3402 2501 3511 2548 tres
3537 2490 3788 2559 ordines,

2185 2590 2279 2659 qui
2313 2589 2592 2658 conceptis
2635 2588 2814 2644 verbis
2865 2588 3002 2643 tales
3042 2587 3244 2644 habent
3286 2585 3677 2657 inscriptiones
3731 2585 3789 2641 in

2189 2696 2323 2736 mss.
2365 2682 2680 2737 codicibus:
2714 2679 2907 2754 Incipit
2938 2682 3136 2746 primus
3167 2680 3328 2746 ordo,
3366 2665 3560 2752 Legis;
3605 2681 3793 2748 incipit

2187 2775 2448 2829 secundus
2471 2775 2624 2846 ordo,
2648 2774 3055 2846 Prophetarum;
3076 2773 3270 2844 Incipit
3299 2776 3480 2828 tertius
3502 2775 3650 2839 ordo,
3669 2771 3794 2826 Ha-

2187 2867 2610 2941 giographorum.
2632 2868 2860 2924 Codices
2880 2869 2954 2923 illi
2971 2877 3114 2932 sunt,
3133 2883 3271 2923 unus
3285 2866 3513 2939 insignis
3531 2867 3790 2922 Ecclesia:

2188 2961 2582 3029 Narbonensis,
2623 2962 2760 3018 alter
2794 2961 3056 3018 Ecclesiae
3078 2961 3555 3028 Carcassonensis,
3593 2959 3791 3015 tertius

2190 3059 2501 3116 monasterii
2517 3061 2674 3132 hujus
2686 3059 3007 3117 S.Germani
3023 3076 3048 3112 a
3066 3059 3184 3114 Prat
3196 3055 3792 3129 is,quartusbibliothe-

2190 3169 2268 3208 em
2288 3153 2865 3209 illustrissimillomini
2885 3152 2946 3206 de
2961 3150 3206 3217 Mesmes,
3234 3151 3288 3204 in
3317 3149 3467 3204 curia
3494 3147 3790 3204 Parisiensi

479 3250 635 3298 turus
663 3242 889 3297 exSOIVO
919 3241 1114 3298 lubens
1149 3241 1240 3296 illa
1272 3241 1541 3312 promissa
1567 3258 1580 3296 :
1611 3241 1714 3297 elSi
1753 3256 1852 3312 pro
1884 3241 2080 3296 merito
2108 3239 2154 3304 C
2188 3247 2457 3318 praasidis.
2484 3246 2628 3302 Inter
2647 3259 2879 3316 quatuor
2909 3245 3001 3301 illa
3027 3243 3788 3314 exemplaria,Memmianum

483 3337 848 3393 humanitatis
879 3352 942 3392 ac
979 3337 1374 3393 benevolentiae
1420 3352 1524 3409 qua
1574 3351 1763 3393 sumus
1809 3337 2080 3406 obstricti,

485 3431 605 3487 laus
632 3431 815 3487 omnis
847 3429 1070 3487 inferior
1108 3433 1199 3486 sit.

553 3525 622 3581 Et
647 3528 769 3596 quis
795 3524 958 3596 digne
988 3525 1160 3582 vicem
1193 3524 1371 3580 laudis
1401 3525 1635 3596 primum
1658 3523 1864 3581 referat
1911 3523 2083 3580 erudi-

481 3617 696 3673 tissimo
718 3617 951 3673 Domino
979 3600 1182 3673 Jacob'o
1223 3616 1464 3687 Benigno
1502 3617 1777 3684 Bossus'r,
1825 3617 2084 3687 episcopo

481 3711 744 3769 Meldensi
768 3711 791 3765 ?
819 3709 934 3768 Non
964 3711 1112 3767 enim
1144 3711 1472 3768 mediocrem
1519 3727 1742 3782 operam
1774 3713 1826 3768 in
1873 3712 2083 3768 edenda

477 3802 660 3860 divina
693 3802 1039 3860 Bibliotheca
1084 3804 1176 3860 ille
1218 3805 1376 3861 nobis
1422 3805 1612 3873 dedit,
1663 3821 1785 3862 cum
1841 3806 2082 3861 laborem

481 3905 728 3952 nostrum
761 3896 967 3953 honore
995 3905 1144 3952 tanto
1171 3897 1367 3968 smpius
1397 3897 1621 3955 afficere
1662 3899 1916 3968 dignatus
1963 3907 2078 3962 est,

481 3997 540 4044 ut
575 3988 773 4044 dixerit
799 4005 1066 4045 summam
1095 4005 1160 4044 ex
1201 4004 1270 4046 eo
1315 3990 1576 4046 Ecclesia:
1632 3989 1833 4045 Christi
1878 3991 2084 4045 utilita-

483 4090 591 4136 tem
625 4093 746 4135 essc
774 4089 1079 4136 venturam.
1113 4079 1386 4136 Praeterea
1417 4081 1630 4151 quoties
1667 4081 1879 4136 animos
1931 4081 2084 4136 addi-

479 4171 559 4228 dit
583 4171 740 4227 nobis
767 4171 833 4226 ad
853 4171 1244 4227 absolvendum
1277 4187 1412 4243 opus
1442 4171 1844 4228 difficillimum?
1860 4172 2082 4240 Quoties

475 4266 846 4323 vetustissima
861 4274 1213 4322 monumenta
1240 4277 1421 4324 nostra
1445 4269 1620 4324 oculis
1645 4269 1874 4324 curiosis
1897 4283 1959 4324 ac
1985 4269 2084 4324 be-

480 4359 661 4432 nignis
691 4361 1029 4432 perlustrare
1051 4361 1264 4429 voluit;
1298 4373 1356 4418 ut
1393 4363 1547 4419 testis
1578 4373 1726 4419 esset
1749 4363 1871 4419 fidei
1921 4372 1976 4418 et
2001 4363 2083 4418 di-

482 4452 724 4526 ligentiae
749 4462 950 4509 nostra:
971 4454 1256 4510 oculatus?
1297 4454 1692 4523 Manuscriptos
1740 4455 1960 4524 quidem
2019 4455 2084 4510 li-

478 4545 629 4612 bros,
660 4546 860 4618 quibus
889 4547 1134 4615 carebat,
1159 4549 1568 4604 communicare
1601 4565 1706 4604 non
1739 4550 1913 4620 potuit
1943 4549 2079 4606 :sed

2188 3339 2476 3409 perfectius
2516 3348 2602 3395 est
2629 3350 2685 3394 et
2714 3337 3216 3404 absolutissimum;
3277 3335 3414 3391 nihil
3441 3335 3585 3392 enim
3614 3335 3665 3389 in
3718 3349 3790 3390 eo

2190 3432 2435 3487 mutilum
2478 3441 2562 3487 est
2595 3441 2691 3486 aut
2721 3432 2985 3499 lacerum,
3021 3432 3147 3502 quia
3178 3444 3390 3484 summa
3419 3443 3640 3499 semper
3659 3426 3790 3481 dili—

2187 3527 2368 3597 gentia
2383 3539 2760 3582 conservatum
2781 3534 3004 3594 est,tum
3026 3536 3246 3596 propter
3260 3523 3596 3594 antiquitatis
3614 3522 3792 3591 digni-

2190 3627 2376 3685 tatem,
2409 3627 2518 3674 tum
2546 3627 2766 3690 propter
2796 3618 3122 3688 elegantiam
3156 3626 3212 3674 et
3237 3619 3471 3689 pretium
3498 3615 3790 3685 scriptura:

2187 3727 2365 3767 aurea:
2390 3719 2552 3782 atque
2581 3721 2873 3782 argenteae,
2906 3727 3009 3783 qua
3039 3711 3284 3782 plurima:
3326 3719 3507 3781 partes
3538 3707 3662 3763 libri
3688 3708 3790 3763 de-

2187 3805 2519 3863 scribuntur.
2553 3805 2673 3862 Νοιι
2708 3807 2874 3863 habet
2904 3807 2996 3862 ille
3019 3806 3187 3862 codex
3230 3804 3545 3877 marginalia
3578 3801 3788 3858 scholia

2189 3899 2402 3955 llebrzei
2454 3900 2818 3970 antiquissimi
2860 3916 3022 3970 supra
3069 3899 3396 3965 memorati;
3451 3897 3544 3954 sed
3592 3911 3788 3952 eorum

2188 3993 2308 4048 loco
2335 3992 2571 4048 infinitas
2611 3993 2810 4050 retinet
2857 3994 3133 4048 variantes
3186 3993 3449 4049 lectiones
3497 3989 3787 4062 pra-fatio-

2187 4102 2314 4141 num
2350 4086 2663 4159 Hieronymi
2700 4096 2756 4142 et
2783 4087 2926 4142 sacri
2955 4097 3275 4142 contextus.
3327 4083 3667 4141 Incredibilis
3698 4091 3791 4137 est

2186 4176 2496 4232 humanitas
2542 4193 2605 4234 ac
2655 4177 3035 4234 benevolentia
3087 4177 3296 4232 laudati
3326 4177 3577 4247 superius
3631 4175 3790 4230 illus-

2188 4269 2409 4324 triSsimi
2440 4270 2709 4340 pr.esidis,
2746 4287 2847 4341 qua
2890 4286 3110 4341 semper
3153 4287 3250 4326 nos
3280 4270 3496 4338 excepit
3541 4267 3610 4324 ad
3655 4283 3786 4324 cum

2187 4366 2486 4421 venientes.
2511 4365 2695 4437 Neque
2717 4381 2848 4423 vero
2870 4365 3113 4422 codicem
3142 4381 3298 4421 suum
3323 4376 3478 4420 extra
3503 4362 3784 4434 propriam

2186 4456 2405 4512 domum
2438 4458 2568 4512 sinit
2595 4459 2885 4529 asportari,
2923 4467 3144 4529 propter
3167 4457 3552 4529 jusjurandum
3581 4470 3785 4524 nempe

2185 4564 2292 4619 quo
2323 4564 2383 4606 se
2414 4566 2477 4605 ac
2510 4559 2762 4621 parentes
2792 4566 2918 4606 suos
2949 4550 3080 4606 dicit
3113 4566 3233 4606 esse
3267 4550 3586 4616 obstrictos,
3619 4565 3688 4604 ne
3717 4549 3789 4604 li-

477 4637 619 4696 haud
648 4640 820 4712 impar
851 4640 1103 4711 praestitit
1133 4641 1480 4708 beneficium,
1513 4642 1641 4697 dum
1670 4643 1919 4698 codicum
1952 4658 2079 4698 nos-
2107 4641 2160 4702 D
2186 4639 2278 4696 ber
2304 4640 2395 4697 ille
2424 4643 2826 4713 manuscriptus
2868 4643 3055 4714 aliquo
3102 4641 3539 4698 circumferatur.
3590 4641 3786 4699 Serius

433 4782 435 4784 .
480 4743 689 4789 trorum
738 4735 1026 4791 vetustatis
1057 4734 1255 4790 merito
1293 4745 1346 4790 et
1379 4735 1644 4807 dignitate
1695 4735 2078 4806 praestantissi-

481 4841 693 4882 morum
721 4829 1048 4898 approbator
1077 4830 1313 4886 accessit
1339 4829 1484 4900 apud
1515 4845 1706 4886 omnes
1728 4833 1847 4902 pios
1877 4847 1942 4887 ac
1965 4840 2078 4886 stu-

481 4917 686 4975 diosos.
726 4918 916 4976 Talem
952 4920 1138 4993 utique
1184 4930 1307 4993 post
1356 4937 1629 4976 summum
1684 4923 2071 4990 Mecmnatem,

477 5012 792 5083 pomificem
813 5012 938 5069 dico
958 5012 1289 5083 Romanum,
1307 5015 1547 5070 ambibat
1569 5015 1932 5086 Hieronymus
1951 5032 2076 5072 nos-

476 5113 564 5162 ter
592 5116 900 5177 patronum,
923 5105 980 5162 in
1003 5123 1110 5178 qua
1139 5107 1370 5180 dignitas
1394 5108 1722 5180 episcopalis
1743 5123 1868 5163 cum
1905 5109 2076 5164 scien-

477 5202 550 5254 tia
597 5198 905 5271 pietateque
949 5199 1240 5271 conjuncta
1287 5211 1482 5271 potens
1505 5212 1648 5257 esset
1691 5201 1972 5256 exhortari
2021 5202 2074 5257 in

479 5294 726 5350 doctrina
754 5309 910 5365 sana,
934 5305 991 5352 et
1015 5311 1109 5350 eos
1140 5297 1229 5367 qui
1251 5296 1654 5366 contradicunt,
1688 5311 1915 5368 arguere
1946 5313 2074 5354 :ar-

473 5401 644 5459 guere
697 5397 922 5454 autem,
974 5402 1121 5443 nunc
1178 5388 1565 5444 eruditissimis
1612 5389 2075 5447 lucubrationibus

472 5478 660 5536 hostes
709 5479 971 5536 Ecclesiae
1007 5481 1378 5554 proﬂigando,
1418 5498 1561 5539 nunc
1594 5483 1925 5540 luxuriantes
1974 5485 2072 5540 im-

475 5575 647 5644 perita
677 5573 983 5631 temeritate
1013 5577 1278 5646 quosdam
1301 5575 1601 5634 catholicos
1629 5575 1923 5648 scriptores
1949 5591 1979 5631 a
2009 5577 2074 5632 li-

475 5667 587 5723 bris
618 5666 850 5725 edendis
880 5667 1212 5724 cohibendo.
1259 5669 1333 5724 Ea
1364 5667 1604 5724 breviter
1646 5686 2079 5728 commemorare

472 5765 732 5832 oportuit,
791 5772 850 5818 ut
895 5762 1260 5820 iudicaremus
1295 5764 1571 5835 posteris,
1618 5766 2072 5836 sapientissimum

473 5861 847 5933 supradictum
893 5861 1071 5920 virum
1130 5859 1288 5922 nobis
1343 5861 1541 5936 ubique
1590 5861 2072 5933 benevolentiam,

2184 4733 2251 4788 ad
2283 4750 2386 4793 nos.
2410 4735 2533 4790 libri
2563 4737 2724 4808 hujus
2756 4737 2947 4792 notitia
2973 4738 3247 4808 pervenit;
3281 4737 3394 4808 jam
3448 4735 3592 4793 enim
3642 4735 3786 4792 duos

2184 4828 2430 4899 integros
2455 4829 2679 4886 ordines
2707 4829 2822 4885 sive
2856 4830 2992 4885 duas
3022 4840 3205 4901 partes
3245 4828 3485 4886 Canonis
3525 4829 3784 4886 edidera-

2185 4938 2327 4989 mus,
2355 4938 2478 4978 cum
2508 4939 2575 4978 ex
2613 4923 2846 4980 lectione
2875 4924 3158 4993 cujusdam
3191 4924 3471 4980 citationis
3517 4922 3678 4979 didici
3715 4922 3786 4979 li-

2183 5014 2336 5068 brum
2369 5015 2607 5071 Danielis
2640 5015 2902 5086 scriptum
2934 5017 3159 5087 reperiri
3217 5017 3273 5073 in
3312 5016 3636 5072 Memmiano
3667 5031 3779 5072 ms.

2183 5107 2394 5177 codice,
2431 5123 2538 5164 non
2560 5125 2682 5166 cum
2713 5109 2837 5165 aliis
2859 5109 3164 5183 prophetis,
3199 5111 3300 5167 sed
3328 5122 3449 5179 post
3480 5111 3647 5166 libros
3675 5110 3783 5166 Sa-

2182 5200 2435 5256 lomonis.
2466 5201 2621 5258 Unde
2639 5204 2822 5258 statim
2848 5203 3090 5260 intellexi
3114 5205 3397 5275 exemplar
3428 5204 3504 5260 ibi
3527 5219 3648 5260 esse
3673 5203 3783 5258 Ca-

2181 5295 2339 5348 nonis
2364 5294 2641 5351 llebraicae
2655 5295 2929 5364 veritatis;
2955 5299 3078 5368 quia
3099 5295 3151 5352 in
3177 5297 3300 5352 solo
3314 5297 3534 5352 Canone
3551 5295 3782 5351 Hebrai-

2179 5403 2257 5444 ca:
2273 5387 2517 5444 veritatis
2537 5388 2721 5446 Daniel
2741 5389 3006 5461 prepheta
3019 5389 3249 5446 describi
3268 5389 3410 5445 solet
3433 5398 3556 5460 post
3575 5387 3777 5444 librum

2177 5479 2386 5538 Cantici
2414 5483 2772 5552 canticorum,
2800 5493 2855 5541 et
2876 5494 3002 5540 ante
3055 5483 3491 5555 Paralipomena.
3541 5483 3655 5540 Nec
3681 5499 3779 5542 me

2176 5575 2563 5648 fefellitOpinio
2578 5595 2719 5646 mea,
2734 5579 3038 5635 invenimus
3057 5593 3289 5650 namque
3312 5577 3781 5650 perfectissimum

2175 5670 2414 5730 Canonis
2439 5675 2720 5745 exemplar
2739 5675 2793 5730 in
2823 5674 3015 5731 codice
3053 5673 3147 5730 illo
3190 5674 3556 5741 Memmiana;
3607 5689 3778 5745 quem

2174 5767 2419 5823 nonnulli
2449 5767 2679 5824 studiosi
2726 5767 2836 5824 alio
2886 5767 3105 5838 quidem
3153 5769 3371 5825 nomine
3418 5769 3551 5824 satis
3593 5766 3778 5824 trive-

2173 5869 2323 5931 rant,
2352 5861 2448 5919 sed
2477 5859 2755 5920 Canoncm
2799 5875 2985 5920 coram
3033 5861 3298 5921 habentes
3351 5860 3572 5920 minimc
3617 5861 3776 5922 vide-
