4040 6360
272 315 369 373 137

262 429 411 483 bant.
436 429 783 502 Exemplaris
799 436 1171 495 Narbonensis
1197 441 1328 497 nihil
1360 448 1691 504 contulimus
1717 465 1857 521 prm-

260 531 344 579 ter
369 525 720 593 praefationes
753 530 1105 606 Hieronymi;
1145 546 1227 591 est
1266 541 1410 594 enim
1444 541 1650 615 integra
1681 546 1857 614 prima

258 629 413 688 parte
440 622 691 678 mutilum
710 665 725 692 ,
761 624 1031 697 incipiens
1061 629 1127 686 ab
1152 630 1288 687 Isaia
1314 635 1580 705 propheta
1607 678 1620 703 ,
1655 654 1813 710 quem
1837 682 1853 708 ,

256 713 313 768 ni
338 713 518 783 fallor,
546 727 774 788 propter
802 736 960 779 usum
982 722 1135 779 chori
1190 741 1554 797 reposuerunt
1601 748 1856 790 successu

256 813 593 878 temporum,
618 822 746 869 ante
773 813 973 871 librum
990 817 1264 875 Iudicum.
1321 822 1429 878 Alii
1456 837 1855 897 consequentes

250 894 383 954 libri
416 902 662 959 nativum
685 903 925 964 Canonis
966 909 1214 967 ordinem
1255 914 1515 984 retinent,
1545 925 1605 973 ut
1633 894 1752 975 suis
1774 919 1852 977 lo-

248 988 329 1045 cis
386 996 715 1054 notavimus.
766 1000 902 1055 Eum
944 1002 1192 1060 codicem
1244 1006 1376 1062 mihi
1442 1009 1851 1080 perhumaniter

247 1090 736 1147 communicarunt
788 1092 1163 1152 honestissimi
1212 1116 1368 1171 mque
1413 1117 1476 1157 ac
1530 1102 1851 1161 nobilissimi

243 1176 518 1237 Ecclesiae
562 1184 932 1244 Narbonensis
970 1192 1243 1249 canonici.
1300 1194 1376 1252 De
1427 1197 1851 1259 Carcassonensi

240 1272 443 1331 codice
474 1277 691 1335 abunde
712 1284 845 1337 satis
870 1282 1107 1341 diximus
1142 1286 1194 1341 in
1230 1288 1519 1355 prodromo
1566 1292 1624 1348 S.
1654 1294 1849 1351 Hiero-

239 1369 428 1440 nymi.
460 1371 565 1427 Sed
594 1372 698 1429 hoc
728 1376 892 1431 etiam
918 1378 1317 1448 adjiciendum,
1367 1384 1641 1442 Canonem
1694 1387 1848 1445 illum

236 1459 296 1515 in
326 1462 493 1519 libris
520 1468 853 1538 propheticis
878 1473 1137 1528 nonnulla
1164 1473 1367 1533 habere
1411 1477 1622 1535 scholia
1646 1483 1846 1553 margi-

235 1558 398 1614 nalia
442 1561 657 1619 Hebraei
683 1566 880 1633 critici,
910 1584 1029 1637 qua:
1050 1569 1251 1625 absunt
1303 1572 1355 1626 in
1395 1572 1616 1631 Canone
1660 1585 1847 1632 nostro

234 1649 780 1725 Sen-Germanensi;
812 1658 955 1716 sicut
990 1665 1302 1719 econtrario
1344 1665 1532 1723 Canon
1574 1667 1848 1726 Sari-Ger-

231 1751 527 1805 manensis
552 1752 721 1809 multa
742 1753 868 1809 aliis
890 1755 1028 1811 locis
1055 1757 1255 1814 retinet
1274 1757 1585 1829 huiusmodi
1615 1763 1840 1832 scholia,

1197 324 1379 389 LAUS
1418 328 1719 404 ALIQUOT
1762 332 2082 395 VIROIIUM
2121 338 2453 415 CLABISS.,
2492 363 2613 403 ere.

3460 361 3562 421 138

1882 451 1933 511 A
1962 453 2193 525 beieus.,
2221 469 2276 514 et
2298 472 2456 518 sexto
2482 463 2702 521 demum
2731 474 3043 527 monasterii
3067 477 3244 531 sancti
3263 477 3559 537 PetriCar-

1966 554 2232 607 nutensis.
2268 554 2515 613 Vaticani
2540 559 2743 615 codicis
2771 563 3044 621 variantes
3074 567 3339 627 lectiones
3382 575 3556 629 colle-

1961 644 2058 713 git,
2076 654 2130 701 et
2150 646 2389 704 Parisios
2416 653 2483 705 ad
2502 667 2589 707 me
2619 654 2767 709 misit
2788 656 3021 715 domnus
3044 659 3301 719 Claudius
3333 664 3554 722 Estien-

1961 744 2075 799 not,
2105 735 2555 811 Congregationis
2595 755 2802 803 nostra:
2833 762 3154 819 procurator
3182 757 3460 823 generalis
3489 758 3547 813 in

1958 827 2106 882 curia
2150 828 2393 887 Romana
2420 852 2434 889 :
2481 834 2572 905 qui
2601 851 2723 893 cum
2756 840 2828 894 sit
2873 842 3308 902 studiosissimus
3336 859 3389 905 et
3421 865 3551 907 vere

1958 920 2245 992 φιλόπονος,
2272 924 2480 981 nullum
2508 944 2613 984 non
2639 941 2818 987 movet
2845 933 3080 1006 lapidem
3107 937 3175 993 ad
3208 954 3429 1011 operam
3452 960 3552 1000 no-

1955 1008 2037 1067 bis
2086 1015 2452 1082 praestandam
2513 1020 2567 1074 in
2622 1022 2863 1081 editione
2929 1008 3259 1086 sanctorum
3301 1032 3551 1091 Patrum.

1954 1105 2411 1176 Augustinianum
2456 1116 2740 1185 exemplar
2778 1118 3175 1193 Burdigalense
3219 1126 3353 1181 mihi
3402 1144 3552 1185 com-

1954 1202 2369 1261 municaverunt
2400 1207 2467 1262 Il.
2502 1209 2665 1266 Pater
2692 1212 2912 1283 Paulus,
2938 1226 2990 1273 et
3022 1217 3088 1274 R.
3130 1218 3190 1274 P.
3254 1222 3549 1282 Corneille.

1954 1293 2175 1351 Summa
2205 1297 2540 1359 humanitate
2584 1306 2893 1375 smpissime
2949 1326 3050 1367 nos
3100 1316 3418 1383 complexus
3462 1332 3547 1375 eSt

1952 1387 2206 1446 dominus
2253 1391 2524 1461 Chevilier,
2584 1408 2771 1454 custos
2822 1401 3175 1461 bibliothecae
3233 1408 3549 1468 Sorbenicze

1951 1479 2424 1551 diligentissimus.
2459 1488 2542 1543 Ab
2574 1488 2668 1545 illo
2698 1494 3008 1563 accepimus
3039 1497 3301 1556 Psalteria
3352 1504 3544 1560 lliero-

1950 1574 2097 1643 nymi
2128 1590 2260 1630 mss.
2290 1593 2412 1647 qua:
2433 1580 2813 1639 curiosissima
2863 1599 3020 1656 sunt,
3072 1600 3383 1664 nostraeque
3430 1596 3549 1654 edi-

1949 1664 2085 1721 tioni
2110 1667 2253 1723 haud
2279 1684 2471 1740 parum
2504 1675 2827 1742 profuerunt
2852 1719 2867 1745 ,
2900 1682 3150 1750 quamvis
3201 1695 3329 1742 ante
3375 1702 3548 1745 annos

1954 1767 2164 1815 tantum
2187 1763 2621 1835 quadringentos
2667 1772 2871 1841 scripta
2925 1774 3230 1832 videantur.
3287 1779 3548 1839 Eminen-

229 1842 455 1898 omissa
508 1843 561 1901 in
604 1846 794 1903 codice
844 1847 1288 1906 Carcassonensi.
1338 1852 1461 1909 Tria
1511 1856 1843 1927 exemplaria
1872 1843 1919 1904 Β
1949 1852 2150 1909 tissimi
2176 1854 2472 1914 cardinalis
2502 1859 2573 1915 de
2598 1861 2763 1918 BONZI
2794 1864 3202 1925 benevolentiae
3241 1887 3305 1928 ac
3356 1873 3549 1933 huma-

223 1934 354 2005 jam
396 1936 535 1993 dicta
567 1938 975 2007 Memmianum,
1007 1943 1468 2017 Carcassonense,
1498 1955 1555 2004 et
1578 1949 1843 2007 Sari-Ger-

226 2045 511 2088 manense
530 2032 731 2105 scripta
759 2047 883 2091 sunt
911 2036 1101 2094 eodem
1145 2048 1410 2109 tempore,
1437 2050 1490 2098 et
1520 2042 1564 2097 si
1596 2045 1842 2114 expertis

222 2126 542 2194 credimus,
589 2137 715 2184 ante
770 2130 1112 2202 octingentos
1157 2148 1349 2189 annos.
1396 2135 1470 2190 De
1514 2135 1841 2192 Memmiano

226 2220 464 2275 nullum
492 2230 671 2291 potest
694 2239 984 2294 superesse
1011 2225 1256 2291 dubium,
1297 2227 1421 2298 quia
1457 2226 1615 2297 jussu
1663 2228 1841 2285 Theo-

225 2312 440 2384 dulphi
482 2314 896 2374 Aurelianensis
927 2317 1168 2389 episcopi
1198 2319 1459 2390 scriptum
1487 2334 1611 2377 esse
1651 2323 1835 2392 perhi-

223 2406 425 2463 betur.

309 2501 482 2558 Aliud
526 2504 806 2575 exemplar
843 2505 1079 2563 Canonis
1127 2505 1407 2563 Hebraica:
1435 2506 1677 2564 veritatis
1706 2522 1836 2580 sup-

222 2595 508 2667 pedilavit
527 2598 685 2654 nobis
709 2598 1038 2655 bibliotheca
1065 2599 1259 2671 Regia,
1298 2600 1542 2672 illudque
1569 2601 1835 2672 antiquis~

222 2692 438 2747 simum
472 2700 523 2750 et
564 2693 784 2764 optimm
831 2703 1008 2751 notae:
1043 2694 1186 2766 quod
1229 2695 1444 2751 etiamsi
1486 2711 1593 2751 non
1638 2696 1836 2754 habeat

223 2785 630 2856 inscriptiones
653 2787 815 2843 trium
845 2788 1096 2844 ordinum
1122 2830 1137 2856 ,
1172 2800 1233 2845 ut
1277 2798 1507 2860 quatuor
1544 2790 1646 2845 alia
1692 2806 1835 2847 nunc

226 2879 481 2951 laudata,
516 2880 649 2935 nulli
680 2888 857 2936 tamen
897 2881 1332 2952 posthabendum
1367 2890 1517 2952 puto.
1542 2881 1598 2937 In
1623 2881 1835 2940 duobus

221 2972 449 3041 magnis
471 2972 840 3029 voluminibus
886 2972 1194 3046 descriptus
1238 2982 1324 3031 est
1362 2975 1453 3029 ille
1491 2973 1699 3043 Canon,
1746 2974 1833 3031 cui

222 3066 473 3136 primum
524 3069 779 3124 volumen
826 3076 1012 3124 notam
1059 3068 1227 3125 habet
1271 3067 1609 3125 numericam
1662 3068 1828 3136 5565,

219 3162 724 3231 complectiturque
758 3161 970 3231 priores
1000 3160 1138 3217 duos
1163 3161 1385 3217 ordines
1409 3201 1425 3228 ,
1469 3161 1632 3232 Legis
1679 3160 1830 3217 scili-

1949 1948 2103 2003 nitati
2134 1949 2441 2007 admirabili
2467 1955 2699 2011 multum
2735 1974 2820 2015 me
2847 1960 3051 2019 debere
3087 1967 3345 2035 profiteor
3371 1987 3385 2024 :
3417 1986 3543 2028 nam

1949 2054 1979 2095 e
2006 2056 2102 2096 sua
2134 2041 2462 2101 bibliotheca
2489 2047 2831 2107 Narbonensi
2853 2064 2908 2109 et
2932 2054 3101 2112 libros
3128 2059 3307 2121 editos
3337 2074 3391 2119 et
3420 2080 3540 2122 ma-

1947 2132 2277 2203 nuscriptos,
2311 2146 2578 2209 quotquot
2607 2142 2755 2198 volui
2786 2160 2999 2203 mecum
3027 2159 3311 2220 aSportare
3336 2154 3390 2210 in
3436 2173 3537 2213 no-

1944 2234 2116 2281 strum
2158 2228 2459 2288 Crassense
2487 2239 2911 2308 monasterium,
2960 2244 3159 2301 eximia
3207 2248 3535 2308 liberalitate

1944 2319 2215 2388 permisit.
2253 2323 2514 2383 Eamdem
2557 2328 2864 2388 libertatem
2907 2334 3165 2393 similiter
3214 2342 3346 2397 mihi
3402 2359 3539 2401 cou-

1943 2414 2115 2467 cessit
2143 2414 2207 2469 D.
2232 2415 2520 2491 Pentelier,
2561 2423 2708 2492 prior
2739 2429 3057 2484 monasterii
3088 2430 3277 2489 Fontis
3303 2433 3534 2508 Frigidi,

1942 2507 2155 2564 ordinis
2180 2509 2603 2581 Cistersiensis;
2658 2519 2749 2588 qui
2806 2536 3018 2577 summe
3068 2525 3121 2579 in
3178 2540 3280 2581 nos
3319 2542 3538 2599 semper

1942 2601 2224 2660 olliciosus
2246 2604 2367 2661 fuit.
2402 2607 2457 2663 Si
2489 2616 2673 2679 putem
2708 2612 2823 2668 RR.
2856 2615 3105 2685 patrihus
3133 2618 3450 2678 Coelestinis
3483 2633 3540 2680 et

1940 2694 2289 2754 Cartusianis
2347 2701 2824 2759 Avenionensihus
2867 2709 3074 2777 gratias
3127 2727 3157 2766 a
3207 2729 3296 2769 me
3344 2715 3542 2772 referri

1939 2803 2122 2860 posse,
2151 2808 2258 2847 non
2285 2795 2496 2863 sapiam
2525 2813 2537 2849 :
2572 2798 2894 2856 incredibile
2936 2803 3081 2857 enim
3137 2814 3222 2860 est
3271 2817 3533 2877 quantum

1939 2882 1992 2940 in
2023 2900 2124 2940 nos
2154 2885 2509 2945 humanitatis
2536 2900 2593 2947 et
2612 2892 2868 2949 amicitiae
2895 2895 3227 2968 largirentur
3254 2900 3528 2971 allectum,

1937 2976 2066 3032 dum
2095 2979 2163 3034 ab
2185 2980 2268 3036 eis
2296 2984 2693 3053 postulavimus
2740 2989 3093 3059 quamplures
3149 3008 3283 3048 mss.
3309 2996 3532 3053 codices

1935 3069 2240 3128 Bibliorum
2268 3088 2574 3131 sacrorum.
2598 3077 2711 3133 Nec
2743 3081 3245 3147 praetermittendus
3275 3086 3431 3142 nobis
3448 3097 3533 3142 est

1937 3163 2191 3223 Nicolaus
2234 3166 2428 3236 Faber,
2477 3171 2563 3226 vir
2601 3172 3043 3241 s‘apientissimus
3069 3190 3133 3231 ac
3181 3177 3533 3249 religiosissi-

220 3265 319 3310 cet
345 3262 401 3310 et
437 3254 867 3324 PrOphetarum.‘
883 3254 1200 3311 Secundum
1223 3254 1476 3311 volumen
1509 3271 1661 3309 num.
1688 3252 1832 3310 5564
1858 3237 1904 3301 C
1941 3273 2083 3324 mus,
2113 3260 2204 3329 qui
2230 3261 2487 3317 volumen
2519 3237 2784 3319 Biblicum
2830 3267 2885 3319 in
2916 3265 3249 3323 bibliotheca
3283 3237 3531 3327 avenio-

220 3350 483 3407 continet
507 3351 755 3407 ordinem
785 3350 1295 3421 Hagiographorum
1328 3368 1341 3404 :
1372 3350 1427 3405 in
1475 3365 1586 3420 quo
1637 3348 1831 3405 ultimo

220 3443 480 3500 Canonis
505 3443 697 3500 ordine
744 3444 1053 3515 exscriptor
1099 3444 1228 3501 libri
1278 3445 1607 3515 interposuit
1655 3444 1829 3500 libros

219 3536 524 3607 Sapientia:
572 3546 625 3593 et
663 3536 1017 3592 Ecclesiastici
1056 3548 1179 3608 post
1242 3538 1523 3593 volumina
1577 3536 1827 3594 Salomo-

218 3631 328 3685 nis.
404 3630 602 3686 Verum
658 3631 890 3702 pristino
946 3631 1212 3688 librorum
1271 3632 1447 3688 ordini
1497 3642 1556 3687 ut
1624 3632 1821 3688 librum

215 3722 469 3779 Danielis
495 3724 832 3794 restitueret,
859 3732 981 3795 post
1013 3724 1338 3795 interpolata
1370 3724 1645 3780 volumina
1684 3724 1812 3795 Sap.

217 3826 278 3873 et
342 3816 511 3873 Eccli.
564 3819 762 3873 iterum
828 3832 939 3873 non
994 3817 1332 3874 mediocrem
1401 3828 1613 3888 partem
1676 3816 1821 3874 Can-

219 3912 315 3968 tici
350 3912 691 3969 canticorum
711 3913 1032 3985 descripsit,
1066 3921 1121 3970 et
1167 3921 1570 3986 consequenter
1623 3914 1824 3969 Danie-

217 4003 327 4060 lem
353 4005 703 4076 prOphetam,
735 4021 804 4063 eo
834 4007 996 4063 modo
1027 4021 1132 4077 quo
1162 4006 1363 4077 legitur
1390 4007 1442 4062 in
1480 4007 1629 4062 veris
1649 4014 1703 4062 et
1724 4021 1818 4078 ge-

216 4099 405 4154 nuinis
454 4098 699 4157 Canonis
765 4100 1046 4157 Hebraicae
1092 4100 1341 4155 veritatis
1390 4098 1818 4169 exemplaribus.

223 4192 480 4248 Similem
512 4192 803 4249 habuimus
835 4192 888 4248 in
929 4191 1259 4248 bibliotheca
1305 4191 1819 4249 San-Gcrmanensi

215 4287 463 4343 codicem
483 4302 615 4355 ms.,
647 4288 744 4343 sed
775 4288 951 4357 major
971 4302 1097 4358 pars
1125 4287 1281 4342 nobis
1309 4287 1501 4357 periit;
1531 4301 1654 4343 cum
1681 4285 1817 4342 nihil

214 4382 484 4452 integrum
515 4381 675 4437 nobis
702 4381 944 4452 supersit
991 4388 1207 4450 praeter
1232 4379 1437 4435 librum
1489 4379 1817 4435 Froverbio—

213 4491 335 4531 rum
363 4474 706 4541 Salomonis,
740 4484 796 4530 et
838 4474 1007 4530 libros
1063 4473 1514 4544 Paralipomenon
1554 4474 1731 4541 Ezraa,
1760 4481 1816 4529 et

212 4568 417 4626 Esther
448 4583 579 4624 cum
612 4568 787 4624 obelis
816 4568 871 4623 in
912 4568 1019 4624 ﬁne
1060 4567 1376 4625 voluminis.
1427 4567 1600 4624 Porro
1655 4566 1810 4638 Regii

1936 3353 2126 3409 nensis
2156 3355 2372 3426 collegii
2417 3356 2624 3413 Societ.
2659 3356 2789 3413 Jesu
2841 3359 3231 3431 perlegendum
3264 3362 3525 3432 tradidit;

1935 3463 1965 3504 e
1994 3463 2102 3519 quo
2129 3450 2396 3506 nonnulla
2422 3450 2707 3507 citavimus
2738 3452 2792 3507 in
2820 3454 2964 3509 notis
3006 3457 3215 3512 nostris
3241 3457 3308 3512 ad
3338 3458 3532 3528 praefa-

1936 3540 2111 3598 tiones
2143 3542 2485 3616 Hierouymi.
2510 3543 2785 3601 Caeterum
2833 3556 2892 3601 ut
2922 3546 2990 3602 ad
3017 3546 3364 3607 Parisienses
3384 3552 3522 3608 ami-

1933 3648 2026 3690 cos
2052 3636 2243 3691 redeat
2272 3637 2393 3692 laus
2416 3646 2623 3706 nostra,
2652 3640 2836 3695 veniat
2866 3656 3011 3696 nunc
3040 3641 3093 3696 in
3125 3642 3271 3699 hunc
3298 3659 3524 3702 censum

1929 3725 2257 3784 Franciscus
2286 3728 2595 3799 Desmarés,
2628 3729 2855 3787 Antonii
2898 3732 3077 3789 Allem
3127 3750 3195 3790 ex
3246 3736 3527 3794 Ludovica

1929 3818 2042 3873 ﬁlia
2065 3835 2237 3891 nepos
2269 3838 2283 3877 :
2314 3821 2382 3878 de
2409 3838 2478 3878 eo
2499 3838 2734 3895 namque
2772 3823 2898 3894 jure
2948 3825 3188 3895 dicitur,
3235 3828 3399 3885 Solus
3455 3840 3531 3887 est

1929 3914 2082 3970 homo
2112 3917 2278 3971 amica
2302 3917 2519 3973 anticus.
2553 3918 2675 3975 Non
2730 3919 2931 3976 sufficit
2982 3923 3196 3979 sincero
3245 3924 3377 3983 huic
3432 3942 3527 3998 pe-

1926 4007 2066 4063 ctori
2088 4016 2290 4069 cuncta
2320 4024 2441 4081 quae
2468 4010 2733 4081 possidet,
2762 4012 2907 4068 edita
2937 4023 3104 4086 atque
3148 4015 3354 4073 inedita
3379 4060 3395 4086 ,
3447 4019 3516 4075 li—

1924 4101 2271 4159 beralissime
2308 4104 2592 4160 nobiscum
2641 4105 3052 4164 communicare
3082 4126 3095 4163 :
3131 4109 3310 4166 aliena
3362 4112 3522 4168 undi-

1924 4208 2031 4264 que
2058 4195 2357 4264 conquirit,
2392 4196 2561 4252 instat
2585 4204 2894 4267 opportune
2917 4239 2934 4267 ,
2989 4200 3344 4271 importune;
3393 4206 3523 4261 etsi

1922 4291 2068 4361 quod
2090 4292 2294 4347 nostris
2324 4294 2572 4349 consiliis
2600 4304 2657 4351 et
2679 4294 3013 4353 editionibus
3041 4301 3517 4358 accommodatum

1928 4384 2226 4451 invenerit,
2257 4386 2499 4443 animum
2529 4388 2717 4445 statim
2758 4389 2941 4460 prodit
2970 4392 3204 4448 maxima
3232 4394 3519 4466 voluptate

1920 4476 2227 4549 perfusum.
2287 4478 2538 4537 Similem
2595 4483 2851 4539 amicitiae
2882 4483 3134 4541 affectum
3175 4497 3230 4543 et
3276 4488 3517 4546 officium

1925 4572 2141 4643 eXperti
2173 4587 2361 4630 sumus
2389 4573 2445 4630 in
2466 4573 2533 4629 R.
2566 4575 2727 4631 Patre
2748 4575 3025 4633 lldefonso
3068 4578 3321 4634 Sarrasin
3367 4582 3517 4639 ordi-

213 4664 451 4720 Cauonis
481 4663 549 4718 H.
584 4662 883 4734 V.copiam
914 4662 1077 4719 nobis
1112 4662 1243 4719 fecit
1270 4662 1599 4733 praepositus
1626 4661 1809 4733 Regia:
1838 4642 1894 4704 Ῑ)
1919 4642 2009 4721 nisi
2048 4663 2428 4724 Cluniacensis
2463 4685 2476 4721 :
2530 4683 2656 4724 nam
2700 4669 2891 4725 eodem
2934 4681 3268 4743 procurante
3323 4674 3513 4733 decem

217 4755 578 4814 Bibliotheca:
633 4755 1060 4813 honestissimus
1112 4754 1366 4810 dominus
1433 4752 1698 4810 Camillus
1761 4752 1809 4808 le

217 4849 426 4916 Tellier,
470 4849 640 4905 abbas
663 4851 835 4906 sancti
862 4851 1008 4906 Petri
1036 4849 1105 4907 de
1130 4850 1408 4920 Burgolio.

280 4944 365 4999 Ad
392 4943 692 4999 editionem
726 4942 969 5014 ejusdem
998 4941 1237 4998 Canonis
1269 4942 1554 4998 l-lebraicae
1606 4942 1809 4997 verita-

215 5038 281 5093 tis
303 5036 442 5090 alios
471 5038 823 5108 quamplures
855 5036 1144 5093 habuimus
1172 5050 1305 5092 mss.
1350 5035 1569 5092 codices
1623 5050 1807 5092 sacro-

213 5146 329 5187 rum
356 5130 690 5197 Bibliorum,
722 5131 813 5200 qui
848 5146 1030 5187 veram
1060 5131 1302 5187 retinent
1328 5131 1636 5187 versionem
1679 5130 1805 5187 Hie-

214 5225 423 5296 ranymi
479 5242 604 5281 cum
660 5222 902 5294 ejusdem
958 5222 1406 5294 prmfatiuuculis.
1477 5224 1803 5279 Psalterium

212 5320 481 5390 prmeipue
510 5335 579 5376 ex
630 5318 861 5375 Hebraeo
903 5317 1100 5375 Latine
1151 5333 1371 5375 versum
1401 5332 1432 5374 a
1473 5318 1533 5376 S.
1569 5318 1803 5375 Doctore

213 5414 518 5469 restitutum
543 5421 629 5470 est
657 5412 726 5468 ad
776 5413 942 5470 linem
989 5414 1177 5470 decem
1220 5412 1804 5485 praestantissimorum

213 5512 267 5560 et
287 5504 791 5577 antiquissimorum
814 5521 947 5561 mss.
980 5505 1370 5576 exemplarium
1404 5524 1417 5561 :
1450 5521 1572 5561 nam
1603 5516 1803 5577 praeter

212 5595 452 5654 Canonis
481 5598 813 5669 exemplaria
838 5600 1107 5655 recensita
1136 5645 1149 5668 ,
1179 5599 1302 5656 aliis
1341 5613 1439 5654 sex
1486 5600 1564 5653 uti
1620 5598 1797 5671 licuit,

212 5709 315 5751 uno
349 5697 636 5763 Vaticano,
668 5698 845 5753 altero
872 5696 1398 5767 Augustinianorum
1443 5694 1803 5766 Burdigalen‘

211 5788 384 5860 sium,
443 5791 606 5846 tertio
655 5791 980 5847 monasterii
1023 5791 1081 5848 S.
1112 5790 1395 5848 Michaelis
1452 5791 1508 5845 in
1559 5789 1802 5861 periculo

208 5884 391 5958 maris,
426 5896 623 5960 quarto
644 5887 995 5944 Bibliotliecm
1029 5887 1353 5947 Sorbonicac
1378 5933 1392 5961 ,
1446 5888 1637 5962 quinto
1660 5887 1798 5947 Cor-

525 5982 805 6049 PATROL.
855 5982 1148 6049 XXVIII.

1919 4761 2195 4818 volumina
2219 4776 2355 4818 mss.
2387 4775 2617 4833 operum
2654 4763 2714 4824 S.
2756 4763 3095 4834 Hieronymi,
3137 4767 3385 4825 Parisios
3414 4772 3513 4829 de-

1918 4864 2131 4927 portata
2167 4864 2294 4911 sunt
2322 4872 2352 4912 e
2377 4855 2579 4911 celebri
2620 4857 2958 4911 monasterio
3004 4858 3236 4916 abhatiae
3293 4859 3516 4919 Clunia-

1918 4952 2097 5007 censis
2131 4969 2143 5005 :
2185 4965 2306 5020 qua:
2334 4948 2553 5018 quidem
2583 4949 2863 5004 volumina
2892 4950 3270 5021 antiquissima
3294 4964 3350 5010 et
3374 4971 3514 5026 pra:-

1918 5042 2276 5111 stantissima,
2304 5058 2411 5097 non
2442 5056 2635 5113 parum
2674 5041 3059 5099 conferuntad
3106 5047 3512 5107 restitutionem

1916 5137 2157 5191 omnium
2182 5135 2298 5191 fere
2345 5135 2782 5192 lucubrationum
2826 5136 2886 5192 S.
2948 5136 3219 5194 Doetoris.
3266 5139 3516 5199 Nonnul-

1916 5230 2282 5286 losllebraeos
2320 5228 2538 5284 codices
2580 5243 2715 5285 mss.
2745 5228 3044 5286 Bibliorum
3100 5231 3516 5302 perhumaniter

1915 5326 2074 5384 nobis
2104 5326 2268 5382 etiam
2291 5322 2708 5381 commodarunt
2738 5323 2983 5396 religiosi
3011 5339 3077 5380 ac
3103 5325 3249 5383 docti
3280 5330 3517 5402 presby-

1913 5418 2017 5475 teri
2044 5415 2491 5489 Congregationis
2519 5416 2760 5472 Oratorii
2792 5417 3120 5475 Parisiensis
3145 5437 3160 5488 ;
3200 5422 3345 5492 apud
3370 5438 3508 5494 quos

1917 5522 2236 5570 asservatur
2267 5509 2575 5582 huiusmodi
2600 5509 2864 5567 librorum
2896 5527 3004 5568 non
3030 5527 3199 5584 parva
3231 5516 3410 5584 cepia.
3441 5516 3511 5573 Ili

1913 5615 2061 5673 sunt,
2085 5606 2130 5663 si
2161 5606 2302 5662 bene
2328 5604 2550 5661 memini
2582 5646 2597 5673 ,
2650 5602 2848 5677 quibus
2895 5616 3079 5676 grates
3128 5609 3511 5678 persolvendo:

1913 5712 2071 5759 erant
2127 5701 2180 5756 in
2238 5700 2417 5756 fronte
2482 5698 2683 5755 divinm
2732 5699 3088 5757 Bibliothecae
3143 5718 3157 5755 :
3209 5703 3335 5774 quia
3384 5702 3514 5761 huic

1912 5794 2141 5853 edenda:
2206 5794 2439 5849 multum
2511 5794 2869 5864 profuerunt,
2940 5793 3366 5852 communicatis
3429 5797 3522 5853 vel

1917 5890 2279 5952 commodatis
2309 5888 2715 5963 exemplaribus
2743 5904 2873 5949 mss.
2898 5904 3063 5960 supra
3090 5890 3293 5951 citatis.
3324 5891 3521 5951 Veniet

2964 5981 3004 6043 5
