4040 6360
298 300 385 361 Nl

372 417 669 471 Cassiodori
691 416 779 471 lib.
807 416 871 470 de
900 416 1231 472 Institutione
1257 416 1361 471 div.
1393 416 1497 471 Lit.
1530 433 1643 491 cap.
1670 420 1737 474 2i
1766 436 1776 471 :

362 510 558 565 Beatus
583 511 744 566 etiam
776 510 1155 584 Hieronymus,
1183 509 1390 565 Latina:
1414 510 1611 581 linguae
1630 510 1887 573 dilatatur

290 604 547 673 eximius,
578 604 665 673 qui
708 603 865 658 nobis
898 604 951 659 in
987 604 1340 659 translatione
1371 603 1568 658 divina:
1595 605 1888 669 Scriptura:

289 702 500 750 tantum
541 696 808 765 priestitit,
842 705 901 750 ut
930 696 996 751 ad
1042 696 1327 752 Hebrzeum
1370 697 1574 752 fontem
1616 712 1751 765 pene
1781 712 1886 752 non

287 802 547 857 egeamus
573 787 856 856 accedere,
881 790 1098 860 quando
1130 806 1227 846 nos
1256 790 1518 847 facundiae
1544 806 1657 846 suae
1683 805 1887 862 cogno-

287 882 469 937 scitur
496 882 734 938 ubertate
762 884 1014 937 satiasse.

382 974 625 1045 Ejusdem
648 975 829 1030 eodem
856 975 988 1030 libro
1010 976 1074 1031 de
1098 974 1234 1030 Inst.
1268 978 1372 1032 div.
1404 976 1507 1030 Lit.
1540 993 1655 1046 cap.
1691 977 1795 1031 15:

363 1066 519 1134 Quod
546 1068 589 1120 si
622 1077 800 1120 tamen
835 1067 937 1122 alia
970 1067 1131 1123 verba
1165 1069 1507 1137 reperiuntur
1530 1067 1763 1123 absurde
1795 1081 1886 1137 po-

284 1159 418 1225 sita,
451 1168 540 1213 aut
574 1173 641 1213 ex
676 1158 763 1213 his
805 1159 1106 1224 codicibus,
1138 1176 1274 1230 quos
1315 1160 1503 1219 beatus
1534 1160 1893 1231 Hieronymus

287 1254 349 1309 in
380 1255 616 1310 editione
652 1254 1005 1325 Septuaginta
1036 1254 1396 1324 lnlerpretum
1425 1253 1730 1309 emendavit
1763 1297 1775 1323 ,
1808 1252 1892 1307 vel

284 1363 431 1418 quos
460 1347 569 1419 ipse
596 1362 656 1403 ex
688 1345 917 1403 Hebraeo
941 1346 1234 1413 transtulit,
1265 1346 1531 1416 intrepide
1559 1344 1879 1414 corrigenda

284 1450 441 1495 sunt.

374 1532 611 1605 Gregorii
636 1532 820 1606 Magni
846 1531 1065 1603 Prcefat.
1096 1532 1338 1604 Exposit.
1373 1530 1565 1586 Morel.
1598 1532 1648 1584 in
1675 1529 1775 1584 Job
1804 1547 1821 1584 :

366 1624 569 1680 Novam
598 1640 727 1680 vero
749 1625 1156 1681 translationem
1182 1624 1418 1689 dissero;
1450 1624 1543 1679 sed
1568 1634 1618 1678 ut
1646 1638 1896 1690 compro-

293 1716 536 1771 bationis
570 1731 729 1771 causa
779 1714 989 1785 exigit,
1031 1730 1177 1771 nunc
1209 1731 1437 1780 novam,
1484 1731 1625 1769 nunc
1657 1725 1893 1770 veterem

1333 296 1657 359 SYNOPSIS
1701 298 1965 364 DIVINAS
2008 301 2508 367 BIBLIOTHECA‘).

3482 327 3585 383 ΗΞ

1917 424 1962 481 Α
2067 428 2320 497 Ejusdem
2349 430 2436 483 lib.
2470 430 2647 486 eodem
2672 432 2734 485 de
2763 431 2938 505 Temp.
2971 435 3190 493 Ratione
3219 456 3335 512 (ap.
3367 440 3436 496 66
3461 460 3476 495 :

2063 517 2188 575 Haec
2234 519 2301 575 de
2348 535 2510 577 cursu
2544 523 2803 592 praeteriti
2849 526 3034 583 szrculi
3080 543 3146 583 ex
3187 528 3449 587 Hebraica
3498 549 3591 589 ve-

1996 614 2199 683 ritate,
2263 623 2424 685 prout
2484 616 2799 685 potuimus,
2857 618 3183 678 elucubrare
3229 606 3542 680 curavimus
3573 672 3588 695 ,

1994 721 2204 775 alquum
2252 709 2352 763 rati
2378 752 2389 772 ,
2422 719 2481 763 ut
2524 710 2661 765 sicut
2687 710 2861 767 (ἔνωρί
2890 710 3031 767 LXX
3060 715 3445 772 translatorum
3475 719 3586 774 edi-

1996 802 2142 855 tione
2184 812 2416 867 tttentes,
2456 804 2523 860 de
2560 820 2621 861 ea
2662 806 2764 862 sibi
2814 808 3033 878 suisque
3065 818 3370 881 temporum
3417 816 3590 872 libros

1993 894 2315 962 condidere;
2349 896 2417 951 ita
2446 907 2498 952 et
2518 913 2637 961 nos,
2662 900 2752 967 qui
2778 901 2915 956 beati
2941 902 3257 974 interpretis
3275 906 3591 980 Hieronymi

1995 985 2260 1042 industria
2286 1032 2300 1057 ,
2339 1005 2475 1062 puro
2522 989 2799 1047 Hebraicm
2840 995 3081 1051 veritatis
3128 996 3276 1054 fonte
3319 1010 3586 1070 potamur,

1999 1088 2301 1151 temporum
2348 1097 2562 1153 quoque
2592 1084 2858 1141 rationem
2892 1086 3045 1156 justo
3086 1088 3227 1146 hanc
3257 1092 3399 1148 scire
3428 1110 3596 1162 quea-

1998 1186 2235 1228 mus.....
2269 1174 2536 1230 Caeterum
2564 1178 2772 1232 cunctis
2803 1178 2854 1232 in
2879 1194 3168 1237 commune
3199 1183 3510 1250 suademus,
3538 1196 3594 1239 nt

1998 1268 2111 1320 sive
2141 1268 2261 1336 quis
2290 1283 2355 1322 ex
2390 1268 2652 1324 Hebraica
2681 1271 2938 1341 veritate,
2971 1289 3091 1346 quae
3121 1275 3187 1329 ad
3220 1290 3320 1330 nos
3354 1292 3451 1348 per
3480 1294 3594 1333 me-

1998 1372 2268 1417 moratum
2292 1362 2639 1433 interpretem
2668 1382 2795 1436 pura
2821 1368 3136 1436 pervenisse
3159 1372 3322 1431 etiam
3346 1372 3596 1431 hostibus

1996 1454 2196 1511 Judaais
2225 1458 2278 1511 in
2312 1458 2560 1526 professo
2590 1470 2675 1516 est
2706 1480 2719 1517 :
2748 1462 2883 1528 sive,
2919 1473 3015 1517 etc.

2093 1551 2327 1606 Rhabani
2361 1552 2534 1608 Mauri
2561 1554 2649 1609 lib.
2678 1572 2716 1611 tl
2742 1557 2806 1611 de
2825 1554 3003 1615 Instit.
3030 1557 3215 1615 Ctrric.
3242 1578 3356 1635 cap.
3388 1564 3454 1618 54
3480 1581 3493 1617 :

2072 1643 2148 1700 De
2180 1644 2408 1701 Hebraeo
2434 1655 2613 1703 autem
2645 1649 2697 1703 in
2739 1648 2989 1715 Latinum
3038 1651 3309 1723 eloquium
3363 1664 3597 1714 tantum-

2005 1738 2169 1792 modo
2201 1738 2560 1811 Hieronymus
2595 1743 2877 1816 presbyter
2918 1761 3099 1801 sacras
3132 1747 3440 1819 Scripturas
3468 1766 3601 1807 con-

294 1824 401 1880 Per
428 1809 727 1864 ¹⁰⁵¹ί¹¹¹⁰¹¹ί³
752 1824 1012 1908 ³⁵⁸¹¹¹ξ¹⁰ξ
1038 1817 1097 1863 ¹¹ί
1117 1810 1237 1879 qm"
1262 1809 1420 1864 Sedes
1441 1808 1734 1908 apos“’_"c“
1759 1807 1896 1873 (θυίν
1934 1819 1977 1877 Β
2004 1831 2163 1887 vertit
2191 1850 2201 1885 :
2249 1807 2420 1902 cujus
2448 1807 2691 1891 editione
2728 1807 3063 1908 generaliter
3105 1807 3296 1896 omnes
3342 1843 3598 1898 Ecclesia:

286 1909 521 1957 auctore
549 1900 679 1962 Deo,
714 1898 1006 1970 praesideo)
1049 1910 1279 1969 utraque
1313 1902 1511 1965 utitur;
1543 1899 1649 1955 mei
1680 1914 1897 1970 quoque

286 1994 447 2051 labor
469 1994 625 2049 studii
650 2010 713 2048 ex
747 2006 973 2063 utraque
1004 1992 1271 2048 iniciatur.

562 2087 816 2160 Ejusdem
842 2087 930 2141 lib.
967 2103 1031 2140 xx
1056 2085 1337 2141 Moralium
1368 2102 1482 2156 cap.
1512 2085 1621 2140 ‘23:
1715 2123 1719 2126 μ

371 2182 479 2238 Sed
510 2182 634 2252 quia
688 2182 803 2236 haec
846 2196 986 2236 nova
1029 2180 1313 2236 translatio
1357 2197 1421 2234 ex
1476 2178 1701 2235 llebrteo
1748 2180 1903 2233 nobis

293 2274 639 2345 Arabicoque
680 2274 893 2344 eloquio
933 2284 1123 2329 cuncta
1168 2274 1349 2329 verius
1398 2272 1754 2327 transfudisse
1782 2288 1904 2340 per-

293 2368 535 2433 hibetur,
584 2368 913 2424 credendmn
960 2378 1043 2423 est
1085 2367 1343 2439 quidquid
1388 2370 1439 2422 in
1479 2385 1541 2422 ea
1584 2368 1781 2422 dicitur
1807 2384 1819 2421 :
1850 2374 1905 2421 et

293 2469 547 2531 oportet,
580 2472 633 2515 ut
665 2462 823 2517 verba
856 2461 999 2517 illius
1026 2472 1213 2517 nostra
1236 2461 1504 2532 expositio
1534 2460 1801 2516 subtiliter
1832 2460 1904 2513 ri—

294 2565 501 2611 metur.

447 2647 645 2703 Isidori
672 2646 997 2716 Hispalensis
1026 2649 1114 2702 lib.
1151 2665 1201 2705 vt
1235 2648 1506 2723 Originum
1534 2664 1649 2719 cap.
1688 2651 1720 2704 ὅ
1750 2667 1759 2700 :

372 2740 672 2812 Presbyter
713 2755 932 2812 quoque
984 2742 1343 2813 Hieronymus
1400 2741 1559 2794 trium
1601 2739 1905 2810 linguarum

295 2834 531 2905 peritus,
574 2848 643 2888 ex
698 2833 926 2888 Hebraeo
974 2832 1024 2886 in
1069 2832 1316 2887 Latinum
1364 2832 1639 2903 eloquium
1687 2832 1905 2886 easdem

298 2927 622 2997 Scriptores
653 2925 946 2990 convertit,
971 2924 1396 2996 eloquenterque
1424 2924 1775 2980 transfundit.
1800 2924 1904 2977 Cn-

294 3024 389 3093 jus
419 3021 801 3093 interpretatio
832 3021 1029 3077 merito
1053 3021 1267 3076 cwteris
1304 3021 1601 3075 antefertur
1630 3036 1642 3072 :
1678 3036 1800 3073 nam
1824 3027 1910 3074 est

297 3118 594 3174 verborum
612 3115 853 3171 tenacior
867 3124 920 3170 et
936 3114 1321 3185 perspicuitate
1334 3111 1614 3168 sententiae
1633 3111 1851 3166 clarior.

496 3230 751 3305 Ejusdem
780 3229 870 3285 lib.
904 3246 920 3284 ι
947 3229 1010 3285 de
1043 3228 1189 3300 Olﬁc.
1222 3227 1421 3283 Eccles.
1451 3245 1573 3298 cap.
1606 3227 1671 3283 η
1698 3246 1710 3282 :

372 3328 454 3383 De
484 3326 721 3383 Hebraeo
747 3335 930 3380 autem
976 3326 1027 3379 in
1068 3323 1318 3380 Latinum
1360 3323 1635 3392 eloquium
1667 3330 1902 3376 tantum-

293 3419 465 3477 modo
495 3420 858 3490 Hieronymus
895 3417 1180 3489 presbyter
1210 3430 1391 3472 sacras
1416 3415 1724 3485 Scripturas
1768 3430 1903 3468 con-

291 3513 463 3570 vertit
492 3530 507 3570 :
540 3512 696 3582 cujus
738 3511 975 3566 editione
1025 3510 1356 3582 generaliter
1401 3526 1590 3565 omnes
1644 3509 1901 3565 Ecclesia:

294 3619 697 3676 usquequaque
729 3612 955 3660 utuntur
987 3620 1003 3670 ;
1043 3620 1138 3673 pro
1180 3619 1249 3659 eo
1293 3601 1434 3674 quod
1468 3603 1711 3659 veracior
1739 3604 1809 3658 sit
1848 3603 1901 3658 in

290 3700 593 3756 sententiis
621 3709 677 3755 et
705 3699 910 3755 clarior
944 3699 994 3753 in
1028 3700 1228 3754 verbis.
1338 3722 1347 3730 -
1497 3742 1521 3752 ρ

297 3794 463 3850 Beda?
489 3793 733 3850 uenerab.
762 3795 819 3848 in
852 3794 1233 3866 Martyrologio
1263 3794 1399 3866 prid.
1430 3792 1635 3849 kalend.
1667 3794 1858 3847 octobr.
1887 3809 1905 3846 :

374 3887 433 3942 In
453 3886 780 3944 Betltlehem
803 3885 957 3943 Judte
981 3886 1248 3955 depositio
1265 3888 1436 3941 sancti
1463 3886 1768 3957 Hieronymi
1788 3902 1905 3955 pre-

298 3985 534 4057 sbyteri,
586 3983 743 4053 cujus
779 3984 884 4037 vita
918 3992 973 4038 et
1017 3982 1265 4037 doctrina
1303 3982 1501 4052 ubique
1548 3982 1599 4036 in
1650 3981 1907 4036 Ecclesiis

295 4077 510 4133 Christi
532 4076 826 4132 laudabilis
856 4084 1066 4141 exstat;
1093 4074 1369 4145 quomodo
1398 4074 1611 4129 divinos
1646 4074 1809 4129 libros
1839 4089 1905 4128 ex

296 4170 749 4239 Hebraealingua
780 4168 831 4223 in
863 4167 1115 4224 Latinum
1147 4167 1505 4234 transtulerit,
1537 4182 1632 4222 etc.

340 4262 600 4335 Ejusdem
632 4260 853 4331 Praefat.
880 4261 933 4316 in
962 4260 1148 4315 librum
1174 4261 1238 4315 de
1266 4260 1574 4331 Temmrum
1608 4260 1826 4315 Ratione
1852 4278 1868 4315 :

374 4359 513 4414 Fixa
540 4369 726 4414 autem
755 4357 886 4411 mihi
915 4368 1018 4411 stat
1049 4357 1336 4420 sententia,
1363 4372 1524 4426 quam
1554 4372 1583 4409 a
1614 4355 1759 4409 nullo
1787 4371 1908 4425 pru-

296 4452 553 4510 dentium
599 4450 1037 4521 redarguendam
1074 4459 1316 4515 autumo,
1359 4457 1416 4503 ut
1461 4449 1601 4502 sicut
1649 4462 1904 4502 reverenc

297 4546 564 4601 dissimus
611 4543 854 4613 ejusdem
909 4543 1185 4597 llebraica:
1217 4540 1460 4596 veritatis
1511 4541 1776 4610 interpres
1805 4540 1903 4594 ob-

1938 3212 1985 3277 C

2008 1938 2392 1994 usquequaque
2418 1935 2640 1982 utuntur
2664 1971 2677 1993 ,
2714 1943 2812 1999 pro
2838 1944 2905 1986 eo
2938 1932 3079 2013 quod
3112 1933 3422 1990 veneratior
3448 1936 3518 1990 sit
3546 1936 3599 1991 in

2007 2017 2316 2086 sententiis,
2350 2026 2407 2073 et
2434 2018 2634 2077 clarior
2662 2020 2714 2075 in
2738 2022 2945 2081 verbis.
2980 2022 3108 2079 Ilico
3130 2041 3194 2080 ea:
3223 2023 3431 2089 Isidoro
3450 2035 3597 2081 tran-

2006 2108 2209 2179 scripsit
2242 2107 2485 2166 Maurus.
2522 2111 2651 2169 Vide
2678 2130 2859 2183 supra,
2890 2127 2936 2169 et
2957 2115 3089 2188 lege,
3120 2118 3366 2173 voracior
3395 2136 3488 2190 pro
3507 2134 3597 2175 ve—

2008 2201 2267 2255 neratior.

2127 2293 2374 2367 Ejusdem
2408 2295 2625 2362 Prwfat.
2656 2297 2943 2354 Comment.
2969 2301 3020 2354 in
3050 2301 3207 2358 libros
3235 2300 3475 2375 Regum:

2085 2385 2161 2440 lbi
2188 2389 2330 2441 enim
2374 2388 2637 2454 inveniet,
2665 2392 2791 2459 quid
2825 2393 2987 2447 Pater
3017 2395 3375 2463 Augustinus,
3407 2395 3603 2465 quidve

2009 2480 2242 2550 insignis
2288 2483 2559 2552 interpres
2590 2484 2896 2540 divinorum
2926 2486 3213 2542 Librorum
3246 2487 3604 2561 Hieronymus

2008 2585 2301 2628 senserint.

2128 2666 2377 2741 Ejusdem
2410 2668 2624 2739 Prwfat.
2650 2669 2935 2728 Comment.
2962 2674 3013 2727 in
3042 2672 3441 2746 Paralipomena
3466 2691 3485 2730 ,ο

2080 2761 2419 2832 Quapropter
2460 2764 2736 2819 sciendum
2777 2776 2899 2833 est,
2943 2767 3086 2835 quod
3127 2768 3269 2823 inter
3292 2768 3606 2839 Seripluras

2011 2857 2208 2911 veteris
2232 2856 2590 2923 Testamenti,
2622 2874 2864 2929 prresens
2892 2860 3118 2917 historia
3145 2861 3604 2932 Paralipomenon

2017 2966 2124 3005 non
2160 2950 2452 3020 ignobilem
2486 2952 2664 3013 locum
2697 2964 2844 3009 tenet
2874 2974 2887 3009 ;
2920 2957 2987 3011 de
3016 2971 3121 3026 qua
3170 2956 3483 3012 divinorum
3518 2956 3608 3011 Li-

2011 3044 2228 3100 brorum
2266 3045 2633 3113 peritissimus
2666 3046 2939 3118 interpres
2980 3050 3170 3103 beatus
3205 3049 3567 3120 Hieronymus
3589 3091 3602 3111 ,

2013 3137 2085 3191 ita
2112 3137 2211 3205 ait,
2239 3146 2338 3192 etc.

2116 3228 2391 3286 Trithemii
2425 3233 2515 3286 lib.
2550 3249 2565 3287 ι
2612 3234 2675 3289 de
2705 3232 3060 3300 Scriptoribus
3087 3231 3461 3287 Ecclesiasticis
3486 3250 3505 3287 :

2098 3323 2456 3396 Hieronymus
2488 3326 2771 3396 presbyter
2795 3335 2845 3380 et
2878 3326 3295 3384 monachus.....
3325 3326 3409 3379 vir
3434 3325 3489 3381 in
3527 3325 3609 3381 di-

2013 3416 2152 3472 vittis
2180 3417 2479 3488 Scriptttris
2510 3419 2652 3473 inter
2679 3434 2867 3474 omnes
2897 3418 3149 3474 doetores
3180 3419 3606 3485 eruditissimus,

2008 3508 2296 3564 multarum
2322 3510 2622 3580 linguarum
2656 3510 2841 3579 peritia
2868 3510 3116 3583 insignis,
3143 3526 3313 3567 sacrae
3333 3511 3496 3581 Legis
3526 3512 3608 3567 in-

2012 3612 2222 3670 terpres
2245 3644 2261 3667 ,
2297 3601 2681 3659 lia-reticorum
2711 3604 2940 3659 malieus
2963 3614 3020 3661 et
3056 3614 3395 3674 expugnator
3419 3605 3603 3661 fortis-

2009 3692 2197 3746 simus.
2236 3692 2331 3749 Hic
2354 3703 2439 3749 est
2467 3710 2626 3749 verus
2656 3696 3000 3764 disnensalor
3028 3698 3398 3767 evangelicus,
3429 3698 3603 3753 ﬁdelis

2009 3797 2060 3841 et
2093 3786 2351 3856 prudens,
2395 3788 2486 3859 qui
2520 3788 2803 3861 proferens
2842 3791 2910 3846 de
2941 3790 3197 3847 thesauro
3233 3808 3331 3846 suo
3367 3807 3505 3845 nova
3550 3801 3606 3845 et

1980 3962 1985 3965 η
2010 3888 2218 3947 vetera,
2253 3880 2494 3951 datisque
2522 3881 2580 3935 in
2623 3892 2868 3950 tempore
2897 3884 3162 3954 spiritalis
3192 3883 3359 3940 tritici
3390 3900 3605 3943 mensu-

2012 3985 2123 4025 ram
2151 3973 2429 4027 conservis
2456 3972 2594 4041 suis,
2622 3974 2878 4030 llebraeos
2905 3976 3173 4047 superbos
3201 3976 3475 4046 spoliavit,
3499 3976 3601 4032 bu-

2012 4063 2278 4134 milesque
2311 4063 2501 4120 ditavit
2538 4065 2776 4121 Latinos.

2082 4157 2223 4213 lnter
2258 4175 2449 4216 omnes
2482 4160 2628 4215 enim
2671 4162 2929 4218 Ecclesia:
2970 4162 3225 4219 doctores
3269 4163 3453 4220 nullus
3485 4164 3605 4233 plus

2013 4249 2341 4321 Hieronymo
2372 4252 2591 4322 profuit,
2625 4253 2717 4323 qni
2762 4264 2956 4323 putator
2991 4256 3277 4311 innumera
3319 4256 3601 4325 opuscula,

2014 4353 2168 4397 vetus
2199 4342 2607 4399 Testamentum
2632 4344 2700 4401 de
2729 4346 2993 4402 llebraico
3022 4348 3073 4401 in
3096 4347 3342 4402 Latinum
3373 4354 3605 4402 transtu-

2013 4435 2093 4499 lit,
2128 4450 2191 4490 ac
2219 4452 2418 4492 novum
2450 4438 2517 4493 ad
2546 4437 2789 4494 Graecam
2820 4440 3102 4495 veritatem
3142 4440 3402 4504 correxit,
3440 4447 3602 4508 atque

2012 4528 2299 4599 legendum
2330 4532 2589 4588 Ecclesiae
2614 4533 2848 4589 ﬁdeliter
2873 4534 3093 4588 obtulit.

300 4637 701 4692 uectum-ibus
726 4634 809 4689 sui
829 4635 1010 4705 operis
1035 4652 1048 4687 ε
1078 4634 1199 4687 Non
1225 4635 1428 4699 damno,
1464 4632 1659 4702 inquit,
1690 4649 1792 4687 ηοη
1828 4648 1909 4686 νε.
1936 4615 1989 4674 D
2074 4623 2327 4679 Ecclesia:
2354 4625 2623 4681 catholica:
2646 4626 2895 4682 Oratione
2920 4628 2971 4679 in
3006 4628 3134 4695 festo
3166 4625 3228 4680 S.
3262 4623 3497 4679 Doctoris
3524 4639 3543 4678 :

299 4730 571 4800 prehendo
597 4726 770 4793 LXX,
803 4728 893 4782 sed
916 4726 1149 4781 omnibus
1180 4725 1259 4780 his
1280 4723 1539 4797 apostolos
1560 4724 1775 4797 prtefero
1799 4725 1905 4780 :ita

298 4832 359 4876 et
399 4837 507 4892 ego
537 4820 875 4876 conﬁdenter
927 4819 1205 4889 proﬁteor,
1250 4819 1375 4890 quia
1418 4833 1524 4873 non
1566 4817 1905 4887 reprehendo

296 4924 523 4969 veteres
540 4914 1089 4983 cbronngrapbos....
1127 4912 1222 4967 sed
1245 4913 1496 4967 omnibus
1520 4911 1602 4965 bis
1630 4911 1906 4966 Hebraiem

298 5007 554 5063 veritatis
582 5005 851 5077 integram
886 5002 1115 5076 prndero
1142 5005 1451 5074 puritatem,
1486 5019 1607 5060 cum
1658 5005 1903 5074 przeemi-

298 5099 615 5155 nentissimi
667 5098 996 5163 doctorum,
1043 5097 1402 5169 Hieronymus
1448 5098 1501 5149 in
1544 5097 1695 5152 libris
1734 5097 1898 5152 Hebr.

290 5194 539 5261 Quaest"
568 5190 901 5262 Augustinus
928 5191 982 5245 in
1015 5190 1168 5247 libris
1191 5189 1258 5246 de
1283 5190 1517 5247 Civitate
1558 5189 1724 5245 Dei...
1756 5203 1904 5244 eom—

298 5286 564 5357 probant.
890 5283 901 5289 ’

2083 4719 2223 4774 Dens
2248 4764 2261 4788 ,
2297 4720 2387 4790 qui
2416 4718 2679 4775 Ecclesia:
2711 4729 2815 4773 tua:
2844 4721 2895 4775 in
2927 4718 3263 4789 exponendis
3301 4716 3602 4790 Srripturis

2008 4812 2220 4869 beatum
2254 4814 2660 4885 llierouymum,
2703 4811 3077 4868 confessorem
3109 4822 3283 4881 tuum,
3312 4812 3599 4869 Doctorem

2010 4907 2326 4973 tnaximmn,
2344 4906 2896 4977 provideredignatns
2919 4920 3008 4960 es:
3033 4915 3248 4975 praesta,
3264 4921 3602 4975 quaesumus,

2008 5015 2063 5057 ut
2084 5002 2199 5072 ejus
2220 5001 2636 5072 suﬁ‘ragantibns
2658 5001 2880 5061 meritis.
2900 5000 3039 5072 quod
3064 5016 3160 5058 ore
3183 5002 3342 5057 simul
3368 5010 3423 5056 et
3439 5016 3602 5070 opere

2011 5095 2215 5159 docuit,
2244 5105 2294 5148 te
2325 5094 2639 5165 adjuvante,
2673 5109 2935 5149 exercere
2961 5094 3257 5149 valeamus.
3290 5093 3393 5151 Per
3421 5093 3603 5149 Domi.

2010 5203 2162 5254 nutu,
2194 5198 2291 5241 etc.

1010 5485 1543 5569 SYNOPSIS
1622 5488 2054 5571 DIVINE
2131 5487 2934 5589 BlBLlOTHEC/E

1190 5600 1270 5652 EX
1303 5601 1615 5655 EPISTOLA
1649 5604 2007 5655 HIERONYMI
2042 5603 2320 5656 PAULINO
2357 5604 2719 5659 DESUMPTA.

387 5758 651 5837 Videlicet
670 5762 1114 5837 manifestissima
1143 5773 1224 5823 est
1244 5763 1493 5828 Gssssw,
1525 5763 1577 5819 in
1600 5780 1701 5834 qua
1730 5766 1796 5820 de
1820 5775 2066 5827 creatura
2092 5766 2299 5826 mundi,
2331 5766 2399 5819 de
2417 5767 2650 5821 eXordio
2698 5767 2911 5837 generis
2956 5767 3190 5828 immani,
3229 5766 3289 5817 de
3324 5766 3609 5835 divisione,

317 5836 502 5899 terrai,
532 5834 598 5888 de
630 5833 947 5897 confusione
981 5833 1280 5903 linguarum
1315 5844 1367 5889 et
1393 5833 1657 5904 gentium,
1692 5852 1857 5906 usque
1884 5838 1951 5894 ad
1983 5839 2183 5896 exitum
2208 5838 2461 5894 scribitur
2484 5839 2854 5892 llr-berorum.
