4040 6360
320 298 415 359 “5
1349 303 1671 365 SYNOPSIS
1713 301 1968 364 DIVlN/E
2006 302 2513 363 BIBLIOTHECJE.
3505 303 3609 361 “6

382 419 571 486 DAVID,
597 417 906 477 Simonides
935 428 1143 487 noster,
1181 421 1474 488 Pindarus,
1517 436 1572 480 et
1601 423 1832 489 Alcaeus,
1859 421 2093 477 Flaccus
2120 435 2361 492 quoque,
2386 419 2659 487 Catullus,
2693 426 2859 491 atque
2897 418 3158 488 Serenus,
3182 417 3458 479 Christum
3490 417 3610 489 lyra

308 500 584 564 personat,
614 506 668 547 et
700 496 752 547 in
779 493 1121 549 decachordo
1149 494 1434 564 psalterio,
1466 494 1534 549 ab
1564 494 1753 549 inferis
1780 498 1981 550 excitat
2006 503 2403 561 resurgentem.

377 563 654 630 SALOION,
681 564 939 633 paciﬁcus
962 574 1016 620 et
1043 561 1295 621 amabilis
1342 566 1580 633 Domini,
1610 580 1789 622 mores
1843 566 2091 636 corrigit,
2124 572 2370 619 naturam
2419 563 2598 630 docet,
2634 561 2935 621 Ecclesiam
2981 563 3161 635 jungit
3208 572 3264 620 et
3306 569 3604 636 Christum,

305 646 727 709 sartctarumqne
750 639 1067 709 nuptiarum
1101 637 1257 693 dulce
1289 639 1438 692 canit
1466 638 1897 709 epithalamium.

378 706 620 772 Εετιιειι,
656 706 1008 785 in__EeClesia:
1040 718 1189 785 typo,
1222 710 1481 785 populum
1504 706 1711 785 'tiberat
1738 709 1807 765 de
1834 708 2114 780 periculo:
2148 716 2200 764 et
2239 708 2527 764 interfecto
2555 708 2751 774 Aman,
2784 707 2878 777 qui
2908 706 3300 778 interpretatur
3328 712 3603 785 iniquitas,

298 788 485 852 partes
510 780 746 834 convivii
775 790 827 834 et
855 779 997 834 diem
1030 779 1303 852 celebrem
1336 780 1499 837 mittit
1527 781 1576 835 in
1610 779 1877 852 posteros.

374 850 828 928 PAlt_Ath’OIlENON
868 851 1108 928 liber,_id
1137 861 1251 928 est,
1303 850 1650 928 instrumenti
1697 854 1896 928 veteris
1924 855 2175 928 ἐπιτομὴ,
2209 860 2412 928 tantu_s,
2446 850 2570 928 talis
2600 858 2712 928 est,
2745 858 2805 906 ut
2831 850 3035 928 absque
3065 851 3160 928 illo
3190 852 3234 907 si
3262 857 3382 928 quis
3421 859 3603 913 scien.

298 922 427 977 tiam
478 922 887 998 seripturarum
952 923 1056 978 sibi
1094 924 1645 998 Avoluerit_arrogare
1680 967 1704 998 ,ξ
1741 924 1981 994 seipsum
2043 922 2286 998 irrideat.
2348 923 2451 978 Per
2483 923 2706 998 _singula
2763 925 2963 998 quippe
3018 923 3236 998 nomina
3280 922 3601 998 'juncturas-

299 1009 403 1064 que
433 996 732 1078 verborum
754 1004 808 1051 et
833 995 1215 1066 praetermissae
1245 997 1299 1051 in
1353 994 1557 1068 Regum
1585 996 1739 1052 libris
1765 1003 2061 1068 tanguntur
2089 995 2355 1062 historiae,
2379 1004 2438 1051 et
2482 994 2905 1051 innumerabiles
2944 994 3304 1064 explicantur
3321 1000 3603 1073 Evangelii

295 1077 651 1136 quaestiones.

370 1137 583 1195 Esoaas
614 1148 669 1195 et
694 1137 995 1207 Nensnus,
1028 1140 1245 1211 adjutor
1274 1140 1551 1205 videlicet,
1584 1149 1637 1196 et
1660 1141 1975 1197 consolator
2019 1156 2047 1195 a
2081 1139 2342 1204 Domino,
2364 1138 2426 1211 in
2469 1154 2636 1193 unum
2677 1138 2929 1211 volumen
2969 1149 3344 1211 coarctantur,
3386 1144 3593 1202 instau-

291 1219 417 1287 rant
449 1211 743 1287 templum,
763 1226 950 1266 muros
967 1210 1268 1287 _ex5truunt
1288 1213 1526 1268 civitatis
1552 1213 1883 1287 ;'omnisque
1911 1212 2187 1287 illa_tur_ba
2215 1210 2397 1287 populi
2430 1210 2706 1264 redeuntis
2734 1210 2784 1263 in
2834 1211 3064 1287 patriam
3094 1222 3144 1267 et
3178 1210 3479 1287 descriptio
3505 1233 3592 1271 sa-

288 1281 947 1367 cerdotum,Levitarum,
967 1282 1181 1367 lsi-aclis
1207 1287 1618 1367 proselytorum,
1636 1301 1697 1367 ac
1723 1281 1818 1367 per
1842 1283 2081 1366 singulas
2101 1283 2336 1367 familias
2355 1296 2631 1336 murorum
2660 1295 2723 1336 ac
2746 1282 2979 1367 turrium
3008 1297 3172 1352 opera
3199 1281 3403 1367 divisa,
3431 1288 3580 1367 aliud

286 1352 343 1406 in
368 1354 578 1411 cortice
612 1353 934 1424 praeferunt,
960 1354 1103 1410 aliud
1130 1356 1368 1411 retinent
1391 1352 1442 1411 in
1473 1352 1737 1411 medulla.
1765 1352 1958 1410 Cernis
1986 1370 2071 1409 me
2101 1354 2503 1426 Scripturarum
2535 1367 2721 1426 amore
2748 1360 2997 1426 raptum,
3011 1358 3315 1426 excessisse
3361 1352 3583 1415 modum

281 1426 558 1494 epistolae,
595 1422 650 1482 et
679 1437 858 1482 tamen
883 1441 989 1481 non
1014 1427 1273 1496 implesse
1301 1429 1443 1496 quod
1475 1428 1644 1483 volui.
1666 1428 1987 1482 Audivimus
2018 1422 2374 1489 tantuni'quid
2402 1438 2562 1477 nosse
2593 1422 2720 1492 quid
2750 1438 2948 1496 cupere
2967 1424 3283 1495 debeamus,
3316 1440 3371 1483 ut
3401 1442 3455 1485 et
3477 1447 3577 1485 nos

282 1442 558 1494 epistulae,
595 1442 650 1482 et
679 1442 858 1482 tamen
883 1442 989 1481 non
1014 1443 1085 1481 un
1134 1442 1273 1483 Iesse
1301 1442 1443 1496 quoa
1475 1442 1644 1483 votui.
1666 1442 1987 1482 auutvtmus
2018 1442 2224 1480 tantum
2249 1442 2374 1489 quia
2402 1442 2562 1477 nosse
2593 1442 2720 1492 quin
2750 1442 2948 1492 cupere
2967 1442 3283 1495 ueneamus,
3316 1442 3371 1483 ut
3401 1442 3455 1485 et
3477 1447 3572 1485 nos

282 1510 505 1568 quoque
530 1498 808 1568 possimus
833 1499 1054 1553 dicere:
1083 1442 1407 1567 goncupivit
1440 1501 1617 1553 anima
1651 1514 1768 1553 mea
1798 1497 2108 1552 desiderare
2137 1496 2562 1566 iustiﬁcationes
2598 1502 2719 1549 tuas
2750 1495 2803 1549 in
2834 1497 2982 1550 omni
3011 1506 3275 1568 tempore.
3301 1498 3572 1557 Czeterum

281 1566 419 1641 illu_d
450 1566 793 1625 Socraticum
828 1569 1090 1641 impletur
1120 1571 1173 1624 in
1207 1566 1389 1641 nobis,
1414 1570 1528 1626 Hoc
1551 1579 1755 1624 tantum
1782 1570 1916 1637 scio,
1942 1568 2087 1641 quod
2117 1569 2323 1624 nescio.

356 1638 601 1709 Tangam
628 1651 685 1697 et
710 1638 918 1697 novum’
944 1640 1183 1697 breviter
1203 1640 1639 1698 Testamentum.

360 1708 708 1785 Musaeus,
737 1713 980 1778 Maacus,
1022 1712 1200 1769 Lucas
1230 1722 1286 1768 et
1307 1713 1566 1780 Joannes,
1596 1714 1855 1785 quadriga
1881 1712 2092 1767 Domini
2118 1720 2172 1766 et
2193 1725 2379 1785 verum
2409 1709 2725 1785 Cheeubim,
2745 1708 2895 1785 quod
2917 1709 3310 1785 interpretatur
3345 1715 3591 1771 scientiae

276 1783 600 1849 multitudo,
632 1800 727 1853 per
757 1792 928 1839 totum
960 1798 1156 1854 corpus
1178 1785 1409 1840 osculati
1444 1796 1591 1853 sunt,
1614 1780 1872 1840 scintillat
1903 1784 2158 1848 emicant,
2193 1783 2509 1838 discurrunt
2531 1782 2770 1854 fulgura,
2796 1780 3195 1854 pedeshabent
3226 1796 3424 1851 rectos,
3447 1796 3501 1843 et
3529 1788 3583 1842 in

272 1855 521 1928 sublime
555 1852 860 1923 tendentes,
894 1864 1042 1926 terga
1061 1852 1307 1926 pennata
1337 1866 1391 1911 et
1422 1857 1619 1925 ubique
1651 1856 2176 1928 volitantiaptenent
2203 1870 2262 1909 se
2287 1863 2478 1928 mutuo
2497 1853 2708 1928 sibique
2736 1852 2981 1923 perplexi
3005 1865 3155 1923 sunt,
3187 1865 3244 1912 et
3272 1858 3430 1928 quasi
3461 1868 3579 1914 rota

282 1926 340 1981 in
358 1935 489 1998 rota
518 1928 831 1993 volvuntur,
866 1935 922 1982 et
942 1924 1177 1998 pergunt
1202 1924 1543 1998 quocumque
1570 1943 1665 1983 eos
1698 1928 1856 1981 ﬂatus
1888 1926 2125 1996 Spiritus
2149 1926 2325 1998 sancti
2352 1924 2694 1998 perduxerit.

354 1997 570 2054 PAULUS
604 1999 901 2068 Apostolus
934 1995 999 2053 ad
1024 1995 1232 2068 septem
1262 1995 1747 2055 scribit'Et-clcsias
1781 1995 2011 2053 :octava
2064 1999 2232 2065 enim,
2265 1997 2329 2050 ad
2388 1995 2672 2068 lienngsos,
2702 2010 2731 2050 a
2777 1996 3055 2067 plerisque
3100 2007 3257 2057 extra
3307 2016 3595 2057 numerum

269 2070 526 2139 ponitur.
562 2065 897 2127 Τιιιοτιιεωι
926 2065 1240 2145 instruitac
1271 2070 1470 2139 Τιτυιι,
1504 2080 1559 2126 et
1584 2071 1864 2126 PHILEMON

2003 2086 2076 2125 »ιο
2115 2069 2337 2139 fugitivo
2385 2065 2587 2121 t‘amulo
2632 2065 2981 2137 deprecaturi
3021 2069 3197 2142 Super
3242 2087 3352 2145 quo
3400 2073 3598 2129 melius

268 2150 457 2197 tacere
489 2152 624 2211 puto
647 2158 809 2212 quam
837 2156 1009 2211 pauca
1041 2142 1307 2198 scribere.

358 2210 543 2269 Αετιιε
576 2210 967 2270 Apos'mmnttn
996 2213 1196 2268 nudam
1222 2212 1439 2283 quidem
1460 2228 1658 2271 sonare
1689 2214 1940 2270 videntur
1967 2211 2247 2268 historiam
2271 2222 2326 2266 et
2350 2210 2629 2265 nascentis
2659 2210 2920 2269 Ecclesiae
2952 2212 3231 2270 infantiam
3263 2216 3595 2281 texere;sed

270 2285 323 2339 si
357 2286 1031 2360 noverimuspseriptorem
1063 2300 1253 2360 eorum
1283 2285 1483 2360 Lucam
1508 2302 1628 2342 esse
1654 2288 1950 2360 medicum,
1975 2285 2135 2354 cujus
2160 2283 2280 2339 laus
2302 2291 2388 2338 cst
2420 2284 2475 2336 in
2509 2283 2821 2353 Evangelia,
2856 2285 3358 2343 animadvertemus
3387 2289 3591 2360 pariter

270 2357 462 2411 omnia
491 2359 660 2412 verba
686 2356 833 2411 illius
855 2358 1049 2411 animae
1078 2356 1388 2427 languentis
1413 2372 1538 2413 esse
1568 2359 1915 2414 medicinam.

346 2428 605 2493 Jacoeus,
636 2429 872 2491 Penus,
904 2426 1381 2497 Joannes,’.luoas,
1419 2436 1626 2496 septem
1654 2430 1926 2499 Epistolas
1965 2428 2279 2494 ediderunt,
2304 2434 2413 2482 tam
2461 2426 2718 2498 mysticas
2746 2444 2906 2499 quam
2940 2430 3263 2495 succinctas.
3302 2441 3358 2487 et
3397 2431 3595 2486 breves

266 2500 481 2569 pariter
501 2515 569 2556 ac
592 2501 787 2571 longas
815 2516 829 2552 :
864 2500 1065 2555 breves
1089 2502 1140 2553 in
1165 2502 1368 2565 verbis,
1403 2499 1590 2570 longas
1621 2501 1674 2554 in
1707 2501 2031 2555 sententiis:
2071 2508 2129 2553 ut
2160 2513 2321 2571 rarus
2342 2499 2433 2566 sit,
2463 2499 2556 2569 qui
2589 2513 2699 2552 non
2731 2501 2786 2555 in
2816 2516 3004 2557 earum
3047 2504 3283 2559 lectione
3325 2502 3595 2557 carentiat.

344 2570 715 2627 Arocaursts
742 2571 965 2628 JOANNIS
994 2580 1072 2625 tot
1097 2571 1260 2626 habet
1289 2580 1630 2626 sacramenta
1672 2581 1804 2642 quot
1829 2574 2020 2627 verba.
2056 2571 2251 2624 Parum
2295 2570 2409 2625 dixi
2452 2581 2506 2625 et
2543 2583 2640 2639 pro
2679 2571 2877 2642 merito
2920 2574 3206 2629 voluminis
3248 2576 3365 2629 laus
3411 2574 3592 2628 omnis

276 2643 510 2697 interior
537 2654 645 2700 est.
677 2644 735 2698 lu
766 2644 947 2698 verbis
975 2642 1204 2711 singulis
1232 2642 1561 2711 multiplices
1594 2641 1761 2698 latent
1792 2644 2185 2711 intelligentiae.
2213 2642 2324 2696 Uro
2356 2651 2426 2708 te,
2459 2642 2624 2695 frater
2670 2641 3010 2708 charissima,
3041 2645 3182 2699 inter
3222 2646 3338 2700 haec
3374 2645 3584 2711 vivere,

271 2714 378 2786 ista
411 2716 694 2782 meditari,
730 2714 863 2769 nihil
892 2714 1039 2786 aliud
1067 2728 1247 2776 nosse,
1280 2714 1417 2767 nihil
1441 2729 1709 2786 quaerere.
1742 2715 1931 2770 Nonne
1959 2715 2057 2768 tibi
2090 2713 2437 2786 videtin-jam
2465 2713 2550 2767 hic
2573 2712 2626 2786 in
2659 2715 2818 2768 terris
2840 2716 2995 2786 regni
3025 2717 3266 2771 caelestis
3306 2715 3590 2771 habitacu-

268 2784 423 2840 lum?
448 2786 592 2840 Nolo
622 2785 919 2842 offendaris
945 2788 1000 2839 in
1024 2785 1326 2855 Scripturis
1346 2784 1544 2840 sanctis
1575 2786 1947 2854 simplicitate.
1979 2794 2033 2857 et
2059 2783 2801 2857 quasivilitateverborum,
2840 2783 2960 2857 qua:
3006 2786 3095 2842 vel
3140 2788 3272 2843 vitio
3318 2789 3589 2856 interpre-

269 2866 411 2920 tum.
438 2858 525 2913 vel
556 2858 623 2913 de
650 2857 937 2921 industria,
965 2857 1042 2912 sic
1066 2857 1277 2928 prolata
1309 2866 1456 2919 sunt,
1486 2864 1544 2909 ut
1571 2859 1831 2912 rusticam
1859 2856 2184 2913 concionem
2211 2855 2815 2928 facilius‘instruerent,
2844 2855 2898 2913 et
2926 2860 2979 2913 in
3011 2874 3113 2914 una
3138 2859 3440 2928 eademque
3461 2855 3589 2913 sen—

272 2930 447 2985 tentia
480 2930 641 2984 aliter
669 2929 881 2994 doctus,
914 2928 1073 2982 aliter
1100 2927 1612 3000 audirctindoetus.
1639 2928 1758 2983 Non
1787 2944 1904 2983 sum
1931 2939 2037 2982 tam
2068 2928 2322 3000 petulans
2354 2936 2407 3000 et
2435 2926 2640 3000 hebes,
2669 2940 2725 3000 ut
2748 2928 2865 2984 hac
2897 2946 2985 2986 me
3031 2945 3193 2986 nosse
3234 2926 3495 3000 pollicear
3536 2938 3594 2983 et

269 3014 465 3055 eorum
499 3001 710 3056 fructus
739 3014 934 3069 capere
965 3014 1193 3072 quorum
1217 2998 1456 3072 radices
1480 2998 1531 3052 in
1560 3000 1857 3072 cteloit‘txze
1887 3007 2045 3064 sunt;
2076 2999 2171 3053 sed
2197 2999 2339 3053 velle
2367 2998 2563 3072 fateor.
2595 2999 2818 3057 Sedenti
2852 3018 2937 3056 me
2965 3002 3198 3072 praefero
3234 2998 3249 3054 Ξ
3275 2999 3594 3070 magistrum

268 3087 538 3141 renuens,
570 3074 825 3127 comitem
862 3070 1128 3139 spondeo.
1160 3069 1374 3125 Petenti
1406 3069 1607 3141 datur,
1641 3071 1878 3139 pulsanti
1924 3072 2186 3140 aperitur,
2211 3083 2468 3141 quaerens
2515 3070 2740 3127 invenit.
2768 3069 3050 3129 Discamus
3085 3074 3136 3128 in
3171 3073 3331 3127 terris
3357 3069 3590 3140 quorum

272 3143 507 3199 scientia
528 3138 700 3199 nobis
741 3138 1055 3213 perseveret
1082 3143 1134 3213 in
1167 3142 1325 3213 coelo.
1353 3140 1539 3213 Obviis
1570 3150 1622 3196 te
1644 3138 1897 3197 manibus
1928 3138 2325 3213 cit—cipiant,'et_
2350 3138 2432 3211 (ιιι
2469 3142 2653 3211 inepte
2696 3145 2899 3213 aliquid
2927 3160 2992 3199 ac
3023 3145 3091 3199 de
3118 3138 3467 3212 Hermagorae
3497 3150 3587 3196 tu-

268 3215 528 3271 miditate
550 3211 1099 3282 eﬂ'utiam)quidquid
1114 3212 1419 3281 quaesieris,
1448 3219 1627 3267 tecum
1661 3214 1802 3269 scire
1830 3214 2090 3268 conabor.
2112 3212 2291 3266 Habes
2312 3211 2403 3265 hic
2431 3211 2865 3269 amantissimum
2901 3216 2976 3270 tui
3008 3216 3229 3269 fratrem
3257 3211 3577 3281 Eusebium,

268 3289 364 3356 qui
392 3287 705 3342 litterarum
736 3295 948 3340 tuarum
990 3283 1122 3357 mihi
1148 3284 1378 3357 gratiem
1402 3282 1718 3357 duplicavit,
1749 3285 1995 3339 relercns
2018 3285 2360 3357 honestatem
2400 3298 2613 3337 morum
2655 3292 2895 3357 tuorum,
2943 3296 3314 3357 contemptum
3367 3284 3586 3357 saeculi,

270 3351 437 3413 tidem
468 3358 745 3421 amicitia,
772 3369 1014 3411 amorem
1039 3351 1263 3408 Christi.
1305 3351 1437 3428 Nam
1482 3351 1827 3423 prudentiam
1876 3366 1931 3411 et
1983 3355 2183 3428 eloquii
2228 3361 2568 3428 venustatem
2616 3356 2777 3412 etiam
2831 3351 3033 3428 absque
3083 3351 3179 3411 illo
3211 3357 3325 3428 ipsa
3352 3356 3590 3428 epistola

271 3428 624 3499 praeferebat.
681 3428 923 3493 Festina,
960 3434 1272 3499 rquaeso;te,
1303 3434 1357 3479 et
1389 3425 1651 3499 haerentis
1682 3431 1734 3481 in
1798 3429 1914 3482 salo
1968 3426 2234 3499 naviculae
2268 3424 2451 3499 funem
2504 3429 2688 3499 magis
2728 3424 2963 3499 praecide
3001 3444 3161 3498 quam
3204 3427 3371 3483 solve.
3422 3426 3595 3499 Nemo

273 3496 691 3556 renuntiaturus
723 3500 928 3554 saeculo
960 3498 1101 3570 bene
1125 3504 1308 3570 potest
1329 3496 1568 3553 vendere
1595 3513 1715 3568 qua:
1739 3497 2068 3565 contempsit
2096 3508 2157 3551 ut
2186 3496 2485 3570 venderet.
2511 3496 2780 3568 Quidquid
2812 3501 2865 3554 in
2887 3496 3132 3570 sumptus
3162 3499 3229 3553 de
3260 3507 3350 3570 tuo
3381 3497 3592 3570 tuleris,

276 3587 378 3642 pro
408 3574 564 3626 lucro
593 3580 871 3640 computa.
898 3568 1196 3642 Antiquttm
1222 3568 1427 3642 dictum
1466 3580 1569 3633 est,
1598 3567 1780 3642 Avaro
1810 3580 1916 3624 tam
1946 3570 2104 3642 deest
2134 3567 2276 3642 quod
2304 3567 2463 3642 habet
2485 3585 2644 3639 quam
2669 3567 2811 3641 quod
2837 3586 2941 3625 non
2971 3567 3148 3626 habet.
3175 3569 3430 3624 Credenti
3454 3578 3597 3642 totus

218 3704 225 3709 ﬁ
276 3638 519 3697 inundus
552 3638 862 3697 divitiarum
892 3650 975 3695 est
1009 3656 1021 3691 :
1052 3639 1293 3712 infidelis
1316 3648 1514 3712 autem
1531 3641 1700 3712 etiam
1728 3641 1894 3696 obolo
1927 3638 2256 3710 indiget.Sic
2284 3638 2549 3712 vivamus,
2573 3638 2850 3712 tamquam
2876 3642 3009 3697 nihil
3036 3642 3389 3712 habentes,et
3414 3639 3597 3712 omnia

356 3715 647 3769 ssidentes.
686 3713 867 3767 Victus
910 3720 964 3766 et
993 3712 1222 3782 vestitus
1245 3709 1450 3765 divitiae
1476 3710 1929 3768 Christianorum
1959 3709 2106 3767 sunt.
2133 3713 2186 3766 Si
2218 3710 2388 3782 habes
2432 3711 2485 3765 in
2536 3709 2804 3782 potestate
2847 3728 2961 3768 rem
2986 3722 3150 3779 tuam,
3174 3711 3377 3775 vende;
3411 3711 3456 3765 si
3487 3724 3599 3765 non

356 3728 647 3769 ssntentes.
690 3728 867 3767 Vtetus
910 3728 964 3766 et
993 3728 1222 3765 vesulus
1245 3728 1450 3765 utvmae
1476 3728 1929 3768 hnrtsuauorum
1959 3728 2106 3767 sunt.
2133 3728 2186 3766 Si
2218 3728 2384 3765 naues
2432 3728 2485 3765 tn
2536 3728 2804 3782 petesmte
2847 3728 2961 3768 rem
2986 3728 3150 3779 tuam,
3174 3728 3377 3775 venae;
3411 3728 3456 3765 SI
3487 3728 3596 3765 non

279 3728 477 3850 mbes,
504 3784 735 3854 projice.
764 3781 1006 3838 Tollenti
1036 3783 1299 3855 tunicam,
1327 3790 1383 3835 et
1414 3782 1642 3855 pallium
1678 3783 2093 3854 relinquendum
2123 3791 2225 3855 est.
2260 3780 2485 3855 Scilicet
2504 3786 2607 3837 nisi
2634 3794 2709 3851 tu,
2738 3799 2952 3855 semper
2974 3785 3430 3855 recrastinans,et
3449 3782 3596 3855 diem

280 3856 351 3911 de
404 3852 520 3911 die
550 3852 776 3911 trahens
804 3895 818 3919 ,
876 3862 1035 3910 caute
1082 3863 1136 3907 et
1202 3854 1537 3923 pedetentim
1590 3863 1713 3907 tuas
1756 3852 2229 3924 possessiunculas
2289 3853 2616 3919 vendideris,
2658 3870 2761 3909 non
2805 3852 2969 3910 habet
3010 3856 3262 3910 Christus
3302 3854 3460 3924 unde
3489 3852 3600 3924 alat

282 3940 552 3997 pauperes
581 3941 734 3981 suos.
765 3925 962 3980 Totum
997 3924 1109 3997 Deo
1137 3922 1305 3990 dedit,
1338 3924 1433 3992 qui
1462 3924 1708 3997 seipsum
1730 3922 1962 3997 obtulit.
1990 3924 2235 3997 Aposteli
2267 3938 2457 3997 navem
2483 3935 2686 3981 tantum
2717 3938 2769 3982 et
2827 3928 2965 3983 retia
3015 3927 3368 3997 reliquerunt.
3423 3922 3596 3997 Vidua

288 3994 408 4051 duo
428 3998 717 4080 :eramisit
740 3998 791 4052 in
822 3994 1289 4067 gazophylacium,
1314 4005 1369 4049 et
1396 3996 1689 4063 praefertur
1715 3996 1891 4053 ϐιωθί
1919 3997 2142 4053 divitiis.
2171 3995 2351 4052 Facile
2380 4000 2687 4052 contemnit
2716 3999 2918 4069 omnia,
2948 4001 3036 4068 qui
3069 3994 3371 4067 se'semper
3395 3995 3598 4066 cogitat

282 4083 404 4125 esse
428 4079 771 4125 moriturum.
