4040 6360
477 304 576 362 liii

1488 306 1549 365 S.
1593 303 1977 364 HIERONYMI
2015 303 2252 364 DlVlNA
2291 302 2768 364 BIBLIOTHECA.

3674 303 3779 360 I52

477 431 587 492 tos,
617 421 916 483 contulisse
940 424 1199 493 scribant,
1244 437 1352 482 non
1389 423 1768 497 prophetasse.
1810 422 1967 479 Aliud
1993 432 2079 480 est
2104 424 2156 487 Α
2181 430 2464 489 trectator,
2508 423 2752 479 ausculta
2778 407 2954 480 :Vnott
2996 422 3227 487 damno.
3278 434 3387 478 non
3435 416 3779 493 reprehendo

480 517 629 574 cnim
657 526 859 586 vatem,
896 518 1043 575 aliud
1081 534 1206 577 esse
1233 528 1261 558 ι
1297 520 1677 589 interpretem.
1728 514 1805 571 lbi
1845 516 2079 588 Spiritus

476 619 708 667 ventura
737 611 1029 683 praedicit:
1072 612 1164 668 hic
1207 612 1446 669 eruditio
1474 620 1529 668 et
1558 609 1853 666 verborum
1897 612 2078 684 copia,

479 715 547 758 ea
577 716 699 773 qua:
729 702 1004 774 intelligit,
1033 702 1309 759 transfert.
1362 701 1475 757 Nisi
1518 701 1659 757 forte
1683 701 1972 773 putandus
1999 711 2084 759 est

479 793 692 850 Tullius
747 794 1175 852 (Economicum
1235 793 1617 864 Xenophontis
1647 833 1664 861 ,
1717 802 1775 851 et
1840 792 2082 852 Platonis

474 884 506 926 1)
530 886 912 959 Protagoram,
926 897 983 944 et
1004 885 1391 943 Demosthenis
1411 900 1510 956 pro
1527 885 1907 957 Ctesiphonte,
1930 886 2083 944 allia-

480 989 572 1039 tus
597 982 878 1039 rhetorico
907 980 1099 1053 spiritu
1126 979 1494 1036 transtulisse.
1540 981 1649 1036 Aut
1690 980 1854 1047 aliter
1881 980 1949 1037 de
1977 981 2083 1036 eis-

481 1076 607 1133 dem
645 1077 801 1132 libris
830 1074 1308 1146 per‘Septuaginta
1340 1084 1363 1113 ο
1395 1074 1753 1144 interpretes,
1800 1074 1958 1131 aliter
1984 1088 2084 1145 per

482 1171 761 1241 apostolos
788 1168 1022 1239 Spiritus
1046 1175 1266 1223 sanctus
1300 1168 1605 1223 testimonia
1638 1168 1830 1234 texuit,
1863 1166 2083 1239 utquod

479 1260 561 1317 illi
595 1270 899 1329 tacuerunt,
951 1260 1004 1313 hi
1045 1259 1308 1330 scriptum
1340 1274 1482 1337 esse
1518 1259 1731 1316 mentiti
1762 1261 1893 1316 sint.
1940 1259 2084 1328 Quid

480 1353 682 1425 igitur?
704 1354 1028 1408 damnamus
1055 1353 1314 1409 veteres?
1344 1352 1571 1409 minime
1605 1370 1623 1407 :
1656 1352 1753 1410 sed
1785 1362 1907 1425 post
1933 1353 2085 1424 prio-

480 1465 602 1506 rum
634 1449 838 1516 studia,
870 1448 925 1505 in
953 1448 1118 1505 domo
1144 1448 1361 1503 Domini
1390 1449 1533 1519 quod
1566 1463 1878 1520 possumus,
1930 1449 2086 1506 labo-

480 1559 686 1603 ramus.
720 1545 799 1600 llli
832 1544 1176 1616 interpretati
1204 1551 1332 1600 sunt
1372 1552 1501 1601 ante
1538 1544 1830 1600 adventum
1860 1543 2082 1613 Christi,

481 1648 540 1694 et
566 1638 710 1711 quod
741 1638 1077 1706 nesciebant,
1108 1637 1288 1693 dubiis
1316 1638 1597 1709 protulere
1622 1637 1929 1694 sententiis.
1979 1636 2088 1692 Nos

481 1742 610 1806 post
654 1734 963 1804 passionem
1013 1741 1068 1789 et
1111 1731 1564 1789 resurrectionem
1625 1732 1782 1802 ejus,
1825 1745 1936 1785 non
1979 1738 2087 1786 tam

2185 516 2559 589 Septuaginta,
2606 516 2703 573 sed
2751 515 3091 572 confidenter
3119 516 3329 572 cunctis
3359 512 3467 569 illis
3501 511 3779 584 apostolos

2184 610 2433 682 praefero.
2462 608 2567 665 Per
2590 606 2618 646 ά
2646 610 2876 665 istorum
2897 624 2959 665 os
2987 607 3121 665 mihi
3150 606 3403 665 Christus
3429 600 3608 670 sonat,
3639 618 3780 676 quos

2184 713 2309 761 ante
2355 702 2650 776 prophetas
2691 702 2835 761 inter
2882 703 3147 776 spiritalia
3197 701 3524 759 charismata
3573 700 3778 770 positos

2183 798 2304 872 lego
2348 816 2363 854 :
2410 800 2463 855 in
2494 798 2690 871 quibus
2735 798 2984 855 ultimum
3012 812 3151 869 pene
3199 796 3428 869 gradum
3456 796 3785 868 interpretes
3787 812 3845 875 ,λ

2184 900 2369 950 tenent
2398 892 2461 965 (Ι
2489 892 2611 948 Cor.
2633 908 2730 958 xu,
2761 891 2873 958 28;
2906 891 3102 964 Epltes.
3129 906 3206 957 tv,
3239 890 3301 945 11
3332 889 3374 959 ).
3426 886 3567 957 Quid
3610 887 3785 943 livore

2186 987 2495 1059 torqueris?
2525 986 2653 1059 quid
2684 987 3056 1058 imperitorum
3082 984 3296 1040 animos
3322 992 3511 1039 contra
3543 997 3630 1039 me
3642 995 3782 1038 con-

2184 1081 2367 1138 citas?
2398 1080 2578 1138 Sicubi
2607 1083 2663 1135 in
2709 1079 3063 1136 translatione
3107 1078 3201 1134 tibi
3231 1076 3422 1133 videor
3448 1091 3664 1143 errare,
3697 1076 3783 1131 in-

2186 1181 2399 1245 terroga
2432 1173 2713 1237 Hebraeos,
2736 1172 3070 1227 diversarum
3102 1170 3317 1226 urbium
3339 1168 3629 1239 magistros
3652 1182 3786 1223 con-

2186 1266 2323 1322 sule.
2376 1265 2531 1334 Quod
2578 1264 2656 1320 illi
2704 1265 2905 1321 habent
2949 1263 3020 1320 de
3048 1262 3287 1327 Christo,
3318 1261 3395 1317 tui
3434 1260 3653 1318 codices
3676 1275 3790 1316 non

2188 1357 2411 1413 habent.
2453 1356 2615 1412 Aliud
2645 1365 2748 1422 est,
2788 1356 2836 1411 si
2861 1365 3053 1413 contra
3078 1371 3140 1412 se
3180 1363 3370 1426 postea
3411 1352 3481 1410 ab
3526 1352 3793 1424 apostolis

2188 1457 2442 1521 usurpata
2465 1447 2782 1527 testimonia
2802 1490 2818 1517 ,
2851 1448 3241 1519 probaverunt,
3276 1457 3300 1485 ε
3328 1456 3385 1504 et
3413 1445 3792 1503 emendatiora

2187 1553 2315 1602 sunt
2340 1542 2910 1615 exemplaria'Latina
2958 1557 3119 1615 quam
3163 1541 3375 1609 Graeca,
3408 1540 3599 1597 Graeca
3625 1554 3793 1609 quam

2190 1636 2439 1693 Hebraea.
2463 1636 2664 1693 Verum
2687 1636 2804 1694 haec
2824 1644 3014 1691 contra
3044 1634 3274 1692 invidos.
3306 1633 3461 1690 Nunc
3485 1643 3541 1690 te
3568 1647 3790 1705 precor,

2189 1730 2434 1787 Desideri
2459 1729 2800 1795 charissima,
2832 1738 2892 1785 ut
2922 1727 2941 1768 ί
2972 1730 3095 1801 quia
3131 1736 3341 1785 tantum
3370 1742 3507 1800 opus
3535 1743 3625 1785 me
3660 1728 3797 1785 sub-

481 1827 852 1900 prophetiam,
882 1843 1043 1899 quam
1074 1828 1360 1883 historiam
1392 1827 1701 1883 scribimus.
1741 1826 1919 1882 Aliter
1941 1827 2086 1882 enim
2117 1826 2166 1888 B
2193 1825 2271 1882 ire
2313 1824 2513 1892 fecisti,
2552 1834 2609 1881 et
2637 1840 2665 1879 a
2698 1824 2898 1881 Genesi
2938 1822 3225 1880 exordium
3270 1837 3488 1894 capere,
3529 1821 3799 1879 orationi-

480 1919 691 1987 audita,
714 1919 876 1977 aliter
905 1921 1019 1975 visa
1046 1931 1357 1975 narrantur.
1410 1918 1567 1986 Quod
1597 1918 1791 1974 melius
1834 1917 2090 1989 intelligi-

481 2030 627 2082 mus,
651 2014 844 2071 melius
874 2022 929 2071 et
956 2014 1302 2086 proferimus.
1332 2012 1476 2070 Audi
1500 2012 1695 2085 igitur,
1725 2010 1961 2078 aemule;
1989 2011 2088 2069 ob-

485 2192 592 2231 non
615 2175 781 2230 multo
804 2182 919 2247 post
951 2183 1179 2247 tempore
1206 2174 1494 2244 Iosephus,
1523 2185 1629 2232 etc.
1661 2175 1833 2232 Porro
1854 2174 2079 2247 losephi

477 2248 847 2340 testimonium
879 2248 1045 2338 trabes
1078 2248 1277 2340 libant
1308 2247 1586 2336 'Antiquit.
1619 2262 1670 2301 c.
1694 2247 1731 2301 2
1765 2247 2079 2340 Z'a’uvééptou

483 2321 762 2396 ἐποιήσατο
783 2322 834 2396 ἐν
859 2327 934 2396 τῷ
962 2324 1221 2396 παρὰ-τήν
1246 2320 1389 2379 ἠϊόνα
1406 2322 1870 2396 ¹δίαιται-κενᾳσμᾶνῳ
1914 2320 2033 2396 pirata»
2067 2338 2080 2396 :_

488 2389 834 2462 Congregauit
862 2389 1217 2462 (Demetrius)
1262 2407 1349 2445 eos
1397 2389 1775 2462 (Septuaginta
1814 2389 2091 2462 seniores)

486 2462 543 2516 in
589 2460 800 2516 domum
847 2460 1009 2533 prope
1059 2460 1204 2533 littus
1230 2460 1565 2533 exstructam.
1598 2460 1654 2516 In
1688 2477 1848 2532 quem
1883 2460 2084 2533 locum,

482 2534 645 2603 paulo
674 2541 796 2601 post
821 2531 1006 2599 tradit,
1025 2532 1267 2602 perfecta
1293 2535 1403 2600 jam
1424 2531 1583 2601 Legis
1611 2531 2083 2602 interpretatione,

482 2618 849 2675 congregasse
880 2604 1208 2660 Demetrium
1238 2603 1456 2659 ludaeos
1485 2617 1696 2668 omnes,
1727 2606 2088 2674 praesentibus

480 2675 644 2745 etiam
669 2675 1072 2745 interpretibus.
1106 2676 1439 2731 Non'tamen
1483 2690 1631 2743 esse,
1677 2676 1924 2732 Aristeas
1961 2690 2085 2732 cum

487 2744 725 2802 Josenho
747 2744 1025 2802 convenit.

558 2826 586 2854 η
616 2815 988 2890 Conferendus
1027 2817 1084 2875 S.
1134 2817 1249 2888 ipse
1279 2819 1439 2875 Pater
1465 2818 1785 2890 praefatione
1824 2819 1995 2875 altera
2035 2819 2087 2875 in

486 2887 944 2956 Paralipomenon
992 2887 1166 2944 libros
1201 2905 1270 2946 ex
1310 2887 1502 2947 Graeco
1539 2903 1749 2957 versos,
1801 2890 1893 2944 ubi
1922 2892 2092 2945 sentit

486 2957 553 3012 de
573 2959 916 3044 Septuaginta
937 2959 959 3016 1
968 2961 1495 3044 nterpretibus,_quod
1518 2960 1722 3033 Spiritu
1749 2971 1927 3017 sancto
1950 2962 2091 3032 pleni

490 3045 571 3095 ea,
603 3046 719 3101 quw
738 3047 856 3085 vera
876 3032 1107 3103 fuerant,
1133 3032 1517 3090 transtulerint.
1564 3032 1569 3033 7

562 3099 591 3140 δ
623 3100 1008 3179 ρῃιὴαρονρῃι,
1043 3102 1577 3179 ΙοοομΡνοιαρονξαηιλ,
1607 3104 1840 3179 legimus
1867 3105 1921 3160 in
1953 3119 2083 3179 mss.

491 3172 745 3247 omnibus
776 3172 906 3247 {sed
937 3172 1412 3247 hoc‘scriptoruin
1450 3172 1740 3232 inplevisse
1778 3176 2050 3247 imperitia
2071 3219 2085 3243 ,

492 3243 629 3316 nulli
679 3243 896 3299 erudito
935 3243 1162 3301 dubium
1200 3243 1325 3302 esse
1360 3256 1561 3316 potest,
1596 3248 1650 3302 hi
1681 3246 1829 3302 enim
1859 3243 2092 3304 manife-

2195 1918 2296 1975 bus
2328 1918 2489 1988 juves
2512 1934 2524 1972 :
2549 1933 2658 1989 quo
2680 1917 2885 1990 possim
2907 1916 3099 1973 eodem
3115 1917 3307 1987 spiritu
3331 1931 3438 1988 quo
3461 1915 3649 1987 scripti
3669 1921 3801 1970 sunt

2195 2010 2340 2079 libri,
2370 2011 2425 2066 in
2452 2009 2677 2067 latinum
2707 2025 2804 2067 eos
2830 2008 3126 2068 transferre
3157 2022 3497 2066 sermonem.

2187 2176 2265 2251 uti
2307 2186 2492 2251 monet
2532 2176 2850 2251 Hieronym.
2885 2177 2940 2235 in
2966 2192 3086 2249 cap.
3113 2176 3321 2244 tOSee,
3365 2183 3421 2232 et
3457 2177 3514 2233 in
3551 2190 3672 2249 cap.
3699 2191 3801 2233 xm

2193 2248 2385 2304 Matth.
2429 2250 2612 2305 Man'r.

2257 2350 2331 2361 —
2356 2320 2517 2376 Falso
2530 2322 2698 2378 nostri
2711 2322 2874 2379 etiam
2889 2337 3021 2378 mss.
3038 2319 3398 2393 Pythagoram
3418 2319 3620 2391 legunt.
3638 2310 3807 2376 Cice«

2188 2393 2342 2448 ronis
2363 2399 2542 2448 autem
2570 2396 2852 2451 versiones
2881 2395 2988 2449 illa:
3013 2392 3225 2453 omnes
3245 2392 3661 2448 interciderunt.

2265 2474 2287 2502 ο
2332 2463 2531 2521 Vocem
2560 2465 2866 2532 interpretes
2897 2465 3068 2522 nostri
3099 2479 3232 2521 mss.
3266 2462 3566 2531 sufficiunt,
3594 2479 3714 2536 qua:
3741 2473 3810 2521 et

2191 2532 2245 2589 in
2275 2536 2544 2606 Apologia
2568 2539 2855 2593 recitatur.

2262 2603 2291 2644 ἀ
2317 2603 2495 2663 Minus
2528 2616 2676 2663 recte
2707 2608 2990 2678 legebatur
3012 2616 3195 2677 antea,
3248 2605 3355 2662 Per
3383 2605 3618 2662 illorum.
3668 2606 3808 2666 Mss.

2195 2680 2369 2736 nostri
2392 2693 2516 2734 cum
2548 2678 2830 2750 Apologia:
2860 2681 3100 2736 lectione
3120 2681 3410 2750 castigant.

2268 2760 2292 2788 ε
2322 2750 2496 2805 Immo
2532 2749 2846 2807 econtrario
2893 2750 3238 2808 inferendum
3270 2749 3499 2806 'videtur
3521 2749 3674 2821 mihi,
3714 2768 3815 2807 re-

2190 2821 2540 2896 probaverunt
2576 2841 2609 2896 :7
2638 2822 2691 2878 id
2732 2833 2833 2896 est,
2884 2821 3097 2896 Hebraei
3137 2835 3325 2896 contra
3357 2837 3419 2878 se
3450 2834 3713 2896 usurpata
3736 2823 3817 2877 ab

2192 2893 2459 2963 apostolis
2491 2893 2807 2949 testimonia
2834 2894 3163 2966 reiecerunt,
3194 2894 3416 2966 suisque
3447 2909 3478 2949 e
3520 2894 3818 2966 codicibus

2193 2966 2279 3021 vel
2306 2975 2617 3035 eraserunt,
2649 2966 2739 3021 vel
2766 2965 2993 3020 subdola
3040 2964 3276 3021 lectione
3315 2964 3711 3021 adulterarum.
3747 2964 3815 3020 ld

2195 3036 2441 3106 profecto
2480 3047 2585 3103 est,
2635 3036 2779 3107 quod
2823 3039 3005 3092 omnis
3026 3036 3088 3094 S.
3122 3036 3371 3092 Doctoris
3397 3036 3821 3107 contextusiin-

2195 3107 2369 3163 tendit
2404 3124 2417 3161 :
2448 3106 2777 3179 vixque’ego
2800 3107 3011 3179 dubito,
3042 3108 3173 3179 quin
3204 3109 3467 3179 scriptum
3500 3109 3567 3164 ab
3597 3123 3663 3164 eo
3687 3106 3821 3162 fuc-

2193 3180 2267 3235 rit
2296 3178 2404 3251 hoc,
2428 3178 2615 3251 sensu,
2659 3178 3109 3251 reprobaverunt:
3138 3178 3524 3251 rmiror’autem
3568 3179 3819 3236 editores

2199 3259 2256 3307 et
2283 3248 2507 3304 criticos
2539 3250 2644 3306 huc
2669 3248 2913 3306 animum
2943 3266 3052 3307 non
3084 3250 3407 3308 advenisse.

492 3314 660 3395 stiora
702 3324 758 3395 et
798 3317 971 3395 magis
1015 3318 1139 3371 trita
1175 3314 1447 3395 vocabula
1472 3319 1720 3395 scribunt
1748 3334 1849 3389 pro
1884 3319 1950 3395 iis
1972 3334 2093 3395 qua:
2121 3326 2171 3391 α
2276 3318 2296 3360 ί
2331 3321 2484 3378 Unus
2511 3321 2746 3378 Palatin.
2779 3333 2835 3378 ut
2854 3324 2965 3394 qui,
2988 3337 3089 3395 pro
3114 3323 3257 3395 quia,
3281 3337 3436 3395 teque
3465 3322 3624 3381 bene.

489 3383 765 3458 ignorant.
794 3383 936 3443 Jud'a
955 3403 1010 3444 v.
1030 3402 1086 3459 g.
1114 3403 1212 3457 pro
1233 3386 1393 3456 Jehn,
1416 3387 1591 3445 Isaias
1616 3383 1874 3462 olim'pro
1893 3383 2095 3464 Asaplt,

501 3506 3809 3535 ——-————-————————-—-—-————-———-—————-_b—-——————————

858 3609 889 3646 “
931 3628 1334 3716 TITULI
1395 3629 1713 3715 LIBRI
1783 3632 2332 3732 BRESITH,
2406 3636 2530 3720 ID
2604 3635 2819 3722 EST
2894 3634 3414 3722 GENESIS.

495 3894 543 3966 Ῑ.
588 3907 669 3964 De
699 3906 962 3964 creatione
996 3905 1220 3972 mundi,
1260 3912 1311 3960 et
1348 3903 1689 3976 plasmatione
1742 3906 1982 3961 hominis.
2026 3906 2107 3962 De

574 4000 941 4058 interdictione
977 3999 1201 4069 arboris,
1241 4006 1289 4055 et
1332 3998 1755 4071 pravaricatione
1780 4008 1828 4056 et
1849 4001 2104 4056 sententia

574 4094 699 4152 Dei.

498 4188 569 4247 ll.
614 4189 830 4246 Tunicis
866 4188 1088 4264 pelliciis
1114 4190 1355 4245 indutum
1378 4189 1547 4245 Adam
1581 4198 1633 4246 et
1657 4205 1902 4260 uxorem,
1942 4200 1991 4247 et
2015 4208 2108 4248 cu-

572 4283 800 4339 stodiam
844 4283 971 4355 ligni
998 4282 1136 4349 vitta,
1176 4292 1223 4337 et
1251 4282 1573 4338 nativitatem
1598 4281 1730 4338 Cain
1758 4293 1808 4338 et
1827 4281 1975 4339 Abel.
2027 4281 2108 4339 De

571 4378 872 4435 muneribus
900 4393 1100 4449 eorum,
1134 4386 1183 4432 et
1207 4377 1495 4450 parricidio
1516 4376 1647 4434 Cain
1671 4378 1729 4434 in
1747 4378 1896 4449 Abel,
1928 4386 1978 4434 et
2005 4377 2109 4434 Ca-

574 4471 779 4547 talogus
808 4472 929 4527 vita!
964 4471 1214 4528 Patrum.

506 4561 598 4621 ΙΙΙ.
642 4562 902 4636 Corrupto
942 4570 1079 4619 terra
1116 4579 1206 4634 per
1243 4564 1624 4620 immunditiam
1667 4566 1954 4627 hominum.
2000 4566 2111 4622 Do-

507 4736 514 4746 .
581 4659 756 4714 minus
780 4658 850 4713 ad
878 4656 996 4714 Noe
1018 4656 1144 4712 dicit
1170 4666 1229 4712 ut
1270 4673 1446 4714 arcam
1470 4659 1671 4715 sibimet
1715 4660 2015 4730 fabricaret,
2063 4670 2112 4718 et

2211 3907 2275 3965 V.
2304 3907 2588 3982 Catalogus
2616 3909 2848 3981 filiorum
2892 3909 3010 3967 Noe
3037 3910 3471 3984 quemadmodum
3495 3910 3827 3970 disseminati

2279 4012 2396 4059 sunt
2420 4020 2577 4076 super
2602 4019 2801 4060 omnem
2830 4014 3041 4060 terram.
3086 4004 3166 4061 De
3199 4006 3546 4077 mdiﬁcatione
3575 4008 3732 4061 turris
3776 4018 3827 4063 et

2279 4096 2589 4168 confusione
2616 4096 2937 4171 linguarum,
2966 4108 3015 4154 et
3044 4099 3312 4156 nativitate
3338 4098 3580 4155 Abrahte.

2210 4191 2298 4249 Vl.
2346 4191 2487 4249 Dicit
2526 4190 2669 4250 Deus
2694 4194 2765 4249 ad
2789 4193 3075 4264 Abraham,
3120 4194 3358 4267 egredere
3383 4193 3449 4250 de
3476 4201 3615 4250 terra
3651 4202 3745 4249 tua
3775 4203 3826 4250 et

2282 4288 2346 4345 de
2371 4289 2675 4362 cognatione
2699 4298 2809 4344 tua.
2861 4288 3134 4345 Descendit
3181 4290 3236 4344 in
3278 4287 3605 4362 lEgyptum,
3633 4296 3679 4343 et
3712 4288 3829 4344 Sa-

2279 4400 2395 4442 ram
2434 4402 2647 4443 uxorem
2696 4402 2849 4443 suam
2890 4402 3124 4442 sororem
3172 4386 3311 4440 visus
3350 4394 3423 4440 est
3452 4381 3742 4457 appellare,
3776 4395 3830 4439 et

2285 4489 2495 4553 propter
2511 4497 2628 4536 eant
2647 4480 2939 4554 ﬂagellauit
2967 4477 3220 4534 Dominus
3250 4475 3601 4533 Pharaonem.
3635 4474 3703 4532 Et
3735 4477 3829 4531 di—

2285 4575 2535 4629 risionem
2566 4572 2667 4629 Lot
2686 4581 2735 4629 et
2763 4572 3049 4628 Abraham.

2213 4664 2329 4722 VII.
2372 4665 2536 4740 Reges
2576 4666 2805 4739 gentium
2834 4666 3132 4740 congregati
3157 4672 3337 4722 contra
3366 4664 3647 4721 Sodomam
3682 4663 3831 4722 inire

575 4752 832 4808 uniuersa
856 4750 1032 4808 carnis
1053 4750 1332 4807 seminario
1355 4759 1633 4822 reservato,
1659 4752 1911 4809 diluvium
1930 4771 2112 4829 super-
2136 4773 2191 4835 ι)
2284 4765 2561 4815 certamen.
2587 4758 2685 4813 Lat
2721 4760 3082 4831 deprtedatum
3106 4759 3366 4815 Abraham
3392 4773 3511 4813 cum
3528 4757 3831 4813 vernaculis

577 4843 804 4899 inducit.

505 4934 600 4992 IV.
633 4934 691 4990 Ν
694 4951 753 4992 oe
775 4936 1001 5008 aediﬁcat
1026 4937 1192 4993 altare
1217 4935 1464 5009 Domino,
1497 4947 1547 4994 et
1574 4937 1832 4996 Dominus
1856 4942 2111 5013 promittit

578 5045 736 5100 super
763 5038 954 5085 terram
977 5030 1121 5086 ultra
1144 5030 1328 5086 diluvii
1347 5049 1514 5105 aquas
1543 5048 1648 5089 non
1675 5035 1980 5088 missurum.
2024 5034 2112 5090 Si-

576 5137 736 5193 gnum
762 5122 970 5192 faederis
995 5139 1171 5178 arcum
1206 5125 1352 5194 ponit
1388 5127 1442 5180 in
1472 5125 1627 5192 nube,
1672 5133 1720 5180 et
1763 5125 1852 5180 ubi
1881 5124 2001 5181 Noe
2036 5128 2113 5181 vi-

587 5228 739 5268 neam
784 5215 1007 5284 plantat,
1049 5215 1270 5272 redactis
1313 5217 1563 5289 fructibus
1599 5217 1914 5286 inebriatur,
1959 5228 2111 5291 atque

585 5309 835 5375 nudatus,
855 5309 1145 5367 nuditatem
1161 5313 1327 5383 patris
1346 5310 1510 5369 Citam
1533 5313 1689 5384 impie
1708 5313 1905 5383 ridens,
1923 5318 2112 5390 jugum

580 5403 845 5459 servitutis
866 5404 1105 5460 incurrit.

580 5546 609 5576 ἰ
632 5538 836 5619 Horum
855 5540 1134 5619 titulorum
1166 5543 1364 5619 seriem
1394 5543 1785 5619 descripsimus
1810 5561 1878 5603 ex
1897 5560 2107 5604 canone

506 5608 866 5687 Memmiana,
894 5614 1226 5687 longopsatis
1256 5624 1501 5687 tempore
1533 5608 1657 5684 post
1686 5618 1890 5675 editum
1920 5619 2100 5676 Gene-

504 5695 632 5762 seos
653 5684 1045 5762 Iibru_m_,_qu_em
1062 5686 1328 5762 habemus
1349 5684 1595 5762 mutilum
1613 5691 1884 5759 prioribus
1894 5701 2100 5762 septem

506 5753 592 5828 _v_el
621 5764 746 5811 octo
776 5753 923 5812 foliis
949 5758 1004 5813 in
1028 5757 1325 5828 exemplari
1352 5767 1543 5815 nostro
1572 5753 2095 5824 Sun-Germanensi.

504 5821 645 5882 Hinc
672 5828 900 5899 contigit
924 5838 983 5887 ut
1006 5821 1221 5902 priores
1245 5844 1506 5889 numeros
1538 5832 1823 5892 titulorum
1853 5821 2094 5909 appone-

2287 4852 2395 4907 suis
2420 4867 2527 4907 una
2556 4867 2674 4906 cum
2701 4853 2882 4923 prada
2922 4860 3149 4920 revocat,
3198 4852 3261 4906 de
3285 4849 3630 4906 Melchisedec
3662 4851 3833 4906 sacri-

2289 4946 2410 5015 ﬁcio
2437 4945 2602 5017 futuri
2628 4944 2878 5015 temporis
2908 4951 3251 5015 prtesagante.

2218 5034 2356 5092 Vill.
2393 5034 2491 5091 Ubi
2513 5034 2775 5093 Abraham
2797 5036 2921 5090 dicit
2949 5035 3089 5107 quod
3109 5035 3296 5106 absque
3315 5032 3491 5091 liberis
3512 5034 3601 5100 sit,
3627 5040 3678 5088 et
3706 5049 3831 5089 ver-

2288 5127 2533 5183 naculum
2552 5128 2768 5201 adoptat
2792 5126 3074 5194 lueredem,
3104 5136 3259 5198 atque
3275 5126 3344 5181 ad
3364 5142 3560 5182 annum
3575 5126 3726 5181 audit
3759 5127 3831 5182 de

2289 5234 2433 5280 utero
2470 5225 2585 5295 eius
2616 5225 2848 5297 futurum
2884 5224 2965 5280 illi
2990 5241 3098 5280 esse
3138 5225 3410 5282 lueredem.
3455 5224 3525 5280 Et
3558 5226 3831 5297 sacri/icio

2291 5316 2463 5373 oblato
2484 5333 2697 5374 rursum
2729 5318 2782 5374 in
2811 5325 2951 5373 terra
2979 5334 3086 5372 non
3113 5334 3207 5372 sua
3239 5334 3410 5373 semen
3436 5321 3551 5392 ejus
3588 5319 3833 5392 peregri-

2292 5426 2419 5465 num
2448 5413 2752 5483 pronuntiat
2787 5412 3046 5484 futurum,
3069 5419 3117 5466 et
3154 5420 3342 5482 quarta
3361 5415 3698 5486 generatione
3722 5428 3832 5468 au-

2212 5562 2398 5605 remus
2421 5547 2716 5606 divinando
2746 5549 2799 5604 in
2833 5548 2976 5605 libro
3004 5549 3257 5617 Genesis,
3290 5554 3351 5606 ‘et
3380 5551 3453 5607 ita
3482 5552 3537 5607 in
3581 5556 3829 5612 nonnul-

2212 5619 2280 5676 lis
2311 5620 2443 5694 locis
2471 5619 3038 5694 falleremur.‘Nttllum
3062 5623 3227 5694 igitur
3247 5633 3462 5679 moveat
3492 5624 3678 5694 diSpar
3711 5627 3827 5683 ali-

2208 5691 2428 5763 quando
2462 5707 2721 5749 numerus
2761 5691 3177 5763 marginalis'ab
3208 5697 3312 5750 ista
3356 5691 3639 5752 titulorum
3675 5711 3819 5756 cou-

2207 5764 2378 5836 gerie,
2406 5765 2535 5835 quia
2562 5776 2785 5823 causam
2812 5763 3019 5823 erroris
3044 5766 3371 5824 indicamus.
3481 5837 3531 5896 Μ

3533 5854 3661 5898 Αιτ.

3540 6018 3589 6042 τι
