4040 6360
264 320 355 378 155
1307 308 1510 368 CAPIT
1516 304 1906 366 ULATIONES
1943 305 2124 365 LIBRI
2161 304 2470 366 GENESIS.

3431 307 3534 368 I54

319 442 448 488 ctum
473 431 837 498 conscendere,
889 435 939 485 et
980 434 1145 484 terras
1184 426 1559 501 promissionis,
1584 423 1844 480 exstinctis
1869 427 1925 490 Α
2019 425 2366 496 assumptione
2406 424 2519 496 ejus
2553 435 2670 476 cum
2711 420 2862 476 vellet
2901 423 3126 495 patriam
3167 423 3435 495 repedare,
3473 438 3534 477 ac

319 525 547 600 gentibus
580 523 866 595 possidere.

257 623 337 681 IX.
368 622 499 676 Sara
538 619 710 675 sterili
748 627 1098 690 permanente,
1147 621 1260 691 ejus
1303 616 1535 671 oratione
1580 615 1650 668 ad
1700 614 1840 684 Agar

317 716 573 787 ingressus
616 721 713 768 est.
745 712 823 766 De
851 716 973 784 fuga
1020 710 1161 782 Agar
1203 719 1254 764 et
1295 709 1623 782 apparitione
1666 706 1840 778 angeli

315 811 377 864 ad
414 824 551 863 eam.
596 805 676 861 De
716 804 1144 878 promissionibus
1187 804 1256 860 ad
1304 803 1560 859 Abraham
1592 803 1762 875 factis,
1791 811 1837 857 et

316 903 598 957 mutatione
626 902 851 957 nominis
879 903 1014 974 ejus.

257 997 318 1054 X.
347 995 441 1052 Ubi
483 995 709 1050 Abraha:
747 996 1049 1068 praecipitur
1088 1003 1142 1049 ut
1170 994 1396 1064 seipsum
1433 1000 1482 1048 et
1523 1006 1698 1046 omnes
1729 1008 1841 1045 ma-

315 1090 482 1144 sculos
517 1091 704 1143 domus
742 1105 852 1144 suae
879 1088 1270 1142 circumcisione
1303 1088 1555 1159 signaret,
1588 1096 1635 1141 et
1655 1087 1840 1140 immu-

313 1181 501 1236 tatione
527 1181 754 1235 nominis
784 1178 962 1246 Sarai,
1007 1189 1054 1233 et
1098 1179 1234 1251 quod
1281 1179 1362 1234 illi
1398 1177 1693 1234 centenario
1719 1193 1840 1250 pro-

312 1276 590 1328 mitteretur
618 1273 919 1328 nasciturus
949 1289 1012 1328 ex
1036 1273 1388 1344 nonagenaria
1411 1273 1568 1342 ﬁlius.

248 1364 330 1422 XI.
366 1365 429 1420 In
457 1365 596 1420 valle
635 1364 871 1420 Mambre
905 1366 957 1420 in
986 1364 1150 1422 tribus
1192 1366 1314 1421 viris
1354 1365 1575 1420 Abrahce
1598 1364 1840 1437 apparuit

312 1457 468 1514 Deus.

249 1551 355 1608 XII.
387 1551 486 1606 Ubi
515 1550 774 1607 Dominus
802 1552 865 1607 de
893 1553 1104 1608 interitu
1133 1552 1484 1610 Sodomorum
1527 1569 1644 1606 cum
1678 1551 1841 1607 Abra-

311 1645 427 1699 ham
466 1645 780 1716 colloquitur
810 1663 829 1702 :
857 1656 906 1701 et
943 1647 1203 1722 gradatim
1230 1648 1294 1702 de
1332 1663 1546 1702 numero
1575 1651 1840 1720 justorum

308 1740 568 1794 Abraham
594 1741 896 1813 interrogat,
922 1753 966 1797 et
993 1743 1056 1796 de
1085 1741 1365 1798 salvatione
1389 1740 1490 1796 Lot
1521 1748 1673 1811 atque
1701 1756 1840 1796 ever-

309 1835 451 1888 sione
479 1835 695 1890 illarum
722 1835 1005 1890 civitatum.

2012 519 2358 592 persecutione
2383 515 2588 585 Laban,
2621 525 2668 570 et
2685 518 2982 590 juramento
3004 529 3360 588 utrorumque.

1940 612 2155 669 XXVII.
2189 610 2550 681 Proﬁciscenti
2578 607 2741 664 Iacob
2766 609 2963 664 obviam
2991 612 3197 682 fuerunt
3223 609 3394 682 angeli
3413 609 3530 679 Dei,

2012 718 2059 760 et
2084 707 2275 778 legatos
2312 721 2375 759 ac
2410 719 2621 758 munera
2647 702 2804 757 mittit
2833 703 2904 756 ad
2933 700 3078 757 Esau
3109 706 3324 774 fratrem
3356 719 3532 770 suum,

2012 810 2059 856 et
2081 800 2144 857 de
2165 801 2304 856 lucta
2325 801 2437 872 ejus
2465 815 2582 853 cum
2610 797 2816 870 angelo,
2841 805 2891 853 et
2911 798 3267 853 immutatione
3286 798 3534 867 nominis,

2012 906 2068 952 ut
2099 894 2267 950 Israel
2296 901 2585 950 vocaretur.

1941 988 2180 1048 XXVIII.
2212 988 2423 1045 Sichem
2450 987 2589 1056 [ilius
2618 985 2831 1040 Emmor
2856 985 3046 1040 Dinam
3069 985 3234 1056 ﬁliam
3257 983 3422 1040 Iacob
3448 1000 3533 1038 ra-

2013 1089 2147 1158 puit,
2171 1094 2218 1140 et
2241 1085 2435 1138 ultione
2465 1082 2727 1153 pudicitia:
2749 1084 2881 1150 ejus.
2902 1077 2990 1136 ‘De
3011 1083 3330 1156 profectione
3345 1078 3532 1147 Iacob,

2011 1189 2059 1235 et
2103 1180 2166 1236 de
2207 1179 2499 1254 objections
2538 1176 2834 1244 idolorum,
2881 1193 2998 1250 qua:
3035 1175 3128 1232 sub
3179 1175 3534 1247 terebynthum

2011 1275 2198 1329 obruit.

1943 1365 2135 1423 XXIX.
2177 1365 2344 1421 Verno
2371 1373 2597 1434 tempore
2624 1363 2677 1417 in
2709 1362 2983 1432 Euphrata
3015 1364 3311 1434 parturiens
3338 1361 3536 1416 Rachel

2011 1459 2249 1526 decessit,
2281 1467 2326 1514 et
2352 1457 2553 1531 sepulta
2577 1465 2650 1511 est
2679 1458 2732 1510 in
2759 1455 3094 1511 Beth-Leem.
3127 1456 3306 1512 Ruben
3336 1471 3532 1510 concu-

2014 1553 2122 1608 buit
2164 1568 2282 1608 cum
2319 1550 2604 1607 concubina
2645 1549 2810 1622 patris
2847 1550 2951 1618 sui,
2992 1556 3040 1603 et
3085 1546 3238 1605 Isaac
3279 1557 3537 1606 senectute

2012 1649 2272 1718 confectus
2299 1646 2443 1703 obiit.
3523 1705 3530 1710 _

1943 1743 2111 1800 XXX.
2149 1742 2429 1817 Catalogus
2457 1740 2850 1814 generationum
2883 1739 2972 1811 qui
2992 1753 3055 1794 ex
3077 1736 3239 1794 Iacob
3270 1737 3370 1794 orti
3399 1747 3539 1794 sunt.

1867 1852 1917 1912 Β
2015 1835 2097 1892 De
2125 1836 2473 1911 segregatione
2503 1834 2751 1890 virorum.

241 1924 376 1981 XIII.
404 1925 503 1982 Ubi
533 1925 631 1980 Lot
653 1928 844 1982 mansit
875 1929 927 1982 in
949 1937 1142 1997 monte,
1175 1936 1222 1982 et
1246 1927 1308 1982 de
1344 1935 1588 2000 conceptu
1618 1927 1838 1981 duarum
1940 1930 2137 1987 XXXI.
2179 1931 2373 2004 Joseph
2399 1945 2506 2003 pra:
2540 1929 2739 1984 ueteris
2774 1926 2897 1998 ﬁliis
2935 1942 2966 1981 a
2992 1935 3136 2000 patre
3168 1925 3427 1999 diligitur.
3460 1921 3538 1978 De

308 2019 538 2088 ﬁliarum
563 2021 680 2090 ejus
709 2036 774 2074 ex
803 2035 881 2074 eo.

242 2111 377 2167 XIV.
418 2112 678 2168 Abraham
739 2114 1097 2186 peregrinatus
1149 2114 1394 2181 Geraris,
1457 2124 1504 2168 et
1546 2113 1837 2169 Abimelech

305 2220 494 2275 regem,
538 2205 750 2271 quando
776 2205 964 2260 Saram
993 2207 1200 2273 tulerat,
1241 2219 1289 2263 et
1316 2207 1601 2262 admonitio
1631 2205 1730 2262 Dei
1760 2208 1843 2279 fa-

306 2304 388 2349 cta
411 2308 486 2351 est
509 2299 577 2351 ad
599 2314 716 2352 eum
737 2314 800 2352 ne
829 2300 1147 2370 contingeret
1178 2317 1312 2354 eam.

234 2385 354 2442 XV.
398 2387 498 2443 Ubi
543 2387 683 2444 Sara
724 2390 957 2458 concepit
984 2399 1034 2444 et
1064 2392 1262 2464 peperit
1295 2392 1462 2462 ﬁlium
1494 2393 1842 2464 nonagenaria

237 2503 257 2550 '_.
307 2479 470 2533 Isaac
519 2481 812 2535 centenario
860 2481 1148 2550 Abraham,
1192 2493 1241 2538 et
1278 2483 1416 2538 Sara
1465 2484 1589 2538 dicit
1635 2501 1652 2538 :
1694 2483 1843 2556 Ejice

302 2574 554 2627 ancillam
601 2583 649 2627 et
689 2572 862 2643 ﬁlium
906 2578 1044 2648 ejus.
1096 2575 1165 2629 Et
1220 2578 1512 2642 juramento
1550 2577 1842 2632 Abimelech

305 2681 425 2719 eum
457 2664 738 2734 Abraham,
771 2676 818 2721 et
843 2667 906 2720 de
930 2684 1134 2723 nemore
1160 2668 1392 2740 plantato
1420 2670 1474 2723 in
1499 2668 1768 2724 Bersabee.

236 2759 376 2816 XVI.
414 2761 650 2817 Tentavit
680 2761 822 2818 Deus
861 2762 1121 2816 Abraham
1144 2773 1201 2818 ut
1239 2761 1448 2831 offerret
1478 2765 1645 2831 ﬁlium
1669 2780 1841 2830 suum,

300 2865 354 2910 et
417 2857 695 2929 promissio
750 2859 889 2930 facta
951 2871 1027 2915 est
1078 2859 1490 2915 benedictionum
1545 2860 1598 2914 in
1654 2860 1846 2916 semine

298 2967 442 3006 ειιιε.

298 2974 330 3005 ε
360 2974 442 3006 διδ.

235 2974 404 3099 XVJII.
441 3043 517 3099 De
543 3052 704 3101 morte
721 3044 872 3100 Sara:
897 3051 944 3098 et
976 3047 1233 3118 emptione
1256 3046 1366 3120 agri
1393 3044 1625 3118 Ephron,
1649 3054 1696 3100 et
1723 3062 1844 3119 spe-

301 3137 479 3194 lunca:
502 3139 748 3211 duplicis.

2013 2025 2228 2080 somniis
2253 2025 2365 2092 ejus
2391 2033 2435 2078 et
2460 2022 2544 2078 ubi
2568 2021 2757 2093 fratres
2785 2035 2905 2075 suos
2935 2020 2988 2074 in
3014 2026 3166 2090 pastu
3185 2019 3355 2074 ovium
3383 2033 3536 2071 occu-

2013 2129 2159 2193 patos
2202 2118 2407 2184 risitat,
2457 2126 2504 2172 et
2543 2118 2596 2172 in
2638 2125 2793 2187 puteo
2830 2114 3122 2187 deponitur,
3165 2119 3212 2168 et
3255 2109 3540 2166 Ismaelitis

2012 2212 2412 2283 negotiatoribus
2447 2207 2769 2263 distrahitur.

1943 2305 2164 2366 XXXII.
2208 2304 2375 2361 Iudas
2419 2304 2486 2359 ad
2515 2303 2705 2357 Hiram
2739 2301 3108 2358 Odollamitem
3139 2299 3432 2365 descendit,
3458 2304 3539 2353 at-

2015 2417 2113 2472 que
2152 2399 2273 2454 inde
2317 2397 2469 2453 duxit
2499 2411 2733 2463 uxorem,
2774 2403 2822 2450 et
2863 2396 2974 2465 ﬁlio
3013 2410 3105 2448 suo
3135 2393 3362 2448 Thamar
3393 2407 3538 2446 acce-

2016 2494 2114 2566 pit,
2141 2508 2255 2564 quaz
2275 2490 2502 2556 sequenti
2525 2488 2742 2554 tradita,
2769 2496 2816 2542 et
2841 2496 3053 2557 utroque
3076 2483 3290 2540 viduata
3310 2485 3361 2538 in
3385 2483 3538 2538 domo

2017 2589 2180 2660 patris
2207 2586 2358 2656 sedit,
2399 2602 2460 2640 ac
2485 2600 2665 2640 socero
2695 2582 2964 2654 fetandum
2989 2595 3178 2652 corpus
3207 2578 3391 2650 fraude
3415 2575 3539 2632 sub-
3627 2613 3629 2616 ι

2007 2682 2160 2752 jecit.

1944 2776 2187 2834 XXXIII.
2227 2775 2424 2847 Ioseph
2475 2776 2531 2829 in
2571 2773 2869 2845 /Egyptum
2919 2770 3224 2826 distrahitur
3281 2774 3433 2838 atque
3475 2764 3539 2819 ab

2019 2872 2272 2945 /Eggptia
2297 2871 2511 2926 domina
2536 2871 2833 2935 adamatur,
2853 2852 2956 2923 ille
2979 2875 3181 2922 recusat
3201 2863 3536 2919 adulterium.

1945 2963 2192 3022 XXXIV.
2240 2962 2362 3018 Duo
2407 2962 2671 3025 eunuchi,
2725 2959 3034 3031 prazpositus
3075 2959 3438 3030 pincernarum
3477 2968 3539 3008 ac

2018 3059 2274 3130 pistorum
2313 3058 2368 3111 in
2397 3072 2602 3112 carcere
2637 3055 2896 3110 somnium
2929 3053 3122 3119 vident,
3165 3061 3318 3122 atque
3345 3046 3538 3119 Ioseph

2019 3152 2495 3225 interpretationem
2543 3149 2898 3214 sciscitantur,
2944 3155 2990 3200 et
3030 3143 3244 3199 Pharao
3284 3133 3542 3196 somnium

236 3229 419 3289 XVIII.
461 3232 680 3289 Servum
703 3233 954 3307 adjurans
983 3233 1163 3305 dirigit
1198 3231 1460 3287 Abraham
1483 3240 1538 3287 ut
1561 3232 1624 3287 de
1649 3248 1840 3304 cogna-

2019 3246 2154 3301 videt
2177 3253 2326 3316 atque
2353 3241 2546 3314 Ioseph
2567 3257 2832 3311 praesagus
2856 3239 3022 3309 factus
3043 3247 3118 3292 est
3144 3238 3464 3308 futurorum.

301 3327 451 3380 tione
474 3327 590 3398 ejus
609 3342 824 3380 uxorem
846 3327 1096 3399 acciperet
1124 3324 1298 3393 Isaac,
1324 3327 1453 3380 etde
1476 3328 1839 3400 conjunctione

301 3420 348 3485 ej
358 3435 420 3473 us
450 3427 496 3474 et
528 3418 792 3475 Rebeccte.

236 3511 376 3568 XIX.
427 3511 689 3567 Abraham
729 3511 972 3570 Ceturam
1004 3513 1155 3569 duxit
1188 3529 1423 3571 uxorem.
1453 3513 1534 3570 De
1570 3514 1710 3569 obitu
1731 3518 1842 3589 ejus

301 3618 350 3661 et
394 3607 687 3676 sepultura.
737 3605 816 3660 De
856 3615 1106 3679 conceptu
1149 3605 1415 3675 Rebecca,
1456 3617 1505 3662 et
1539 3617 1713 3680 partu.
1763 3607 1842 3663 De

300 3700 577 3773 pulmento
605 3699 798 3770 Iacob,
840 3709 888 3755 et
915 3701 1267 3758 benedictione
1295 3702 1642 3771 primitiarum
1670 3700 1837 3777 Esau.

236 3795 356 3851 XX.
414 3795 516 3851 Ubi
557 3795 714 3851 Isaac
759 3797 1117 3868 peregrinatus
1146 3805 1219 3852 est
1256 3797 1314 3850 in
1365 3795 1595 3866 Geraris,
1646 3805 1692 3852 et
1737 3797 1843 3852 Re-

303 3892 514 3946 beccam
553 3892 828 3964 conjugem
872 3907 1020 3946 suam
1079 3891 1206 3946 dicit
1253 3909 1362 3948 esse
1405 3909 1635 3947 sororem
1687 3901 1843 3964 atque

299 3985 355 4040 in
408 3983 506 4038 illa
551 3993 689 4038 terra
740 3984 903 4051 sevit,
967 3993 1015 4039 et
1073 3985 1371 4057 centuplum
1443 3986 1658 4040 invenit.
1742 3985 1843 4041 Ubi

300 4075 585 4132 Palwstini
627 4077 911 4132 invidentes
957 4077 1004 4132 ei
1053 4086 1234 4149 puteos
1277 4093 1405 4150 quos
1445 4079 1690 4150 foderet,
1754 4080 1843 4134 ob-

297 4179 542 4225 ruerunt.

231 4261 375 4320 XXI.
426 4262 687 4337 Apparuit
737 4262 877 4319 Deus
919 4264 988 4318 ad
1029 4262 1184 4319 Isaac
1222 4272 1403 4337 sponte
1430 4265 1764 4337 impleturum
1791 4286 1845 4325 se

296 4357 447 4428 quod
485 4356 751 4429 pollicitus
793 4365 869 4412 est
896 4356 1137 4412 Abrahce.
1168 4357 1335 4430 Atque
1370 4357 1440 4413 ibi
1470 4375 1588 4414 cum
1633 4343 1842 4416 Amalec

298 4449 475 4519 ftedus
509 4449 650 4505 iniit.

232 4538 401 4597 XXII.
444 4539 522 4598 De
547 4551 810 4598 senectute
837 4541 1014 4615 Isaac,
1045 4554 1093 4600 et
1124 4543 1207 4600 ubi
1233 4544 1398 4600 Iacob
1435 4547 1844 4606 benedictionem

296 4634 566 4706 subripuit
593 4630 759 4691 Esau.

232 4709 432 4780 XXIII.
455 4723 610 4780 Isaac
634 4729 832 4780 vocavit
859 4725 1045 4795 Iacob,
1071 4736 1119 4784 et
1140 4732 1384 4800 prxcepit
1408 4733 1453 4786 ei
1485 4748 1546 4788 ne
1567 4736 1840 4806 conjugem

300 4818 666 4875 Chananteam
703 4822 990 4892 acciperet,
1022 4824 1112 4877 sed
1152 4825 1222 4878 ad
1264 4825 1690 4900 MesOpotamiam
1721 4845 1841 4902 per-

230 4982 246 4990 -
301 4921 468 4983 geret,
493 4921 542 4966 et
563 4911 634 4966 ad
654 4911 839 4968 Laban
866 4916 1184 4970 avunculum
1207 4934 1380 4990 suum,
1402 4927 1449 4974 et
1470 4919 1615 4976 Esau
1639 4919 1845 4978 Chana-

301 5033 451 5071 ntz'as
477 5018 679 5091 accepit
708 5035 918 5076 uxores.

234 5116 432 5175 XXIV.
462 5119 628 5176 Iacob
655 5124 916 5194 profectus
951 5126 1193 5181 dormivit
1224 5128 1278 5182 in
1305 5129 1508 5197 Bethel,
1541 5140 1696 5204 atque
1719 5133 1840 5190 inde

302 5221 442 5275 venit
463 5220 729 5290 Charran,
757 5223 845 5278 ubi
873 5227 1077 5281 servivit
1103 5225 1308 5298 Laban,
1337 5247 1433 5301 pro
1471 5231 1678 5302 ﬁliabus
1705 5237 1836 5304 suis,

301 5335 349 5378 et
374 5324 442 5379 de
468 5326 838 5397 conjunctione
866 5346 1064 5388 eorum.

236 5422 408 5480 XXV.
439 5423 606 5480 Iacob
633 5427 771 5497 ﬁlios
799 5431 862 5499 de
891 5430 990 5487 Lia
1019 5443 1068 5489 et
1098 5434 1298 5495 Rachel
1333 5450 1486 5516 atque
1506 5453 1724 5518 utraque
1753 5449 1838 5520 fa-

304 5528 452 5582 mula
481 5531 730 5601 suscepit.
758 5531 828 5588 Et
851 5535 915 5591 de
934 5549 1087 5608 pastu
1117 5558 1353 5615 gregum.

237 5624 427 5687 XXVI.
482 5630 670 5690 Varias
712 5637 884 5711 virgas
923 5641 1069 5712 ponit
1104 5641 1272 5701 Iacob
1302 5648 1356 5704 in
1395 5650 1650 5724 lancibus,
1690 5665 1736 5712 et
1776 5657 1840 5714 de

1945 3337 2162 3395 XXXV.
2198 3335 2416 3406 Ioseph,
2452 3343 2700 3406 potestate
2733 3339 2942 3403 accepta
2975 3338 3124 3385 terrte
3154 3327 3397 3401 /Eggpti,
3424 3341 3546 3394 sep-

2016 3439 2118 3485 tem
2159 3444 2417 3483 annorum
2465 3425 2828 3499 fertilitatem,
2882 3421 3142 3496 regalibus
3197 3419 3430 3475 recondit
3486 3418 3542 3472 in

2016 3523 2237 3590 horreis,
2283 3538 2343 3576 ac
2394 3521 2547 3593 famis
2598 3530 2823 3595 tempore
2870 3518 3081 3573 totidem
3120 3531 3374 3570 annorum
3419 3515 3541 3568 dum

2015 3617 2274 3687 frumenta
2303 3612 2566 3682 distrahit,
2603 3628 2635 3664 a
2665 3610 2916 3682 fratribus
2939 3608 3163 3664 secundo
3192 3603 3541 3661 remeantibus

2016 3709 2420 3782 recognoscitur,
2447 3717 2497 3763 et
2525 3706 2820 3762 muneribus
2843 3705 2982 3760 datis
3009 3713 3065 3758 ut
3096 3710 3293 3774 patrem
3316 3700 3540 3773 depone-

2016 3811 2151 3872 rent,
2179 3801 2437 3867 hortatur,
2473 3817 2534 3856 ac
2560 3798 2795 3854 vehicula
2822 3798 3024 3873 dirigit.

1947 3893 2189 3951 XXXVI.
2227 3893 2427 3948 Nuntio
2453 3893 2634 3947 audito
2655 3891 2817 3947 Iacob
2848 3891 3081 3966 gaudens
3107 3890 3271 3962 pergit
3292 3888 3346 3944 in
3372 3887 3544 3962 digg-

2016 3997 2181 4062 ptum,
2213 4005 2274 4042 ac
2301 3989 2510 4043 nuntios
2537 3986 2718 4060 dirigit
2746 3986 2814 4040 ad
2843 3984 3062 4056 Ioseph,
3093 3993 3140 4039 et
3168 3984 3371 4037 obviam
3394 3982 3534 4053 patri

2015 4103 2234 4160 pergens
2259 4085 2587 4158 amplexatus
2618 4099 2733 4138 eum
2753 4083 2917 4154 ﬂevit,
2950 4086 3140 4154 fratres
3168 4095 3292 4136 suos
3315 4089 3541 4150 patrem-

2015 4200 2114 4256 que
2158 4198 2334 4238 coram
2381 4180 2664 4236 Pharaone
2701 4178 2902 4242 statuit,
2953 4193 3014 4232 ac
3053 4176 3193 4231 dedit
3231 4175 3305 4230 eis
3352 4182 3542 4228 terram

2017 4276 2181 4334 Gesen
2204 4319 2220 4344 ,
2259 4285 2304 4332 et
2328 4275 2493 4330 omnis
2529 4283 2667 4329 terra
2689 4271 2910 4345 /Eggpti
2941 4271 3094 4342 famis
3119 4275 3342 4341 egestate
3363 4275 3541 4322 coacta

2017 4387 2112 4438 pro
2140 4377 2356 4442 argento
2375 4368 2531 4434 venit,
2563 4375 2614 4422 et
2638 4367 2821 4436 quinta
2847 4379 2970 4433 pars
2995 4361 3148 4417 solvit
3172 4358 3463 4415 Pharaoni.

1947 4463 2211 4521 XXXVII.
2242 4463 2322 4520 De
2343 4461 2652 4534 aegritudine
2677 4458 2843 4514 Iacob
2871 4465 2920 4514 et
2951 4455 3303 4512 benedictione
3321 4453 3538 4508 duorum

2017 4559 2246 4630 ﬁliorum
2271 4556 2489 4627 Ioseph,
2531 4563 2578 4610 et
2609 4562 2809 4626 partem
2846 4567 3005 4606 unam
3032 4557 3180 4605 extra
3207 4549 3394 4618 fratres
3424 4561 3543 4600 suos

1864 4649 1918 4710 D
2014 4652 2153 4708 dedit
2192 4649 2357 4706 Iacob
2399 4647 2597 4720 Ioseph
2641 4646 2751 4717 ﬁlio
2796 4661 2889 4701 suo
2928 4659 3084 4714 quam
3123 4640 3244 4698 tulit
3287 4642 3350 4696 de
3383 4655 3540 4698 manu

2015 4746 2328 4803 Amorrhcei.

1946 4840 2237 4900 XXXVIII.
2269 4838 2434 4894 Iacob
2463 4839 2684 4894 vicinior
2709 4837 2854 4893 obitu
2881 4835 3022 4906 ﬁlios
3047 4842 3296 4891 convocat
3325 4848 3470 4897 suos,
3500 4840 3548 4887 et

2019 4933 2246 5006 propriis
2276 4929 2718 4987 benedictionibus
2748 4935 3003 4994 munerat,
3035 4935 3084 4982 et
3114 4926 3277 4998 futuri
3302 4925 3544 4994 temporis

2018 5034 2346 5082 sacramenta
2373 5032 2655 5097 prtesagat.
2696 5020 2779 5076 Ne
2805 5021 2860 5076 in
2888 5019 3264 5093 Egyptiornm
3293 5019 3545 5090 sepulcris

2017 5129 2293 5193 poneretur
2331 5126 2378 5172 et
2408 5117 2547 5188 ﬁlios
2584 5116 2843 5178 hortatur,
2890 5121 2945 5167 ut
2988 5129 3104 5167 eum
3149 5112 3460 5166 collocarent
3489 5111 3543 5164 in

2015 5213 2256 5285 sepulcro
2285 5211 2566 5283 majorum.
2596 5206 2804 5261 Emissa
2833 5205 3022 5278 spiritu
3051 5204 3369 5259 aromatibus
3397 5219 3544 5259 cura-

2018 5317 2101 5362 tur
2129 5318 2280 5375 atque
2314 5307 2425 5376 ejus
2459 5319 2649 5372 corpus
2686 5300 2756 5354 ad
2787 5309 2980 5354 terram
3015 5297 3268 5353 Chanaan
3299 5299 3544 5368 deporta-

2017 5408 2120 5467 tur,
2157 5408 2205 5453 et
2242 5399 2425 5467 fratres
2455 5411 2520 5450 ne
2557 5395 2622 5448 ab
2658 5391 2854 5462 Ioseph
2898 5391 3311 5446 vicissitudinem
3339 5390 3543 5446 sceleris

2016 5495 2316 5566 reciperent,
2353 5490 2661 5562 deprecatur
2689 5487 2886 5559 Ioseph
2929 5486 3149 5540 moriens
3189 5489 3375 5558 fratres
3417 5500 3542 5538 suos

2008 5591 2308 5662 juramento
2335 5584 2715 5656 constringens,
2747 5587 2803 5635 ut
2837 5596 2953 5634 cum
2982 5579 3088 5634 illis
3111 5578 3338 5633 visitatio
3363 5575 3539 5630 divina

2015 5680 2316 5754 respexerit,
2344 5683 2454 5752 ejus
2481 5693 2657 5734 secum
2685 5690 2803 5732 ossa
2833 5681 3125 5747 portarent.
