3992 6338
519 311 625 369 155

1512 316 1569 374 S.
1615 316 1994 376 IIIERONYMI
2035 317 2273 378 DIVINA
2314 320 2792 379 BIBLIOTIIECA.
3678 333 3773 393 I56

519 425 3766 464 ..__.__________________________._______________________

1309 545 1616 612 BREVES
1657 545 1869 611 LIBRI
1913 542 2294 623 BRESITH,
2342 547 2425 609 ID
2468 548 2615 613 EST
2660 549 3013 616 GENESIS.

1982 693 2328 713 ﬂ

508 809 553 868 I.
584 809 661 867 De
681 809 816 866 lucis
840 808 1084 877 exordio,
1114 821 1161 866 et
1186 810 1439 866 divisione
1467 809 1799 866 tenebrarum
1827 826 1859 864 a
1897 807 2034 876 luce,
2064 810 2113 857 ει
2140 798 2190 858 Α
2217 800 2411 878 XXIV.
2443 812 2526 871 De
2553 817 2883 874 subversione
2913 818 3284 891 Sodomorum,
3325 830 3372 877 et
3398 832 3640 900 conceptu
3665 828 3789 900 ﬁlia-

585 906 671 965 die
706 906 896 965 prima.

585 923 671 965 me
706 923 896 979 prima.

508 995 574 1054 II.
613 997 687 1055 De
716 998 967 1053 divisione
993 1013 1245 1069 aquarum
1270 1039 1285 1064 ,
1317 1004 1364 1053 et
1395 997 1724 1067 firmamento
1752 999 1887 1052 inter
1914 1012 2001 1053 eas
2031 996 2115 1068 fa-

584 1099 687 1158 cto,
711 1089 1007 1145 etsecunda
1036 1089 1139 1145 die.

2287 924 2404 962 rum
2428 908 2527 965 Lot
2553 911 2618 965 de
2642 922 2807 981 patre.

2215 997 2385 1056 XXV.
2417 1000 2492 1056 De
2522 1004 2840 1076 profectione
2868 1000 3092 1061 Abraha:
3122 1008 3176 1062 in
3204 1005 3426 1076 Gerara,
3450 1018 3501 1067 et
3530 1027 3640 1081 qua:
3662 1015 3789 1086 apud

2288 1110 2405 1149 eum
2427 1098 2582 1167 gessit
2608 1098 2903 1154 Abimelech
2930 1117 3025 1155 rex
3052 1099 3479 1159 Palaestinorum.

513 1180 602 1238 Ill.
645 1180 723 1236 De
763 1180 1161 1253 congregatione
1197 1198 1448 1251 aquarum
1490 1180 1582 1237 sub
1622 1183 1779 1252 caelo,
1813 1190 1862 1237 et
1887 1183 2116 1256 germine
2216 1184 2408 1243 XXVI.
2460 1188 2542 1245 De
2584 1193 2851 1248 nativitate
2888 1190 3066 1263 Isaac,
3098 1205 3148 1250 et
3194 1193 3258 1249 de
3288 1195 3415 1251 ludo
3434 1197 3547 1266 eius
3574 1214 3688 1252 cum
3718 1195 3793 1253 Is-

586 1284 757 1344 terrm,
788 1284 835 1329 et
859 1275 1011 1339 tertia
1034 1276 1137 1329 die.

514 1366 606 1426 IV.
650 1368 728 1423 De
760 1367 1104 1426 luminaribus
1135 1369 1271 1440 caeli,
1302 1378 1350 1426 et
1388 1363 1641 1427 divisione
1670 1371 1773 1428 diei
1800 1380 1847 1427 et
1873 1372 2038 1428 noctis
2068 1382 2115 1429 et

588 1466 775 1532 quarta
802 1458 908 1517 die.

518 1552 585 1611 V.
620 1551 698 1610 De
726 1552 996 1627 reptilibus
1026 1563 1074 1610 et
1102 1552 1421 1626 volatilibus,
1452 1563 1501 1610 et
1529 1555 1612 1610 die
1636 1556 1838 1626 quinta.

519 1646 611 1704 VI.
645 1646 725 1704 De
739 1650 991 1723 jumentis
1011 1657 1059 1704 et
1085 1649 1260 1705 bestiis
1281 1660 1431 1706 terra:
1452 1692 1469 1718 ,
1495 1659 1545 1705 et
1572 1651 1829 1706 creatione
1856 1651 2078 1708 hominis
2098 1692 2115 1717 ,

593 1750 642 1796 et
662 1752 806 1797 sexta
834 1741 936 1797 die.

2288 1279 2445 1346 mael,
2470 1288 2516 1335 et
2542 1282 2604 1337 de
2622 1285 2925 1355 expulsione
2953 1287 3095 1359 Agar
3116 1303 3231 1341 cum
3256 1286 3395 1358 ﬁlio,
3425 1296 3475 1343 et
3495 1287 3557 1344 de
3575 1289 3794 1361 pactione

2292 1372 2583 1429 Abimelech
2606 1392 2723 1429 cum
2747 1375 3035 1432 Abraham.

2220 1462 2433 1524 XXVII.
2472 1464 2553 1521 De
2578 1465 2734 1522 Isaac
2755 1469 2844 1523 ubi
2872 1468 3175 1525 immolatur
3207 1488 3238 1525 a
3268 1479 3432 1540 patre,
3461 1479 3509 1525 et
3544 1472 3680 1543 quod
3702 1470 3796 1528 Ba-

2290 1556 2452 1614 thueli
2476 1558 2707 1615 Rebecca
2731 1562 2797 1617 sit
2819 1571 2963 1633 nata,
2990 1572 3037 1617 et
3058 1562 3122 1618 de
3150 1562 3295 1618 obitu
3318 1561 3489 1619 Sorte.

2217 1650 2457 1710 XXVIII.
2488 1652 2568 1709 De
2597 1653 2856 1721 Rebecca,
2886 1656 3144 1729 quomodo
3173 1656 3397 1713 Abrahae
3424 1673 3596 1712 servus
3628 1657 3799 1729 petitor

2289 1747 2537 1804 accedens
2563 1758 2828 1822 acceptam
2848 1752 3029 1824 jungit
3061 1749 3239 1806 Isaac.

519 1833 631 1891 VII.
661 1833 745 1891 De
771 1835 1185 1905 sanctiﬁcatione
1214 1837 1320 1891 diei
1349 1837 1575 1910 septimi,
1602 1846 1648 1894 et
1677 1838 1946 1911 paradiso,
1975 1846 2024 1894 et
2054 1838 2119 1895 de
2220 1842 2413 1900 XXIX.
2448 1843 2525 1899 De
2554 1843 2816 1899 Abraham
2844 1845 2931 1900 ubi
2961 1843 3243 1900 Cethuram
3272 1845 3473 1915 accepit
3499 1861 3727 1911 uxorem,
3754 1854 3799 1903 et

591 1925 894 1996 ﬂuminibus
920 1928 1059 1995 eius,
1090 1933 1138 1980 et
1166 1925 1376 1982 homine
1402 1926 1477 1983 ibi
1496 1929 1686 1996 posito.

523 2014 654 2074 VIII.
687 2016 765 2073 De
792 2019 959 2073 Adam
992 2019 1080 2074 ubi
1102 2021 1311 2075 nomina
1342 2020 1695 2077 animantibus
1738 2022 1988 2079 universis
2018 2023 2117 2078 im-

590 2110 785 2183 posuit,
837 2111 978 2167 etde
1002 2110 1219 2168 muliere
1260 2115 1515 2184 quomodo
1550 2119 1693 2186 facta
1725 2117 1809 2183 sit,
1856 2125 1904 2171 et
1950 2126 2119 2173 trans-

592 2206 850 2277 gressione
875 2221 1069 2261 eorum.

521 2297 614 2355 IX.
647 2297 726 2354 De
752 2299 987 2374 irrogata
1014 2301 1068 2355 in
1090 2317 1177 2358 eos
1202 2319 1234 2356 a
1260 2298 1484 2357 Domino
1515 2304 1794 2373 sententia,
1823 2313 1870 2361 et
1897 2304 1961 2361 de
1979 2304 2121 2360 luni-

593 2391 688 2459 cis,
717 2390 851 2447 etde
877 2390 1151 2447 Cherubim
1177 2401 1204 2433 ⁸
1233 2394 1474 2465 ﬂammeo
1502 2394 1703 2469 gladio.

522 2478 593 2539 X.
649 2480 731 2539 De
771 2482 899 2540 Cain
947 2495 996 2540 et
1034 2485 1196 2555 Abel,
1247 2497 1293 2543 et
1325 2489 1681 2546 maledictione
1723 2490 1822 2548 Dei
1859 2491 1915 2547 in
1949 2493 2123 2564 parri-

594 2574 756 2630 cidae.

523 2666 616 2724 XI.
651 2668 726 2724 De
746 2668 874 2725 Seth
903 2671 994 2740 qui
1017 2670 1046 2710 δ
1072 2671 1201 2729 Adae
1219 2682 1375 2729 natus
1396 2685 1470 2731 est
1502 2693 1595 2746 pro
1619 2677 1768 2747 Abel,
1800 2688 1849 2732 et
1880 2678 1944 2734 de
1967 2696 2117 2752 gene-

594 2760 795 2816 ratione
819 2764 934 2835 ejus
960 2780 1120 2835 usque
1144 2766 1215 2819 ad
1245 2763 1379 2821 Noe.

526 2851 642 2908 XII.
676 2853 752 2908 De
781 2855 1096 2928 gigantibus,
1131 2867 1178 2911 et
1206 2856 1343 2925 Noe,
1371 2867 1421 2915 et
1449 2875 1597 2927 arca,
1622 2869 1670 2915 et
1695 2860 1919 2917 diluvio.

523 2944 669 3003 XIII.
720 2946 802 3004 De
838 2965 1046 3022 egressu
1079 2949 1196 3007 Noe
1235 2953 1299 3008 de
1340 2968 1485 3024 arca,
1528 2963 1553 2995 ⁸
1594 2964 1643 3009 et
1677 2956 1743 3010 de
1776 2955 2125 3027 aedificatione

596 3040 798 3097 altaris.

535 3134 673 3192 XIV.
698 3133 779 3190 De
802 3137 1036 3192 nuditate
1060 3137 1196 3207 Noe,
1221 3147 1271 3193 et
1298 3139 1663 3196 maledictione
1691 3140 1963 3197 Chanaan.

522 3227 640 3284 XV.
698 3228 780 3285 De
824 3232 1242 3304 generationibus
1281 3234 1441 3289 trium
1488 3235 1723 3303 ﬁliorum
1768 3234 1923 3306 Noe,
1964 3245 2012 3292 et
2061 3235 2126 3293 de

601 3323 836 3381 Nemrod
846 3366 860 3382 .

525 3415 666 3473 XVI.
697 3417 775 3474 De
806 3418 1146 3490 aediﬁcatione
1179 3419 1363 3477 Turris
1388 3431 1439 3478 et
1466 3424 1773 3495 confusione
1803 3424 2122 3497 linguarum,

594 3518 643 3564 et
667 3510 731 3564 de
761 3514 1006 3584 progenie
1033 3513 1155 3568 Sem
1177 3529 1338 3587 usque
1362 3516 1431 3569 ad
1461 3515 1720 3570 Abraham
1749 3525 1797 3571 et
1824 3516 1976 3572 Loth.

528 3600 690 3659 XVII.
725 3578 802 3658 De
830 3578 1118 3677 egressione
1151 3578 1372 3661 Abraha’
1406 3610 1468 3663 de
1500 3619 1637 3663 terra
1676 3607 2045 3666 Chaldaeorum
2068 3613 2121 3667 in
2150 3578 2197 3642 Ο

603 3695 781 3753 Haran
809 3697 1199 3772 Mesopotamia:
1221 3718 1336 3755 cum
1359 3701 1611 3772 fratribus
1631 3703 1759 3758 suis.

527 3786 719 3844 XVIII.
752 3787 830 3843 De
871 3789 968 3845 Dei
998 3793 1337 3863 promissione
1360 3793 1431 3846 ad
1463 3792 1752 3862 Abraham,
1780 3802 1827 3850 et
1857 3799 1922 3850 de
1948 3796 2122 3868 profe—

596 3882 767 3937 ctione
787 3884 899 3956 ejus
919 3885 973 3939 in
994 3892 1182 3939 terram
1198 3884 1474 3955 Chanaan,
1499 3895 1547 3942 et
1565 3886 1653 3941 ubi
1673 3887 1722 3944 ei
1739 3884 1882 3943 Deus
1902 3890 2126 3947 secundo

598 3976 868 4047 apparuit.

526 4067 669 4124 XIX.
704 4068 782 4124 De
801 4071 1038 4142 ingressu
1060 4070 1280 4127 Abrahae
1300 4071 1355 4126 in
1378 4071 1693 4143 nggpturn,
1722 4088 1785 4127 ac
1812 4072 1986 4128 reditu
2011 4075 2126 4148 ejus

597 4161 653 4216 in
691 4160 895 4229 Bethel,
928 4172 974 4218 et
1003 4163 1068 4217 de
1095 4164 1321 4219 discessu
1348 4162 1469 4236 Lot,
1501 4172 1548 4218 et
1578 4163 1897 4221 habitatione
1925 4168 2038 4240 ejus
2067 4166 2123 4221 in

601 4252 867 4310 Sodomis.

532 4345 651 4404 XX.
683 4347 762 4404 De
790 4348 887 4404 Dei
913 4350 1254 4421 promissione
1274 4349 1425 4406 tertio
1447 4350 1518 4405 ad
1540 4350 1828 4419 Abraham,
1854 4360 1905 4411 et
1930 4351 1996 4409 de
2024 4361 2127 4409 tre-

595 4442 757 4498 centis
778 4442 953 4499 decem
986 4451 1034 4498 et
1070 4451 1186 4498 octo
1210 4443 1521 4512 vernaculis,
1551 4440 1583 4483 ἀ
1617 4445 1764 4503 casis
1795 4445 2046 4513 hostibus,
2076 4456 2126 4501 es

597 4543 836 4591 revocato
864 4535 985 4592 Lot.

525 4626 671 4685 XXI.
705 4626 783 4684 De
814 4622 915 4684 Dei
949 4630 1290 4701 promissione
1318 4637 1507 4701 quarta
1538 4630 1610 4684 ad
1641 4627 1903 4685 Abraham
1928 4629 1982 4685 in
2009 4628 2121 4686 He-

600 4720 750 4787 bron,
777 4728 827 4774 et
854 4720 919 4775 de
940 4721 1374 4790 prwnuntiatione
1401 4719 1519 4789 Dei,
1541 4722 1682 4793 quod
1709 4724 2151 4795 peregrinaretur

599 4826 771 4864 semen
799 4814 936 4883 ejus,
955 4821 1006 4867 st
1032 4813 1098 4868 de
1125 4813 1390 4871 nativitate
1418 4811 1637 4870 lenisset.

530 4903 701 4961 XXII.
738 4903 817 4960 De
850 4907 1190 4973 promissione
1217 4906 1316 4964 Dei
1351 4908 1538 4981 quinta
1564 4906 1636 4963 ad
1661 4908 1926 4965 Abraham
1967 4918 2017 4964 et
2055 4910 2122 4964 de

600 4999 960 5054 immutatione
999 5001 1265 5058 nominum
1292 5001 1557 5058 Abraham
1585 5012 1634 5058 et
1661 5002 1835 5071 Sara,
1876 5002 1942 5058 de
1970 5012 2124 5073 pacto

607 5087 1036 5145 circumcisionis.

535 5182 723 5239 XXIII.
756 5181 834 5238 De
857 5182 1078 5241 Domino
1095 5189 1353 5259 quomodo
1372 5192 1426 5245 in
1453 5189 1613 5246 tribus
1637 5191 1888 5264 apparuit
1902 5188 2130 5246 Abrahae

600 5279 654 5333 in
683 5279 917 5335 convalle
937 5279 1188 5350 Humbre,
1220 5285 1308 5340 ubi
1333 5284 1611 5354 pollicetur
1638 5287 1683 5341 ei
1706 5286 1862 5367 Isaac
1888 5288 2125 5344 nascitu—

595 5388 735 5439 rum,
761 5380 814 5429 et
841 5374 906 5430 de
935 5382 960 5415 ο
985 5377 1364 5450 quinquaginta
1376 5380 1539 5452 justis
1561 5380 1620 5435 in
1648 5379 1921 5437 Sodomis.

520 5584 521 5589 ‘
598 5584 625 5614 ⁸
665 5574 944 5633 Palatinus
970 5576 1143 5634 codex
1166 5621 1180 5645 ,
1204 5590 1458 5650 quocum
1504 5577 1845 5637 hossbreves
1873 5576 2118 5635 contuli-

525 5663 671 5722 mus,
696 5650 859 5722 verba
887 5651 1129 5721 ﬂammeo
1157 5649 1337 5722 gladio
1364 5651 1596 5722 ignoras.

596 5718 625 5759 ι’
667 5720 812 5794 Idem
846 5718 1043 5778 nomen
1075 5718 1202 5778 Adin
1231 5718 1461 5794 respuis.

538 5801 635 5919 Paci
669 5793 798 5849 Ilasc
838 5810 1083 5866 quoque,
1124 5803 1172 5849 et
1211 5795 1274 5851 de
1319 5793 1664 5864 sediﬁc'atione
1702 5794 1913 5859 altaris,
1964 5803 2105 5850 tacet

642 5903 656 5918 .
688 5879 790 5919 ms.

584 5877 656 5919 al.
688 5879 790 5923 IIII.

2148 2192 2199 2254 B

2290 1939 2356 1992 de
2377 1937 2517 1993 obitu
2543 1938 2762 1996 Abrahae
2784 1955 2804 1994 :
2828 1948 2879 1995 et
2898 1939 2961 1994 de
2989 1940 3231 2010 progenie
3250 1937 3513 2006 Ismaelis,
3536 1947 3581 1993 et
3607 1937 3669 1992 de
3690 1953 3800 1993 coa-

2291 2042 2442 2100 ceptu
2470 2041 2518 2086 et
2548 2042 2701 2105 partu
2728 2032 2989 2089 Rebecca.

2222 2121 2394 2179 XXX.
2426 2122 2505 2179 De.
2532 2122 2677 2179 Esau
2707 2125 2792 2180 ubi
2812 2125 3040 2181 vendidit
3061 2125 3402 2197 primogenita
3440 2140 3535 2178 sua
3561 2120 3736 2188 Iacob,
3762 2130 3804 2177 et

2295 2218 2359 2271 de
2397 2217 2822 2287 promissionibns
2853 2217 2951 2272 Dei
2980 2219 3033 2273 in
3071 2216 3309 2283 Geraris,
3341 2226 3389 2272 et
3430 2215 3518 2271 ubi
3559 2215 3806 2271 seminavit

2294 2319 2341 2362 et
2364 2310 2557 2364 invenit
2580 2308 2899 2378 centuplum.
3364 2375 3373 2382 η

2223 2400 2417 2457 XXXI.
2446 2401 2523 2458 De
2546 2403 2889 2474 promissione
2914 2398 3068 2455 Isaac
3089 2408 3140 2457 et
3166 2398 3445 2469 Bersabee,
3487 2399 3576 2455 ubi
3599 2396 3808 2453 secundo

2293 2496 2542 2564 apparuit
2586 2496 2633 2550 ei
2666 2494 2921 2549 Dominus
2945 2535 2960 2563 ,
2995 2503 3041 2547 et
3082 2493 3144 2547 de
3185 2502 3335 2566 pacto
3361 2492 3500 2565 regis
3534 2488 3807 2546 Abimelech

2293 2604 2410 2641 cum
2452 2585 2626 2656 Isaac,
2665 2595 2715 2640 et
2752 2586 2815 2640 de
2859 2584 3007 2640 Esau
3046 2597 3094 2641 et
3131 2570 3381 2641 uxoribus
3415 2585 3555 2659 ejus.

2205 2680 2442 2752 ,XXXII.
2477 2679 2557 2735 De
2586 2682 2813 2736 ctecitate
2840 2679 3017 2746 Isaac,
3042 2688 3090 2735 et
3114 2679 3372 2752 quomodo
3391 2696 3489 2751 pro
3514 2677 3652 2734 Esau
3677 2676 3811 2730 bene-

2295 2773 2426 2826 dixit
2452 2761 2635 2826 Iacob.

2225 2863 2466 2921 XXXIII.
2509 2863 2589 2920 De
2612 2865 2731 2920 odio
2768 2863 2909 2919 Esau
2946 2865 3083 2921 circa
3122 2863 3307 2931 Iacob,
3338 2873 3387 2918 et
3414 2865 3545 2937 fuga
3572 2861 3729 2918 Iacob
3750 2860 3812 2915 ad

2296 2956 2497 3025 Laban,
2533 2966 2583 3012 et
2617 2956 2682 3011 de
2709 2957 2909 3012 somnio
2948 2966 2995 3013 et
3018 2956 3186 3024 scala,
3226 2968 3273 3012 et
3303 2956 3533 3031 angelis,
3564 2965 3612 3011 et
3639 2950 3813 3010 Domi-

2296 3066 2421 3105 num
2443 3049 2571 3105 vidit
2596 3050 2881 3122 loquentem
2909 3050 2978 3104 ad
3008 3067 3081 3106 se.

2225 3144 2469 3201 XXXIV.
2513 3143 2591 3199 De
2617 3145 2826 3200 servitio
2849 3143 3012 3199 Iacob
3042 3161 3138 3217 pro
3166 3144 3443 3211 uxoribus,
3489 3154 3540 3199 et
3567 3150 3806 3213 conceptu

2298 3239 2466 3294 ovium
2486 3255 2581 3309 pro
2603 3242 2847 3295 varietate
2866 3239 3152 3312 virgarum,
3168 3248 3215 3293 et
3236 3237 3302 3293 de
3312 3239 3585 3294 nativitate
3598 3237 3817 3308 ﬁliorum

2297 3330 2484 3386 Iacob.

2227 3423 2446 3481 XXXV.
2490 3423 2565 3479 De
2584 3427 2901 3499 profectione
2929 3422 3094 3479 Iacob
3132 3425 3196 3479 de
3233 3423 3621 3498 Mesopotamia
3643 3465 3657 3487 ,
3682 3430 3728 3477 et
3756 3421 3815 3474 de

2288 3518 2468 3592 jurgio
2481 3522 2594 3590 ejus
2616 3533 2730 3571 cum
2743 3515 2921 3571 Laban
2942 3527 2990 3571 et
3002 3528 3172 3587 pacto,
3188 3524 3234 3571 et
3257 3515 3320 3570 de
3341 3516 3598 3571 divisione
3616 3512 3816 3584 angelo-

2297 3624 2433 3675 rum,
2460 3616 2506 3661 et
2536 3606 2917 3674 colluctatione,
2941 3616 2988 3660 et
3008 3606 3277 3679 pacatione
3294 3602 3462 3659 Iacob
3486 3622 3603 3659 cum
3634 3602 3788 3657 Esau.

2231 3698 2477 3755 XXXVI.
2519 3697 2598 3753 De
2628 3699 2946 3754 habitatione
2972 3697 3136 3754 Iacob
3158 3699 3210 3752 in
3231 3696 3469 3763 Sichem,
3499 3708 3545 3751 et
3575 3707 3752 3769 stupro
3772 3694 3821 3747 in

2299 3790 2515 3859 Dinam,
2545 3800 2592 3847 et
2622 3791 2977 3862 interfectione
3005 3790 3166 3858 urbis,
3197 3797 3245 3845 et
3273 3788 3339 3843 de
3358 3790 3522 3845 idolis
3554 3784 3825 3843 abscondi-

2297 3882 2362 3937 tis
2386 3883 2479 3937 sub
2505 3883 2809 3938 terebintho.

2226 3973 2495 4033 XXXVII.
2545 3977 2621 4032 De
2647 3977 2820 4032 reditu
2870 3975 3037 4032 Iacob
3085 3976 3141 4031 in
3185 3972 3387 4042 Bethel,
3428 3976 3485 4028 in
3518 3989 3623 4046 quo
3661 3973 3825 4027 denuo

2299 4069 2553 4140 apparuit
2610 4070 2657 4124 ei
2701 4068 2841 4124 Deus
2889 4078 2937 4124 et
3000 4069 3196 4123 vocavit
3251 4082 3368 4121 eum
3417 4064 3614 4129 Israel,
3668 4071 3714 4117 et
3761 4060 3823 4114 de

2294 4158 2534 4231 Ephrata
2557 4161 2641 4217 ubi
2663 4160 2880 4227 Rachel,
2900 4162 3041 4217 edito
3062 4160 3361 4232 Benjamin,
3382 4159 3514 4214 obiit
3538 4166 3587 4214 et
3616 4155 3817 4227 sepulta

2298 4262 2407 4320 est;
2437 4261 2486 4307 et
2505 4253 2593 4308 ubi
2627 4252 2805 4308 Ruben
2831 4254 2900 4308 ad
2929 4244 3270 4309 concubinam
3304 4252 3472 4325 patris
3510 4251 3595 4304 sui
3630 4250 3828 4320 ingres-

2297 4370 2388 4410 sus
2416 4363 2521 4421 est,
2568 4365 2615 4411 et
2664 4355 2958 4411 nominibus
2999 4352 3453 4422 Patriarcharnm,
3497 4358 3548 4407 ct
3600 4353 3665 4405 de
3694 4348 3831 4405 obitu

2300 4445 2393 4502 Isa
2407 4463 2494 4515 ac,
2522 4459 2565 4503 et
2588 4448 3003 4519 generationibus
3025 4445 3188 4503 Esau.

2228 4547 2534 4608 XXXVIII.
2580 4548 2654 4606 De
2682 4548 2878 4623 Ioseph
2916 4559 2965 4604 et
2998 4548 3211 4605 somniis
3248 4553 3392 4623 ejus,
3438 4556 3492 4607 et
3542 4545 3832 4602 venditione

2299 4656 2411 4724 ejus
2440 4655 2492 4708 in
2521 4651 2813 4727 Egyptum
2831 4694 2845 4718 ,
2876 4661 2926 4708 et
2950 4651 3014 4707 de
3051 4648 3228 4721 Iuda,
3272 4660 3320 4707 et
3364 4666 3484 4724 qua:
3513 4650 3580 4704 de
3608 4646 3834 4704 Thamar

2304 4756 2323 4796 τ
2354 4767 2726 4813 memorantur.

2227 4860 2470 4919 XXXIX.
2515 4858 2593 4915 De
2614 4857 2811 4929 Ioseph
2858 4857 2921 4913 ab
2948 4858 3182 4913 eunucho
3222 4864 3393 4931 erupto
3419 4865 3470 4913 et
3497 4856 3557 4911 in
3583 4864 3837 4911 carcerem

2153 4963 2206 5025 D
2300 4971 2475 5031 misso.
2509 4975 2555 5020 et
2584 4964 2647 5018 de
2676 4961 2889 5016 somniis
2929 4959 3227 5016 Pharaonis
3246 5001 3258 5015 .

2232 5073 2344 5131 XL.
2386 5071 2465 5128 De
2481 5067 2678 5138 Ioseph
2698 5066 2884 5123 educto
2900 5064 2965 5120 de
2981 5080 3211 5133 carcere,
3227 5073 3275 5117 et
3297 5064 3566 5134 quomodo
3581 5059 3841 5116 somnium

2301 5177 2409 5246 regi
2434 5170 2702 5238 edisserit,
2728 5179 2776 5222 et
2818 5167 3061 5223 dominus
3105 5164 3321 5240 Λνῗῃῃριὶ
3361 5164 3689 5221 constitutus
3731 5167 3839 5224 est,

2302 5285 2352 5331 et
2374 5275 2436 5329 de
2461 5288 2619 5327 more
2646 5274 2757 5344 ejus
2796 5286 2857 5322 ac
2881 5266 3084 5322 duobus
3110 5266 3307 5322 liberis.

2232 5378 2371 5437 XLI.
2418 5375 2494 5431 De
2524 5373 2774 5448 fratribus
2808 5368 3005 5447 Ioseph
3024 5410 3041 5438 ,
3069 5368 3331 5444 quomodo
3360 5366 3763 5423 descenderunt
3794 5361 3845 5415 iu

2294 5573 2322 5615 ἀ
2362 5575 2589 5633 Auctius
2627 5572 2719 5630 hic
2764 5582 2849 5630 est
2884 5586 2996 5629 uno
3032 5570 3199 5629 verbo
3228 5586 3449 5647 pergens
3487 5569 3613 5629 Pal.
3660 5583 3844 5627 exem-

2226 5647 2636 5775 p‘aerhumerus
2675 5717 3055 5787 quinquaginta
3084 5716 3137 5771 in
3180 5714 3429 5787 Rolalino
3460 5711 3846 5768 desideratur.

2310 5789 2330 5830 ί
2365 5790 2611 5859 Denique
2637 5786 2695 5859 ct
2734 5786 2859 5845 ism.
2893 5795 2942 5843 et
2966 5802 3079 5858 qua:
3106 5787 3169 5844 de
3195 5786 3423 5842 Thamar
3454 5793 3851 5847 memorantur,

2238 5863 2439 5921 absunt
2462 5876 2493 5918 a
2516 5857 2762 5920 Paulino
2788 5873 2893 5916 ms.
