4040 6360
208 354 293 409 I37
1238 348 1836 406 CAPITULXTIONES
1876 350 2056 406 LIBRI
2098 349 2410 407 GENESIS.
3370 353 3474 409 I58

272 470 564 543 ngyptum,
600 479 646 524 et
677 472 739 524 de
779 469 948 524 reditu
978 484 1189 532 eorum,
1240 466 1418 523 relicto
1453 468 1685 535 Simeon,
1734 476 1781 521 et
1808 464 2071 542 AXLIV.
2116 464 2196 520 De
2246 468 2479 537 ingressu
2531 466 2696 521 Iacob
2747 469 2813 521 ad
2875 467 3238 534 Pharaonem,
3304 477 3347 523 et
3409 467 3472 521 de

270 565 473 636 pecunia
504 573 711 634 reperta
739 563 793 615 in
822 561 1005 615 saccis.
1955 560 2281 632 possessione
2321 560 2417 613 sibi
2440 560 2564 614 data
2588 561 2642 613 in
2672 571 2809 615 terra
2836 557 3049 616 Gessen.

208 656 348 714 XLII.
389 655 464 708 De
510 656 739 709 secunda
782 656 1003 726 fratrum
1047 651 1242 723 Ioseph
1296 652 1618 723 profectione
1656 667 1773 706 cum
1882 650 2048 707 XLV.
2090 649 2168 706 De
2204 652 2425 722 caligine
2450 651 2720 706 oculorum
2748 652 2935 719 Iacob,
2978 661 3024 709 et
3069 650 3474 709 benedictionem

266 750 523 821 Benjamin
549 749 603 802 in
634 747 945 821 .Egyptum,
979 756 1027 800 et
1060 747 1328 820 agnitione
1350 755 1553 800 mutua.
1954 747 2005 799 in
2038 744 2161 815 ﬁliis
2190 741 2405 817 Ioseph,
2440 756 2485 800 et
2512 745 2869 801 benedictione
2896 747 3127 812 filiorum
3146 745 3311 801 Iacob
3339 746 3473 799 duo-

209 840 366 899 XLIII.
408 838 483 892 De
515 840 843 895 subvectione
879 847 927 892 et
955 839 1254 893 muneribus
1295 856 1327 889 a
1365 836 1560 909 Ioseph
1593 838 1775 909 fratri-
1953 840 2139 893 decim.

267 937 350 990 bus
379 936 535 998 datis,
563 945 611 989 et
641 933 706 987 de
729 935 1047 1007 profectione
1075 929 1243 986 Iacob
1270 949 1385 985 cum
1433 932 1581 985 omni
1621 930 1773 987 domo
1882 932 2067 988 XLVI.
2116 933 2189 989 De
2237 932 2375 989 obitu
2411 934 2577 989 Iacob
2610 943 2652 990 et
2684 934 2953 1002 sepultura
2996 936 3110 1007 ejus
3141 933 3195 987 in
3224 932 3471 999 Hebron,

270 1046 354 1081 sua
374 1029 423 1080 in
455 1025 765 1097 eEgypnun.
1955 1037 2001 1080 et
2028 1028 2090 1082 de
2118 1038 2280 1082 morte
2300 1026 2514 1098 Ioseph.

939 1187 1338 1250 CAPITULA
1384 1187 1600 1249 LIBRI
1643 1187 2006 1266 BRESITH,
2040 1191 2121 1253 ID
2164 1191 2311 1253 EST
2355 1190 2708 1254 GENESIS.

1607 1332 2060 1353 ψ

204 1412 240 1468 ι.
273 1408 341 1466 De
366 1408 448 1463 die
477 1409 671 1481 primo,
692 1410 748 1463 in
769 1425 868 1480 quo
898 1409 987 1463 lux
1013 1409 1152 1478 facta
1172 1418 1271 1464 est.
1880 1413 2074 1469 XXXI.
2120 1414 2193 1468 De
2217 1415 2557 1488 promissione
2569 1412 2793 1469 Abrahw
2816 1423 2862 1469 et
2890 1413 3073 1468 semini
3094 1415 3223 1486 ejus.

208 1504 261 1559 Il.
296 1501 365 1556 De
394 1501 474 1554 die
497 1503 748 1564 secundo,
772 1503 824 1555 in
846 1518 947 1572 quo
974 1501 1155 1556 coelum
1176 1501 1370 1571 factum
1403 1512 1497 1556 est.
1876 1506 2096 1563 XXXII.
2151 1507 2249 1563 Ubi
2304 1517 2661 1581 pugnaverunt
2720 1524 2864 1579 reges
2939 1515 3161 1578 quatuor
3225 1505 3473 1561 adversus

204 1594 278 1651 III.
317 1592 389 1647 De
410 1593 493 1647 die
520 1594 695 1662 tertio,
724 1596 776 1648 in
803 1611 904 1661 quo
935 1603 1071 1648 terra
1099 1605 1145 1648 et
1172 1611 1334 1650 mare.
1947 1602 2191 1673 quinque,
2224 1611 2269 1657 et
2312 1612 2551 1675 ceperunt
2577 1600 2678 1657 Lot
2698 1645 2714 1670 ,
2743 1610 2791 1655 et
2824 1617 3026 1655 onmem
3051 1600 3331 1672 equitatum
3364 1598 3469 1655 So-

203 1687 277 1743 IV.
316 1684 385 1740 De
406 1685 488 1739 die
517 1696 723 1756 quarto,
750 1687 802 1739 in
831 1704 933 1757 quo
962 1686 1063 1754 sol,
1095 1696 1139 1741 et
1172 1688 1317 1756 luna,
1342 1698 1389 1741 et
1409 1687 1590 1743 stellm.
1950 1696 2256 1764 domorum,
2290 1706 2337 1751 et
2366 1695 2710 1753 Melchisedec
2749 1694 2934 1750 obtulit
2963 1693 3189 1749 Abrahae
3218 1695 3469 1753 decimas.

208 1781 259 1835 ν.
296 1777 366 1834 De
384 1778 469 1833 die
496 1780 676 1849 quinto
696 1780 752 1834 in
779 1796 879 1851 quo
906 1779 1135 1850 repentia
1172 1780 1224 1835 in
1254 1781 1420 1849 mari,
1449 1790 1494 1836 et
1537 1781 1772 1837 volatilia
1880 1787 2122 1844 XXXIII.
2170 1788 2266 1843 Ubi
2312 1790 2447 1844 visus
2470 1800 2542 1844 est
2566 1787 2824 1843 Dominus
2852 1787 3075 1841 Abrahte
3097 1829 3111 1852 ,
3141 1797 3186 1841 et
3214 1786 3473 1841 benedixit

260 1873 381 1927 (teli.
1947 1896 2096 1946 eum,
2127 1889 2172 1933 et
2219 1880 2351 1935 dixit
2379 1881 2427 1935 ei
2466 1897 2482 1935 :
2514 1881 2843 1954 peregrinum
2870 1880 2967 1934 erit
3000 1894 3171 1933 semen
3207 1889 3385 1943 tuum,
3422 1886 3470 1933 et

206 1967 280 2023 VI.
315 1967 392 2024 De
415 1970 497 2024 die
517 1978 686 2037 sexto,
724 1971 777 2025 in
819 1988 920 2042 quo
948 1971 1304 2043 quadrupedia
1333 1982 1377 2026 et
1407 1982 1686 2045 serpentes,
1723 1983 1770 2026 et
1946 1973 2122 2042 genuit
2143 1974 2190 2028 ei
2222 1974 2358 2044 Agar
2391 1972 2690 2028 Ismaelem.

255 2064 412 2116 bestia:
440 2072 485 2116 et
513 2064 689 2117 omnia
716 2081 924 2135 pecora,
947 2073 993 2117 et
1016 2066 1270 2134 repentia,
1305 2074 1350 2119 et
1376 2065 1549 2119 homo.
1874 2064 2114 2120 XXXIV.
2172 2066 2323 2120 Visus
2349 2078 2421 2121 est
2450 2066 2710 2121 Dominus
2749 2065 3004 2135 Abraha’,
3038 2073 3085 2119 et
3129 2062 3270 2119 dedit
3314 2062 3361 2117 ei
3397 2064 3469 2119 si-

200 2154 291 2210 VII.
336 2154 407 2209 De
437 2154 522 2208 die
553 2157 802 2225 septimo,
864 2157 917 2211 in
955 2174 1053 2227 quo
1104 2157 1382 2229 requievit,
1430 2158 1571 2209 omni
1614 2174 1768 2227 opere
1946 2175 2105 2230 gnum
2131 2159 2566 2227 circumcisionis,
2596 2168 2643 2213 et
2666 2159 2729 2211 de
2756 2155 2928 2212 Isaac.

254 2261 619 2318 consummato,
659 2247 819 2304 Deus.
1798 2248 1845 2308 B
1872 2248 2089 2306 XXXV.
2147 2250 2293 2306 Visus
2322 2261 2396 2307 est
2434 2252 2687 2307 Dominus
2717 2252 2958 2319 Abrahw,
2990 2267 3103 2306 cum
3132 2252 3229 2307 iret
3256 2251 3469 2325 perdere

198 2344 309 2399 \lll.
350 2344 426 2399 De
457 2343 558 2400 hoc
586 2344 719 2400 libro
750 2346 801 2400 in
832 2362 933 2413 quo
969 2346 1203 2401 universa
1228 2363 1340 2418 qua:
1370 2350 1509 2418 facta
1531 2356 1651 2399 sunt
1683 2346 1767 2400 di-
1945 2345 2265 2401 Sodomitas.

256 2440 337 2504 cit,
367 2450 411 2495 et
443 2441 508 2493 de
532 2450 758 2515 quatuor
781 2442 1101 2512 fluminibus.
1870 2437 2113 2495 XXXVI.
2158 2439 2417 2495 Venerunt
2442 2440 2544 2496 duo
2582 2438 2754 2511 angeli
2782 2440 2833 2493 in
2861 2438 3101 2495 Sodomis
3120 2481 3131 2502 ,
3175 2447 3223 2495 et
3253 2454 3454 2495 manse-

201 2534 277 2590 IX.
315 2534 390 2589 De
415 2533 628 2589 homine
649 2535 817 2607 posito
840 2536 892 2588 in
922 2535 1192 2605 paradiso,
1227 2545 1271 2587 et
1321 2534 1408 2587 ubi
1455 2543 1766 2605 pra’ceptum
1940 2542 2065 2587 runt
2091 2533 2231 2605 apud
2264 2533 2377 2587 Lot.

252 2631 329 2683 dat
370 2630 628 2685 Dominus
682 2630 844 2698 Adin,
888 2640 935 2684 et
976 2631 1177 2684 cunctis
1211 2630 1558 2683 animantibus
1598 2628 1765 2681 Adam
1868 2626 2137 2683 XXXVII.
2184 2625 2328 2681 Pluit
2360 2626 2613 2682 Dominus
2654 2627 2825 2699 ignem
2859 2636 2904 2679 et
2949 2624 3171 2695 sulphur
3211 2624 3274 2678 de
3312 2622 3462 2691 caelo,

259 2723 493 2792 imposuit
539 2723 773 2790 nomina,
805 2732 853 2777 et
899 2721 960 2775 de
988 2722 1204 2776 muliere
1243 2724 1466 2790 formata
1514 2722 1575 2774 de
1625 2729 1767 2777 costa
1941 2731 1987 2775 et
2018 2721 2198 2777 evertit
2229 2719 2536 2789 Sodomam,
2589 2729 2633 2773 et
2686 2720 2811 2790 filia:
2864 2717 2961 2772 Lot
3011 2724 3353 2790 conceperunt
3400 2716 3464 2771 de

254 2821 379 2889 ejus.
1943 2823 2086 2884 patre
2107 2829 2222 2867 suo.

193 2904 248 2963 X.
288 2908 382 2964 Ubi
410 2910 616 2963 seduxit
640 2926 846 2982 serpens
879 2909 1162 2964 mulierem.
1869 2903 2157 2961 XXXVIII.
2203 2903 2431 2961 Locutus
2480 2915 2557 2961 est
2605 2905 2857 2959 Dominus
2910 2903 2979 2957 ad
3026 2902 3320 2957 Abimelech
3372 2917 3466 2971 pro

194 3002 269 3057 XI.
312 3003 409 3058 Ubi
436 3005 821 3077 interrOgantur
848 3006 911 3056 de
941 3015 1291 3075 transgressu.
1942 2999 2098 3054 Sara.

194 3093 291 3149 XII.
334 3095 644 3150 Educuntur
697 3096 763 3152 de
814 3096 1082 3169 paradiso,
1132 3113 1197 3150 ne
1243 3107 1453 3151 sumant
1507 3095 1569 3149 de
1625 3095 1763 3167 ligno
1867 3093 2113 3149 XXXIX.
2156 3094 2295 3151 Sara
2319 3095 2515 3167 peperit
2537 3095 2728 3165 ﬁlium,
2754 3102 2800 3149 et
2823 3094 3016 3148 vocavit
3049 3109 3164 3147 eum
3189 3100 3334 3162 pater
3353 3090 3465 3162 ejus

250 3190 374 3241 vitaz.
1941 3188 2111 3243 Isaac.

190 3278 311 3333 XIII.
354 3278 479 3333 Nati
509 3290 624 3333 sunt
655 3280 783 3334 Adae
811 3279 912 3350 ﬁlii
944 3280 1096 3348 Cain,
1132 3293 1178 3335 et
1212 3280 1356 3337 Abel.
1868 3280 1980 3335 XL.
2028 3281 2171 3335 Dixit
2223 3282 2360 3335 Sara
2406 3280 2474 3334 ad
2522 3280 2780 3335 Abraham
2810 3296 2828 3333 :
2865 3280 3066 3351 projice
3120 3278 3371 3332 ancillam
3415 3284 3464 3331 et

190 3369 312 3425 XIV.
351 3370 479 3425 Cain
511 3371 697 3426 occidit
726 3374 937 3443 fratrem
966 3391 1137 3427 suum.
1936 3374 2108 3445 ﬁlium
2137 3378 2284 3448 ejus,
2326 3384 2375 3429 et
2405 3377 2455 3429 in
2486 3373 2736 3429 Bersabee
2758 3374 2960 3428 locutus
2992 3383 3065 3427 est
3097 3372 3311 3442 angelus
3345 3368 3459 3423 Do-

191 3461 289 3516 XV.
332 3464 458 3517 Ada?
486 3472 638 3518 natus
663 3476 736 3518 est
768 3464 895 3519 Seth
928 3480 1021 3536 pro
1050 3466 1196 3519 Abel.
1938 3466 2064 3521 mini
2085 3467 2153 3521 ad
2185 3468 2344 3537 Agar.

192 3553 309 3610 XVI.
352 3555 432 3609 De
450 3558 873 3626 generationibus
903 3559 1187 3611 hominum.
1869 3561 2003 3616 XLI.
2044 3560 2365 3615 Iuraverunt
2395 3560 2611 3615 invicem
2634 3558 2895 3614 Abraham
2924 3568 2969 3612 et
3001 3557 3316 3612 Abimelech.

194 3646 337 3702 XVII.
380 3645 560 3702 Enoch
590 3650 791 3718 placuit
819 3648 948 3717 Deo,
981 3661 1028 3705 et
1060 3650 1330 3705 transtulit
1358 3650 1507 3705 illum
1536 3650 1690 3720 Deus,
1715 3663 1762 3707 et
1787 3632 1833 3698 (ἶ
1867 3651 2034 3710 XLII.
2080 3651 2216 3709 Deus
2241 3653 2453 3708 tentavil
2482 3652 2743 3706 Abraham
2770 3653 2823 3705 in
2847 3650 3033 3716 Isaac,
3065 3659 3111 3703 et
3146 3651 3210 3703 de
3243 3665 3459 3720 genera-

247 3740 304 3793 de
327 3738 648 3805 Mathusale,
673 3750 720 3795 et
752 3740 804 3795 Ν
811 3758 887 3796 oe.
1935 3745 2161 3800 tionibus
2186 3744 2392 3799 Nahor.

190 3830 360 3887 XVIII.
403 3833 723 3905 Acceperunt
763 3834 862 3888 sibi
890 3850 1095 3902 uxores,
1125 3835 1225 3906 ﬁlii
1257 3836 1374 3907 Dei,
1410 3847 1456 3892 et
1499 3839 1660 3893 iratus
1687 3851 1759 3894 est
1864 3838 2047 3894 XLIII.
2089 3836 2346 3909 Defuncto
2375 3846 2447 3890 est
2472 3835 2631 3901 Sara,
2664 3844 2712 3890 et
2734 3835 2855 3890 emit
2888 3834 3055 3888 locum
3098 3832 3363 3887 Abraham
3386 3830 3455 3884 ad

251 3925 404 3982 Deus.
1936 3931 2228 4001 sepulcrum
2251 3928 2314 3983 ab
2342 3928 2581 3998 Ephron.

190 4016 310 4074 XIX.
354 4018 475 4075 Noe
499 4021 698 4091 placuit
738 4020 870 4091 Deo,
898 4033 946 4077 et
974 4025 1216 4095 praecepit
1243 4024 1288 4078 ei
1315 4023 1448 4079 Deus
1490 4034 1546 4079 ut
1572 4026 1762 4097 faceret
1865 4020 2049 4077 XLIV.
2095 4020 2352 4090 Praecepit
2383 4019 2641 4075 Abraham
2672 4034 2836 4083 servo,
2884 4027 2933 4072 et
2974 4017 3238 4089 profectus
3269 4020 3375 4083 est,
3405 4020 3458 4068 et

244 4128 433 4167 arcam.
1934 4114 2156 4168 adduxit
2209 4111 2517 4178 Rebeccam,
2571 4119 2621 4165 et
2675 4109 2935 4165 Abraham
2980 4107 3257 4164 Cethuram
3308 4102 3460 4161 duxit

188 4202 287 4259 XX.
326 4204 614 4277 Ingressus
640 4215 713 4261 est
744 4206 861 4262 Noe
883 4214 937 4263 tn
967 4223 1166 4277 arcam,
1208 4220 1255 4264 et
1287 4209 1483 4280 factum
1508 4221 1584 4266 est
1615 4209 1759 4265 dilu-
1935 4222 2163 4262 uxorem.

242 4298 392 4352 vium.
1866 4300 2025 4356 XLV.
2076 4299 2220 4355 Vixit
2250 4296 2513 4354 Abraham
2543 4297 2695 4352 annis
2722 4305 2925 4352 centum
2956 4294 3285 4369 septuaginta
3306 4295 3458 4362 quin-

188 4386 305 4446 XXI.
350 4378 673 4447 "emo-ratus
702 4404 775 4448 est
803 4390 1061 4451 Dominus
1086 4395 1222 4467 Noe,
1255 4407 1301 4452 et
1325 4414 1499 4452 eorum
1524 4398 1614 4470 qui
1645 4408 1760 4452 cum
1933 4411 2047 4465 que,
2075 4404 2124 4449 et
2154 4395 2301 4450 obiit.

242 4484 328 4537 illo
355 4497 527 4552 erant,
559 4495 608 4539 et
636 4486 829 4541 siccata
853 4499 925 4543 est
956 4506 1113 4561 aqua.
1862 4485 2048 4542 XLVI.
2090 4484 2166 4542 De
2194 4483 2606 4560 generationibus
2634 4482 2851 4553 lsmael,
2884 4490 2931 4537 et
2963 4481 3104 4537 obitu
3135 4483 3269 4553 ejus.

192 4572 333 4631 XXII.
384 4577 538 4631 Anno
586 4581 954 4635 sexcentesimo
998 4592 1046 4636 et
1088 4598 1192 4636 uno
1224 4583 1339 4637 ritw
1386 4582 1500 4638 Noe
1535 4583 1661 4640 exiit
1696 4582 1761 4639 de
1864 4578 2070 4636 XLVII.
2109 4577 2188 4635 De
2215 4577 2628 4654 generationibus
2658 4574 2836 4631 Isaac.

241 4686 354 4723 arca
387 4671 519 4740 ipse,
542 4681 590 4725 et
619 4673 708 4744 qui
734 4684 881 4729 erant
906 4692 1022 4729 cum
1050 4692 1132 4730 eo.
1861 4666 2090 4728 XLVIII.
2124 4670 2289 4735 Facta
2316 4678 2389 4727 est
2410 4670 2602 4742 fames;
2635 4677 2685 4723 et
2715 4668 2853 4722 visus
2874 4673 2950 4721 est
2973 4664 3231 4720 Dominus
3260 4661 3446 4731 Isaac,

187 4757 348 4817 XXIII.
397 4761 666 4819 Benedixit
692 4759 947 4823 Dominus
970 4768 1085 4823 Noe
1107 4778 1150 4822 et
1181 4768 1322 4841 filios
1353 4771 1487 4842 ejus.
1931 4774 1980 4819 et
2010 4764 2145 4819 dixit
2167 4764 2212 4818 ei
2237 4779 2256 4819 .'
2284 4762 2414 4818 Noli
2433 4760 2742 4816 descendere
2770 4760 2826 4813 in
2856 4758 3145 4831 .elz'gyptum
3184 4770 3204 4811 :
3227 4764 3275 4810 et
3303 4752 3453 4808 habi-

187 4849 352 4910 XXIV.
400 4857 596 4912 Statuit
624 4857 879 4915 Dominus
909 4862 1161 4917 diluvium
1185 4859 1395 4918 minime
1426 4865 1682 4935 futurum.
1930 4858 2053 4911 lavit
2081 4858 2134 4910 in
2161 4854 2399 4919 Geraris.
2424 4851 2512 4909 ubi
2539 4852 2809 4908 seminavit
2833 4859 2881 4906 et
2908 4850 3028 4923 fecit
3060 4849 3384 4919 centuplum,
3407 4856 3457 4905 et

185 4940 328 5001 XXV.
374 4948 452 5003 De
499 4949 663 5005 tribus
688 4942 814 5021 filiis
843 4951 955 5009 Noe
975 5000 988 5023 ,
1021 4954 1175 5021 Sem,
1204 4954 1363 5009 Cham
1388 5001 1401 5026 ,
1434 4964 1484 5009 et
1526 4954 1751 5029 Japltet,
1782 5027 1813 5029 _
1924 4950 2123 5019 iuravit
2145 4965 2263 5004 cum
2290 4947 2604 5003 Αὺίηιθίεσθι·

243 5048 283 5089 et
302 5038 362 5094 de
386 5042 505 5110 ipso
532 5043 620 5096 ubi
652 5044 928 5099 inebriatus
951 5055 1048 5100 est.
1598 5027 1606 5029 _
1733 5027 1740 5029 ὴ
1779 5027 1834 5089 Ῑ)
1858 5044 2046 5100 XLIX.
2090 5043 2278 5099 Senuit
2307 5038 2485 5111 Isaac,
2515 5044 2563 5095 et
2584 5040 2843 5096 benedixit
2870 5037 3035 5094 Iacob
3076 5053 3173 5108 pro
3198 5034 3377 5100 Esau.
3405 5030 3453 5090 si

186 5126 346 5187 XXVI.
390 5134 470 5189 De
500 5140 915 5206 generationibus
948 5138 1065 5195 Noe
1086 5151 1133 5195 et
1160 5142 1392 5213 ﬁliorum
1420 5146 1554 5217 ejus.
1929 5138 2157 5193 nescivit.

185 5217 370 5280 XXVII.
414 5224 498 5281 De
526 5232 890 5286 commixtione
916 5232 1231 5303 linguarum,
1252 5245 1297 5289 et
1316 5246 1457 5291 turre
1479 5239 1752 5309 confusio-
1857 5233 1920 5289 L.
1965 5233 2176 5287 Dimisit
2202 5230 2357 5286 Isaac
2384 5229 2549 5285 Iacob
2578 5229 2744 5299 ﬁlium
2765 5238 2915 5283 suum
2933 5267 2949 5293 ,
2974 5236 3029 5281 ut
3051 5228 3148 5280 iret
3188 5226 3241 5279 in
3271 5222 3324 5276 Μ
3332 5238 3450 5277 eso-

239 5317 331 5382 nis,
360 5330 410 5376 et
437 5321 504 5375 de
531 5323 950 5393 generationibus
980 5325 1128 5384 Sem.
1929 5329 2233 5399 Ροῑαηιὶαηι·

184 5402 391 5467 XXVIII.
433 5411 518 5469 De
537 5417 953 5489 generationibus
982 5419 1158 5476 Thare
1190 5424 1354 5491 patris
1390 5425 1679 5480 Abraham.
1858 5418 1941 5479 LI.
1995 5421 2135 5477 Vidit
2156 5420 2319 5477 Iacob
2338 5420 2534 5489 visum;
2559 5428 2607 5475 et
2627 5416 2879 5474 Dominus
2893 5416 3096 5472 locutus
3121 5423 3195 5470 est
3220 5414 3289 5468 ad
3314 5429 3455 5481 eum,

186 5496 346 5560 XXIX.
391 5504 543 5562 Dixit
598 5507 853 5567 Dominus
893 5514 963 5567 ad
1011 5512 1293 5587 Abraham,
1357 5518 1462 5575 Exi
1508 5508 1583 5575 de
1613 5531 1751 5576 terra
1925 5526 1972 5571 et
1998 5516 2255 5573 benedixit
2283 5532 2426 5570 eum.

241 5603 341 5653 “m-
1853 5608 1961 5667 LII.
2003 5608 2148 5665 Venit
2188 5609 2350 5664 Iacob
2394 5610 2447 5664 in
2478 5610 2729 5664 orientem
2758 5616 2804 5661 ct
2836 5608 3035 5680 accepit
3080 5606 3219 5677 ﬁlias
3270 5603 3447 5659 Laban

184 5679 326 5742 XXX.
370 5690 473 5747 Ubi
492 5694 632 5749 visus
658 5705 731 5752 est
768 5696 1023 5757 Dominus
1050 5701 1190 5758 Deus
1220 5703 1443 5762 Abrahae
1472 5707 1539 5760 ad
1569 5706 1749 5762 locum
1922 5705 2022 5759 sibi
2046 5721 2252 5760 uxores.

243 5778 460 5839 Sichern.
491 5783 768 5853 Quomodo
792 5791 846 5845 in
873 5791 1105 5867 zEgg‘pte
1144 5799 1334 5868 posito,
1366 5799 1484 5854 tulit
1528 5798 1748 5855 Pharao
1851 5800 1987 5857 LIII.
2029 5798 2236 5870 Peperit
2263 5798 2360 5854 Lia
2378 5799 2540 5859 Iacob
2569 5801 2678 5856 viro
2701 5815 2798 5856 suo
2818 5800 2958 5870 ﬁlios
2985 5807 3238 5871 quatuor,
3260 5804 3309 5850 et
3333 5810 3446 5852 ces-

244 5871 388 5928 Sarai
412 5878 464 5933 in
490 5895 707 5936 uxorem
734 5883 851 5938 sibi.
1262 5928 1265 5929 ν
1930 5895 2060 5953 savit
2083 5909 2115 5948 a
2145 5902 2318 5967 partu.
