4040 6360
545 296 652 357 I59

1548 295 1608 356 S.
1651 294 2036 359 HIERONYMI
2077 297 2308 361 DIVINA
2347 297 2830 361 BIBLIO'I'IIECA.

3735 305 3842 364 I60

542 412 680 471 LIV.
723 413 925 474 Rachel
950 414 1091 473 dedit
1120 413 1284 474 Iacob
1313 412 1563 473 ancillam
1584 432 1733 473 suam
1754 413 1967 487 Butam,
1989 424 2040 474 et
2060 433 2149 491 pe-
2170 419 2226 485 Α
2251 418 2415 477 LXX.
2456 418 2536 475 De
2561 417 2643 473 his
2669 418 2758 490 qui
2788 417 2843 473 in
2868 414 3090 474 carcere
3117 416 3321 475 somnia
3362 417 3637 488 viderunt,
3664 426 3714 474 et
3759 420 3847 475 in-

619 509 756 579 perit
779 510 831 564 ei
858 508 993 565 duos
1016 510 1178 581 ﬁlios.

546 600 659 659 LV.
701 601 770 658 Et
794 601 895 660 Lia
922 603 1067 660 dedit
1086 604 1254 661 Iacob
1293 603 1543 661 ancillam
1564 620 1747 672 suam,
1791 612 1841 660 et
1870 605 2069 678 peperit
2097 606 2145 661 ei

619 694 749 752 duos
778 697 941 768 ﬁlios,
972 706 1022 753 et
1048 698 1112 755 de
1134 697 1538 770 mandragoris:
1561 706 1610 755 et
1636 697 1754 770 ipsa
1778 699 1975 773 peperit
2004 698 2145 769 ﬁlios

620 791 754 847 duos
782 801 830 848 et
857 790 1070 857 Dinam.

548 880 688 966 LVI.
730 885 1050 942 Memoratus
1078 894 1153 942 est
1179 884 1440 941 Dominus
1476 886 1717 955 Rachel,
1745 896 1794 942 et
1818 890 2015 961 peperit
2039 890 2142 946 Io-

619 978 769 1051 seplt,
796 989 845 1036 et
870 980 1049 1035 statuit
1078 976 1244 1034 Iacob
1273 995 1392 1034 cum
1418 977 1601 1036 Laban
1631 982 1696 1037 de
1728 982 1906 1039 ovibus
1930 985 2106 1040 variis.

557 1068 719 1127 LVII.
758 1070 908 1128 Dixit
952 1071 1210 1127 Dominus
1248 1072 1317 1127 ad
1353 1070 1562 1130 Iacob:
1590 1085 1844 1133 revertere
1870 1077 1926 1132 in
1954 1085 2148 1134 terram

619 1167 781 1239 patris
809 1166 924 1232 tui,
956 1176 1006 1222 et
1033 1174 1336 1247 consecutus
1383 1178 1457 1226 est
1482 1184 1601 1226 eum
1629 1168 1846 1239 Laban,
1869 1180 1918 1228 et
1927 1175 2147 1246 jurave-

620 1265 744 1312 runt
769 1257 1010 1313 invicem.

549 1350 735 1407 LVIII.
784 1350 928 1407 Vidit
955 1351 1121 1410 Iacob
1159 1362 1332 1410 castra
1376 1354 1496 1425 Dei,
1541 1364 1589 1410 et
1640 1355 1782 1412 misit
1823 1356 2034 1413 nuntios
2078 1357 2148 1414 ad

620 1442 834 1518 fratrem
862 1452 1037 1513 suum,
1056 1455 1107 1503 et
1127 1447 1353 1503 luctatus
1383 1456 1458 1503 est
1487 1464 1606 1503 cum
1627 1449 1839 1521 angelo.

553 1535 695 1619 LIX.
744 1537 897 1593 Venit
915 1537 1081 1594 Iacob
1101 1540 1155 1594 in
1176 1540 1442 1597 civitatem
1469 1539 1854 1608 Sichimorum,
1890 1541 1980 1597 ubi
2011 1542 2147 1598 occi-

619 1629 806 1685 derunt
836 1629 938 1700 ﬁlii
966 1632 1078 1703 ejus
1104 1647 1279 1688 omnes
1308 1631 1655 1689 inhabitantes
1677 1643 1889 1704 propter
1908 1635 2107 1691 ‘Dinan.

549 1722 680 1780 LX.‘
709 1724 857 1780 Dixit
889 1723 1143 1780 Dominus
1180 1726 1249 1781 ad
1286 1724 1453 1782 Iacob
1473 1742 1493 1782 :
1512 1727 1732 1783 ascende
1761 1728 1816 1784 in
1854 1728 2024 1785 locum
2048 1729 2150 1788 Be-

624 1818 749 1885 thel,
774 1827 823 1873 et
853 1818 1042 1891 abiecit
1070 1819 1249 1875 omnia
1272 1821 1438 1878 idola.

554 1903 692 1966 LXI.
712 1906 718 1911 ’
742 1910 895 1968 Visus
919 1922 996 1967 est
1028 1912 1279 1970 Dominus
1303 1915 1406 1988 ipsi
1434 1912 1625 1986 Iacob,
1650 1924 1698 1970 et
1728 1916 1986 1974 benedixit
2008 1935 2144 1990 eum,

624 2012 672 2059 et
694 2005 1074 2079 cegnominavit
1100 2021 1214 2061 eum
1238 2004 1426 2063 Israel.

548 2097 710 2155 LXII.
757 2097 859 2155 Ubi
882 2100 1076 2172 peperit
1096 2100 1296 2156 Rachel
1321 2099 1619 2175 Benjamin,
1649 2111 1696 2158 et
1726 2116 1932 2160 mortua
1957 2114 2032 2161 est
2052 2150 2066 2177 ,
2096 2116 2147 2163 et

620 2194 688 2249 de
739 2192 1159 2267 generationibus
1206 2191 1414 2265 Iacob,
1476 2204 1525 2251 et
1579 2195 1721 2252 obitu
1779 2194 1934 2254 Isaac
1983 2200 2149 2271 patris

621 2304 760 2353 ejus.

552 2379 738 2436 LXIII.
781 2380 861 2438 De
894 2381 1315 2455 generationibus
1344 2379 1507 2437 Esau.

559 2472 744 2530 LXIV.
789 2471 870 2530 De
890 2474 1210 2546 principibus
1242 2470 1407 2530 Esau.

555 2565 720 2625 LXV.
763 2566 866 2636 Qui
900 2577 1242 2642 regnaverunt
1282 2569 1336 2624 in
1379 2567 1553 2625 Edam
1580 2570 1885 2645 priusquam
1905 2582 2037 2629 esset
2058 2589 2148 2632 rex

623 2663 676 2717 in
707 2659 901 2717 Israel.

559 2755 746 2815 LXVI.
791 2754 868 2811 De
887 2753 1085 2830 Ioseph
1111 2766 1161 2811 et
1182 2755 1396 2813 somniis
1418 2757 1553 2830 ejus.

562 2849 775 2907 LXVII.
821 2848 922 2909 Ubi
948 2849 1132 2906 missus
1151 2861 1225 2907 est
1245 2851 1300 2905 in
1323 2858 1558 2922 puteum,
1581 2858 1629 2906 et
1650 2850 1926 2908 distractus
1940 2849 2145 2909 Ismae-

626 2942 755 2998 litis.

552 3033 787 3092 LXVIII.
829 3033 906 3091 De
927 3032 1073 3092 Iuda
1098 3044 1146 3092 et
1170 3034 1397 3093 Thamar
1422 3051 1583 3094 umore
1608 3034 1711 3110 ﬁlii
1733 3038 1869 3110 ejus,
1892 3053 2011 3109 qua:
2036 3045 2149 3094 erat

622 3127 802 3184 vidua.

549 3223 738 3284 LXIX.
780 3224 862 3283 De
876 3228 1077 3302 Ioseph
1096 3231 1147 3284 et
1169 3227 1335 3285 uxore
1363 3194 1677 3303 Putipharé.

2318 509 2619 585 terpretavit
2638 525 2697 564 ea
2713 507 2935 580 Ioseph.

2246 603 2433 663 LXXI.
2477 603 2756 661 Somnium
2776 600 3110 670 Pharaonis,
3164 601 3305 676 quod
3359 602 3714 676 interpretavit
3743 601 3846 657 Io-

2317 696 2477 771 seph,
2503 704 2551 752 et
2591 696 2766 766 factus
2797 703 2870 752 est
2908 694 3149 750 dominus
3191 703 3343 751 terra:
3388 693 3634 769 Egypti,
3662 704 3712 752 et
3737 696 3851 752 nati

2320 801 2441 847 sunt
2460 791 2507 846 ei
2532 790 2655 845 duo'
2664 788 2788 861 ﬁlii.

2249 885 2462 944 LXXII.
2509 883 2609 942 Ubi
2635 884 2775 940 misit
2796 882 2962 939 Iacob
2993 882 3133 954 ﬁlios
3161 898 3282 940 suos
3336 883 3392 937 in
3437 880 3752 956 Egyptum,
3799 893 3852 939 et

2321 978 2557 1052 cognovit
2584 995 2671 1034 eos
2690 976 2910 1049 Ioseph,
2937 985 2986 1031 et
3006 992 3168 1031 unum
3199 992 3263 1031 ea:
3296 975 3423 1048 ipsis
3443 975 3659 1043 reclusit
3685 992 3852 1050 usque

2321 1073 2450 1128 dum
2486 1071 2681 1127 veniret
2710 1071 2875 1142 frater
2897 1072 3012 1144 ejus
3040 1068 3340 1136 Beniamin.

2250 1163 2487 1222 LXXIII.
2526 1162 2762 1220 Invaluit
2791 1163 2979 1234 fames,
3003 1170 3054 1217 et
3080 1169 3331 1218 venerunt
3349 1161 3419 1215 ad
3440 1158 3638 1234 Ioseph
3656 1164 3848 1235 fratres

2321 1256 2405 1313 sui
2434 1272 2551 1312 cum
2579 1254 2890 1329 Benjamin,
2929 1262 2977 1309 et
3023 1252 3289 1308 mandavit
3337 1252 3478 1325 patri
3522 1267 3619 1307 suo
3672 1254 3848 1308 venire

2322 1348 2391 1404 ad
2419 1366 2493 1405 se.

2252 1439 2489 1498 LXXIV.
2542 1439 2695 1497 Visus
2736 1447 2813 1496 est
2859 1438 3112 1495 Dominus
3160 1436 3346 1508 Iacob,
3365 1446 3426 1496 'et
3450 1438 3586 1495 dixit
3620 1439 3711 1496 ei:
3748 1439 3854 1496 Dc-

2322 1535 2508 1590 scende
2534 1534 2589 1589 in
2621 1532 2938 1607 /Eggptum.

2252 1630 2470 1688 LXXV.
2512 1631 2744 1687 Nomina
2764 1631 2996 1703 ﬁliorum
3022 1629 3226 1701 Israel,
3252 1631 3345 1706 qui
3385 1631 3610 1706 ingressi
3648 1641 3768 1688 sunt
3797 1632 3856 1689 in

2324 1722 2643 1798 Egyptum.

2177 1817 2226 1880 B
2253 1814 2487 1874 LXXVI.
2533 1816 2634 1874 Ubi
2661 1819 2798 1874 venit
2818 1816 3017 1888 Ioseph
3057 1817 3257 1873 obviam
3306 1815 3497 1872 Israeli
3542 1817 3687 1889 patri
3728 1833 3853 1873 suo.

2251 1912 2514 1970 LXXVII.
2557 1913 2829 1971 Nuntiavit
2848 1910 3048 1988 Ioseph
3076 1910 3368 1982 Pharaoni,
3419 1911 3664 1985 quoniam
3712 1911 3855 1967 venit

2322 2017 2470 2082 pater
2499 2012 2632 2085 ejus.

2250 2101 2541 2160 LXXVIII.
2581 2101 2733 2159 Dixit
2758 2102 2974 2159 Pharao
2996 2102 3067 2159 ad
3090 2101 3311 2175 Ioseph,
3329 2109 3386 2156 ut
3417 2101 3628 2174 eligeret
3658 2109 3855 2158 terram

2321 2198 2376 2253 in
2396 2214 2500 2270 qua
2526 2197 2782 2254 habitaret
2804 2207 2953 2269 pater
2979 2202 3112 2273 ejus.

2250 2290 2493 2348 LXXIX.
2536 2291 2814 2347 Habitavit
2837 2291 3008 2348 Israel
3030 2293 3087 2348 in
3112 2290 3371 2365 {Egi/pta,
3390 2299 3439 2346 et
3464 2288 3596 2346 dixit
3622 2289 3735 2361 ﬁlio
3755 2306 3861 2347 sua

2320 2382 2540 2456 Ioseph,
2583 2401 2647 2440 ne
2687 2382 2929 2457 sepeliret
2949 2402 3071 2441 eum
3096 2383 3225 2454 illic,
3268 2393 3317 2440 et
3352 2383 3482 2439 vixit
3510 2380 3674 2439 Iacob
3699 2383 3860 2438 annis

2321 2487 2529 2534 centum
2558 2478 2909 2553 quadraginta
2937 2487 3150 2551 septem.
3380 2503 3388 2511 -

2250 2569 2466 2627 LXXX.
2511 2570 2822 2643 lnﬁrmatus
2859 2569 3024 2627 Iacob
3054 2568 3316 2626 benedixit
3343 2569 3483 2641 ﬁlios
3529 2568 3728 2643 Ioseph
3772 2569 3860 2624 al-

2324 2664 2485 2720 ternis
2515 2665 2772 2720 manibus.

2249 2756 2492 2815 LXXXI.
2545 2755 2752 2813 Vocavit
2778 2756 2945 2812 Iacob
2985 2772 3160 2812 omnes
3186 2756 3326 2827 ﬁlios
3367 2770 3512 2822 suos,
3544 2762 3590 2810 et
3616 2755 3748 2810 dixit
3780 2754 3860 2809 eis

2318 2870 2437 2927 qua:
2456 2861 2671 2910 ventura
2691 2861 2856 2908 essent
2875 2852 2929 2907 in
2950 2850 3243 2907 novissimis
3262 2849 3464 2917 diebus,
3483 2856 3531 2905 et
3553 2848 3858 2922 defunctus,

2319 2946 2554 3003 sublatus
2581 2954 2631 3001 et
2651 2945 2882 3018 sepultus
2904 2952 2978 2998 est
3005 2943 3059 2998 in
3083 2951 3222 2998 terra
3240 2958 3356 2997 sua.

2248 3039 2512 3098 LXXXII.
2562 3039 2707 3094 Vixit
2731 3036 2925 3111 Ioseph
2956 3036 3109 3091 annis
3144 3044 3349 3090 centum
3373 3034 3572 3103 decem,
3615 3042 3665 3089 et
3694 3034 3863 3108 adju-

2320 3135 2454 3190 ravit
2491 3133 2680 3203 fratres
2713 3146 2865 3197 suos,
2912 3138 2971 3184 ut
3007 3145 3123 3183 cum
3160 3129 3498 3202 visitarentur
3530 3144 3562 3181 a
3606 3125 3859 3195 Domina,

2174 3218 2224 3285 C
2325 3226 2565 3283 tollerent
2594 3240 2768 3282 secum
2795 3240 2914 3280 ossa
2934 3227 3047 3298 ejus
3077 3222 3131 3277 in
3156 3230 3350 3279 terram
3372 3238 3540 3278 suam.

1627 3486 1708 3543 Ex
1739 3485 2005 3542 Vaticano
2033 3481 2239 3541 Codice
2267 3495 2374 3539 ms.
2396 3479 2782 3553 antiquissimo

1501 3639 1527 3670 ιι
1559 3619 1956 3686 CAPITULA
1997 3618 2080 3682 IN
2121 3615 2426 3681 LIBRUM
2467 3614 2902 3679 GENESEOS.

2033 3770 2400 3792 μ

551 3888 593 3949 I.
641 3888 741 3947 Ubi
765 3889 856 3945 lucc
873 3888 1041 3961 primo
1061 3886 1178 3959 ﬁeri
1192 3887 1431 3960 jubetur.

551 3984 615 4041 II.
659 3982 1072 4039 Firmamentum
1090 3981 1175 4037 die
1199 3981 1426 4037 secundo
1444 3979 1593 4052 facit.

552 4076 640 4134 III.
685 4075 787 4133 Ubi
813 4091 963 4148 aquae
991 4091 1025 4130 a
1048 4085 1187 4131 terra
1203 4075 1437 4146 separari
1455 4073 1729 4146 jubentur.

552 4168 645 4227 IV.
689 4168 789 4227 Ubi
810 4177 945 4225 terra
972 4169 1262 4241 germinare
1277 4167 1493 4242 jubetur
1519 4167 1604 4222 die
1625 4166 1800 4223 tertio.

548 4261 619 4318 V.
661 4259 764 4319 Ubi
784 4260 1069 4317 luminaria
1087 4260 1203 4331 ﬁeri
1219 4259 1471 4332 jubenlnr
1491 4258 1577 4314 die
1597 4267 1810 4331 quarto.

553 4352 643 4411 VI.
688 4352 968 4410 Luminare
999 4354 1218 4424 factum.

555 4446 666 4505 VII.
712 4446 814 4503 Ubi
831 4463 897 4502 ea:
921 4446 1068 4517 aquis
1087 4444 1340 4502 animalia
1356 4444 1613 4520 jubentur
1633 4442 1718 4500 die
1742 4443 1947 4517 quinta.

555 4538 693 4596 VIII.
736 4538 837 4595 Ubi
863 4536 1115 4594 animalia
1142 4536 1465 4593 benedicitur
1492 4535 1659 4611 [Lege
1689 4535 2111 4609 benedicuntur].

551 4632 650 4689 IX.
692 4631 770 4688 De
793 4641 932 4689 terra
959 4631 1211 4688 animalia
1235 4631 1455 4709 produci
1467 4630 1681 4706 jubetur
1693 4629 1860 4704 [Lege
1878 4628 2154 4703 iubentur]

629 4726 713 4781 die
732 4735 900 4783 sexto.

555 4818 626 4876 X.
669 4818 770 4877 Ubi
808 4818 946 4875 Deus
975 4818 1235 4876 hominem
1260 4817 1378 4887 ﬁeri
1395 4817 1556 4886 iubet.

557 4910 652 4969 XI.
697 4910 797 4968 Ubi
818 4912 990 4968 Adam
1013 4916 1184 4984 factus
1212 4912 1545 4969 benedicitur.

558 5005 673 5063 XII.
716 5005 819 5063 Ubi
838 5007 1006 5063 Adam
1034 5022 1270 5064 escarum
1295 5008 1488 5080 accipit
1516 5013 1839 5081 potestatem.

561 5096 705 5156 XIII.
751 5097 906 5155 Urbis
928 5098 1096 5173 [Lege
1128 5098 1304 5173 Orbis]
1327 5100 1722 5156 consummatio.

633 5302 661 5332 ι
690 5290 902 5351 Seriem
932 5291 1090 5349 istam
1122 5290 1481 5363 capitulorum
1514 5292 1715 5363 retinet
1738 5288 2151 5363 antiquissimus

558 5364 732 5421 codex
772 5359 1491 5431 manuscriptus'Vaticanaa
1520 5359 1893 5424 bibliothecas.
1926 5362 2017 5431 qui
2050 5359 2152 5415 fuit

562 5436 690 5492 olim
737 5436 1077 5492 celeberrimi
1135 5435 1450 5490 monasterii
1501 5434 1798 5490 Fartensis.
1845 5432 2152 5489 Nonnullos

560 5505 880 5564 sustulimus
909 5505 1253 5564 solcecismos
1280 5514 1337 5562 et
1371 5505 1745 5561 barbarismos
1774 5502 2152 5572 exscriptoris,

562 5579 690 5651 quia
731 5578 951 5634 tolerari
996 5592 1105 5634 non
1146 5585 1460 5648 potuerunt.
1493 5576 1790 5651 Canter-aut
1819 5576 2070 5651 leguntur
2100 5573 2153 5628 in

561 5646 931 5723 manuscripto
966 5667 1089 5709 cum
1128 5646 1363 5723 propriis
1393 5652 1538 5707 vitiis
1577 5649 1941 5723 exhibemus,
1981 5646 2147 5702 lecto-

558 5737 673 5779 rem
702 5719 988 5792 rogantes,
1022 5739 1092 5780 ne
1125 5719 1376 5780 confessa
1405 5729 1584 5778 errata
1624 5719 2148 5792 librariorumvete-

556 5808 677 5880 tu!"
718 5788 1074 5880 ιγροετεειίιιίε
1116 5788 2142 5880 nostrisinputes-Ye‘._"_?11i§.,'391'1§

556 5865 1182 5927 voluminiseditoribus.
1221 5865 1529 5925 Notandum
1558 5873 1644 5921 est
1668 5871 1854 5921 autem
1874 5865 2140 5918 omissum

2181 4768 2239 4831 D

2256 3888 2397 3947 XIV.
2440 3883 2823 3961 Recapitulatio
2844 3879 3150 3937 creationis.

2257 3982 2374 4040 XV.
2415 3981 2587 4037 Adam
2618 3979 2682 4034 de
2712 3978 2837 4033 limo
2867 3976 3073 4048 factus.
3320 4042 3335 4064 ἆ

2255 4075 2398 4133 XVI.
2442 4071 2736 4129 Paradisus
2758 4070 2953 4141 factus.
3190 4056 3193 4059 ’

2255 4168 2424 4226 XVII.
2466 4165 2548 4224 De
2570 4163 2892 4237 ﬂuminibus.

2255 4258 2444 4318 XVIII.
2487 4258 2816 4329 Praeceptum
2841 4253 2970 4309 Adae
2998 4250 3049 4306 in
3070 4246 3340 4323 paradiso.

2260 4352 2407 4411 XIX.
2451 4350 2551 4408 Ubi
2566 4349 2735 4405 Adam
2754 4345 2970 4401 nomina
2994 4340 3265 4414 pecoribus
3290 4338 3532 4410 imponit.

2258 4444 2383 4502 XX.
2424 4441 2504 4499 De
2530 4442 2744 4497 muliere
2770 4440 2932 4511 facta.

2260 4536 2408 4595 XXI.
2439 4535 2518 4592 De
2542 4542 2798 4614 serpente.

2262 4629 2427 4687 XXII.
2474 4626 2573 4683 Ubi
2601 4642 2657 4681 se
2685 4624 2853 4679 nudos
2877 4618 3116 4676 viderunt
3138 4616 3304 4674 Adam
3331 4624 3379 4671 et
3403 4613 3533 4670 Eva.

2260 4719 2454 4777 XXIII.
2499 4716 2601 4774 Ubi
2616 4715 2875 4771 Dominus
2904 4712 2974 4766 ad
3004 4711 3173 4767 Adam
3201 4709 3255 4764 in
3277 4706 3525 4781 paradiso
3556 4704 3810 4776 loquitur.
3861 4774 3869 4779 η

2262 4811 2463 4870 XXIV.
2503 4808 2771 4867 Sententia
2793 4809 2847 4862 in
2870 4813 3182 4876 serpentem.

2260 4905 2428 4963 XXV.
2475 4903 2575 4959 Ubi
2602 4902 2772 4957 Adam
2792 4916 2855 4956 ea:
2881 4897 3130 4972 paradiso
3164 4894 3467 4970 expellitur.

2254 4996 2447 5054 XXVI.
2490 4992 2877 5067 Primoqenitus
2908 4991 3035 5047 Adat
3055 4989 3217 5046 Kain.
3314 5010 3317 5011 ν

2122 5074 2127 5083 ’
2248 5089 2464 5149 xxvu.
2510 5086 2678 5144 Habel
2700 5093 2878 5143 natus.

2254 5299 2379 5344 esse
2398 5283 2468 5340 ab
2488 5282 2758 5352 scriptore
2786 5290 2892 5347 ms.
2917 5272 3407 5352 codicisVaticani
3439 5267 3737 5342 capitulum
3771 5271 3872 5327 ul-

2257 5359 2476 5420 timum,
2505 5354 2560 5409 in
2586 5346 2696 5424 quo
2724 5364 2849 5420 pars
2877 5347 3224 5424 ultima__libri
3247 5346 3879 5424 Geneseos'reprsesenr

2259 5410 2365 5484 tari
2393 5410 2558 5482 debet
2582 5410 2639 5479 in
2662 5410 2811 5478 hunc
2835 5429 2929 5475 aut
2964 5417 3199 5475 similem
3239 5416 3460 5471 modum
3496 5411 3637 5468 :Ubi
3664 5410 3876 5483 Ioseph

2258 5500 2388 5556 uixit
2414 5511 2579 5551 ann»
2604 5501 2811 5549 centum
2840 5501 2887 5546 et
2909 5491 3105 5550 decem.
3133 5496 3183 5543 et
3215 5487 3695 5561 adjuravitjratres
3714 5497 3873 5550 suos,

2261 5554 2319 5627 ut
2343 5584 2462 5625 cum
2478 5566 2833 5637 visitarentur,
2858 5561 3096 5637 tollerent
3121 5554 3296 5615 secum'
3313 5573 3432 5613 ossa
3451 5556 3565 5637 ejus
3588 5554 3643 5636 in
3675 5560 3882 5636 terrane

2262 5626 2431 5698 suam.
2497 5637 2632 5694 Nam
2684 5626 3141 5706 Iiber'_GAeneseos
3183 5644 3291 5706 non
3342 5626 3567 5706 explicit
3614 5626 3670 5678 in
3711 5626 3881 5706 capi-

2249 5692 2540 5777 aliaalii,
2568 5692 2668 5764 ubi
2694 5703 2865 5763 Iacob
2878 5703 3036 5777 ﬁlios
3058 5715 3189 5777 suos
3228 5692 3519 5777 duodecim
3548 5692 3829 5777 benedici:
3850 5737 3873 5761 ,

2249 5763 2361 5843 3381'
2374 5763 2635 5841 iii—morte
2658 5786 2712 5837 et
2740 5774 3022 5847 sepultura
3056 5770 3289 5843 Ioseph,
3336 5769 3436 5827 lilii
3459 5765 3650 5825 Iacob.
3676 5763 3874 5821 Mur.
