  <div class='ocr_page' id='page_1' title='image "/cluster/home/n/w/nwhite01/storage/ocr_20150623/28/hvd.32044015471410/086.png"; bbox 0 0 4040 6360; ppageno 0'>
   <div class='ocr_carea' id='block_1_1' title="bbox 219 316 1814 389">
    <p class='ocr_par' dir='ltr' id='par_1_1' title="bbox 219 316 1810 389">
     <span class='ocr_line' id='line_1_1' title="bbox 219 316 1810 389; baseline -0.007 -1"><span class='ocrx_word' id='word_1_1' title='bbox 219 330 295 389; x_wconf 74' lang='lat' dir='ltr'><strong>IIII</strong></span> <span class='ocrx_word' id='word_1_2' title='bbox 1207 316 1810 380; x_wconf 69' lang='lat' dir='ltr'><strong><em>CAPITCLXTIONES</em></strong></span> 
     </span>
    </p>
   </div>
   <div class='ocr_carea' id='block_1_2' title="bbox 1859 316 3454 389">
    <p class='ocr_par' dir='ltr' id='par_1_2' title="bbox 1859 317 3454 382">
     <span class='ocr_line' id='line_1_2' title="bbox 1859 317 3454 382; baseline 0.003 -7"><span class='ocrx_word' id='word_1_3' title='bbox 1859 317 2034 378; x_wconf 79' lang='lat' dir='ltr'><strong>LIBIII</strong></span> <span class='ocrx_word' id='word_1_4' title='bbox 2072 319 2383 380; x_wconf 67' lang='lat' dir='ltr'><strong><em>CENESIS.</em></strong></span> <span class='ocrx_word' id='word_1_5' title='bbox 3351 324 3454 382; x_wconf 69' lang='lat' dir='ltr'><strong><em>I62.</em></strong></span> 
     </span>
    </p>
   </div>
   <div class='ocr_carea' id='block_1_3' title="bbox 216 436 3418 511">
    <p class='ocr_par' dir='ltr' id='par_1_3' title="bbox 216 436 3418 511">
     <span class='ocr_line' id='line_1_3' title="bbox 216 436 3418 511; baseline -0.004 -7"><span class='ocrx_word' id='word_1_6' title='bbox 216 441 410 504; x_wconf 86' lang='lat' dir='ltr'><strong>XXVIII.</strong></span> <span class='ocrx_word' id='word_1_7' title='bbox 449 439 775 511; x_wconf 81' lang='lat' dir='ltr'><strong><em>Sacriﬁcium</em></strong></span> <span class='ocrx_word' id='word_1_8' title='bbox 798 437 934 494; x_wconf 84' lang='lat' dir='ltr'><strong><em>Kaiu</em></strong></span> <span class='ocrx_word' id='word_1_9' title='bbox 961 447 1009 494; x_wconf 88' lang='lat' dir='ltr'><strong><em>et</em></strong></span> <span class='ocrx_word' id='word_1_10' title='bbox 1032 437 1222 493; x_wconf 84' lang='lat' dir='ltr'><strong><em>Habel.</em></strong></span> <span class='ocrx_word' id='word_1_11' title='bbox 1780 437 1837 499; x_wconf 75' lang='grc' dir='ltr'><strong>Δ</strong></span> <span class='ocrx_word' id='word_1_12' title='bbox 1860 436 2074 493; x_wconf 90' lang='lat' dir='ltr'><strong>LXXII.</strong></span> <span class='ocrx_word' id='word_1_13' title='bbox 2119 437 2219 493; x_wconf 91' lang='lat' dir='ltr'><strong><em>Ubi</em></strong></span> <span class='ocrx_word' id='word_1_14' title='bbox 2247 436 2510 494; x_wconf 81' lang='lat' dir='ltr'><strong><em>Abraham</em></strong></span> <span class='ocrx_word' id='word_1_15' title='bbox 2532 452 2778 510; x_wconf 88' lang='lat' dir='ltr'><strong><em>quercum</em></strong></span> <span class='ocrx_word' id='word_1_16' title='bbox 2811 436 3042 493; x_wconf 60' lang='lat' dir='ltr'><strong><em>.Ilmnbrc</em></strong></span> <span class='ocrx_word' id='word_1_17' title='bbox 3072 453 3299 493; x_wconf 86' lang='lat' dir='ltr'><strong><em>reversus</em></strong></span> <span class='ocrx_word' id='word_1_18' title='bbox 3323 447 3418 494; x_wconf 86' lang='lat' dir='ltr'><strong><em>est.</em></strong></span> 
     </span>
    </p>
   </div>
   <div class='ocr_carea' id='block_1_4' title="bbox 215 515 3459 604">
    <p class='ocr_par' dir='ltr' id='par_1_4' title="bbox 215 515 3459 604">
     <span class='ocr_line' id='line_1_4' title="bbox 215 515 3459 604; baseline -0.003 -10"><span class='ocrx_word' id='word_1_19' title='bbox 215 537 372 596; x_wconf 80' lang='lat' dir='ltr'><strong>XXIX.</strong></span> <span class='ocrx_word' id='word_1_20' title='bbox 414 533 509 589; x_wconf 84' lang='lat' dir='ltr'><strong><em>Ubi</em></strong></span> <span class='ocrx_word' id='word_1_21' title='bbox 529 532 664 586; x_wconf 83' lang='lat' dir='ltr'><strong><em>Kain</em></strong></span> <span class='ocrx_word' id='word_1_22' title='bbox 689 534 903 604; x_wconf 75' lang='lat' dir='ltr'><strong><em>fratrem</em></strong></span> <span class='ocrx_word' id='word_1_23' title='bbox 935 531 1144 586; x_wconf 91' lang='lat' dir='ltr'><strong><em>occidit.</em></strong></span> <span class='ocrx_word' id='word_1_24' title='bbox 1863 515 2100 586; x_wconf 87' lang='lat' dir='ltr'><strong>LXXIII.</strong></span> <span class='ocrx_word' id='word_1_25' title='bbox 2145 529 2246 586; x_wconf 89' lang='lat' dir='ltr'><strong><em>Ubi</em></strong></span> <span class='ocrx_word' id='word_1_26' title='bbox 2295 539 2518 602; x_wconf 79' lang='lat' dir='ltr'><strong><em>quatuor</em></strong></span> <span class='ocrx_word' id='word_1_27' title='bbox 2564 546 2711 602; x_wconf 85' lang='lat' dir='ltr'><strong><em>reges</em></strong></span> <span class='ocrx_word' id='word_1_28' title='bbox 2751 534 2999 586; x_wconf 83' lang='lat' dir='ltr'><strong><em>adversus</em></strong></span> <span class='ocrx_word' id='word_1_29' title='bbox 3049 530 3332 587; x_wconf 89' lang='lat' dir='ltr'><strong><em>Sodomam</em></strong></span> <span class='ocrx_word' id='word_1_30' title='bbox 3375 545 3459 585; x_wconf 86' lang='lat' dir='ltr'><strong><em>ve-</em></strong></span> 
     </span>
    </p>
   </div>
   <div class='ocr_carea' id='block_1_5' title="bbox 213 623 2098 688">
    <p class='ocr_par' dir='ltr' id='par_1_5' title="bbox 213 623 2098 688">
     <span class='ocr_line' id='line_1_5' title="bbox 213 623 2098 688; baseline -0.004 -4"><span class='ocrx_word' id='word_1_31' title='bbox 213 627 352 688; x_wconf 86' lang='lat' dir='ltr'><strong>XXX.</strong></span> <span class='ocrx_word' id='word_1_32' title='bbox 394 625 485 682; x_wconf 89' lang='lat' dir='ltr'><strong><em>Ubi</em></strong></span> <span class='ocrx_word' id='word_1_33' title='bbox 505 623 640 680; x_wconf 82' lang='lat' dir='ltr'><strong><em>Kain</em></strong></span> <span class='ocrx_word' id='word_1_34' title='bbox 663 624 719 679; x_wconf 89' lang='lat' dir='ltr'><strong><em>in</em></strong></span> <span class='ocrx_word' id='word_1_35' title='bbox 744 632 882 679; x_wconf 86' lang='lat' dir='ltr'><strong><em>terra</em></strong></span> <span class='ocrx_word' id='word_1_36' title='bbox 903 623 1256 679; x_wconf 86' lang='lat' dir='ltr'><strong><em>maledicitur.</em></strong></span> <span class='ocrx_word' id='word_1_37' title='bbox 1928 623 2098 677; x_wconf 86' lang='lat' dir='ltr'><strong><em>niunt.</em></strong></span> 
     </span>
    </p>
   </div>
   <div class='ocr_carea' id='block_1_6' title="bbox 213 712 3310 793">
    <p class='ocr_par' dir='ltr' id='par_1_6' title="bbox 213 712 3310 793">
     <span class='ocr_line' id='line_1_6' title="bbox 213 712 3310 793; baseline -0.001 -13"><span class='ocrx_word' id='word_1_38' title='bbox 213 718 374 780; x_wconf 90' lang='lat' dir='ltr'><strong>XXXI.</strong></span> <span class='ocrx_word' id='word_1_39' title='bbox 411 715 752 773; x_wconf 86' lang='lat' dir='ltr'><strong><em>Commoratio</em></strong></span> <span class='ocrx_word' id='word_1_40' title='bbox 792 715 934 772; x_wconf 84' lang='lat' dir='ltr'><strong><em>Kain</em></strong></span> <span class='ocrx_word' id='word_1_41' title='bbox 976 733 1009 772; x_wconf 92' lang='lat' dir='ltr'><strong><em>a</em></strong></span> <span class='ocrx_word' id='word_1_42' title='bbox 1053 716 1186 788; x_wconf 75' lang='lat' dir='ltr'><strong><em>facie</em></strong></span> <span class='ocrx_word' id='word_1_43' title='bbox 1224 712 1345 785; x_wconf 83' lang='lat' dir='ltr'><strong><em>Dei,</em></strong></span> <span class='ocrx_word' id='word_1_44' title='bbox 1390 725 1438 774; x_wconf 94' lang='lat' dir='ltr'><strong><em>et</em></strong></span> <span class='ocrx_word' id='word_1_45' title='bbox 1475 715 1538 772; x_wconf 91' lang='lat' dir='ltr'><strong><em>de</em></strong></span> <span class='ocrx_word' id='word_1_46' title='bbox 1573 730 1756 789; x_wconf 81' lang='lat' dir='ltr'><strong><em>genere</em></strong></span> <span class='ocrx_word' id='word_1_47' title='bbox 1859 715 2098 774; x_wconf 84' lang='lat' dir='ltr'><strong>LXXIV.</strong></span> <span class='ocrx_word' id='word_1_48' title='bbox 2144 716 2242 774; x_wconf 91' lang='lat' dir='ltr'><strong><em>Ubi</em></strong></span> <span class='ocrx_word' id='word_1_49' title='bbox 2259 718 2519 774; x_wconf 87' lang='lat' dir='ltr'><strong><em>Abraham</em></strong></span> <span class='ocrx_word' id='word_1_50' title='bbox 2550 719 2781 793; x_wconf 78' lang='lat' dir='ltr'><strong><em>prtvdam</em></strong></span> <span class='ocrx_word' id='word_1_51' title='bbox 2810 737 2928 776; x_wconf 91' lang='lat' dir='ltr'><strong><em>cum</em></strong></span> <span class='ocrx_word' id='word_1_52' title='bbox 2952 719 3052 778; x_wconf 87' lang='lat' dir='ltr'><strong><em>Lot</em></strong></span> <span class='ocrx_word' id='word_1_53' title='bbox 3082 719 3310 778; x_wconf 71' lang='lat' dir='ltr'><strong><em>reduxit.</em></strong></span> 
     </span>
    </p>
   </div>
   <div class='ocr_carea' id='block_1_7' title="bbox 267 808 2622 886">
    <p class='ocr_par' dir='ltr' id='par_1_7' title="bbox 267 808 2622 886">
     <span class='ocr_line' id='line_1_7' title="bbox 267 808 2622 886; baseline 0.001 -18"><span class='ocrx_word' id='word_1_54' title='bbox 267 816 377 886; x_wconf 77' lang='lat' dir='ltr'><strong><em>ejus.</em></strong></span> <span class='ocrx_word' id='word_1_55' title='bbox 1858 808 2072 865; x_wconf 89' lang='lat' dir='ltr'><strong>LXXV.</strong></span> <span class='ocrx_word' id='word_1_56' title='bbox 2115 809 2195 865; x_wconf 89' lang='lat' dir='ltr'><strong><em>De</em></strong></span> <span class='ocrx_word' id='word_1_57' title='bbox 2216 809 2622 870; x_wconf 83' lang='lat' dir='ltr'><strong><em>Melchisedech.</em></strong></span> 
     </span>
    </p>
   </div>
   <div class='ocr_carea' id='block_1_8' title="bbox 211 901 3461 979">
    <p class='ocr_par' dir='ltr' id='par_1_8' title="bbox 211 901 3461 979">
     <span class='ocr_line' id='line_1_8' title="bbox 211 901 3461 979; baseline -0.001 -14"><span class='ocrx_word' id='word_1_58' title='bbox 211 904 390 966; x_wconf 87' lang='lat' dir='ltr'><strong>XXXII.</strong></span> <span class='ocrx_word' id='word_1_59' title='bbox 429 903 501 959; x_wconf 90' lang='lat' dir='ltr'><strong><em>De</em></strong></span> <span class='ocrx_word' id='word_1_60' title='bbox 517 903 638 975; x_wconf 87' lang='lat' dir='ltr'><strong><em>ﬁliis</em></strong></span> <span class='ocrx_word' id='word_1_61' title='bbox 660 901 927 960; x_wconf 60' lang='lat' dir='ltr'><strong><em>Lamecha</em></strong></span> <span class='ocrx_word' id='word_1_62' title='bbox 953 904 1044 978; x_wconf 87' lang='lat' dir='ltr'><strong><em>qui</em></strong></span> <span class='ocrx_word' id='word_1_63' title='bbox 1075 905 1431 962; x_wconf 88' lang='lat' dir='ltr'><strong><em>ostenderunt.</em></strong></span> <span class='ocrx_word' id='word_1_64' title='bbox 1859 902 2096 960; x_wconf 82' lang='lat' dir='ltr'><strong>LXXVI.</strong></span> <span class='ocrx_word' id='word_1_65' title='bbox 2141 903 2239 960; x_wconf 92' lang='lat' dir='ltr'><strong><em>Ubi</em></strong></span> <span class='ocrx_word' id='word_1_66' title='bbox 2277 902 2417 960; x_wconf 85' lang='lat' dir='ltr'><strong><em>Deus</em></strong></span> <span class='ocrx_word' id='word_1_67' title='bbox 2459 906 2611 962; x_wconf 89' lang='lat' dir='ltr'><strong><em>tertio</em></strong></span> <span class='ocrx_word' id='word_1_68' title='bbox 2641 909 2776 965; x_wconf 90' lang='lat' dir='ltr'><strong><em>visus</em></strong></span> <span class='ocrx_word' id='word_1_69' title='bbox 2819 918 2894 966; x_wconf 88' lang='lat' dir='ltr'><strong><em>est</em></strong></span> <span class='ocrx_word' id='word_1_70' title='bbox 2917 909 3161 979; x_wconf 70' lang='lat' dir='ltr'><strong><em>Abrahae,</em></strong></span> <span class='ocrx_word' id='word_1_71' title='bbox 3199 916 3247 963; x_wconf 84' lang='lat' dir='ltr'><strong><em>et</em></strong></span> <span class='ocrx_word' id='word_1_72' title='bbox 3292 906 3461 978; x_wconf 90' lang='lat' dir='ltr'><strong><em>ﬁlium</em></strong></span> 
     </span>
    </p>
   </div>
   <div class='ocr_carea' id='block_1_9' title="bbox 212 997 2204 1071">
    <p class='ocr_par' dir='ltr' id='par_1_9' title="bbox 212 997 2204 1071">
     <span class='ocr_line' id='line_1_9' title="bbox 212 997 2204 1071; baseline -0.003 -12"><span class='ocrx_word' id='word_1_73' title='bbox 212 999 411 1059; x_wconf 86' lang='lat' dir='ltr'><strong>XXXIII.</strong></span> <span class='ocrx_word' id='word_1_74' title='bbox 449 999 528 1055; x_wconf 92' lang='lat' dir='ltr'><strong><em>De</em></strong></span> <span class='ocrx_word' id='word_1_75' title='bbox 557 1000 768 1056; x_wconf 72' lang='lat' dir='ltr'><strong><em>musica:</em></strong></span> <span class='ocrx_word' id='word_1_76' title='bbox 793 1000 920 1054; x_wconf 91' lang='lat' dir='ltr'><strong><em>artis</em></strong></span> <span class='ocrx_word' id='word_1_77' title='bbox 948 997 977 1039; x_wconf 71' lang='grc' dir='ltr'><strong><em>ι’</em></strong></span> <span class='ocrx_word' id='word_1_78' title='bbox 1006 999 1233 1054; x_wconf 93' lang='lat' dir='ltr'><strong><em>vindicta</em></strong></span> <span class='ocrx_word' id='word_1_79' title='bbox 1255 999 1499 1054; x_wconf 86' lang='lat' dir='ltr'><strong><em>Lamech.</em></strong></span> <span class='ocrx_word' id='word_1_80' title='bbox 1929 999 2204 1071; x_wconf 77' lang='lat' dir='ltr'><strong><em>promittit.</em></strong></span> 
     </span>
    </p>
   </div>
   <div class='ocr_carea' id='block_1_10' title="bbox 210 1090 3461 1169">
    <p class='ocr_par' dir='ltr' id='par_1_10' title="bbox 210 1090 3461 1169">
     <span class='ocr_line' id='line_1_10' title="bbox 210 1090 3461 1169; baseline -0.002 -16"><span class='ocrx_word' id='word_1_81' title='bbox 210 1094 410 1154; x_wconf 86' lang='lat' dir='ltr'><strong>XXXIV.</strong></span> <span class='ocrx_word' id='word_1_82' title='bbox 451 1093 548 1151; x_wconf 91' lang='lat' dir='ltr'><strong><em>Ubi</em></strong></span> <span class='ocrx_word' id='word_1_83' title='bbox 569 1095 737 1149; x_wconf 89' lang='lat' dir='ltr'><strong><em>Adam</em></strong></span> <span class='ocrx_word' id='word_1_84' title='bbox 763 1111 946 1152; x_wconf 87' lang='lat' dir='ltr'><strong><em>rursus</em></strong></span> <span class='ocrx_word' id='word_1_85' title='bbox 967 1094 1107 1164; x_wconf 87' lang='lat' dir='ltr'><strong><em>ﬁlios</em></strong></span> <span class='ocrx_word' id='word_1_86' title='bbox 1136 1093 1381 1166; x_wconf 83' lang='lat' dir='ltr'><strong><em>suscepit.</em></strong></span> <span class='ocrx_word' id='word_1_87' title='bbox 1859 1090 2118 1152; x_wconf 80' lang='lat' dir='ltr'><strong>LXXVII.</strong></span> <span class='ocrx_word' id='word_1_88' title='bbox 2160 1095 2419 1152; x_wconf 83' lang='lat' dir='ltr'><strong><em>Abraham</em></strong></span> <span class='ocrx_word' id='word_1_89' title='bbox 2448 1097 2665 1154; x_wconf 82' lang='lat' dir='ltr'><strong><em>credidit</em></strong></span> <span class='ocrx_word' id='word_1_90' title='bbox 2691 1096 2823 1166; x_wconf 91' lang='lat' dir='ltr'><strong><em>Deo,</em></strong></span> <span class='ocrx_word' id='word_1_91' title='bbox 2855 1106 2902 1152; x_wconf 92' lang='lat' dir='ltr'><strong><em>et</em></strong></span> <span class='ocrx_word' id='word_1_92' title='bbox 2928 1104 3228 1169; x_wconf 88' lang='lat' dir='ltr'><strong><em>reputatum</em></strong></span> <span class='ocrx_word' id='word_1_93' title='bbox 3255 1103 3333 1150; x_wconf 87' lang='lat' dir='ltr'><strong><em>est</em></strong></span> <span class='ocrx_word' id='word_1_94' title='bbox 3360 1091 3461 1148; x_wconf 86' lang='lat' dir='ltr'><strong><em>illi.</em></strong></span> 
     </span>
    </p>
   </div>
   <div class='ocr_carea' id='block_1_11' title="bbox 209 1183 3067 1266">
    <p class='ocr_par' dir='ltr' id='par_1_11' title="bbox 209 1183 3067 1266">
     <span class='ocr_line' id='line_1_11' title="bbox 209 1183 3067 1266; baseline -0.001 -19"><span class='ocrx_word' id='word_1_95' title='bbox 209 1186 388 1247; x_wconf 83' lang='lat' dir='ltr'><strong>XXXV.</strong></span> <span class='ocrx_word' id='word_1_96' title='bbox 425 1186 810 1260; x_wconf 88' lang='lat' dir='ltr'><strong><em>Decapitulatio</em></strong></span> <span class='ocrx_word' id='word_1_97' title='bbox 859 1188 1026 1261; x_wconf 80' lang='lat' dir='ltr'><strong><em>[Lege</em></strong></span> <span class='ocrx_word' id='word_1_98' title='bbox 1076 1186 1490 1259; x_wconf 84' lang='lat' dir='ltr'><strong><em>Recapitulatio]</em></strong></span> <span class='ocrx_word' id='word_1_99' title='bbox 1546 1185 1759 1254; x_wconf 77' lang='lat' dir='ltr'><strong><em>fabrica:</em></strong></span> <span class='ocrx_word' id='word_1_100' title='bbox 1859 1183 2456 1266; x_wconf 20' lang='lat' dir='ltr'><strong><em>LXXVIII.‘Abraham</em></strong></span> <span class='ocrx_word' id='word_1_101' title='bbox 2485 1209 2576 1264; x_wconf 85' lang='lat' dir='ltr'><strong><em>per</em></strong></span> <span class='ocrx_word' id='word_1_102' title='bbox 2600 1192 2749 1264; x_wconf 87' lang='lat' dir='ltr'><strong><em>signa</em></strong></span> <span class='ocrx_word' id='word_1_103' title='bbox 2779 1191 3067 1260; x_wconf 88' lang='lat' dir='ltr'><strong><em>sacriﬁcat.</em></strong></span> 
     </span>
    </p>
   </div>
   <div class='ocr_carea' id='block_1_12' title="bbox 262 1279 3452 1359">
    <p class='ocr_par' dir='ltr' id='par_1_12' title="bbox 262 1279 3452 1359">
     <span class='ocr_line' id='line_1_12' title="bbox 262 1279 3452 1359; baseline -0.001 -21"><span class='ocrx_word' id='word_1_104' title='bbox 262 1283 388 1338; x_wconf 71' lang='lat' dir='ltr'><strong><em>Adae.</em></strong></span> <span class='ocrx_word' id='word_1_105' title='bbox 1859 1279 2099 1337; x_wconf 85' lang='lat' dir='ltr'><strong>LXXIX.</strong></span> <span class='ocrx_word' id='word_1_106' title='bbox 2137 1281 2531 1341; x_wconf 90' lang='lat' dir='ltr'><strong><em>Destamentum</em></strong></span> <span class='ocrx_word' id='word_1_107' title='bbox 2553 1284 2718 1359; x_wconf 73' lang='lat' dir='ltr'><strong><em>[Lege</em></strong></span> <span class='ocrx_word' id='word_1_108' title='bbox 2740 1282 3146 1356; x_wconf 82' lang='lat' dir='ltr'><strong><em>Testamentum]</em></strong></span> <span class='ocrx_word' id='word_1_109' title='bbox 3173 1280 3452 1338; x_wconf 84' lang='lat' dir='ltr'><strong><em>Abraham.</em></strong></span> 
     </span>
    </p>
   </div>
   <div class='ocr_carea' id='block_1_13' title="bbox 208 1373 2571 1444">
    <p class='ocr_par' dir='ltr' id='par_1_13' title="bbox 208 1373 2571 1444">
     <span class='ocr_line' id='line_1_13' title="bbox 208 1373 2571 1444; baseline -0.001 -11"><span class='ocrx_word' id='word_1_110' title='bbox 208 1374 408 1433; x_wconf 84' lang='lat' dir='ltr'><strong>XXXVI.</strong></span> <span class='ocrx_word' id='word_1_111' title='bbox 451 1374 547 1431; x_wconf 85' lang='lat' dir='ltr'><strong><em>Ubi</em></strong></span> <span class='ocrx_word' id='word_1_112' title='bbox 576 1375 746 1430; x_wconf 89' lang='lat' dir='ltr'><strong><em>Adam</em></strong></span> <span class='ocrx_word' id='word_1_113' title='bbox 773 1376 1014 1431; x_wconf 89' lang='lat' dir='ltr'><strong><em>moritur.</em></strong></span> <span class='ocrx_word' id='word_1_114' title='bbox 1795 1437 1804 1444; x_wconf 50' lang='grc'><em>,</em></span> <span class='ocrx_word' id='word_1_115' title='bbox 1860 1373 2078 1430; x_wconf 85' lang='lat' dir='ltr'><strong>LXXX.</strong></span> <span class='ocrx_word' id='word_1_116' title='bbox 2125 1375 2223 1432; x_wconf 92' lang='lat' dir='ltr'><strong><em>Ubi</em></strong></span> <span class='ocrx_word' id='word_1_117' title='bbox 2247 1377 2408 1432; x_wconf 89' lang='lat' dir='ltr'><strong><em>Sarai</em></strong></span> <span class='ocrx_word' id='word_1_118' title='bbox 2436 1379 2571 1433; x_wconf 83' lang='lat' dir='ltr'><strong><em>risit.</em></strong></span> 
     </span>
    </p>
   </div>
   <div class='ocr_carea' id='block_1_14' title="bbox 208 1467 2606 1544">
    <p class='ocr_par' dir='ltr' id='par_1_14' title="bbox 208 1467 2606 1544">
     <span class='ocr_line' id='line_1_14' title="bbox 208 1467 2606 1544; baseline 0 -19"><span class='ocrx_word' id='word_1_119' title='bbox 208 1467 425 1526; x_wconf 78' lang='lat' dir='ltr'><strong>XXXVII.</strong></span> <span class='ocrx_word' id='word_1_120' title='bbox 468 1467 650 1524; x_wconf 83' lang='lat' dir='ltr'><strong><em>Enoch</em></strong></span> <span class='ocrx_word' id='word_1_121' title='bbox 673 1469 761 1524; x_wconf 90' lang='lat' dir='ltr'><strong><em>ubi</em></strong></span> <span class='ocrx_word' id='word_1_122' title='bbox 790 1469 1076 1525; x_wconf 89' lang='lat' dir='ltr'><strong><em>translatus</em></strong></span> <span class='ocrx_word' id='word_1_123' title='bbox 1106 1477 1202 1524; x_wconf 94' lang='lat' dir='ltr'><strong><em>est.</em></strong></span> <span class='ocrx_word' id='word_1_124' title='bbox 1861 1467 2102 1524; x_wconf 85' lang='lat' dir='ltr'><strong>LXXXI.</strong></span> <span class='ocrx_word' id='word_1_125' title='bbox 2150 1468 2251 1526; x_wconf 85' lang='lat' dir='ltr'><strong><em>Ubi</em></strong></span> <span class='ocrx_word' id='word_1_126' title='bbox 2275 1469 2419 1544; x_wconf 89' lang='lat' dir='ltr'><strong><em>Agar</em></strong></span> <span class='ocrx_word' id='word_1_127' title='bbox 2451 1471 2606 1543; x_wconf 80' lang='lat' dir='ltr'><strong><em>fugit.</em></strong></span> 
     </span>
    </p>
   </div>
   <div class='ocr_carea' id='block_1_15' title="bbox 205 1559 3464 1636">
    <p class='ocr_par' dir='ltr' id='par_1_15' title="bbox 205 1559 3464 1636">
     <span class='ocr_line' id='line_1_15' title="bbox 205 1559 3464 1636; baseline -0.002 -18"><span class='ocrx_word' id='word_1_128' title='bbox 205 1560 449 1618; x_wconf 81' lang='lat' dir='ltr'><strong>XXXVIII.</strong></span> <span class='ocrx_word' id='word_1_129' title='bbox 492 1560 594 1618; x_wconf 92' lang='lat' dir='ltr'><strong><em>Ubi</em></strong></span> <span class='ocrx_word' id='word_1_130' title='bbox 620 1561 720 1632; x_wconf 83' lang='lat' dir='ltr'><strong><em>ﬁlii</em></strong></span> <span class='ocrx_word' id='word_1_131' title='bbox 749 1559 848 1616; x_wconf 86' lang='lat' dir='ltr'><strong><em>Dei</em></strong></span> <span class='ocrx_word' id='word_1_132' title='bbox 873 1563 1012 1632; x_wconf 84' lang='lat' dir='ltr'><strong><em>ﬁlias</em></strong></span> <span class='ocrx_word' id='word_1_133' title='bbox 1035 1563 1302 1618; x_wconf 88' lang='lat' dir='ltr'><strong><em>hominum</em></strong></span> <span class='ocrx_word' id='word_1_134' title='bbox 1327 1559 1717 1633; x_wconf 89' lang='lat' dir='ltr'><strong><em>concupierunt.</em></strong></span> <span class='ocrx_word' id='word_1_135' title='bbox 1860 1559 2126 1618; x_wconf 83' lang='lat' dir='ltr'><strong>LXXXII.</strong></span> <span class='ocrx_word' id='word_1_136' title='bbox 2175 1561 2275 1618; x_wconf 92' lang='lat' dir='ltr'><strong><em>Ubi</em></strong></span> <span class='ocrx_word' id='word_1_137' title='bbox 2325 1560 2585 1620; x_wconf 81' lang='lat' dir='ltr'><strong><em>Dominus</em></strong></span> <span class='ocrx_word' id='word_1_138' title='bbox 2651 1563 2912 1620; x_wconf 76' lang='lat' dir='ltr'><strong><em>Abraham</em></strong></span> <span class='ocrx_word' id='word_1_139' title='bbox 2979 1571 3176 1636; x_wconf 84' lang='lat' dir='ltr'><strong><em>patrem</em></strong></span> <span class='ocrx_word' id='word_1_140' title='bbox 3234 1559 3464 1632; x_wconf 85' lang='lat' dir='ltr'><strong><em>gentium</em></strong></span> 
     </span>
    </p>
   </div>
   <div class='ocr_carea' id='block_1_16' title="bbox 206 1652 2224 1727">
    <p class='ocr_par' dir='ltr' id='par_1_16' title="bbox 206 1652 2224 1727">
     <span class='ocr_line' id='line_1_16' title="bbox 206 1652 2224 1727; baseline 0.001 -17"><span class='ocrx_word' id='word_1_141' title='bbox 206 1652 408 1710; x_wconf 85' lang='lat' dir='ltr'><strong>XXXIX.</strong></span> <span class='ocrx_word' id='word_1_142' title='bbox 452 1652 549 1709; x_wconf 85' lang='lat' dir='ltr'><strong><em>Ubi</em></strong></span> <span class='ocrx_word' id='word_1_143' title='bbox 576 1655 740 1710; x_wconf 90' lang='lat' dir='ltr'><strong><em>iratus</em></strong></span> <span class='ocrx_word' id='word_1_144' title='bbox 777 1655 1034 1711; x_wconf 87' lang='lat' dir='ltr'><strong><em>Dominus</em></strong></span> <span class='ocrx_word' id='word_1_145' title='bbox 1070 1656 1226 1711; x_wconf 89' lang='lat' dir='ltr'><strong><em>vitam</em></strong></span> <span class='ocrx_word' id='word_1_146' title='bbox 1256 1655 1523 1710; x_wconf 87' lang='lat' dir='ltr'><strong><em>hominum</em></strong></span> <span class='ocrx_word' id='word_1_147' title='bbox 1558 1654 1610 1709; x_wconf 92' lang='lat' dir='ltr'><strong><em>in</em></strong></span> <span class='ocrx_word' id='word_1_148' title='bbox 1651 1666 1758 1709; x_wconf 74' lang='lat' dir='ltr'><strong><em>cxx</em></strong></span> <span class='ocrx_word' id='word_1_149' title='bbox 1931 1655 2224 1727; x_wconf 87' lang='lat' dir='ltr'><strong><em>pollicetur.</em></strong></span> 
     </span>
    </p>
   </div>
   <div class='ocr_carea' id='block_1_17' title="bbox 257 1747 3108 1825">
    <p class='ocr_par' dir='ltr' id='par_1_17' title="bbox 257 1747 3108 1825">
     <span class='ocr_line' id='line_1_17' title="bbox 257 1747 3108 1825; baseline 0.001 -23"><span class='ocrx_word' id='word_1_150' title='bbox 257 1765 397 1802; x_wconf 88' lang='lat' dir='ltr'><strong><em>annos</em></strong></span> <span class='ocrx_word' id='word_1_151' title='bbox 417 1748 680 1804; x_wconf 85' lang='lat' dir='ltr'><strong><em>terminat.</em></strong></span> <span class='ocrx_word' id='word_1_152' title='bbox 1861 1747 2152 1806; x_wconf 89' lang='lat' dir='ltr'><strong>LXXXIII.</strong></span> <span class='ocrx_word' id='word_1_153' title='bbox 2199 1748 2301 1806; x_wconf 85' lang='lat' dir='ltr'><strong><em>Ubi</em></strong></span> <span class='ocrx_word' id='word_1_154' title='bbox 2325 1767 2442 1807; x_wconf 92' lang='lat' dir='ltr'><strong><em>eum</em></strong></span> <span class='ocrx_word' id='word_1_155' title='bbox 2464 1750 2603 1808; x_wconf 87' lang='lat' dir='ltr'><strong><em>Deus</em></strong></span> <span class='ocrx_word' id='word_1_156' title='bbox 2625 1750 2928 1807; x_wconf 89' lang='lat' dir='ltr'><strong><em>circumcidi</em></strong></span> <span class='ocrx_word' id='word_1_157' title='bbox 2936 1750 3108 1825; x_wconf 87' lang='lat' dir='ltr'><strong><em>jubet.</em></strong></span> 
     </span>
    </p>
   </div>
   <div class='ocr_carea' id='block_1_18' title="bbox 206 1836 3160 1920">
    <p class='ocr_par' dir='ltr' id='par_1_18' title="bbox 206 1836 3160 1920">
     <span class='ocr_line' id='line_1_18' title="bbox 206 1836 3160 1920; baseline 0 -20"><span class='ocrx_word' id='word_1_158' title='bbox 206 1842 291 1900; x_wconf 89' lang='lat' dir='ltr'><strong>XL.</strong></span> <span class='ocrx_word' id='word_1_159' title='bbox 325 1842 397 1901; x_wconf 91' lang='lat' dir='ltr'><strong><em>De</em></strong></span> <span class='ocrx_word' id='word_1_160' title='bbox 422 1843 751 1918; x_wconf 84' lang='lat' dir='ltr'><strong><em>Gigantibus.</em></strong></span> <span class='ocrx_word' id='word_1_161' title='bbox 1786 1836 1836 1900; x_wconf 89' lang='grc' dir='ltr'><strong>Β</strong></span> <span class='ocrx_word' id='word_1_162' title='bbox 1863 1844 2152 1902; x_wconf 84' lang='lat' dir='ltr'><strong>LXXXIV.</strong></span> <span class='ocrx_word' id='word_1_163' title='bbox 2199 1844 2299 1902; x_wconf 91' lang='lat' dir='ltr'><strong><em>Ubi</em></strong></span> <span class='ocrx_word' id='word_1_164' title='bbox 2319 1847 2580 1902; x_wconf 79' lang='lat' dir='ltr'><strong><em>Abraham</em></strong></span> <span class='ocrx_word' id='word_1_165' title='bbox 2613 1863 2707 1920; x_wconf 85' lang='lat' dir='ltr'><strong><em>pro</em></strong></span> <span class='ocrx_word' id='word_1_166' title='bbox 2730 1845 2964 1902; x_wconf 83' lang='lat' dir='ltr'><strong><em>Hismael</em></strong></span> <span class='ocrx_word' id='word_1_167' title='bbox 2991 1854 3160 1920; x_wconf 85' lang='lat' dir='ltr'><strong><em>rogat.</em></strong></span> 
     </span>
    </p>
   </div>
   <div class='ocr_carea' id='block_1_19' title="bbox 207 1936 3285 1997">
    <p class='ocr_par' dir='ltr' id='par_1_19' title="bbox 207 1936 3285 1997">
     <span class='ocr_line' id='line_1_19' title="bbox 207 1936 3285 1997; baseline 0.001 -5"><span class='ocrx_word' id='word_1_168' title='bbox 207 1936 313 1993; x_wconf 93' lang='lat' dir='ltr'><strong>XLI.</strong></span> <span class='ocrx_word' id='word_1_169' title='bbox 347 1936 437 1993; x_wconf 86' lang='lat' dir='ltr'><strong><em>Ubi</em></strong></span> <span class='ocrx_word' id='word_1_170' title='bbox 465 1937 730 1994; x_wconf 88' lang='lat' dir='ltr'><strong><em>hominem</em></strong></span> <span class='ocrx_word' id='word_1_171' title='bbox 761 1937 901 1995; x_wconf 89' lang='lat' dir='ltr'><strong><em>Deus</em></strong></span> <span class='ocrx_word' id='word_1_172' title='bbox 929 1939 1104 1996; x_wconf 87' lang='lat' dir='ltr'><strong><em>delere</em></strong></span> <span class='ocrx_word' id='word_1_173' title='bbox 1118 1940 1368 1996; x_wconf 87' lang='lat' dir='ltr'><strong><em>minatur.</em></strong></span> <span class='ocrx_word' id='word_1_174' title='bbox 1863 1937 2128 1996; x_wconf 85' lang='lat' dir='ltr'><strong>LXXXV.</strong></span> <span class='ocrx_word' id='word_1_175' title='bbox 2175 1939 2276 1996; x_wconf 92' lang='lat' dir='ltr'><strong><em>Ubi</em></strong></span> <span class='ocrx_word' id='word_1_176' title='bbox 2307 1941 2572 1996; x_wconf 83' lang='lat' dir='ltr'><strong><em>Abraham</em></strong></span> <span class='ocrx_word' id='word_1_177' title='bbox 2601 1958 2773 1996; x_wconf 91' lang='lat' dir='ltr'><strong><em>omnes</em></strong></span> <span class='ocrx_word' id='word_1_178' title='bbox 2803 1958 2926 1997; x_wconf 91' lang='lat' dir='ltr'><strong><em>suos</em></strong></span> <span class='ocrx_word' id='word_1_179' title='bbox 2942 1939 3285 1995; x_wconf 89' lang='lat' dir='ltr'><strong><em>circumcidit.</em></strong></span> 
     </span>
    </p>
   </div>
   <div class='ocr_carea' id='block_1_20' title="bbox 205 2027 3471 2106">
    <p class='ocr_par' dir='ltr' id='par_1_20' title="bbox 205 2027 3471 2106">
     <span class='ocr_line' id='line_1_20' title="bbox 205 2027 3471 2106; baseline -0 -19"><span class='ocrx_word' id='word_1_180' title='bbox 205 2029 333 2087; x_wconf 87' lang='lat' dir='ltr'><strong>XLII.</strong></span> <span class='ocrx_word' id='word_1_181' title='bbox 369 2027 735 2087; x_wconf 85' lang='lat' dir='ltr'><strong><em>Generationes</em></strong></span> <span class='ocrx_word' id='word_1_182' title='bbox 766 2030 819 2086; x_wconf 87' lang='grc' dir='ltr'><strong><em>Ν</em></strong></span> <span class='ocrx_word' id='word_1_183' title='bbox 826 2049 934 2089; x_wconf 75' lang='lat' dir='ltr'><strong><em>ova:</em></strong></span> <span class='ocrx_word' id='word_1_184' title='bbox 955 2031 1122 2106; x_wconf 77' lang='lat' dir='ltr'><strong><em>[Lege</em></strong></span> <span class='ocrx_word' id='word_1_185' title='bbox 1146 2031 1305 2106; x_wconf 86' lang='lat' dir='ltr'><strong><em>Noe].</em></strong></span> <span class='ocrx_word' id='word_1_186' title='bbox 1864 2030 2154 2088; x_wconf 91' lang='lat' dir='ltr'><strong>LXXXVI.</strong></span> <span class='ocrx_word' id='word_1_187' title='bbox 2199 2031 2298 2089; x_wconf 88' lang='lat' dir='ltr'><strong><em>Ubi</em></strong></span> <span class='ocrx_word' id='word_1_188' title='bbox 2326 2032 2588 2090; x_wconf 82' lang='lat' dir='ltr'><strong><em>Dominus</em></strong></span> <span class='ocrx_word' id='word_1_189' title='bbox 2614 2050 2733 2088; x_wconf 87' lang='lat' dir='ltr'><strong><em>cum</em></strong></span> <span class='ocrx_word' id='word_1_190' title='bbox 2773 2033 2975 2088; x_wconf 91' lang='lat' dir='ltr'><strong><em>duobus</em></strong></span> <span class='ocrx_word' id='word_1_191' title='bbox 3009 2034 3141 2089; x_wconf 87' lang='lat' dir='ltr'><strong><em>venit</em></strong></span> <span class='ocrx_word' id='word_1_192' title='bbox 3171 2030 3264 2088; x_wconf 89' lang='lat' dir='ltr'><strong><em>sub</em></strong></span> <span class='ocrx_word' id='word_1_193' title='bbox 3287 2029 3471 2086; x_wconf 90' lang='lat' dir='ltr'><strong><em>arbore</em></strong></span> 
     </span>
    </p>
   </div>
   <div class='ocr_carea' id='block_1_21' title="bbox 207 2122 2192 2200">
    <p class='ocr_par' dir='ltr' id='par_1_21' title="bbox 207 2122 2192 2200">
     <span class='ocr_line' id='line_1_21' title="bbox 207 2122 2192 2200; baseline 0.002 -20"><span class='ocrx_word' id='word_1_194' title='bbox 207 2122 353 2180; x_wconf 79' lang='lat' dir='ltr'><strong>XLIII.</strong></span> <span class='ocrx_word' id='word_1_195' title='bbox 393 2123 487 2180; x_wconf 86' lang='lat' dir='ltr'><strong><em>Ubi</em></strong></span> <span class='ocrx_word' id='word_1_196' title='bbox 515 2123 668 2181; x_wconf 87' lang='lat' dir='ltr'><strong><em>Deus</em></strong></span> <span class='ocrx_word' id='word_1_197' title='bbox 696 2142 868 2180; x_wconf 87' lang='lat' dir='ltr'><strong><em>arcam</em></strong></span> <span class='ocrx_word' id='word_1_198' title='bbox 889 2126 1005 2196; x_wconf 81' lang='lat' dir='ltr'><strong><em>ﬁeri</em></strong></span> <span class='ocrx_word' id='word_1_199' title='bbox 1026 2126 1195 2200; x_wconf 87' lang='lat' dir='ltr'><strong><em>jubet.</em></strong></span> <span class='ocrx_word' id='word_1_200' title='bbox 1937 2125 2192 2183; x_wconf 85' lang='lat' dir='ltr'><strong><em>Mambre.</em></strong></span> 
     </span>
    </p>
   </div>
   <div class='ocr_carea' id='block_1_22' title="bbox 204 2217 3295 2294">
    <p class='ocr_par' dir='ltr' id='par_1_22' title="bbox 204 2217 3295 2294">
     <span class='ocr_line' id='line_1_22' title="bbox 204 2217 3295 2294; baseline 0 -18"><span class='ocrx_word' id='word_1_201' title='bbox 204 2217 351 2276; x_wconf 83' lang='lat' dir='ltr'><strong>XLIV.</strong></span> <span class='ocrx_word' id='word_1_202' title='bbox 391 2217 486 2276; x_wconf 87' lang='lat' dir='ltr'><strong><em>Ubi</em></strong></span> <span class='ocrx_word' id='word_1_203' title='bbox 507 2217 632 2274; x_wconf 86' lang='lat' dir='ltr'><strong><em>Noe</em></strong></span> <span class='ocrx_word' id='word_1_204' title='bbox 657 2220 711 2275; x_wconf 90' lang='lat' dir='ltr'><strong><em>in</em></strong></span> <span class='ocrx_word' id='word_1_205' title='bbox 733 2237 857 2275; x_wconf 87' lang='lat' dir='ltr'><strong><em>arca</em></strong></span> <span class='ocrx_word' id='word_1_206' title='bbox 885 2220 1109 2277; x_wconf 87' lang='lat' dir='ltr'><strong><em>introiit.</em></strong></span> <span class='ocrx_word' id='word_1_207' title='bbox 1864 2218 2174 2276; x_wconf 83' lang='lat' dir='ltr'><strong>LXXXVII.</strong></span> <span class='ocrx_word' id='word_1_208' title='bbox 2219 2221 2319 2278; x_wconf 91' lang='lat' dir='ltr'><strong><em>Ubi</em></strong></span> <span class='ocrx_word' id='word_1_209' title='bbox 2345 2223 2609 2278; x_wconf 90' lang='lat' dir='ltr'><strong><em>Abraham</em></strong></span> <span class='ocrx_word' id='word_1_210' title='bbox 2631 2223 2696 2280; x_wconf 92' lang='lat' dir='ltr'><strong><em>de</em></strong></span> <span class='ocrx_word' id='word_1_211' title='bbox 2717 2222 2964 2282; x_wconf 88' lang='lat' dir='ltr'><strong><em>Sodomis</em></strong></span> <span class='ocrx_word' id='word_1_212' title='bbox 2986 2223 3295 2294; x_wconf 88' lang='lat' dir='ltr'><strong><em>interrogat.</em></strong></span> 
     </span>
    </p>
   </div>
   <div class='ocr_carea' id='block_1_23' title="bbox 205 2302 3218 2391">
    <p class='ocr_par' dir='ltr' id='par_1_23' title="bbox 205 2302 3218 2391">
     <span class='ocr_line' id='line_1_23' title="bbox 205 2302 3218 2391; baseline 0.001 -23"><span class='ocrx_word' id='word_1_213' title='bbox 205 2311 333 2368; x_wconf 83' lang='lat' dir='ltr'><strong>XLV.</strong></span> <span class='ocrx_word' id='word_1_214' title='bbox 375 2311 468 2369; x_wconf 88' lang='lat' dir='ltr'><strong><em>Ubi</em></strong></span> <span class='ocrx_word' id='word_1_215' title='bbox 490 2314 751 2369; x_wconf 83' lang='lat' dir='ltr'><strong><em>diluvium</em></strong></span> <span class='ocrx_word' id='word_1_216' title='bbox 782 2316 980 2387; x_wconf 78' lang='lat' dir='ltr'><strong><em>factum</em></strong></span> <span class='ocrx_word' id='word_1_217' title='bbox 1002 2326 1096 2372; x_wconf 89' lang='lat' dir='ltr'><strong><em>est.</em></strong></span> <span class='ocrx_word' id='word_1_218' title='bbox 1388 2302 1396 2310; x_wconf 69' lang='grc'><em>’</em></span> <span class='ocrx_word' id='word_1_219' title='bbox 1864 2312 2200 2371; x_wconf 89' lang='lat' dir='ltr'><strong>LXXXVIII.</strong></span> <span class='ocrx_word' id='word_1_220' title='bbox 2244 2315 2458 2373; x_wconf 89' lang='lat' dir='ltr'><strong><em>UbiLot</em></strong></span> <span class='ocrx_word' id='word_1_221' title='bbox 2478 2317 2692 2390; x_wconf 85' lang='lat' dir='ltr'><strong><em>angelos</em></strong></span> <span class='ocrx_word' id='word_1_222' title='bbox 2723 2317 2948 2391; x_wconf 90' lang='lat' dir='ltr'><strong><em>hospitio</em></strong></span> <span class='ocrx_word' id='word_1_223' title='bbox 2977 2316 3218 2386; x_wconf 85' lang='lat' dir='ltr'><strong><em>suscipit.</em></strong></span> 
     </span>
    </p>
   </div>
   <div class='ocr_carea' id='block_1_24' title="bbox 207 2405 2656 2484">
    <p class='ocr_par' dir='ltr' id='par_1_24' title="bbox 207 2405 2656 2484">
     <span class='ocr_line' id='line_1_24' title="bbox 207 2405 2656 2484; baseline 0.002 -22"><span class='ocrx_word' id='word_1_224' title='bbox 207 2405 355 2462; x_wconf 88' lang='lat' dir='ltr'><strong>XLVI.</strong></span> <span class='ocrx_word' id='word_1_225' title='bbox 398 2405 492 2463; x_wconf 90' lang='lat' dir='ltr'><strong><em>Ubi</em></strong></span> <span class='ocrx_word' id='word_1_226' title='bbox 522 2405 726 2462; x_wconf 79' lang='lat' dir='ltr'><strong><em>Corvus</em></strong></span> <span class='ocrx_word' id='word_1_227' title='bbox 754 2408 1054 2463; x_wconf 88' lang='lat' dir='ltr'><strong><em>dimittitur.</em></strong></span> <span class='ocrx_word' id='word_1_228' title='bbox 1865 2407 2157 2464; x_wconf 86' lang='lat' dir='ltr'><strong>LXXXIX.</strong></span> <span class='ocrx_word' id='word_1_229' title='bbox 2199 2409 2299 2465; x_wconf 90' lang='lat' dir='ltr'><strong><em>Lot</em></strong></span> <span class='ocrx_word' id='word_1_230' title='bbox 2329 2411 2399 2465; x_wconf 85' lang='lat' dir='ltr'><strong><em>ad</em></strong></span> <span class='ocrx_word' id='word_1_231' title='bbox 2421 2427 2656 2484; x_wconf 87' lang='lat' dir='ltr'><strong><em>generos.</em></strong></span> 
     </span>
    </p>
   </div>
   <div class='ocr_carea' id='block_1_25' title="bbox 205 2498 3266 2576">
    <p class='ocr_par' dir='ltr' id='par_1_25' title="bbox 205 2498 3266 2576">
     <span class='ocr_line' id='line_1_25' title="bbox 205 2498 3266 2576; baseline 0.001 -21"><span class='ocrx_word' id='word_1_232' title='bbox 205 2498 373 2556; x_wconf 84' lang='lat' dir='ltr'><strong>XLVII.</strong></span> <span class='ocrx_word' id='word_1_233' title='bbox 412 2499 506 2556; x_wconf 89' lang='lat' dir='ltr'><strong><em>Ubi</em></strong></span> <span class='ocrx_word' id='word_1_234' title='bbox 533 2499 610 2555; x_wconf 86' lang='lat' dir='ltr'><strong><em>de</em></strong></span> <span class='ocrx_word' id='word_1_235' title='bbox 635 2501 771 2556; x_wconf 84' lang='lat' dir='ltr'><strong><em>Area</em></strong></span> <span class='ocrx_word' id='word_1_236' title='bbox 797 2501 938 2556; x_wconf 76' lang='lat' dir='ltr'><strong><em>exire</em></strong></span> <span class='ocrx_word' id='word_1_237' title='bbox 956 2501 1207 2574; x_wconf 86' lang='lat' dir='ltr'><strong><em>jubentur</em></strong></span> <span class='ocrx_word' id='word_1_238' title='bbox 1240 2501 1360 2558; x_wconf 89' lang='lat' dir='ltr'><strong><em>Noe</em></strong></span> <span class='ocrx_word' id='word_1_239' title='bbox 1386 2509 1434 2556; x_wconf 83' lang='lat' dir='ltr'><strong><em>et</em></strong></span> <span class='ocrx_word' id='word_1_240' title='bbox 1464 2501 1565 2572; x_wconf 75' lang='lat' dir='ltr'><strong><em>filii</em></strong></span> <span class='ocrx_word' id='word_1_241' title='bbox 1593 2501 1725 2574; x_wconf 86' lang='lat' dir='ltr'><strong><em>ejus.</em></strong></span> <span class='ocrx_word' id='word_1_242' title='bbox 1865 2499 1980 2556; x_wconf 88' lang='lat' dir='ltr'><strong>XC.</strong></span> <span class='ocrx_word' id='word_1_243' title='bbox 2026 2500 2125 2556; x_wconf 90' lang='lat' dir='ltr'><strong><em>Ubi</em></strong></span> <span class='ocrx_word' id='word_1_244' title='bbox 2147 2502 2273 2572; x_wconf 75' lang='lat' dir='ltr'><strong><em>ﬁlia:</em></strong></span> <span class='ocrx_word' id='word_1_245' title='bbox 2303 2501 2402 2558; x_wconf 88' lang='lat' dir='ltr'><strong><em>Lot</em></strong></span> <span class='ocrx_word' id='word_1_246' title='bbox 2427 2504 2498 2558; x_wconf 90' lang='lat' dir='ltr'><strong><em>ad</em></strong></span> <span class='ocrx_word' id='word_1_247' title='bbox 2527 2514 2724 2575; x_wconf 88' lang='lat' dir='ltr'><strong><em>patrem</em></strong></span> <span class='ocrx_word' id='word_1_248' title='bbox 2752 2505 3044 2559; x_wconf 89' lang='lat' dir='ltr'><strong><em>intrarunt.</em></strong></span> <span class='ocrx_word' id='word_1_249' title='bbox 3263 2573 3266 2576; x_wconf 8' lang='grc' dir='ltr'><strong><em>ἢ</em></strong></span> 
     </span>
    </p>
   </div>
   <div class='ocr_carea' id='block_1_26' title="bbox 207 2591 3351 2669">
    <p class='ocr_par' dir='ltr' id='par_1_26' title="bbox 207 2591 3351 2669">
     <span class='ocr_line' id='line_1_26' title="bbox 207 2591 3351 2669; baseline -0 -19"><span class='ocrx_word' id='word_1_250' title='bbox 207 2591 396 2650; x_wconf 82' lang='lat' dir='ltr'><strong>XLVIII.</strong></span> <span class='ocrx_word' id='word_1_251' title='bbox 431 2592 530 2650; x_wconf 88' lang='lat' dir='ltr'><strong><em>Ubi</em></strong></span> <span class='ocrx_word' id='word_1_252' title='bbox 555 2592 820 2650; x_wconf 84' lang='lat' dir='ltr'><strong><em>Dominus</em></strong></span> <span class='ocrx_word' id='word_1_253' title='bbox 847 2594 1125 2666; x_wconf 83' lang='lat' dir='ltr'><strong><em>pollicetur</em></strong></span> <span class='ocrx_word' id='word_1_254' title='bbox 1141 2598 1260 2669; x_wconf 90' lang='lat' dir='ltr'><strong><em>jam</em></strong></span> <span class='ocrx_word' id='word_1_255' title='bbox 1288 2612 1392 2651; x_wconf 90' lang='lat' dir='ltr'><strong><em>non</em></strong></span> <span class='ocrx_word' id='word_1_256' title='bbox 1417 2595 1765 2652; x_wconf 76' lang='lat' dir='ltr'><strong><em>exterminare</em></strong></span> <span class='ocrx_word' id='word_1_257' title='bbox 1868 2592 2004 2651; x_wconf 90' lang='lat' dir='ltr'><strong>XCI.</strong></span> <span class='ocrx_word' id='word_1_258' title='bbox 2049 2594 2150 2650; x_wconf 90' lang='lat' dir='ltr'><strong><em>Ubi</em></strong></span> <span class='ocrx_word' id='word_1_259' title='bbox 2170 2595 2436 2651; x_wconf 84' lang='lat' dir='ltr'><strong><em>Abraham</em></strong></span> <span class='ocrx_word' id='word_1_260' title='bbox 2464 2614 2678 2654; x_wconf 74' lang='lat' dir='ltr'><strong><em>uxorem</em></strong></span> <span class='ocrx_word' id='word_1_261' title='bbox 2697 2614 2846 2653; x_wconf 89' lang='lat' dir='ltr'><strong><em>suam</em></strong></span> <span class='ocrx_word' id='word_1_262' title='bbox 2875 2596 3073 2652; x_wconf 86' lang='lat' dir='ltr'><strong><em>vocavit</em></strong></span> <span class='ocrx_word' id='word_1_263' title='bbox 3100 2610 3351 2652; x_wconf 87' lang='lat' dir='ltr'><strong><em>sororem.</em></strong></span> 
     </span>
    </p>
   </div>
   <div class='ocr_carea' id='block_1_27' title="bbox 261 2686 2986 2762">
    <p class='ocr_par' dir='ltr' id='par_1_27' title="bbox 261 2686 2986 2762">
     <span class='ocr_line' id='line_1_27' title="bbox 261 2686 2986 2762; baseline 0 -18"><span class='ocrx_word' id='word_1_264' title='bbox 261 2691 510 2745; x_wconf 81' lang='lat' dir='ltr'><strong><em>hominem.</em></strong></span> <span class='ocrx_word' id='word_1_265' title='bbox 1867 2686 2030 2744; x_wconf 90' lang='lat' dir='ltr'><strong>XCII.</strong></span> <span class='ocrx_word' id='word_1_266' title='bbox 2069 2688 2333 2745; x_wconf 85' lang='lat' dir='ltr'><strong><em>Abraham</em></strong></span> <span class='ocrx_word' id='word_1_267' title='bbox 2363 2688 2536 2760; x_wconf 84' lang='lat' dir='ltr'><strong><em>ﬁlium</em></strong></span> <span class='ocrx_word' id='word_1_268' title='bbox 2560 2707 2712 2746; x_wconf 89' lang='lat' dir='ltr'><strong><em>suum</em></strong></span> <span class='ocrx_word' id='word_1_269' title='bbox 2736 2690 2986 2762; x_wconf 84' lang='lat' dir='ltr'><strong><em>suscepit.</em></strong></span> 
     </span>
    </p>
   </div>
   <div class='ocr_carea' id='block_1_28' title="bbox 208 2780 2902 2857">
    <p class='ocr_par' dir='ltr' id='par_1_28' title="bbox 208 2780 2902 2857">
     <span class='ocr_line' id='line_1_28' title="bbox 208 2780 2902 2857; baseline -0 -18"><span class='ocrx_word' id='word_1_270' title='bbox 208 2780 357 2839; x_wconf 83' lang='lat' dir='ltr'><strong>XLIX.</strong></span> <span class='ocrx_word' id='word_1_271' title='bbox 390 2781 486 2838; x_wconf 91' lang='lat' dir='ltr'><strong><em>Ubi</em></strong></span> <span class='ocrx_word' id='word_1_272' title='bbox 517 2781 645 2839; x_wconf 87' lang='lat' dir='ltr'><strong><em>Noe</em></strong></span> <span class='ocrx_word' id='word_1_273' title='bbox 671 2782 811 2854; x_wconf 87' lang='lat' dir='ltr'><strong><em>ﬁlios</em></strong></span> <span class='ocrx_word' id='word_1_274' title='bbox 839 2781 1113 2840; x_wconf 85' lang='lat' dir='ltr'><strong><em>benedicit.</em></strong></span> <span class='ocrx_word' id='word_1_275' title='bbox 1869 2780 2054 2838; x_wconf 87' lang='lat' dir='ltr'><strong>XCIII.</strong></span> <span class='ocrx_word' id='word_1_276' title='bbox 2099 2781 2199 2838; x_wconf 91' lang='lat' dir='ltr'><strong><em>Ubi</em></strong></span> <span class='ocrx_word' id='word_1_277' title='bbox 2227 2782 2367 2838; x_wconf 89' lang='lat' dir='ltr'><strong><em>Dens</em></strong></span> <span class='ocrx_word' id='word_1_278' title='bbox 2394 2783 2464 2838; x_wconf 90' lang='lat' dir='ltr'><strong><em>ad</em></strong></span> <span class='ocrx_word' id='word_1_279' title='bbox 2493 2783 2636 2857; x_wconf 90' lang='lat' dir='ltr'><strong><em>Agar</em></strong></span> <span class='ocrx_word' id='word_1_280' title='bbox 2653 2783 2902 2855; x_wconf 85' lang='lat' dir='ltr'><strong><em>loquitur.</em></strong></span> 
     </span>
    </p>
   </div>
   <div class='ocr_carea' id='block_1_29' title="bbox 207 2873 2925 2950">
    <p class='ocr_par' dir='ltr' id='par_1_29' title="bbox 207 2873 2925 2950">
     <span class='ocr_line' id='line_1_29' title="bbox 207 2873 2925 2950; baseline 0 -19"><span class='ocrx_word' id='word_1_281' title='bbox 207 2876 253 2931; x_wconf 93' lang='lat' dir='ltr'><strong><em>L.</em></strong></span> <span class='ocrx_word' id='word_1_282' title='bbox 291 2877 406 2946; x_wconf 82' lang='lat' dir='ltr'><strong><em>Quia</em></strong></span> <span class='ocrx_word' id='word_1_283' title='bbox 425 2877 648 2950; x_wconf 84' lang='lat' dir='ltr'><strong><em>sanguis</em></strong></span> <span class='ocrx_word' id='word_1_284' title='bbox 675 2877 855 2932; x_wconf 91' lang='lat' dir='ltr'><strong><em>anima</em></strong></span> <span class='ocrx_word' id='word_1_285' title='bbox 879 2877 967 2947; x_wconf 88' lang='lat' dir='ltr'><strong><em>sit,</em></strong></span> <span class='ocrx_word' id='word_1_286' title='bbox 1013 2885 1061 2932; x_wconf 86' lang='lat' dir='ltr'><strong><em>et</em></strong></span> <span class='ocrx_word' id='word_1_287' title='bbox 1095 2875 1212 2933; x_wconf 90' lang='lat' dir='ltr'><strong><em>ideo</em></strong></span> <span class='ocrx_word' id='word_1_288' title='bbox 1239 2875 1304 2932; x_wconf 93' lang='lat' dir='ltr'><strong><em>ab</em></strong></span> <span class='ocrx_word' id='word_1_289' title='bbox 1331 2893 1420 2933; x_wconf 91' lang='lat' dir='ltr'><strong><em>esu</em></strong></span> <span class='ocrx_word' id='word_1_290' title='bbox 1442 2875 1763 2950; x_wconf 87' lang='lat' dir='ltr'><strong><em>prohibetur.</em></strong></span> <span class='ocrx_word' id='word_1_291' title='bbox 1869 2873 2053 2931; x_wconf 88' lang='lat' dir='ltr'><strong>XCIV.</strong></span> <span class='ocrx_word' id='word_1_292' title='bbox 2099 2874 2200 2932; x_wconf 89' lang='lat' dir='ltr'><strong><em>Ubi</em></strong></span> <span class='ocrx_word' id='word_1_293' title='bbox 2224 2876 2518 2933; x_wconf 89' lang='lat' dir='ltr'><strong><em>Abimelech</em></strong></span> <span class='ocrx_word' id='word_1_294' title='bbox 2548 2877 2618 2932; x_wconf 94' lang='lat' dir='ltr'><strong><em>ad</em></strong></span> <span class='ocrx_word' id='word_1_295' title='bbox 2642 2877 2925 2933; x_wconf 88' lang='lat' dir='ltr'><strong><em>Abraham.</em></strong></span> 
     </span>
    </p>
   </div>
   <div class='ocr_carea' id='block_1_30' title="bbox 207 2968 3050 3044">
    <p class='ocr_par' dir='ltr' id='par_1_30' title="bbox 207 2968 3050 3044">
     <span class='ocr_line' id='line_1_30' title="bbox 207 2968 3050 3044; baseline 0 -19"><span class='ocrx_word' id='word_1_296' title='bbox 207 2968 273 3026; x_wconf 91' lang='lat' dir='ltr'><strong><em>LI.</em></strong></span> <span class='ocrx_word' id='word_1_297' title='bbox 306 2968 374 3023; x_wconf 85' lang='lat' dir='ltr'><strong><em>De</em></strong></span> <span class='ocrx_word' id='word_1_298' title='bbox 395 2985 512 3024; x_wconf 84' lang='lat' dir='ltr'><strong><em>arca</em></strong></span> <span class='ocrx_word' id='word_1_299' title='bbox 535 2969 714 3043; x_wconf 77' lang='lat' dir='ltr'><strong><em>[Lege</em></strong></span> <span class='ocrx_word' id='word_1_300' title='bbox 735 2969 886 3043; x_wconf 87' lang='lat' dir='ltr'><strong><em>arcu]</em></strong></span> <span class='ocrx_word' id='word_1_301' title='bbox 908 2971 963 3024; x_wconf 90' lang='lat' dir='ltr'><strong><em>in</em></strong></span> <span class='ocrx_word' id='word_1_302' title='bbox 988 2969 1121 3025; x_wconf 91' lang='lat' dir='ltr'><strong><em>nube</em></strong></span> <span class='ocrx_word' id='word_1_303' title='bbox 1141 2970 1194 3024; x_wconf 88' lang='lat' dir='ltr'><strong><em>in</em></strong></span> <span class='ocrx_word' id='word_1_304' title='bbox 1217 2969 1440 3042; x_wconf 89' lang='lat' dir='ltr'><strong><em>signum.</em></strong></span> <span class='ocrx_word' id='word_1_305' title='bbox 1869 2969 2034 3029; x_wconf 83' lang='lat' dir='ltr'><strong>XCV.</strong></span> <span class='ocrx_word' id='word_1_306' title='bbox 2078 2969 2177 3027; x_wconf 89' lang='lat' dir='ltr'><strong><em>Ubi</em></strong></span> <span class='ocrx_word' id='word_1_307' title='bbox 2201 2971 2339 3027; x_wconf 89' lang='lat' dir='ltr'><strong><em>Deus</em></strong></span> <span class='ocrx_word' id='word_1_308' title='bbox 2362 2981 2526 3028; x_wconf 87' lang='lat' dir='ltr'><strong><em>tentat</em></strong></span> <span class='ocrx_word' id='word_1_309' title='bbox 2553 2972 2812 3028; x_wconf 85' lang='lat' dir='ltr'><strong><em>Abraham</em></strong></span> <span class='ocrx_word' id='word_1_310' title='bbox 2833 2972 2896 3028; x_wconf 91' lang='lat' dir='ltr'><strong><em>de</em></strong></span> <span class='ocrx_word' id='word_1_311' title='bbox 2917 2971 3050 3044; x_wconf 80' lang='lat' dir='ltr'><strong><em>ﬁlio.</em></strong></span> 
     </span>
    </p>
   </div>
   <div class='ocr_carea' id='block_1_31' title="bbox 207 3060 2554 3138">
    <p class='ocr_par' dir='ltr' id='par_1_31' title="bbox 207 3060 2554 3138">
     <span class='ocr_line' id='line_1_31' title="bbox 207 3060 2554 3138; baseline 0.002 -20"><span class='ocrx_word' id='word_1_312' title='bbox 207 3061 291 3119; x_wconf 91' lang='lat' dir='ltr'><strong>LII.</strong></span> <span class='ocrx_word' id='word_1_313' title='bbox 328 3062 465 3129; x_wconf 86' lang='lat' dir='ltr'><strong><em>Quod</em></strong></span> <span class='ocrx_word' id='word_1_314' title='bbox 501 3061 660 3118; x_wconf 84' lang='lat' dir='ltr'><strong><em>Kam</em></strong></span> <span class='ocrx_word' id='word_1_315' title='bbox 701 3071 850 3136; x_wconf 88' lang='lat' dir='ltr'><strong><em>pater</em></strong></span> <span class='ocrx_word' id='word_1_316' title='bbox 878 3060 1255 3120; x_wconf 87' lang='lat' dir='ltr'><strong><em>Kananeorum</em></strong></span> <span class='ocrx_word' id='word_1_317' title='bbox 1300 3061 1468 3135; x_wconf 79' lang='lat' dir='ltr'><strong><em>[Lege</em></strong></span> <span class='ocrx_word' id='word_1_318' title='bbox 1505 3061 1765 3118; x_wconf 84' lang='lat' dir='ltr'><strong><em>Cham....</em></strong></span> <span class='ocrx_word' id='word_1_319' title='bbox 1872 3063 2061 3120; x_wconf 89' lang='lat' dir='ltr'><strong>XCVI.</strong></span> <span class='ocrx_word' id='word_1_320' title='bbox 2102 3064 2346 3122; x_wconf 76' lang='lat' dir='ltr'><strong><em>Rebecca:</em></strong></span> <span class='ocrx_word' id='word_1_321' title='bbox 2371 3083 2554 3138; x_wconf 86' lang='lat' dir='ltr'><strong><em>genus.</em></strong></span> 
     </span>
    </p>
   </div>
   <div class='ocr_carea' id='block_1_32' title="bbox 260 3155 2684 3228">
    <p class='ocr_par' dir='ltr' id='par_1_32' title="bbox 260 3155 2684 3228">
     <span class='ocr_line' id='line_1_32' title="bbox 260 3155 2684 3228; baseline 0.001 -17"><span class='ocrx_word' id='word_1_322' title='bbox 260 3155 684 3228; x_wconf 83' lang='lat' dir='ltr'><strong><em>Chananteorum]</em></strong></span> <span class='ocrx_word' id='word_1_323' title='bbox 712 3158 799 3212; x_wconf 90' lang='lat' dir='ltr'><strong><em>sit.</em></strong></span> <span class='ocrx_word' id='word_1_324' title='bbox 1875 3157 2079 3214; x_wconf 83' lang='lat' dir='ltr'><strong>XCVII.</strong></span> <span class='ocrx_word' id='word_1_325' title='bbox 2118 3158 2218 3215; x_wconf 93' lang='lat' dir='ltr'><strong><em>Ubi</em></strong></span> <span class='ocrx_word' id='word_1_326' title='bbox 2249 3160 2415 3216; x_wconf 90' lang='lat' dir='ltr'><strong><em>Sarra</em></strong></span> <span class='ocrx_word' id='word_1_327' title='bbox 2445 3161 2684 3215; x_wconf 91' lang='lat' dir='ltr'><strong><em>moritur.</em></strong></span> 
     </span>
    </p>
   </div>
   <div class='ocr_carea' id='block_1_33' title="bbox 207 3239 3304 3322">
    <p class='ocr_par' dir='ltr' id='par_1_33' title="bbox 207 3239 3304 3322">
     <span class='ocr_line' id='line_1_33' title="bbox 207 3239 3304 3322; baseline 0 -18"><span class='ocrx_word' id='word_1_328' title='bbox 207 3247 310 3304; x_wconf 89' lang='lat' dir='ltr'><strong>LIII.</strong></span> <span class='ocrx_word' id='word_1_329' title='bbox 347 3249 488 3316; x_wconf 84' lang='lat' dir='ltr'><strong><em>Quod</em></strong></span> <span class='ocrx_word' id='word_1_330' title='bbox 516 3249 577 3305; x_wconf 86' lang='grc' dir='ltr'><em>Ν</em></span> <span class='ocrx_word' id='word_1_331' title='bbox 583 3266 646 3305; x_wconf 89' lang='lat' dir='ltr'><strong><em>oc</em></strong></span> <span class='ocrx_word' id='word_1_332' title='bbox 671 3251 791 3305; x_wconf 89' lang='lat' dir='ltr'><strong><em>vino</em></strong></span> <span class='ocrx_word' id='word_1_333' title='bbox 821 3250 1126 3320; x_wconf 77' lang='lat' dir='ltr'><strong><em>inebriatur,</em></strong></span> <span class='ocrx_word' id='word_1_334' title='bbox 1149 3259 1196 3306; x_wconf 89' lang='lat' dir='ltr'><strong><em>et</em></strong></span> <span class='ocrx_word' id='word_1_335' title='bbox 1223 3267 1255 3306; x_wconf 95' lang='lat' dir='ltr'><strong><em>a</em></strong></span> <span class='ocrx_word' id='word_1_336' title='bbox 1279 3251 1393 3321; x_wconf 82' lang='lat' dir='ltr'><strong><em>[ilio</em></strong></span> <span class='ocrx_word' id='word_1_337' title='bbox 1423 3249 1692 3306; x_wconf 90' lang='lat' dir='ltr'><strong><em>irridetur.</em></strong></span> <span class='ocrx_word' id='word_1_338' title='bbox 1795 3239 1841 3303; x_wconf 88' lang='lat' dir='ltr'><strong><em>C</em></strong></span> <span class='ocrx_word' id='word_1_339' title='bbox 1873 3249 2106 3309; x_wconf 86' lang='lat' dir='ltr'><strong>XCVIII.</strong></span> <span class='ocrx_word' id='word_1_340' title='bbox 2140 3249 2241 3306; x_wconf 91' lang='lat' dir='ltr'><strong><em>Ubi</em></strong></span> <span class='ocrx_word' id='word_1_341' title='bbox 2267 3251 2530 3306; x_wconf 87' lang='lat' dir='ltr'><strong><em>Abraham</em></strong></span> <span class='ocrx_word' id='word_1_342' title='bbox 2553 3252 2617 3306; x_wconf 90' lang='lat' dir='ltr'><strong><em>de</em></strong></span> <span class='ocrx_word' id='word_1_343' title='bbox 2643 3267 2808 3307; x_wconf 73' lang='lat' dir='ltr'><strong><em>uxore</em></strong></span> <span class='ocrx_word' id='word_1_344' title='bbox 2833 3249 2934 3322; x_wconf 87' lang='lat' dir='ltr'><strong><em>ﬁlii</em></strong></span> <span class='ocrx_word' id='word_1_345' title='bbox 2962 3249 3304 3307; x_wconf 85' lang='lat' dir='ltr'><strong><em>commendat.</em></strong></span> 
     </span>
    </p>
   </div>
   <div class='ocr_carea' id='block_1_34' title="bbox 208 3340 2897 3414">
    <p class='ocr_par' dir='ltr' id='par_1_34' title="bbox 208 3340 2897 3414">
     <span class='ocr_line' id='line_1_34' title="bbox 208 3340 2897 3414; baseline 0 -17"><span class='ocrx_word' id='word_1_346' title='bbox 208 3340 312 3398; x_wconf 86' lang='lat' dir='ltr'><strong>LIV.</strong></span> <span class='ocrx_word' id='word_1_347' title='bbox 349 3341 718 3400; x_wconf 86' lang='lat' dir='ltr'><strong><em>Generationes</em></strong></span> <span class='ocrx_word' id='word_1_348' title='bbox 766 3343 999 3414; x_wconf 80' lang='lat' dir='ltr'><strong><em>ﬁliorum</em></strong></span> <span class='ocrx_word' id='word_1_349' title='bbox 1044 3342 1200 3412; x_wconf 85' lang='lat' dir='ltr'><strong><em>Noe;</em></strong></span> <span class='ocrx_word' id='word_1_350' title='bbox 1256 3343 1463 3399; x_wconf 90' lang='lat' dir='ltr'><strong><em>initium</em></strong></span> <span class='ocrx_word' id='word_1_351' title='bbox 1517 3357 1768 3398; x_wconf 91' lang='lat' dir='ltr'><strong><em>novarum</em></strong></span> <span class='ocrx_word' id='word_1_352' title='bbox 1872 3343 2060 3401; x_wconf 86' lang='lat' dir='ltr'><strong>XCIX.</strong></span> <span class='ocrx_word' id='word_1_353' title='bbox 2101 3342 2182 3398; x_wconf 91' lang='lat' dir='ltr'><strong><em>De</em></strong></span> <span class='ocrx_word' id='word_1_354' title='bbox 2212 3342 2436 3400; x_wconf 87' lang='lat' dir='ltr'><strong><em>Cethura</em></strong></span> <span class='ocrx_word' id='word_1_355' title='bbox 2465 3359 2630 3399; x_wconf 73' lang='lat' dir='ltr'><strong><em>uxore</em></strong></span> <span class='ocrx_word' id='word_1_356' title='bbox 2654 3343 2897 3400; x_wconf 74' lang='lat' dir='ltr'><strong><em>Abrahae.</em></strong></span> 
     </span>
    </p>
   </div>
   <div class='ocr_carea' id='block_1_35' title="bbox 259 3435 2746 3512">
    <p class='ocr_par' dir='ltr' id='par_1_35' title="bbox 259 3435 2746 3512">
     <span class='ocr_line' id='line_1_35' title="bbox 259 3435 2746 3512; baseline -0 -20"><span class='ocrx_word' id='word_1_357' title='bbox 259 3439 554 3512; x_wconf 82' lang='lat' dir='ltr'><strong><em>linguarum.</em></strong></span> <span class='ocrx_word' id='word_1_358' title='bbox 1870 3437 1934 3494; x_wconf 90' lang='lat' dir='ltr'><strong>C.</strong></span> <span class='ocrx_word' id='word_1_359' title='bbox 1979 3435 2077 3493; x_wconf 90' lang='lat' dir='ltr'><strong><em>Ubi</em></strong></span> <span class='ocrx_word' id='word_1_360' title='bbox 2101 3447 2339 3492; x_wconf 91' lang='lat' dir='ltr'><strong><em>mortuus</em></strong></span> <span class='ocrx_word' id='word_1_361' title='bbox 2361 3445 2438 3491; x_wconf 90' lang='lat' dir='ltr'><strong><em>est</em></strong></span> <span class='ocrx_word' id='word_1_362' title='bbox 2458 3435 2746 3491; x_wconf 89' lang='lat' dir='ltr'><strong><em>Abraham.</em></strong></span> 
     </span>
    </p>
   </div>
   <div class='ocr_carea' id='block_1_36' title="bbox 208 3526 2515 3604">
    <p class='ocr_par' dir='ltr' id='par_1_36' title="bbox 208 3526 2515 3604">
     <span class='ocr_line' id='line_1_36' title="bbox 208 3526 2515 3604; baseline -0.001 -20"><span class='ocrx_word' id='word_1_363' title='bbox 208 3526 296 3585; x_wconf 88' lang='lat' dir='ltr'><strong><em>LV.</em></strong></span> <span class='ocrx_word' id='word_1_364' title='bbox 330 3527 401 3586; x_wconf 86' lang='lat' dir='ltr'><strong><em>De</em></strong></span> <span class='ocrx_word' id='word_1_365' title='bbox 436 3529 734 3588; x_wconf 80' lang='lat' dir='ltr'><strong><em>Nembroth</em></strong></span> <span class='ocrx_word' id='word_1_366' title='bbox 773 3528 1027 3604; x_wconf 83' lang='lat' dir='ltr'><strong><em>Cigaute,</em></strong></span> <span class='ocrx_word' id='word_1_367' title='bbox 1073 3531 1166 3604; x_wconf 91' lang='lat' dir='ltr'><strong><em>qui</em></strong></span> <span class='ocrx_word' id='word_1_368' title='bbox 1194 3531 1336 3604; x_wconf 83' lang='lat' dir='ltr'><strong><em>prior</em></strong></span> <span class='ocrx_word' id='word_1_369' title='bbox 1366 3539 1482 3603; x_wconf 92' lang='lat' dir='ltr'><strong><em>post</em></strong></span> <span class='ocrx_word' id='word_1_370' title='bbox 1516 3528 1769 3586; x_wconf 87' lang='lat' dir='ltr'><strong><em>diluvium</em></strong></span> <span class='ocrx_word' id='word_1_371' title='bbox 1871 3527 1959 3588; x_wconf 88' lang='lat' dir='ltr'><strong>CI.</strong></span> <span class='ocrx_word' id='word_1_372' title='bbox 2000 3527 2198 3584; x_wconf 87' lang='lat' dir='ltr'><strong><em>Ismael</em></strong></span> <span class='ocrx_word' id='word_1_373' title='bbox 2224 3527 2515 3602; x_wconf 87' lang='lat' dir='ltr'><strong><em>progenies.</em></strong></span> 
     </span>
    </p>
   </div>
   <div class='ocr_carea' id='block_1_37' title="bbox 261 3621 2280 3698">
    <p class='ocr_par' dir='ltr' id='par_1_37' title="bbox 261 3621 2280 3698">
     <span class='ocr_line' id='line_1_37' title="bbox 261 3621 2280 3698; baseline -0 -21"><span class='ocrx_word' id='word_1_374' title='bbox 261 3626 489 3698; x_wconf 78' lang='lat' dir='ltr'><strong><em>regnavit.</em></strong></span> <span class='ocrx_word' id='word_1_375' title='bbox 1870 3622 1981 3680; x_wconf 84' lang='lat' dir='ltr'><strong>CII.</strong></span> <span class='ocrx_word' id='word_1_376' title='bbox 2024 3621 2102 3677; x_wconf 87' lang='lat' dir='ltr'><strong><em>De</em></strong></span> <span class='ocrx_word' id='word_1_377' title='bbox 2130 3622 2280 3678; x_wconf 83' lang='lat' dir='ltr'><strong><em>lente.</em></strong></span> 
     </span>
    </p>
   </div>
   <div class='ocr_carea' id='block_1_38' title="bbox 208 3712 2564 3784">
    <p class='ocr_par' dir='ltr' id='par_1_38' title="bbox 208 3712 2564 3784">
     <span class='ocr_line' id='line_1_38' title="bbox 208 3712 2564 3784; baseline -0.001 -13"><span class='ocrx_word' id='word_1_378' title='bbox 208 3712 314 3772; x_wconf 87' lang='lat' dir='ltr'><strong>LVI.</strong></span> <span class='ocrx_word' id='word_1_379' title='bbox 352 3719 443 3774; x_wconf 87' lang='lat' dir='ltr'><strong><em>Ubi</em></strong></span> <span class='ocrx_word' id='word_1_380' title='bbox 465 3719 638 3776; x_wconf 83' lang='lat' dir='ltr'><strong><em>Assur</em></strong></span> <span class='ocrx_word' id='word_1_381' title='bbox 662 3719 907 3776; x_wconf 81' lang='lat' dir='ltr'><strong><em>Ninivem</em></strong></span> <span class='ocrx_word' id='word_1_382' title='bbox 934 3719 1224 3776; x_wconf 89' lang='lat' dir='ltr'><strong><em>constituit.</em></strong></span> <span class='ocrx_word' id='word_1_383' title='bbox 1338 3750 1347 3755; x_wconf 90' lang='lat'><em>-</em></span> <span class='ocrx_word' id='word_1_384' title='bbox 1868 3714 2007 3772; x_wconf 90' lang='lat' dir='ltr'><strong>CIII.</strong></span> <span class='ocrx_word' id='word_1_385' title='bbox 2046 3713 2242 3770; x_wconf 85' lang='lat' dir='ltr'><strong><em>Isaach</em></strong></span> <span class='ocrx_word' id='word_1_386' title='bbox 2275 3714 2564 3784; x_wconf 86' lang='lat' dir='ltr'><strong><em>progenies.</em></strong></span> 
     </span>
    </p>
   </div>
   <div class='ocr_carea' id='block_1_39' title="bbox 206 3804 2806 3885">
    <p class='ocr_par' dir='ltr' id='par_1_39' title="bbox 206 3804 2806 3885">
     <span class='ocr_line' id='line_1_39' title="bbox 206 3804 2806 3885; baseline -0.002 -19"><span class='ocrx_word' id='word_1_387' title='bbox 206 3809 336 3866; x_wconf 89' lang='lat' dir='ltr'><strong>L\&#39;I|.</strong></span> <span class='ocrx_word' id='word_1_388' title='bbox 365 3811 486 3867; x_wconf 81' lang='lat' dir='ltr'><strong><em>Filii</em></strong></span> <span class='ocrx_word' id='word_1_389' title='bbox 507 3812 759 3869; x_wconf 83' lang='lat' dir='ltr'><strong><em>Kanaam</em></strong></span> <span class='ocrx_word' id='word_1_390' title='bbox 789 3812 956 3884; x_wconf 80' lang='lat' dir='ltr'><strong><em>[Lege</em></strong></span> <span class='ocrx_word' id='word_1_391' title='bbox 973 3810 1248 3885; x_wconf 84' lang='lat' dir='ltr'><strong><em>Chanaan]</em></strong></span> <span class='ocrx_word' id='word_1_392' title='bbox 1278 3811 1461 3885; x_wconf 78' lang='lat' dir='ltr'><strong><em>Sydon</em></strong></span> <span class='ocrx_word' id='word_1_393' title='bbox 1485 3810 1764 3884; x_wconf 81' lang='lat' dir='ltr'><strong><em>etGethey.</em></strong></span> <span class='ocrx_word' id='word_1_394' title='bbox 1873 3809 2011 3867; x_wconf 89' lang='lat' dir='ltr'><strong>CIV.</strong></span> <span class='ocrx_word' id='word_1_395' title='bbox 2049 3808 2149 3865; x_wconf 88' lang='lat' dir='ltr'><strong><em>Ubi</em></strong></span> <span class='ocrx_word' id='word_1_396' title='bbox 2170 3809 2308 3864; x_wconf 87' lang='lat' dir='ltr'><strong><em>visus</em></strong></span> <span class='ocrx_word' id='word_1_397' title='bbox 2330 3806 2472 3864; x_wconf 87' lang='lat' dir='ltr'><strong><em>Deus</em></strong></span> <span class='ocrx_word' id='word_1_398' title='bbox 2497 3806 2567 3863; x_wconf 88' lang='lat' dir='ltr'><strong><em>ad</em></strong></span> <span class='ocrx_word' id='word_1_399' title='bbox 2593 3804 2806 3862; x_wconf 90' lang='lat' dir='ltr'><strong><em>Isaach.</em></strong></span> 
     </span>
    </p>
   </div>
   <div class='ocr_carea' id='block_1_40' title="bbox 208 3898 3226 3963">
    <p class='ocr_par' dir='ltr' id='par_1_40' title="bbox 208 3898 3226 3963">
     <span class='ocr_line' id='line_1_40' title="bbox 208 3898 3226 3963; baseline -0.001 -7"><span class='ocrx_word' id='word_1_400' title='bbox 208 3901 355 3958; x_wconf 88' lang='lat' dir='ltr'><strong>LVIII.</strong></span> <span class='ocrx_word' id='word_1_401' title='bbox 394 3904 519 3960; x_wconf 85' lang='lat' dir='ltr'><strong><em>Filii</em></strong></span> <span class='ocrx_word' id='word_1_402' title='bbox 545 3905 696 3963; x_wconf 86' lang='lat' dir='ltr'><strong><em>Sem.</em></strong></span> <span class='ocrx_word' id='word_1_403' title='bbox 1873 3903 1985 3962; x_wconf 91' lang='lat' dir='ltr'><strong><em>CV.</em></strong></span> <span class='ocrx_word' id='word_1_404' title='bbox 2031 3902 2136 3959; x_wconf 87' lang='lat' dir='ltr'><strong><em>Ubi</em></strong></span> <span class='ocrx_word' id='word_1_405' title='bbox 2165 3901 2359 3958; x_wconf 84' lang='lat' dir='ltr'><strong><em>Isaach</em></strong></span> <span class='ocrx_word' id='word_1_406' title='bbox 2379 3915 2612 3957; x_wconf 88' lang='lat' dir='ltr'><strong><em>sororem</em></strong></span> <span class='ocrx_word' id='word_1_407' title='bbox 2638 3900 2787 3957; x_wconf 80' lang='lat' dir='ltr'><strong><em>suam</em></strong></span> <span class='ocrx_word' id='word_1_408' title='bbox 2809 3898 2963 3954; x_wconf 78' lang='lat' dir='ltr'><strong><em>duxit</em></strong></span> <span class='ocrx_word' id='word_1_409' title='bbox 2989 3913 3226 3955; x_wconf 77' lang='lat' dir='ltr'><strong><em>uxorem.</em></strong></span> 
     </span>
    </p>
   </div>
   <div class='ocr_carea' id='block_1_41' title="bbox 214 3989 3261 4072">
    <p class='ocr_par' dir='ltr' id='par_1_41' title="bbox 214 3989 3261 4072">
     <span class='ocr_line' id='line_1_41' title="bbox 214 3989 3261 4072; baseline -0.002 -20"><span class='ocrx_word' id='word_1_410' title='bbox 214 3996 323 4055; x_wconf 87' lang='lat' dir='ltr'><strong>LIX.</strong></span> <span class='ocrx_word' id='word_1_411' title='bbox 362 3999 631 4056; x_wconf 80' lang='lat' dir='ltr'><strong><em>Dabitatio</em></strong></span> <span class='ocrx_word' id='word_1_412' title='bbox 648 3999 880 4072; x_wconf 90' lang='lat' dir='ltr'><strong><em>ﬁliorum</em></strong></span> <span class='ocrx_word' id='word_1_413' title='bbox 911 4001 1056 4060; x_wconf 87' lang='lat' dir='ltr'><strong><em>Sem.</em></strong></span> <span class='ocrx_word' id='word_1_414' title='bbox 1875 3995 2008 4054; x_wconf 89' lang='lat' dir='ltr'><strong>CVI.</strong></span> <span class='ocrx_word' id='word_1_415' title='bbox 2054 3994 2154 4052; x_wconf 90' lang='lat' dir='ltr'><strong><em>Ubi</em></strong></span> <span class='ocrx_word' id='word_1_416' title='bbox 2184 3993 2375 4050; x_wconf 84' lang='lat' dir='ltr'><strong><em>Isaach</em></strong></span> <span class='ocrx_word' id='word_1_417' title='bbox 2401 3993 2700 4065; x_wconf 89' lang='lat' dir='ltr'><strong><em>centuplum</em></strong></span> <span class='ocrx_word' id='word_1_418' title='bbox 2727 3991 2916 4065; x_wconf 88' lang='lat' dir='ltr'><strong><em>redigit</em></strong></span> <span class='ocrx_word' id='word_1_419' title='bbox 2941 3989 3261 4047; x_wconf 84' lang='lat' dir='ltr'><strong><em>Abimelech.</em></strong></span> 
     </span>
    </p>
   </div>
   <div class='ocr_carea' id='block_1_42' title="bbox 215 4085 2586 4163">
    <p class='ocr_par' dir='ltr' id='par_1_42' title="bbox 215 4085 2586 4163">
     <span class='ocr_line' id='line_1_42' title="bbox 215 4085 2586 4163; baseline -0.002 -18"><span class='ocrx_word' id='word_1_420' title='bbox 215 4089 305 4145; x_wconf 89' lang='lat' dir='ltr'><strong><em>LX.</em></strong></span> <span class='ocrx_word' id='word_1_421' title='bbox 341 4093 674 4149; x_wconf 85' lang='lat' dir='ltr'><strong><em>Consumatio</em></strong></span> <span class='ocrx_word' id='word_1_422' title='bbox 691 4093 918 4163; x_wconf 83' lang='lat' dir='ltr'><strong><em>ﬁliorum</em></strong></span> <span class='ocrx_word' id='word_1_423' title='bbox 948 4092 1084 4150; x_wconf 84' lang='lat' dir='ltr'><strong><em>Noe.</em></strong></span> <span class='ocrx_word' id='word_1_424' title='bbox 1874 4089 2030 4147; x_wconf 88' lang='lat' dir='ltr'><strong>CVII.</strong></span> <span class='ocrx_word' id='word_1_425' title='bbox 2074 4087 2152 4144; x_wconf 91' lang='lat' dir='ltr'><strong><em>De</em></strong></span> <span class='ocrx_word' id='word_1_426' title='bbox 2179 4089 2348 4159; x_wconf 86' lang='lat' dir='ltr'><strong><em>puteis</em></strong></span> <span class='ocrx_word' id='word_1_427' title='bbox 2371 4085 2586 4142; x_wconf 81' lang='lat' dir='ltr'><strong><em>Isaach.</em></strong></span> 
     </span>
    </p>
   </div>
   <div class='ocr_carea' id='block_1_43' title="bbox 207 4175 3120 4250">
    <p class='ocr_par' dir='ltr' id='par_1_43' title="bbox 207 4175 3120 4250">
     <span class='ocr_line' id='line_1_43' title="bbox 207 4175 3120 4250; baseline -0.001 -12"><span class='ocrx_word' id='word_1_428' title='bbox 207 4181 316 4239; x_wconf 88' lang='lat' dir='ltr'><strong>LXI.</strong></span> <span class='ocrx_word' id='word_1_429' title='bbox 355 4184 426 4242; x_wconf 88' lang='lat' dir='ltr'><strong><em>De</em></strong></span> <span class='ocrx_word' id='word_1_430' title='bbox 454 4196 624 4243; x_wconf 86' lang='lat' dir='ltr'><strong><em>turre.</em></strong></span> <span class='ocrx_word' id='word_1_431' title='bbox 1874 4183 2056 4242; x_wconf 87' lang='lat' dir='ltr'><strong>CVIII.</strong></span> <span class='ocrx_word' id='word_1_432' title='bbox 2094 4183 2194 4240; x_wconf 88' lang='lat' dir='ltr'><strong><em>Ubi</em></strong></span> <span class='ocrx_word' id='word_1_433' title='bbox 2223 4181 2413 4238; x_wconf 87' lang='lat' dir='ltr'><strong><em>Isaach</em></strong></span> <span class='ocrx_word' id='word_1_434' title='bbox 2439 4181 2600 4236; x_wconf 88' lang='lat' dir='ltr'><strong><em>Aram</em></strong></span> <span class='ocrx_word' id='word_1_435' title='bbox 2620 4178 2848 4250; x_wconf 77' lang='lat' dir='ltr'><strong><em>cediﬁcat</em></strong></span> <span class='ocrx_word' id='word_1_436' title='bbox 2871 4175 3120 4234; x_wconf 90' lang='lat' dir='ltr'><strong><em>Domino.</em></strong></span> 
     </span>
    </p>
   </div>
   <div class='ocr_carea' id='block_1_44' title="bbox 207 4273 2983 4356">
    <p class='ocr_par' dir='ltr' id='par_1_44' title="bbox 207 4273 2983 4356">
     <span class='ocr_line' id='line_1_44' title="bbox 207 4273 2983 4356; baseline -0.001 -24"><span class='ocrx_word' id='word_1_437' title='bbox 207 4275 336 4334; x_wconf 86' lang='lat' dir='ltr'><strong>LXII.</strong></span> <span class='ocrx_word' id='word_1_438' title='bbox 395 4280 494 4338; x_wconf 89' lang='lat' dir='ltr'><strong><em>Ubi</em></strong></span> <span class='ocrx_word' id='word_1_439' title='bbox 523 4281 806 4356; x_wconf 38' lang='lat' dir='ltr'><strong><em>-Dominus</em></strong></span> <span class='ocrx_word' id='word_1_440' title='bbox 867 4282 1129 4340; x_wconf 87' lang='lat' dir='ltr'><strong><em>descendit</em></strong></span> <span class='ocrx_word' id='word_1_441' title='bbox 1184 4281 1354 4339; x_wconf 88' lang='lat' dir='ltr'><strong><em>videre</em></strong></span> <span class='ocrx_word' id='word_1_442' title='bbox 1410 4282 1665 4339; x_wconf 88' lang='lat' dir='ltr'><strong><em>civitatem</em></strong></span> <span class='ocrx_word' id='word_1_443' title='bbox 1725 4290 1774 4337; x_wconf 89' lang='lat' dir='ltr'><strong><em>et</em></strong></span> <span class='ocrx_word' id='word_1_444' title='bbox 1875 4280 2016 4338; x_wconf 89' lang='lat' dir='ltr'><strong>CIX.</strong></span> <span class='ocrx_word' id='word_1_445' title='bbox 2061 4279 2162 4336; x_wconf 90' lang='lat' dir='ltr'><strong><em>Ubi</em></strong></span> <span class='ocrx_word' id='word_1_446' title='bbox 2188 4277 2379 4336; x_wconf 86' lang='lat' dir='ltr'><strong><em>Isaach</em></strong></span> <span class='ocrx_word' id='word_1_447' title='bbox 2408 4278 2639 4349; x_wconf 88' lang='lat' dir='ltr'><strong><em>increpat</em></strong></span> <span class='ocrx_word' id='word_1_448' title='bbox 2665 4273 2983 4330; x_wconf 88' lang='lat' dir='ltr'><strong><em>Abimelech.</em></strong></span> 
     </span>
    </p>
   </div>
   <div class='ocr_carea' id='block_1_45' title="bbox 260 4371 2818 4446">
    <p class='ocr_par' dir='ltr' id='par_1_45' title="bbox 260 4371 2818 4446">
     <span class='ocr_line' id='line_1_45' title="bbox 260 4371 2818 4446; baseline -0.001 -18"><span class='ocrx_word' id='word_1_449' title='bbox 260 4384 456 4434; x_wconf 81' lang='lat' dir='ltr'><strong><em>turrem.</em></strong></span> <span class='ocrx_word' id='word_1_450' title='bbox 1875 4375 1991 4433; x_wconf 86' lang='lat' dir='ltr'><strong><em>CX.</em></strong></span> <span class='ocrx_word' id='word_1_451' title='bbox 2029 4375 2128 4432; x_wconf 91' lang='lat' dir='ltr'><strong><em>Ubi</em></strong></span> <span class='ocrx_word' id='word_1_452' title='bbox 2150 4383 2334 4446; x_wconf 89' lang='lat' dir='ltr'><strong><em>puteus</em></strong></span> <span class='ocrx_word' id='word_1_453' title='bbox 2361 4371 2558 4428; x_wconf 86' lang='lat' dir='ltr'><strong><em>Isaach</em></strong></span> <span class='ocrx_word' id='word_1_454' title='bbox 2585 4372 2818 4427; x_wconf 84' lang='lat' dir='ltr'><strong><em>siccavit.</em></strong></span> 
     </span>
    </p>
   </div>
   <div class='ocr_carea' id='block_1_46' title="bbox 205 4465 2375 4530">
    <p class='ocr_par' dir='ltr' id='par_1_46' title="bbox 205 4465 2375 4530">
     <span class='ocr_line' id='line_1_46' title="bbox 205 4465 2375 4530; baseline 0.001 -8"><span class='ocrx_word' id='word_1_455' title='bbox 205 4465 359 4524; x_wconf 88' lang='lat' dir='ltr'><strong>LXIII.</strong></span> <span class='ocrx_word' id='word_1_456' title='bbox 397 4469 688 4528; x_wconf 84' lang='lat' dir='ltr'><strong><em>Geueratio</em></strong></span> <span class='ocrx_word' id='word_1_457' title='bbox 726 4471 870 4530; x_wconf 91' lang='lat' dir='ltr'><strong><em>Sem.</em></strong></span> <span class='ocrx_word' id='word_1_458' title='bbox 1881 4469 2017 4530; x_wconf 86' lang='lat' dir='ltr'><strong>CXI.</strong></span> <span class='ocrx_word' id='word_1_459' title='bbox 2063 4468 2182 4525; x_wconf 72' lang='lat' dir='ltr'><strong><em>Vox</em></strong></span> <span class='ocrx_word' id='word_1_460' title='bbox 2209 4467 2375 4525; x_wconf 87' lang='lat' dir='ltr'><strong><em>Esau.</em></strong></span> 
     </span>
    </p>
   </div>
   <div class='ocr_carea' id='block_1_47' title="bbox 206 4551 3205 4634">
    <p class='ocr_par' dir='ltr' id='par_1_47' title="bbox 206 4551 3205 4634">
     <span class='ocr_line' id='line_1_47' title="bbox 206 4551 3205 4634; baseline -0.003 -19"><span class='ocrx_word' id='word_1_461' title='bbox 206 4557 360 4620; x_wconf 86' lang='lat' dir='ltr'><strong>LXIV.</strong></span> <span class='ocrx_word' id='word_1_462' title='bbox 398 4563 476 4620; x_wconf 91' lang='lat' dir='ltr'><strong><em>De</em></strong></span> <span class='ocrx_word' id='word_1_463' title='bbox 499 4566 667 4622; x_wconf 87' lang='lat' dir='ltr'><strong><em>Sarai</em></strong></span> <span class='ocrx_word' id='word_1_464' title='bbox 687 4567 873 4622; x_wconf 89' lang='lat' dir='ltr'><strong><em>sterili.</em></strong></span> <span class='ocrx_word' id='word_1_465' title='bbox 1878 4563 2035 4620; x_wconf 88' lang='lat' dir='ltr'><strong>CXII.</strong></span> <span class='ocrx_word' id='word_1_466' title='bbox 2083 4562 2182 4620; x_wconf 92' lang='lat' dir='ltr'><strong><em>Ubi</em></strong></span> <span class='ocrx_word' id='word_1_467' title='bbox 2211 4561 2374 4618; x_wconf 83' lang='lat' dir='ltr'><strong><em>Jacob</em></strong></span> <span class='ocrx_word' id='word_1_468' title='bbox 2395 4560 2581 4634; x_wconf 88' lang='lat' dir='ltr'><strong><em>accipit</em></strong></span> <span class='ocrx_word' id='word_1_469' title='bbox 2604 4557 3008 4615; x_wconf 87' lang='lat' dir='ltr'><strong><em>benedictionem</em></strong></span> <span class='ocrx_word' id='word_1_470' title='bbox 3041 4551 3205 4607; x_wconf 82' lang='lat' dir='ltr'><strong><em>Esau.</em></strong></span> 
     </span>
    </p>
   </div>
   <div class='ocr_carea' id='block_1_48' title="bbox 207 4642 3481 4728">
    <p class='ocr_par' dir='ltr' id='par_1_48' title="bbox 207 4642 3481 4728">
     <span class='ocr_line' id='line_1_48' title="bbox 207 4642 3481 4728; baseline -0.002 -22"><span class='ocrx_word' id='word_1_471' title='bbox 207 4650 338 4710; x_wconf 85' lang='lat' dir='ltr'><strong>LXV.</strong></span> <span class='ocrx_word' id='word_1_472' title='bbox 376 4656 678 4728; x_wconf 85' lang='lat' dir='ltr'><strong><em>Translatio</em></strong></span> <span class='ocrx_word' id='word_1_473' title='bbox 708 4656 931 4714; x_wconf 62' lang='lat' dir='ltr'><strong><em>Abrahae</em></strong></span> <span class='ocrx_word' id='word_1_474' title='bbox 950 4657 1007 4714; x_wconf 91' lang='lat' dir='ltr'><strong><em>in</em></strong></span> <span class='ocrx_word' id='word_1_475' title='bbox 1045 4657 1318 4714; x_wconf 86' lang='lat' dir='ltr'><strong><em>Charram.</em></strong></span> <span class='ocrx_word' id='word_1_476' title='bbox 1806 4647 1865 4708; x_wconf 86' lang='lat' dir='ltr'><strong><em>D</em></strong></span> <span class='ocrx_word' id='word_1_477' title='bbox 1885 4655 2067 4713; x_wconf 89' lang='lat' dir='ltr'><strong>CXIII.</strong></span> <span class='ocrx_word' id='word_1_478' title='bbox 2090 4653 2255 4709; x_wconf 81' lang='lat' dir='ltr'><strong><em>Jacob</em></strong></span> <span class='ocrx_word' id='word_1_479' title='bbox 2281 4655 2480 4726; x_wconf 89' lang='lat' dir='ltr'><strong><em>accepit</em></strong></span> <span class='ocrx_word' id='word_1_480' title='bbox 2507 4651 2811 4708; x_wconf 90' lang='lat' dir='ltr'><strong><em>mandatum</em></strong></span> <span class='ocrx_word' id='word_1_481' title='bbox 2830 4664 2863 4703; x_wconf 92' lang='lat' dir='ltr'><strong><em>a</em></strong></span> <span class='ocrx_word' id='word_1_482' title='bbox 2882 4659 3032 4720; x_wconf 89' lang='lat' dir='ltr'><strong><em>patre</em></strong></span> <span class='ocrx_word' id='word_1_483' title='bbox 3057 4659 3121 4700; x_wconf 90' lang='lat' dir='ltr'><strong><em>ne</em></strong></span> <span class='ocrx_word' id='word_1_484' title='bbox 3135 4642 3481 4717; x_wconf 87' lang='lat' dir='ltr'><strong><em>alienigenam</em></strong></span> 
     </span>
    </p>
   </div>
   <div class='ocr_carea' id='block_1_49' title="bbox 208 4744 2397 4827">
    <p class='ocr_par' dir='ltr' id='par_1_49' title="bbox 208 4744 2397 4827">
     <span class='ocr_line' id='line_1_49' title="bbox 208 4744 2397 4827; baseline -0.001 -27"><span class='ocrx_word' id='word_1_485' title='bbox 208 4744 360 4805; x_wconf 88' lang='lat' dir='ltr'><strong>LXVI.</strong></span> <span class='ocrx_word' id='word_1_486' title='bbox 403 4750 503 4808; x_wconf 87' lang='lat' dir='ltr'><strong><em>Ubi</em></strong></span> <span class='ocrx_word' id='word_1_487' title='bbox 533 4752 762 4809; x_wconf 70' lang='lat' dir='ltr'><strong><em>Abrahae</em></strong></span> <span class='ocrx_word' id='word_1_488' title='bbox 790 4753 856 4809; x_wconf 88' lang='lat' dir='ltr'><strong><em>de</em></strong></span> <span class='ocrx_word' id='word_1_489' title='bbox 879 4763 1016 4810; x_wconf 89' lang='lat' dir='ltr'><strong><em>terra</em></strong></span> <span class='ocrx_word' id='word_1_490' title='bbox 1036 4755 1180 4809; x_wconf 81' lang='lat' dir='ltr'><strong><em>exire</em></strong></span> <span class='ocrx_word' id='word_1_491' title='bbox 1200 4754 1434 4827; x_wconf 82' lang='lat' dir='ltr'><strong><em>jubetur.</em></strong></span> <span class='ocrx_word' id='word_1_492' title='bbox 1951 4764 2166 4804; x_wconf 81' lang='lat' dir='ltr'><strong><em>uxorem</em></strong></span> <span class='ocrx_word' id='word_1_493' title='bbox 2193 4745 2397 4801; x_wconf 86' lang='lat' dir='ltr'><strong><em>habeat.</em></strong></span> 
     </span>
    </p>
   </div>
   <div class='ocr_carea' id='block_1_50' title="bbox 207 4834 3040 4922">
    <p class='ocr_par' dir='ltr' id='par_1_50' title="bbox 207 4834 3040 4922">
     <span class='ocr_line' id='line_1_50' title="bbox 207 4834 3040 4922; baseline -0.002 -29"><span class='ocrx_word' id='word_1_494' title='bbox 207 4838 378 4898; x_wconf 86' lang='lat' dir='ltr'><strong>LXVII.</strong></span> <span class='ocrx_word' id='word_1_495' title='bbox 421 4843 526 4901; x_wconf 87' lang='lat' dir='ltr'><strong><em>Ubi</em></strong></span> <span class='ocrx_word' id='word_1_496' title='bbox 549 4844 812 4902; x_wconf 88' lang='lat' dir='ltr'><strong><em>Dominus</em></strong></span> <span class='ocrx_word' id='word_1_497' title='bbox 833 4849 1062 4920; x_wconf 89' lang='lat' dir='ltr'><strong><em>primum</em></strong></span> <span class='ocrx_word' id='word_1_498' title='bbox 1083 4847 1310 4904; x_wconf 65' lang='lat' dir='ltr'><strong><em>Abrahae</em></strong></span> <span class='ocrx_word' id='word_1_499' title='bbox 1331 4846 1594 4922; x_wconf 89' lang='lat' dir='ltr'><strong><em>apparuit.</em></strong></span> <span class='ocrx_word' id='word_1_500' title='bbox 1877 4841 2062 4901; x_wconf 87' lang='lat' dir='ltr'><strong>CXIV.</strong></span> <span class='ocrx_word' id='word_1_501' title='bbox 2108 4839 2207 4897; x_wconf 92' lang='lat' dir='ltr'><strong><em>Ubi</em></strong></span> <span class='ocrx_word' id='word_1_502' title='bbox 2234 4839 2377 4895; x_wconf 89' lang='lat' dir='ltr'><strong><em>Esau</em></strong></span> <span class='ocrx_word' id='word_1_503' title='bbox 2397 4837 2559 4894; x_wconf 92' lang='lat' dir='ltr'><strong><em>aliam</em></strong></span> <span class='ocrx_word' id='word_1_504' title='bbox 2588 4852 2800 4892; x_wconf 69' lang='lat' dir='ltr'><strong><em>uxorem</em></strong></span> <span class='ocrx_word' id='word_1_505' title='bbox 2818 4834 3040 4907; x_wconf 89' lang='lat' dir='ltr'><strong><em>accepit.</em></strong></span> 
     </span>
    </p>
   </div>
   <div class='ocr_carea' id='block_1_51' title="bbox 206 4926 3119 5013">
    <p class='ocr_par' dir='ltr' id='par_1_51' title="bbox 206 4926 3119 5013">
     <span class='ocr_line' id='line_1_51' title="bbox 206 4926 3119 5013; baseline -0.001 -25"><span class='ocrx_word' id='word_1_506' title='bbox 206 4926 403 4992; x_wconf 84' lang='lat' dir='ltr'><strong>LXVIII.</strong></span> <span class='ocrx_word' id='word_1_507' title='bbox 450 4936 556 4994; x_wconf 92' lang='lat' dir='ltr'><strong><em>Ubi</em></strong></span> <span class='ocrx_word' id='word_1_508' title='bbox 600 4937 867 4994; x_wconf 84' lang='lat' dir='ltr'><strong><em>Abraham</em></strong></span> <span class='ocrx_word' id='word_1_509' title='bbox 906 4940 961 4995; x_wconf 91' lang='lat' dir='ltr'><strong><em>in</em></strong></span> <span class='ocrx_word' id='word_1_510' title='bbox 1010 4938 1302 5012; x_wconf 70' lang='lat' dir='ltr'><strong><em>AEgyptum</em></strong></span> <span class='ocrx_word' id='word_1_511' title='bbox 1333 4950 1544 5013; x_wconf 84' lang='lat' dir='ltr'><strong><em>prapter</em></strong></span> <span class='ocrx_word' id='word_1_512' title='bbox 1588 4940 1776 5011; x_wconf 78' lang='lat' dir='ltr'><strong><em>famem</em></strong></span> <span class='ocrx_word' id='word_1_513' title='bbox 1878 4937 2043 4995; x_wconf 89' lang='lat' dir='ltr'><strong>CXV.</strong></span> <span class='ocrx_word' id='word_1_514' title='bbox 2075 4935 2178 4992; x_wconf 89' lang='lat' dir='ltr'><strong><em>Ubi</em></strong></span> <span class='ocrx_word' id='word_1_515' title='bbox 2205 4933 2369 4990; x_wconf 72' lang='lat' dir='ltr'><strong><em>Iacob</em></strong></span> <span class='ocrx_word' id='word_1_516' title='bbox 2400 4933 2633 5005; x_wconf 85' lang='lat' dir='ltr'><strong><em>lapidem</em></strong></span> <span class='ocrx_word' id='word_1_517' title='bbox 2660 4931 2730 4986; x_wconf 91' lang='lat' dir='ltr'><strong><em>ad</em></strong></span> <span class='ocrx_word' id='word_1_518' title='bbox 2750 4940 2904 5002; x_wconf 92' lang='lat' dir='ltr'><strong><em>caput</em></strong></span> <span class='ocrx_word' id='word_1_519' title='bbox 2925 4930 3119 5002; x_wconf 89' lang='lat' dir='ltr'><strong><em>posuit.</em></strong></span> 
     </span>
    </p>
   </div>
   <div class='ocr_carea' id='block_1_52' title="bbox 262 5023 3294 5100">
    <p class='ocr_par' dir='ltr' id='par_1_52' title="bbox 262 5023 3294 5100">
     <span class='ocr_line' id='line_1_52' title="bbox 262 5023 3294 5100; baseline -0.001 -17"><span class='ocrx_word' id='word_1_520' title='bbox 262 5027 529 5086; x_wconf 84' lang='lat' dir='ltr'><strong><em>descendit.</em></strong></span> <span class='ocrx_word' id='word_1_521' title='bbox 1881 5030 2071 5088; x_wconf 89' lang='lat' dir='ltr'><strong>CXVI.</strong></span> <span class='ocrx_word' id='word_1_522' title='bbox 2109 5028 2210 5086; x_wconf 92' lang='lat' dir='ltr'><strong><em>Ubi</em></strong></span> <span class='ocrx_word' id='word_1_523' title='bbox 2236 5027 2402 5084; x_wconf 82' lang='lat' dir='ltr'><strong><em>Jacob</em></strong></span> <span class='ocrx_word' id='word_1_524' title='bbox 2431 5027 2658 5100; x_wconf 88' lang='lat' dir='ltr'><strong><em>lapidem</em></strong></span> <span class='ocrx_word' id='word_1_525' title='bbox 2681 5025 2851 5093; x_wconf 68' lang='lat' dir='ltr'><strong><em>unxit,</em></strong></span> <span class='ocrx_word' id='word_1_526' title='bbox 2875 5034 2922 5080; x_wconf 91' lang='lat' dir='ltr'><strong><em>et</em></strong></span> <span class='ocrx_word' id='word_1_527' title='bbox 2952 5034 3127 5080; x_wconf 87' lang='lat' dir='ltr'><strong><em>votum</em></strong></span> <span class='ocrx_word' id='word_1_528' title='bbox 3146 5023 3294 5096; x_wconf 84' lang='lat' dir='ltr'><strong><em>fecit.</em></strong></span> 
     </span>
    </p>
   </div>
   <div class='ocr_carea' id='block_1_53' title="bbox 206 5116 3218 5201">
    <p class='ocr_par' dir='ltr' id='par_1_53' title="bbox 206 5116 3218 5201">
     <span class='ocr_line' id='line_1_53' title="bbox 206 5116 3218 5201; baseline -0 -27"><span class='ocrx_word' id='word_1_529' title='bbox 206 5116 363 5178; x_wconf 85' lang='lat' dir='ltr'><strong>LXIX.</strong></span> <span class='ocrx_word' id='word_1_530' title='bbox 409 5123 513 5182; x_wconf 89' lang='lat' dir='ltr'><strong><em>Ubi</em></strong></span> <span class='ocrx_word' id='word_1_531' title='bbox 545 5125 707 5183; x_wconf 90' lang='lat' dir='ltr'><strong><em>Sarai</em></strong></span> <span class='ocrx_word' id='word_1_532' title='bbox 735 5127 844 5201; x_wconf 85' lang='lat' dir='ltr'><strong><em>regi</em></strong></span> <span class='ocrx_word' id='word_1_533' title='bbox 869 5128 934 5183; x_wconf 89' lang='lat' dir='ltr'><strong><em>de</em></strong></span> <span class='ocrx_word' id='word_1_534' title='bbox 962 5125 1196 5200; x_wconf 86' lang='lat' dir='ltr'><strong><em>/Egypto</em></strong></span> <span class='ocrx_word' id='word_1_535' title='bbox 1215 5126 1583 5183; x_wconf 90' lang='lat' dir='ltr'><strong><em>introducitur.</em></strong></span> <span class='ocrx_word' id='word_1_536' title='bbox 1881 5123 2094 5198; x_wconf 83' lang='lat' dir='ltr'><strong>CXVII.</strong></span> <span class='ocrx_word' id='word_1_537' title='bbox 2125 5123 2225 5179; x_wconf 93' lang='lat' dir='ltr'><strong><em>Ubi</em></strong></span> <span class='ocrx_word' id='word_1_538' title='bbox 2241 5121 2406 5177; x_wconf 86' lang='lat' dir='ltr'><strong><em>Jacob</em></strong></span> <span class='ocrx_word' id='word_1_539' title='bbox 2435 5120 2505 5175; x_wconf 90' lang='lat' dir='ltr'><strong><em>ad</em></strong></span> <span class='ocrx_word' id='word_1_540' title='bbox 2534 5131 2745 5192; x_wconf 89' lang='lat' dir='ltr'><strong><em>puteum</em></strong></span> <span class='ocrx_word' id='word_1_541' title='bbox 2772 5136 2886 5176; x_wconf 88' lang='lat' dir='ltr'><strong><em>oves</em></strong></span> <span class='ocrx_word' id='word_1_542' title='bbox 2914 5118 3218 5193; x_wconf 86' lang='lat' dir='ltr'><strong><em>adaquavit.</em></strong></span> 
     </span>
    </p>
   </div>
   <div class='ocr_carea' id='block_1_54' title="bbox 207 5213 2958 5295">
    <p class='ocr_par' dir='ltr' id='par_1_54' title="bbox 207 5213 2958 5295">
     <span class='ocr_line' id='line_1_54' title="bbox 207 5213 2958 5295; baseline 0 -25"><span class='ocrx_word' id='word_1_543' title='bbox 207 5213 345 5272; x_wconf 87' lang='lat' dir='ltr'><strong>LXX.</strong></span> <span class='ocrx_word' id='word_1_544' title='bbox 385 5219 660 5277; x_wconf 89' lang='lat' dir='ltr'><strong><em>Contentio</em></strong></span> <span class='ocrx_word' id='word_1_545' title='bbox 682 5222 819 5278; x_wconf 89' lang='lat' dir='ltr'><strong><em>inter</em></strong></span> <span class='ocrx_word' id='word_1_546' title='bbox 833 5231 1064 5295; x_wconf 90' lang='lat' dir='ltr'><strong><em>pastores</em></strong></span> <span class='ocrx_word' id='word_1_547' title='bbox 1093 5218 1315 5276; x_wconf 67' lang='lat' dir='ltr'><strong><em>Abrahae</em></strong></span> <span class='ocrx_word' id='word_1_548' title='bbox 1341 5231 1390 5276; x_wconf 92' lang='lat' dir='ltr'><strong><em>et</em></strong></span> <span class='ocrx_word' id='word_1_549' title='bbox 1418 5220 1540 5277; x_wconf 90' lang='lat' dir='ltr'><strong><em>Lot.</em></strong></span> <span class='ocrx_word' id='word_1_550' title='bbox 1883 5220 2116 5279; x_wconf 88' lang='lat' dir='ltr'><strong>CXVIII.</strong></span> <span class='ocrx_word' id='word_1_551' title='bbox 2155 5218 2253 5275; x_wconf 91' lang='lat' dir='ltr'><strong><em>Ubi</em></strong></span> <span class='ocrx_word' id='word_1_552' title='bbox 2279 5216 2444 5272; x_wconf 85' lang='lat' dir='ltr'><strong><em>Jacob</em></strong></span> <span class='ocrx_word' id='word_1_553' title='bbox 2475 5233 2571 5288; x_wconf 90' lang='lat' dir='ltr'><strong><em>pro</em></strong></span> <span class='ocrx_word' id='word_1_554' title='bbox 2599 5214 2762 5272; x_wconf 62' lang='lat' dir='ltr'><strong><em>ustore</em></strong></span> <span class='ocrx_word' id='word_1_555' title='bbox 2785 5215 2958 5272; x_wconf 86' lang='lat' dir='ltr'><strong><em>servit.</em></strong></span> 
     </span>
    </p>
   </div>
   <div class='ocr_carea' id='block_1_55' title="bbox 207 5305 2712 5391">
    <p class='ocr_par' dir='ltr' id='par_1_55' title="bbox 207 5305 2712 5391">
     <span class='ocr_line' id='line_1_55' title="bbox 207 5305 2712 5391; baseline 0 -27"><span class='ocrx_word' id='word_1_556' title='bbox 207 5305 363 5367; x_wconf 85' lang='lat' dir='ltr'><strong>LXXI.</strong></span> <span class='ocrx_word' id='word_1_557' title='bbox 409 5313 510 5371; x_wconf 87' lang='lat' dir='ltr'><strong><em>Ubi</em></strong></span> <span class='ocrx_word' id='word_1_558' title='bbox 541 5325 564 5354; x_wconf 74' lang='grc' dir='ltr'><strong>ε</strong></span> <span class='ocrx_word' id='word_1_559' title='bbox 591 5314 858 5372; x_wconf 84' lang='lat' dir='ltr'><strong><em>Abraham</em></strong></span> <span class='ocrx_word' id='word_1_560' title='bbox 881 5315 1023 5372; x_wconf 89' lang='lat' dir='ltr'><strong><em>Deus</em></strong></span> <span class='ocrx_word' id='word_1_561' title='bbox 1039 5323 1088 5372; x_wconf 92' lang='lat' dir='ltr'><strong><em>et</em></strong></span> <span class='ocrx_word' id='word_1_562' title='bbox 1107 5317 1303 5375; x_wconf 89' lang='lat' dir='ltr'><strong><em>semine</em></strong></span> <span class='ocrx_word' id='word_1_563' title='bbox 1329 5322 1442 5391; x_wconf 85' lang='lat' dir='ltr'><strong><em>ejus</em></strong></span> <span class='ocrx_word' id='word_1_564' title='bbox 1469 5315 1624 5372; x_wconf 89' lang='lat' dir='ltr'><strong><em>totius</em></strong></span> <span class='ocrx_word' id='word_1_565' title='bbox 1646 5323 1785 5371; x_wconf 91' lang='lat' dir='ltr'><strong><em>terra</em></strong></span> <span class='ocrx_word' id='word_1_566' title='bbox 1884 5311 2070 5370; x_wconf 86' lang='lat' dir='ltr'><strong>CXIX.</strong></span> <span class='ocrx_word' id='word_1_567' title='bbox 2105 5310 2182 5366; x_wconf 92' lang='lat' dir='ltr'><strong><em>De</em></strong></span> <span class='ocrx_word' id='word_1_568' title='bbox 2209 5309 2572 5381; x_wconf 88' lang='lat' dir='ltr'><strong><em>mandragoris</em></strong></span> <span class='ocrx_word' id='word_1_569' title='bbox 2593 5307 2712 5379; x_wconf 90' lang='lat' dir='ltr'><strong><em>ﬁlii.</em></strong></span> 
     </span>
    </p>
   </div>
   <div class='ocr_carea' id='block_1_56' title="bbox 264 5397 3414 5475">
    <p class='ocr_par' dir='ltr' id='par_1_56' title="bbox 264 5397 3414 5475">
     <span class='ocr_line' id='line_1_56' title="bbox 264 5397 3414 5475; baseline -0.001 -16"><span class='ocrx_word' id='word_1_570' title='bbox 264 5407 595 5475; x_wconf 86' lang='lat' dir='ltr'><strong><em>promittitur.</em></strong></span> <span class='ocrx_word' id='word_1_571' title='bbox 1887 5404 2054 5463; x_wconf 89' lang='lat' dir='ltr'><strong>CXX.</strong></span> <span class='ocrx_word' id='word_1_572' title='bbox 2099 5403 2199 5461; x_wconf 90' lang='lat' dir='ltr'><strong><em>Ubi</em></strong></span> <span class='ocrx_word' id='word_1_573' title='bbox 2227 5400 2390 5458; x_wconf 84' lang='lat' dir='ltr'><strong><em>Jacob</em></strong></span> <span class='ocrx_word' id='word_1_574' title='bbox 2423 5418 2542 5458; x_wconf 87' lang='lat' dir='ltr'><strong><em>cum</em></strong></span> <span class='ocrx_word' id='word_1_575' title='bbox 2565 5415 2745 5459; x_wconf 88' lang='lat' dir='ltr'><strong><em>socero</em></strong></span> <span class='ocrx_word' id='word_1_576' title='bbox 2775 5400 2838 5457; x_wconf 92' lang='lat' dir='ltr'><strong><em>de</em></strong></span> <span class='ocrx_word' id='word_1_577' title='bbox 2865 5399 3096 5458; x_wconf 87' lang='lat' dir='ltr'><strong><em>mercede</em></strong></span> <span class='ocrx_word' id='word_1_578' title='bbox 3121 5397 3414 5474; x_wconf 87' lang='lat' dir='ltr'><strong><em>paciscitur.</em></strong></span> 
     </span>
    </p>
   </div>
   <div class='ocr_carea' id='block_1_57' title="bbox 265 5589 3359 5672">
    <p class='ocr_par' dir='ltr' id='par_1_57' title="bbox 265 5589 3359 5672">
     <span class='ocr_line' id='line_1_57' title="bbox 265 5589 3359 5672; baseline 0.005 -22"><span class='ocrx_word' id='word_1_579' title='bbox 265 5600 287 5630; x_wconf 74' lang='grc' dir='ltr'>ι</span> <span class='ocrx_word' id='word_1_580' title='bbox 321 5593 663 5672; x_wconf 69' lang='lat' dir='ltr'><strong><em>Martianreus</em></strong></span> <span class='ocrx_word' id='word_1_581' title='bbox 707 5597 1018 5670; x_wconf 82' lang='lat' dir='ltr'><strong><em>suspicatur</em></strong></span> <span class='ocrx_word' id='word_1_582' title='bbox 1058 5597 1369 5672; x_wconf 74' lang='lat' dir='ltr'><strong><em>legendum,</em></strong></span> <span class='ocrx_word' id='word_1_583' title='bbox 1419 5596 1510 5672; x_wconf 74' lang='lat' dir='ltr'><strong><em>qui</em></strong></span> <span class='ocrx_word' id='word_1_584' title='bbox 1550 5594 1785 5672; x_wconf 74' lang='lat' dir='ltr'><strong><em>o/fende-</em></strong></span> <span class='ocrx_word' id='word_1_585' title='bbox 1899 5591 2058 5672; x_wconf 58' lang='lat' dir='ltr'><strong><em>ribus</em></strong></span> <span class='ocrx_word' id='word_1_586' title='bbox 2080 5589 2309 5672; x_wconf 53' lang='grc' dir='ltr'><strong><em>δρύψε,</em></strong></span> <span class='ocrx_word' id='word_1_587' title='bbox 2339 5597 2472 5658; x_wconf 65' lang='lat' dir='ltr'><strong><em>am:</em></strong></span> <span class='ocrx_word' id='word_1_588' title='bbox 2499 5594 2646 5672; x_wconf 55' lang='grc' dir='ltr'><strong><em>εἱσι,</em></strong></span> <span class='ocrx_word' id='word_1_589' title='bbox 2702 5665 2714 5672; x_wconf 83' lang='lat'>_</span> <span class='ocrx_word' id='word_1_590' title='bbox 2803 5665 2817 5672; x_wconf 54' lang='grc'><em>,</em></span> <span class='ocrx_word' id='word_1_591' title='bbox 2933 5613 2938 5618; x_wconf 75' lang='lat'><strong>‘</strong></span> <span class='ocrx_word' id='word_1_592' title='bbox 3342 5651 3359 5672; x_wconf 60' lang='grc' dir='ltr'><em>ι</em></span> 
     </span>
    </p>
   </div>
   <div class='ocr_carea' id='block_1_58' title="bbox 212 5650 3494 5741">
    <p class='ocr_par' dir='ltr' id='par_1_58' title="bbox 212 5650 3494 5741">
     <span class='ocr_line' id='line_1_58' title="bbox 212 5650 3494 5741; baseline -0.005 -18"><span class='ocrx_word' id='word_1_593' title='bbox 212 5673 328 5741; x_wconf 64' lang='lat' dir='ltr'><strong><em>runt,</em></strong></span> <span class='ocrx_word' id='word_1_594' title='bbox 351 5650 1788 5741; x_wconf 37' lang='lat' dir='ltr'><strong><em>vel:guioitendei-untgubd’u&#39;di:aitEs:Nos&#39;ceriis-</em></strong></span> <span class='ocrx_word' id='word_1_595' title='bbox 2026 5663 2171 5741; x_wconf 74' lang='lat' dir='ltr'><strong><em>Satis</em></strong></span> <span class='ocrx_word' id='word_1_596' title='bbox 2202 5650 2648 5741; x_wconf 38' lang='lat' dir='ltr'><strong><em>bengern&#39;ep‘dari</em></strong></span> <span class='ocrx_word' id='word_1_597' title='bbox 2698 5665 2916 5741; x_wconf 32' lang='lat' dir='ltr'><strong><em>tex‘tum</em></strong></span> <span class='ocrx_word' id='word_1_598' title='bbox 2959 5671 3024 5713; x_wconf 87' lang='lat' dir='ltr'><strong><em>ac</em></strong></span> <span class='ocrx_word' id='word_1_599' title='bbox 3052 5653 3294 5741; x_wconf 76' lang='lat' dir='ltr'><strong><em>suppleri</em></strong></span> <span class='ocrx_word' id='word_1_600' title='bbox 3338 5650 3494 5741; x_wconf 52' lang='lat' dir='ltr'><strong><em>jubet</em></strong></span> 
     </span>
    </p>
   </div>
   <div class='ocr_carea' id='block_1_59' title="bbox 213 5729 3493 5816">
    <p class='ocr_par' dir='ltr' id='par_1_59' title="bbox 213 5729 3493 5816">
     <span class='ocr_line' id='line_1_59' title="bbox 213 5729 3493 5816; baseline -0.005 -23"><span class='ocrx_word' id='word_1_601' title='bbox 213 5729 325 5816; x_wconf 68' lang='lat' dir='ltr'><strong><em>suos</em></strong></span> <span class='ocrx_word' id='word_1_602' title='bbox 363 5729 574 5816; x_wconf 67' lang='lat' dir='ltr'><strong><em>aliau&#39;ot</em></strong></span> <span class='ocrx_word' id='word_1_603' title='bbox 599 5742 902 5799; x_wconf 83' lang='lat' dir='ltr'><strong><em>scribarum</em></strong></span> <span class='ocrx_word' id='word_1_604' title='bbox 931 5729 1130 5800; x_wconf 70' lang='lat' dir='ltr'><strong><em>menda</em></strong></span> <span class='ocrx_word' id='word_1_605' title='bbox 1155 5729 1320 5814; x_wconf 69' lang='lat' dir='ltr'><strong><em>supra</em></strong></span> <span class='ocrx_word' id='word_1_606' title='bbox 1350 5751 1513 5814; x_wconf 79' lang='lat' dir='ltr'><strong><em>atque</em></strong></span> <span class='ocrx_word' id='word_1_607' title='bbox 1542 5739 1680 5796; x_wconf 71' lang='lat' dir='ltr'><strong><em>intra</em></strong></span> <span class='ocrx_word' id='word_1_608' title='bbox 1711 5749 1790 5796; x_wconf 84' lang='lat' dir='ltr'><strong><em>ta-</em></strong></span> <span class='ocrx_word' id='word_1_609' title='bbox 1895 5738 2264 5816; x_wconf 66' lang='lat' dir='ltr'><strong><em>Martianmus,</em></strong></span> <span class='ocrx_word' id='word_1_610' title='bbox 2316 5731 2416 5789; x_wconf 90' lang='lat' dir='ltr'><strong><em>Ubi</em></strong></span> <span class='ocrx_word' id='word_1_611' title='bbox 2464 5731 2728 5816; x_wconf 73' lang='lat' dir='ltr'><strong><em>Abraham</em></strong></span> <span class='ocrx_word' id='word_1_612' title='bbox 2756 5729 3188 5816; x_wconf 35' lang='lat' dir='ltr'><strong><em>Deushapparet,</em></strong></span> <span class='ocrx_word' id='word_1_613' title='bbox 3219 5734 3268 5784; x_wconf 92' lang='lat' dir='ltr'><strong><em>et</em></strong></span> <span class='ocrx_word' id='word_1_614' title='bbox 3310 5729 3493 5781; x_wconf 82' lang='lat' dir='ltr'><strong><em>semini</em></strong></span> 
     </span>
    </p>
   </div>
   <div class='ocr_carea' id='block_1_60' title="bbox 214 5805 1809 5882">
    <p class='ocr_par' dir='ltr' id='par_1_60' title="bbox 214 5805 1719 5882">
     <span class='ocr_line' id='line_1_60' title="bbox 214 5805 1719 5882; baseline 0.014 -21"><span class='ocrx_word' id='word_1_615' title='bbox 214 5805 289 5882; x_wconf 75' lang='lat' dir='ltr'><strong><em>cili</em></strong></span> <span class='ocrx_word' id='word_1_616' title='bbox 315 5805 664 5882; x_wconf 60' lang='lat' dir='ltr'><strong><em>castigamus.</em></strong></span> <span class='ocrx_word' id='word_1_617' title='bbox 1225 5805 1242 5814; x_wconf 75' lang='grc'><em>’</em></span> <span class='ocrx_word' id='word_1_618' title='bbox 1422 5805 1440 5814; x_wconf 73' lang='grc'><em>’</em></span> <span class='ocrx_word' id='word_1_619' title='bbox 1715 5881 1719 5882; x_wconf 30' lang='grc' dir='ltr'><em>ν</em></span> 
     </span>
    </p>
   </div>
   <div class='ocr_carea' id='block_1_61' title="bbox 1417 5805 3012 5882">
    <p class='ocr_par' dir='ltr' id='par_1_61' title="bbox 1422 5805 3012 5882">
     <span class='ocr_line' id='line_1_61' title="bbox 1422 5805 3012 5882; baseline -0.006 -17"><span class='ocrx_word' id='word_1_620' title='bbox 1422 5805 1440 5814; x_wconf 90' lang='grc'><em>’</em></span> <span class='ocrx_word' id='word_1_621' title='bbox 1715 5881 1719 5882; x_wconf 16' lang='grc' dir='ltr'><em>ν</em></span> <span class='ocrx_word' id='word_1_622' title='bbox 1898 5811 2012 5882; x_wconf 73' lang='lat' dir='ltr'><strong><em>ejus</em></strong></span> <span class='ocrx_word' id='word_1_623' title='bbox 2037 5809 2190 5866; x_wconf 85' lang='lat' dir='ltr'><strong><em>totius</em></strong></span> <span class='ocrx_word' id='word_1_624' title='bbox 2219 5815 2370 5863; x_wconf 79' lang='lat' dir='ltr'><strong><em>terra:</em></strong></span> <span class='ocrx_word' id='word_1_625' title='bbox 2391 5805 2648 5877; x_wconf 86' lang='lat' dir='ltr'><strong><em>possessio</em></strong></span> <span class='ocrx_word' id='word_1_626' title='bbox 2678 5805 3012 5877; x_wconf 88' lang='lat' dir='ltr'><strong><em>promittitur.</em></strong></span> 
     </span>
    </p>
   </div>
   <div class='ocr_carea' id='block_1_62' title="bbox 271 5879 1794 5961">
    <p class='ocr_par' dir='ltr' id='par_1_62' title="bbox 271 5879 1794 5961">
     <span class='ocr_line' id='line_1_62' title="bbox 271 5879 1794 5961; baseline 0.003 -23"><span class='ocrx_word' id='word_1_627' title='bbox 271 5879 294 5920; x_wconf 66' lang='grc' dir='ltr'><strong><em>ῖθ</em></strong></span> <span class='ocrx_word' id='word_1_628' title='bbox 322 5879 475 5943; x_wconf 74' lang='lat' dir='ltr'><strong><em>Ideni</em></strong></span> <span class='ocrx_word' id='word_1_629' title='bbox 516 5887 754 5960; x_wconf 87' lang='lat' dir='ltr'><strong><em>suppleri</em></strong></span> <span class='ocrx_word' id='word_1_630' title='bbox 782 5887 962 5961; x_wconf 82' lang='lat' dir='ltr'><strong><em>jubet,</em></strong></span> <span class='ocrx_word' id='word_1_631' title='bbox 992 5887 1304 5959; x_wconf 84' lang='lat' dir='ltr'><strong><em>inventione,</em></strong></span> <span class='ocrx_word' id='word_1_632' title='bbox 1339 5894 1385 5943; x_wconf 91' lang='lat' dir='ltr'><strong><em>et</em></strong></span> <span class='ocrx_word' id='word_1_633' title='bbox 1423 5885 1486 5942; x_wconf 81' lang='lat' dir='ltr'><strong><em>de</em></strong></span> <span class='ocrx_word' id='word_1_634' title='bbox 1515 5901 1534 5944; x_wconf 88' lang='lat'><strong><em>:</em></strong></span> <span class='ocrx_word' id='word_1_635' title='bbox 1567 5881 1794 5957; x_wconf 82' lang='lat' dir='ltr'><strong><em>paucio-</em></strong></span> 
     </span>
    </p>
   </div>
  </div>
