3992 6338
519 311 623 373 I63

513 423 704 482 CXXI.
747 422 825 479 De
851 422 1006 494 virgis
1031 417 1196 476 Iacob
1221 418 1395 474 variis.

513 517 723 576 CXXII.
771 515 870 574 Ubi
917 513 1081 570 Iacob
1121 529 1237 568 cum
1281 509 1529 566 uxoribus
1577 525 1610 563 a
1649 503 1829 562 Laban
1873 502 2110 576 proficis-

589 612 746 666 citur.

515 700 752 760 CXXIII.
783 700 883 757 Ubi
902 697 1067 753 Iacob
1096 697 1225 752 vidit
1246 694 1524 751 consilium
1553 691 1673 745 Dei.

515 793 754 852 CXXIV.
799 791 898 849 Ubi
922 788 1089 846 Iacob
1115 793 1232 844 cum
1259 784 1443 859 angelo
1466 784 1721 839 luctatur.

515 887 731 944 CXXV.
776 885 876 942 Ubi
900 884 1064 939 Iacob
1099 883 1238 938 Esau
1265 882 1431 952 frater
1457 879 1700 935 occurrit.

515 979 754 1038 CXXVI.
792 977 893 1035 Ubi
921 979 1031 1048 ﬁlia
1049 975 1210 1031 Iacob
1239 984 1392 1044 rapta
1417 982 1513 1030 est.

518 1071 779 1132 CXXVII.
825 1071 926 1128 Ubi
949 1072 1046 1142 ﬁlii
1072 1069 1239 1124 Iacob
1264 1068 1403 1138 ﬁlios
1427 1067 1598 1124 Siccm
1617 1064 2006 1136 interfecerunt.

517 1165 803 1224 CXXVIII.
847 1164 948 1221 Ubi
974 1163 1140 1218 Iacob
1159 1159 1304 1218 idola
1325 1159 1596 1232 disperdit.

517 1255 759 1314 CXXIX.
795 1254 1033 1312 Debbora
1053 1261 1278 1330 mortua.

518 1347 736 1406 CXXX.
771 1347 907 1403 Deus
937 1349 1006 1402 ad
1025 1345 1189 1402 Iacob
1206 1343 1261 1400 in
1291 1341 1502 1400 Bethel.

519 1441 760 1498 CXXXI.
805 1439 907 1496 Ubi
936 1438 1133 1494 Rachel
1157 1439 1398 1493 moritur.

519 1535 782 1592 CXXXII.
815 1534 998 1589 Ruben
1021 1549 1136 1588 cum
1166 1549 1326 1588 uxore
1346 1533 1512 1600 patris
1542 1530 1834 1586 concubuit.

520 1627 806 1684 CXXXIII.
841 1623 1073 1682 Nomina
1104 1624 1332 1693 filiorum
1359 1621 1544 1677 Iacob.

519 1719 808 1774 CXXXIV.
832 1719 1001 1774 Iacob
1024 1719 1092 1772 ad
1118 1728 1319 1789 patrem
1339 1717 1494 1772 venit.

527 1810 793 1866 CXXXV.
828 1810 1020 1866 lsaach
1044 1809 1215 1865 reddit
1231 1808 1463 1884 [Supple
1483 1801 1768 1882 spiritum].

521 1902 811 1958 CXXXVI.
844 1901 1131 1974 Progenies
1157 1899 1322 1957 Esau.

523 1993 837 2052 CXXXVII.
866 1993 946 2050 De
963 1993 1182 2068 Ioseph.
1371 2009 1373 2013 ‘

513 2207 520 2213 _
599 2148 625 2176 ⁸
669 2137 890 2213 Videtur
921 2139 1230 2208 legendum,
1281 2139 1614 2213 sepulturae;
1660 2138 2008 2213 Martiano-us
2038 2147 2122 2196 ta-

529 2226 652 2266 men
672 2209 869 2282 mutari
897 2213 1101 2282 mavult
1123 2209 1456 2281 postremum
1477 2211 1872 2281 verbum,jure
1897 2210 1953 2282 in
1972 2212 2125 2282 jure-

516 2281 771 2354 jurando.
800 2279 1063 2354 Notatque
1089 2278 1310 2354 insuper
1331 2285 1597 2354 Omissum
1623 2278 1835 2354 esseab
1857 2278 2126 2350 scriptore

527 2367 629 2407 ms.
654 2352 860 2408 codicis
884 2353 1130 2423 Vaticani
1156 2353 1454 2423 capitulum
1485 2353 1762 2419 ultimum,
1792 2353 1848 2407 in
1867 2368 1976 2422 quo
1999 2365 2126 2420 pars

523 2425 710 2478 ultima
752 2425 871 2480 libri
909 2422 1189 2480 Geneseos
1227 2422 1617 2493 repraesentari
1670 2424 1834 2480 debet
1880 2427 1932 2478 in
1983 2423 2130 2478 hunc

525 2503 620 2549 aut
647 2495 881 2550 similem
913 2495 1128 2550 modum
1163 2513 1176 2550 :
1223 2495 1320 2550 Ubi
1352 2494 1548 2566 Ioseph
1578 2495 1703 2550 vixit
1733 2512 1897 2551 annos
1926 2504 2132 2550 centum

1526 298 1581 357 Β.
1626 289 2009 360 HIERONYMI
2050 286 2281 350 DIVINA
2321 282 2801 352 BIBLIO'I'IIECA.

2137 422 2184 480 Α
2215 405 2548 464 CXXXVIII.
2584 405 2658 460 De
2685 403 2828 458 Iuda
2858 399 3070 456 uxorem
3096 395 3395 470 accipiente.

2214 499 2506 556 CXXXIX.
2539 497 2618 552 De
2651 497 2898 556 Thamar.

2213 595 2372 653 CXL.
2401 593 2597 665 Ioseph
2630 602 2812 648 contra
2843 588 3138 645 Dominam.

2214 689 2396 747 CXLI.
2430 689 2628 761 Ioseph
2659 690 2715 746 in
2745 703 3024 742 carcerem.

2215 781 2422 840 CXLII.
2458 781 2733 839 Somnium
2761 779 2990 834 Pharao.

2217 875 2446 933 CXLIII.
2486 875 2584 932 Ubi
2608 875 2716 929 nati
2737 884 2854 929 sunt
2877 873 2976 942 ﬁlii
2997 868 3191 942 Ioseph
3216 865 3270 922 Μ
3275 882 3483 922 anasses
3503 873 3549 919 et
3572 861 3829 934 Efraytn.

2217 969 2452 1026 CXLIV.
2481 967 2646 1022 Iacob
2678 965 2746 1022 ad
2779 966 3095 1038 frumentum
3121 961 3189 1015 ad
3219 947 3512 1032 Eggptum
3533 954 3717 1010 mittit.

2221 1060 2432 1116 CXLV.
2461 1058 2656 1130 Ioseph
2685 1056 2876 1128 fratres
2897 1055 3152 1129 agnoscit.

2221 1151 2452 1208 CXLVI.
2486 1150 2585 1207 Ubi
2610 1149 2710 1220 ﬁlii
2739 1146 2903 1204 Iacob
2929 1145 3118 1202 reversi
3139 1154 3258 1200 sunt
3287 1141 3355 1196 ad
3385 1148 3582 1216 patrem
3608 1154 3792 1193 suum.

2222 1241 2479 1299 CXLVII.
2515 1237 2616 1297 Ubi
2643 1242 2824 1295 iterum
2851 1246 3093 1294 venerunt
3126 1239 3180 1290 in
3212 1233 3504 1308 Afgyptum
3535 1231 3630 1300 ﬁlii
3657 1224 3840 1284 Iacob

2297 1335 2366 1389 ad
2389 1333 2603 1406 Ioseph.

2225 1430 2504 1486 CXLVIII.
2535 1427 2636 1484 Ubi
2665 1426 2861 1496 Ioseph
2895 1427 3085 1496 fratres
3114 1420 3367 1494 agnoscit.

2227 1523 2460 1580 CXLIX.
2494 1522 2655 1576 Eunti
2684 1519 2847 1574 Iacob
2874 1520 2926 1572 in
2963 1516 3252 1589 zEgyptnm
3290 1510 3542 1567 Dominus
3566 1509 3704 1566 visus
3735 1515 3843 1566 est.

2227 1617 2335 1672 CL.
2376 1616 2474 1671 Ubi
2499 1614 2732 1686 loquitur
2749 1611 2910 1668 Iacob
2937 1613 3006 1667 ad
3028 1609 3259 1664 Pharao.

2226 1705 2362 1765 CLI.
2397 1708 2496 1764 Ubi
2525 1707 2723 1778 Ioseph
2750 1705 3017 1780 .Egyptiis
3038 1721 3132 1777 pro
3161 1701 3400 1776 panibus.

2165 1807 2205 1864 Β
2235 1802 2391 1858 CLII.
2429 1800 2528 1857 Ubi
2543 1798 2707 1855 Iacob
2728 1798 2924 1872 Ioseph
2941 1814 3036 1870 pro
3053 1797 3322 1868 sepultura
3340 1802 3366 1830 ι
3389 1797 3671 1847 commonet
3687 1792 3847 1863 jure.

2235 1896 2410 1951 CLIII.
2445 1895 2542 1952 Ubi
2574 1893 2738 1949 Iacob
2770 1893 2910 1964 ﬁlios
2935 1891 3133 1961 Ioseph
3161 1888 3432 1946 benedirlt.

2235 1989 2414 2046 CLIV.
2445 1987 2547 2044 Ubi
2567 1986 2732 2043 Iacob
2757 1985 2899 2057 ﬁlios
2921 2001 3044 2040 suos
3068 1983 3340 2064 duodecim
3365 1981 3638 2038 benedicit.

2233 2147 2280 2191 et
2319 2137 2498 2193 decem
2525 2177 2540 2200 ,
2581 2145 2629 2191 et
2669 2134 2932 2209 adiurauit
2974 2137 3160 2209 fratres
3195 2148 3349 2209 suos,
3400 2140 3456 2184 ut
3501 2145 3621 2184 eum
3659 2129 3859 2209 uisita—

2232 2219 2408 2263 rentur
2428 2252 2441 2274 ,
2469 2209 2701 2262 tollerent
2731 2200 2904 2260 secum
2935 2200 3050 2278 ossa
3078 2208 3190 2278 ejus
3215 2205 3270 2258 in
3301 2200 3855 2278 te_rrar_r_t_sua_n_t._l\‘:url

2232 2278 2370 2335 liber
2393 2270 2672 2334 Geneseos
2699 2294 2804 2331 non
2831 2273 3050 2347 oxplicit
3079 2270 3128 2347 in
3155 2275 3390 2347 εηνὶιυιρ
3418 2271 3537 2337 154,
3565 2273 3651 2326 ubi
3674 2270 3858 2328 Iacob

2241 2350 2384 2406 ﬁlios
2413 2365 2544 2404 suos
2564 2349 2853 2404 duodecim
2902 2344 3330 2409 benedicit,’setl
3377 2344 3430 2401 in
3470 2351 3644 2399 morte
3673 2355 3726 2399 et
3760 2358 3859 2398 se-

2239 2423 2457 2490 pultura
2485 2420 2711 2490 Ioseph,
2739 2419 2831 2475 ﬁlii
2861 2419 3048 2475 Iacob.

1945 2775 1976 2814 ε
2007 2745 2446 2832 INCIPIT

1393 2927 1986 3072 LIBER
2033 2913 2072 2973 "
2117 2929 2989 3080 BRESITH

1865 3157 1988 3232 Qui
2021 3137 2226 3238 graece
2256 3158 2490 3221 dicitur

1800 3313 2587 3448 GENESIS.

611 3649 658 3722 [ε
705 3651 768 3704 Τ.
811 3650 850 3716 l,
892 3649 952 3706 Β.
992 3649 1035 3717 I,
1071 3649 1136 3705 C.
1167 3651 1206 3718 I,
1236 3649 1368 3721 Cap.
1404 3649 1480 3721 1.]
1525 3651 1581 3704 In
1625 3651 1895 3720 principio
1927 3651 2137 3706 creavit
2162 3650 2210 3715 C
2243 3651 2666 3714 ﬁrmamentum,
2700 3651 2907 3708 leum
2933 3670 2944 3705 :
2975 3661 3030 3707 et
3051 3651 3246 3707 factum
3275 3663 3361 3708 est
3391 3668 3618 3724 vespere
3649 3663 3705 3710 et
3739 3669 3867 3710 ma-

541 3744 682 3799 Deus
711 3744 906 3798 malum
934 3753 987 3798 et
1038 3755 1258 3799 terram.
1293 3743 1461 3798 Terra
1510 3753 1695 3800 autem
1728 3753 1848 3799 erat
1879 3745 2057 3798 inanis
2081 3751 2138 3799 et

541 3849 732 3898 vacua,
764 3844 820 3888 et
861 3835 1102 3890 tenebraz
1130 3834 1317 3906 [ναις.
1343 3835 1493 3888 addit
1519 3833 1696 3906 eratut]
1736 3849 1901 3907 super
1937 3833 2134 3891 faciem

537 3927 747 3998 abyssi,
773 3935 828 3982 et
846 3925 1084 3998 Spiritus
1107 3926 1203 3982 Dei
1226 3926 1507 3982 ferebatur
1544 3936 1710 3998 super
1739 3943 1928 3998 aquas.
1968 3929 2139 3982 Dixit.

540 4036 648 4093 que
680 4021 824 4078 Deus
854 4039 868 4078 :
900 4021 1022 4077 Fiat
1059 4022 1178 4078 lux.
1217 4021 1285 4076 Et
1311 4022 1450 4077 laeta
1477 4031 1562 4078 est
1595 4022 1708 4077 lux.
1736 4023 1801 4077 Et
1832 4023 1967 4078 vidit
1999 4024 2136 4078 Deus

541 4117 717 4173 lucem
754 4115 898 4186 quod
939 4124 1087 4171 esset
1118 4116 1258 4170 bona
1301 4133 1312 4168 :
1346 4115 1412 4170 Et
1437 4113 1622 4170 divisit
1654 4116 1796 4170 Dens
1845 4115 2022 4172 lucem
2075 4127 2137 4170 ae

540 4209 794 4264 tenebras
816 4207 1005 4280 [ναις.
1031 4207 1749 4278 tenebris].Appellaviume
1771 4207 1944 4262 lucem
1962 4207 2137 4274 Diem,

541 4310 597 4357 et
627 4300 880 4356 tenebras
907 4299 1129 4355 Noctem
1156 4316 1170 4354 :
1203 4298 1534 4369 Factumque
1573 4307 1658 4354 est
1685 4313 1915 4369 vespere
1940 4307 1996 4354 et
2023 4315 2142 4353 ma-

546 4409 635 4460 ne,
669 4393 788 4448 dies
811 4406 968 4448 unus.
994 4392 1078 4464 [Β.
1104 4393 1169 4459 II,
1195 4392 1254 4448 C.
1291 4390 1384 4463 II.]
1409 4392 1783 4462 Disitquoque
1814 4392 1955 4447 Deus
1989 4409 2002 4446 :
2029 4392 2149 4450 Fiat

554 4488 957 4542 ﬁrmamentum
1008 4484 1062 4540 in
1107 4484 1287 4540 medio
1327 4500 1611 4556 aquarum,
1652 4495 1707 4542 et
1736 4486 1946 4542 dividat
1983 4500 2151 4555 aquas

542 4580 612 4636 ab
629 4579 805 4650 aquis.
824 4578 890 4634 Et
907 4577 1036 4634 fecit
1050 4577 1194 4634 Deus
1215 4577 1644 4642 ﬁrmamentum,
1667 4577 1959 4648 divisitque
1975 4591 2144 4648 aquas

541 4688 663 4743 qua
691 4680 846 4730 erant
879 4671 981 4727 sub
1023 4671 1388 4738 tirameuto,
1416 4670 1488 4725 ab
1517 4669 1602 4725 his
1630 4686 1750 4741 quae
1780 4680 1936 4726 erant
1981 4684 2147 4741 super

544 4765 967 4821 ﬁrmamentum.
1019 4763 1086 4819 Et
1133 4765 1334 4820 factum
1375 4773 1460 4820 est
1489 4762 1587 4820 ita.
1634 4763 1964 4834 Vncsvitque
2001 4763 2146 4819 Deus

621 4979 646 5008 ιι
678 4968 947 5038 Integrum
969 4965 1404 5038 Peutateuchum
1441 4965 1725 5036 exegimus
1749 4965 1816 5019 ad
1842 4963 1979 5038 duos
2014 4979 2146 5020 mss.

550 5056 686 5112 quos
715 5035 958 5095 invenire
996 5039 1268 5112 potuimus
1298 5035 1722 5112 meliorisuotae
1750 5038 1803 5091 in
1849 5035 2026 5092 Vatic.
2056 5037 2142 5112 Blo

553 5107 846 5176 Iiliotlteca,
878 5107 1045 5164 unum
1076 5109 1378 5164 Palatinum
1410 5125 1555 5163 num.
1591 5109 1626 5163 5
1651 5117 2036 5179 prmnotatum,
2067 5107 2148 5163 al-

2247 3758 2337 3809 ne,
2365 3744 2484 3797 dies
2515 3744 2806 3798 secundus.
2845 3743 2931 3816 [Β.
2968 3743 3059 3812 Ill,
3092 3745 3154 3800 C.
3187 3745 3297 3818 Ill.]
3331 3746 3477 3800 Dixit
3497 3762 3630 3800 vero
3663 3746 3816 3801 Deus
3847 3765 3862 3803 :

2247 3833 2661 3905 Congregentur
2693 3849 2869 3906 aquae,
2912 3853 3034 3904 qua!
3079 3839 3181 3892 sub
3209 3839 3350 3894 cmlo
3390 3847 3537 3903 sunt,
3571 3837 3624 3892 in
3667 3839 3864 3894 locum

2245 3944 2434 3993 unum,
2467 3937 2522 3984 et
2545 3930 2988 3999 appareatnrida.
3015 3930 3348 4001 Factumque
3368 3940 3452 3986 est
3479 3933 3570 3985 ita.
3601 3932 3664 3985 Et
3683 3947 3870 3988 Voca-

2245 4020 2317 4073 vit
2342 4021 2482 4076 Deus
2504 4021 2708 4075 aridam
2730 4020 2977 4088 Terram,
3001 4023 3567 4094 congregatitmesque
3587 4038 3866 4093 aquarum

2245 4111 2536 4180 appellavit
2565 4111 2753 4166 Maria.
2807 4112 2872 4166 Et
2909 4113 3047 4167 vidit
3088 4115 3227 4169 Deus
3256 4116 3400 4185 quod
3431 4125 3577 4169 emet
3622 4116 3865 4171 bonum.

2246 4204 2311 4260 Et
2336 4206 2412 4260 ait
2442 4224 2454 4258 ε
2486 4205 2763 4261 Germinet
2789 4216 2928 4261 terra
2953 4207 3174 4262 herbam
3196 4209 3460 4264 virentem
3484 4218 3537 4262 et
3565 4209 3868 4265 facientem

2246 4311 2460 4364 semen,
2488 4307 2546 4350 et
2584 4298 2786 4366 lignum
2829 4298 3153 4368 pomiferum
3185 4299 3387 4355 iaciens
3431 4300 3663 4358 fructum
3691 4301 3868 4371 juxta

2249 4406 2422 4462 genus
2445 4408 2626 4460 suum,
2651 4393 2805 4462 cujus
2831 4408 3018 4448 semen
3037 4394 3090 4449 in
3124 4395 3426 4464 semetipso
3457 4395 3528 4449 sit
3554 4409 3723 4465 super
3754 4404 3872 4450 ter-

2252 4500 2389 4540 ram.
2427 4485 2494 4540 Et
2519 4486 2715 4540 factum
2747 4495 2831 4540 est
2856 4489 2948 4540 ita.
2983 4486 3046 4540 Et
3078 4486 3302 4556 pratulit
3334 4496 3480 4542 terra
3515 4487 3741 4542 herbam
3778 4489 3872 4542 vi-

2253 4589 2486 4645 rentem,
2527 4590 2581 4635 et
2611 4579 2873 4636 ferentem
2919 4582 3105 4655 [Vulg.
3137 4581 3449 4655 iacientem]
3476 4596 3663 4637 semen
3688 4579 3870 4650 juxta

2253 4688 2426 4744 genus
2463 4688 2644 4738 suum,
2673 4673 2988 4743 lignumque
3033 4674 3236 4729 iaciens
3259 4672 3497 4730 fructum
3516 4719 3530 4743 ,
3559 4683 3616 4729 et
3644 4674 3874 4731 habens

2255 4764 2676 4836 unumquodque
2720 4780 2910 4822 semen
2960 4765 3146 4838 [γαίᾳ.
3192 4765 3519 4838 sementem]
3549 4766 3869 4823 secundum

2255 4965 2377 5020 sith.
2402 4982 2552 5036 quem
2580 4980 2672 5018 nos
2695 4963 2933 5019 Ceness'm
2956 4967 3192 5021 dicimus.
3220 4966 3390 5023 Hodie
3415 4966 3670 5035 'Beresith,
3693 4967 3871 5027 Bere-

2255 5038 2407 5104 scith,
2437 5047 2492 5090 et
2521 5035 2819 5089 Bereschith
2845 5037 3061 5092 dicitur.
3092 5039 3266 5095 MART.

2326 5138 2396 5148 —
2413 5109 2668 5183 Ilebrmos
2679 5110 2910 5183 aprimis
2925 5125 3362 5183 unumquemque
3385 5111 3582 5176 librum
3601 5112 3870 5183 Scriptu-

553 5195 725 5240 terum
759 5181 1072 5238 Urbinatem
1105 5179 1499 5252 praegrandem.
1528 5178 1686 5252 Alios
1709 5185 1921 5232 tantum
1950 5193 2148 5234 eonsu-
2173 5183 2229 5246 D
2253 5195 2326 5252 rce
2345 5179 2522 5235 verbis
2546 5178 2848 5252 appellare,
2872 5188 3081 5236 notum.
3102 5178 3296 5252 Incipit
3318 5198 3446 5238 vero
3469 5184 3536 5238 al)
3568 5185 3650 5238 his
3667 5178 3865 5242 Gene—

556 5256 756 5311 luimus
779 5253 845 5307 ad
877 5263 1069 5306 vexata
1101 5251 1241 5316 loca,
1274 5251 1367 5304 ubi
1393 5261 1445 5306 et
1471 5251 1838 5306 laudabimus.

629 5327 654 5365 δ
685 5325 903 5381 Librum
947 5323 1225 5379 Genescos
1270 5330 1508 5384 manu:
1547 5321 1754 5386 Bresith
1794 5321 1862 5376 ab
1901 5320 2147 5378 Hebreis

557 5398 732 5456 fuisse
766 5395 1108 5466 nominatum
1145 5394 1303 5466 docet
1339 5395 1396 5450 S.
1441 5395 1803 5466 Hieronymus
1843 5391 1996 5466 initio
2039 5393 2145 5461 Qu.

561 5467 945 5525 Hebraicarttm
981 5466 1031 5520 in
1063 5464 1315 5519 Gettesim
1335 5507 1349 5529 ,
1387 5466 1472 5518 Illll
1504 5465 1618 5518 lucc
1645 5464 1711 5518 an
1741 5479 1807 5518 eo
1837 5464 2037 5532 scripta
2069 5466 2146 5517 le-

555 5551 755 5614 guntur
787 5537 940 5614 :__Scd
969 5547 1014 5614 et
1045 5539 1138 5589 hoc
1165 5536 1457 5614 sciendum,
1475 5537 1613 5614 quod
1642 5538 1783 5605 apud
1812 5535 2058 5614 Πρω-φφ
2084 5535 2147 5589 li-

557 5605 644 5667 ber
664 5611 768 5675 hic,
796 5609 998 5664 Bresith
1027 5616 1259 5669 vocatur,
1281 5605 1416 5660 hanc
1437 5607 1677 5662 habentes
1701 5607 2146 5674 consuetudinum,

557 5695 614 5739 ut
639 5679 983 5738 solemnibus
1022 5696 1086 5734 ea:
1118 5678 1388 5748 principiis
1413 5694 1592 5734 eorum
1618 5680 1830 5734 nomina
1856 5681 2144 5749 imponant.

555 5755 622 5810 Et
655 5757 847 5812 iterum
891 5753 943 5809 in
984 5750 1205 5820 prologo
1239 5749 1644 5818 Scripturarum
1667 5790 1682 5815 ,
1707 5751 1833 5806 sive
1871 5750 2148 5820 Principio

555 5825 766 5897 galeato
790 5842 802 5880 :
833 5819 1074 5890 Primus,
1105 5821 1314 5892 inquit,
1341 5821 1483 5893 apud
1509 5836 1595 5876 eos
1616 5821 1746 5878 liber
1771 5829 1980 5878 vocatur
2009 5819 2142 5876 Bre-

2250 5251 2348 5317 sis,
2373 5259 2627 5326 num-ta,
2649 5250 2790 5326 quod
2812 5250 3050 5320 Veteres,
3066 5250 3248 5326 priore
3273 5269 3431 5326 sceva
3444 5253 3513 5310 de
3536 5269 3690 5311 more
3709 5272 3869 5326 prm-

2255 5325 2526 5410 termis‘so,
2553 5323 2848 5410 l‘lfﬁffiballl
2877 5327 3059 5410 Bpna'niﬂ
3085 5323 3293 5410 (ἥξω,
3318 5336 3376 5381 et
3391 5324 3587 5381 Latine
3616 5323 3864 5386 Brésith.

2253 5393 2388 5448 Vide
2415 5394 2596 5460 Qumst
2625 5393 2874 5449 Ilcbraic.
2911 5393 2962 5451 in
2995 5397 3254 5452 Genesin.

2329 5476 2349 5504 ε
2393 5465 2446 5520 Id
2476 5475 2561 5521 est
2591 5484 2602 5519 :
2641 5463 2701 5518 T.
2733 5465 2785 5532 l,
2815 5467 3002 5537 titulus
3027 5467 3234 5536 primus
3261 5467 3558 5524 secundum
3588 5471 3869 5537 capitula-

2255 5536 2456 5610 tionem
2491 5553 2584 5607 per
2612 5537 2940 5610 titulossB.
2981 5536 3030 5604 l,
3068 5539 3252 5610 brevis
3297 5541 3504 5610 primus
3551 5536 3863 5600 secundum

2252 5608 2697 5682 capitulationem
2725 5623 2823 5682 per
2852 5609 3083 5682 breves;
3111 5609 3172 5664 (ὲ.
3201 5609 3254 5675 I,
3281 5608 3581 5680 capitulum
3610 5612 3860 5682 primum

2257 5680 2555 5754 secundum
2605 5679 3048 5754 capiuilationem
3097 5697 3194 5752 per
3243 5679 3506 5754 capitula;
3555 5679 3722 5754 atque
3754 5691 3856 5741 tle-

2255 5767 2404 5826 mum
2453 5751 2586 5822 Cap.
2606 5747 2690 5826 _l,
2731 5761 2891 5821 caput
2921 5747 3154 5821 primum
3208 5747 3507 5809 secundum
3554 5747 3862 5826 vulgatam

2255 5821 2570 5879 editionem.
2605 5821 2754 5877 Ευιτ.
