4040 6360
501 347 605 408 167

1508 337 1566 396 S.
1609 330 1996 394 HIERONYMI
2039 328 2268 388 DIVINA
2311 327 2790 388 BlBLlOTllEGA.

3700 311 3806 370 168

511 475 674 516 omne
704 457 851 514 enim
881 453 1026 527 quod
1054 452 1266 510 vocavit
1307 437 1482 509 Adam
1513 451 1710 507 animae
1741 447 2111 550 viventisbip-
2135 449 2186 511 Α
2214 447 2358 518 ligno
2388 446 2456 502 de
2485 461 2590 518 quo
2617 455 2985 515 prmceperam
3012 439 3128 510 libi,
3162 451 3229 495 ne
3254 434 3597 500 comederes,
3621 442 3807 486 eome-

983 547 1001 550 _
1044 546 1054 550 -
1210 547 1218 550 -
1353 545 1386 550 --
1464 544 1476 550 -
1666 543 1678 550 .
1721 541 1731 550 .
2052 538 2063 549 .
2222 540 2256 550 ..
2317 541 2328 550 .
2356 537 2378 550 ε.
2408 537 2465 550 λ.
2511 539 2543 550 μ
2715 539 2729 550 .
2767 536 2781 550 1
2944 535 2995 550 ιι
3038 533 3099 550 ιοκ
3128 549 3135 550 ,
3176 545 3322 550 _,___-
3362 525 3553 550 1-):n-z
3598 522 3803 550 ...ιηζηηι

507 571 629 611 sum
657 561 742 608 est
772 546 1150 618 nomenzejus.
1192 544 1609 618 Appellavitque
1653 541 1824 597 Adam
1857 538 2100 595 nomini-

502 644 604 702 bus
631 643 744 700 suis
777 651 972 698 cuncta
999 638 1316 706 animantia,
1339 647 1393 694 et
1421 636 1671 694 universa
1696 633 1933 689 volatilia
1953 630 2101 698 caeli,

505 745 562 795 et
587 749 778 794 omnes
808 733 1012 790 bestias
1043 740 1224 788 terrae.

573 831 747 888 Adam
774 827 972 902 [ναις.
1002 823 1168 898 Λᾶω]
1198 839 1330 881 vero
1352 840 1458 880 non
1487 822 1867 878 inveniebatur
1890 817 2105 890 adjutor

503 923 700 981 similis
731 920 873 993 ejus.
907 919 1138 974 immisit
1160 932 1292 988 ergo
1319 916 1584 972 Dominus
1607 916 1749 972 Deus
1772 927 2023 984 soporem
2046 910 2101 964 in

503 1019 679 1076 Adam
718 1037 731 1074 :
772 1031 1007 1087 cumque
1037 1013 1444 1081 obdormisset,
1499 1010 1623 1066 tulit
1653 1024 1812 1065 unam
1841 1007 1908 1062 de
1937 1005 2104 1061 costis

505 1113 648 1185 ejus,
682 1119 738 1168 et
765 1109 998 1181 replevit
1022 1120 1246 1162 carnem
1271 1118 1370 1177 pro
1398 1118 1481 1158 ea.
1517 1103 1582 1158 Et
1608 1099 1897 1156 :editica'vit
1923 1094 2106 1152 Domi-

507 1221 608 1263 nus
639 1206 784 1262 Deus
809 1211 1048 1270 costam,
1077 1215 1238 1272 quam
1273 1197 1474 1254 tulerat
1501 1196 1570 1252 dc
1595 1195 1793 1262 Adam,
1827 1193 1880 1248 in
1911 1191 2105 1248 mulie-

505 1314 645 1366 rem,
674 1307 728 1353 et
755 1295 985 1352 adduxit
1014 1309 1134 1350 eam
1163 1292 1230 1348 ad
1259 1291 1453 1348 Adam.
1483 1288 1735 1358 Dixitque
1758 1285 1928 1344 Adam
1955 1303 1967 1338 :
1994 1283 2108 1339 Hoc

505 1406 650 1449 nunc
672 1433 687 1459 ,
719 1405 781 1446 os
813 1405 881 1445 ex
915 1387 1133 1444 ossibus
1165 1388 1334 1452 meis,
1388 1393 1442 1440 et
1469 1397 1599 1438 caro
1646 1380 1715 1435 de
1749 1394 1916 1436 carne
1931 1391 2062 1432 mea
2090 1416 2105 1445 ,

504 1483 625 1541 hinc
651 1480 938 1540 vocabitur
963 1480 1183 1550 Virago,
1219 1477 1475 1548 quoniam
1505 1475 1573 1531 de
1603 1474 1723 1530 viro
1753 1480 1967 1545 sumpta
2001 1479 2104 1527 est.

505 1577 872 1648 Quamobrem
905 1574 1176 1644 relinquet
1216 1569 1381 1625 homo
1426 1578 1637 1640 patrem
1683 1580 1841 1622 suum
1891 1573 1946 1620 et
1988 1577 2106 1618 ma-

505 1681 669 1740 trem,
701 1681 758 1728 et
779 1666 1082 1725 adhaerebit
1106 1665 1265 1720 uxori
1302 1678 1435 1734 suae,
1461 1671 1514 1718 et
1543 1669 1704 1717 erunt
1729 1659 1839 1715 duo
1861 1659 1915 1713 in
1941 1671 2109 1713 carne

503 1782 630 1823 una.
665 1762 764 1838 [Ο.
792 1761 900 1833 X.]
921 1762 948 1792 ⁸
974 1761 1142 1815 Erant
1163 1767 1348 1814 autem
1369 1763 1600 1826 uterque
1624 1753 1776 1820 nudi,
1802 1750 1976 1807 Adam
2004 1749 2109 1806 sci-

507 1861 637 1918 licet
657 1869 712 1915 et
743 1872 883 1914 uxor
913 1855 1054 1926 ejus,
1083 1862 1138 1910 et
1167 1867 1277 1908 non
1309 1848 1727 1907 erubescebant.

580 1952 744 2026 [ϐαρ.
793 1947 921 2022 111.]
951 1947 1056 2004 Sed
1085 1957 1143 2004 et
1172 1959 1419 2016 .serpens
1457 1949 1575 1998 erat
1621 1939 1869 1995 callidior
1897 1934 2108 1992 cunctis

511 2044 880 2103 animantibus
909 2051 1093 2111 terrm,
1122 2055 1245 2110 quae
1287 2037 1493 2095 fecerat
1520 2035 1783 2091 Dominus
1810 2032 1974 2088 Deus.
2006 2028 2110 2097 Qui

507 2139 646 2197 dixit
673 2137 740 2194 ad
765 2134 1053 2192 mulierem
1083 2151 1097 2189 :
1125 2131 1234 2188 Cur
1265 2129 1524 2202 praecepit
1551 2128 1710 2185 vobis
1743 2127 1887 2182 Deus
1920 2133 1978 2180 ut
1999 2139 2106 2180 non

510 2230 877 2290 comederetis
907 2228 975 2284 de
1017 2227 1167 2283 omni
1208 2226 1355 2296 ligno
1385 2221 1659 2296 paradisi?
1701 2219 1799 2276 Cui
1830 2214 2114 2289 respondit

510 2325 712 2382 mulier
744 2342 757 2378 :
786 2323 862 2378 De
891 2322 1070 2381 fructu
1106 2320 1376 2391 lignorum
1405 2361 1419 2386 ,
1465 2332 1585 2388 quae
1613 2323 1743 2370 sunt
1772 2313 1827 2368 in
1859 2309 2110 2383 paradiso

506 2417 536 2459 1³
571 2419 871 2483 vescimur;
899 2416 968 2473 de
993 2415 1172 2470 fructu
1197 2427 1329 2470 vero
1359 2411 1513 2483 ligni,
1554 2407 1699 2480 quod
1729 2417 1812 2463 est
1844 2406 1899 2461 in
1928 2404 2111 2460 medio

510 2512 772 2587 paradisi,
803 2509 1064 2582 praecepit
1089 2506 1245 2564 nobis
1278 2506 1422 2562 Deus
1450 2517 1518 2559 ne
1549 2499 1968 2557 comederemus
1993 2537 2009 2564 ,
2060 2503 2114 2552 et

510 2624 582 2665 ne
611 2617 959 2678 tangeremus
989 2601 1127 2659 illud
1154 2641 1168 2670 ,
1211 2615 1282 2655 ne
1310 2597 1456 2654 forte
1482 2594 1798 2651 moriamur.
1833 2590 1983 2646 Dixit
2015 2604 2112 2645 au-

508 2710 620 2758 tem
646 2712 876 2770 serpens
908 2695 976 2752 ad
1021 2692 1313 2751 mulierem
1348 2711 1359 2743 :
1391 2689 1742 2760 Nequaquam
1785 2691 1960 2738 morte
1997 2698 2114 2740 mo-

512 2795 750 2854 riemini.
775 2793 894 2852 Scit
918 2791 1065 2848 enim
1089 2790 1235 2847 Deus
1264 2785 1414 2859 quod
1445 2786 1500 2842 in
1531 2794 1881 2853 quocumque
1909 2778 1996 2834 die
2022 2794 2116 2834 co-

510 2889 797 2946 mederitis
838 2903 908 2944 ex
951 2901 1041 2952 eo,
1076 2883 1394 2955 aperientur
1434 2875 1580 2934 oculi
1622 2874 1814 2940 vestri,
1858 2879 1918 2928 et
1958 2868 2116 2927 eritis

507 2982 652 3039 sicut
680 2981 778 3047 dii,
809 2980 1052 3037 scientes
1075 2977 1278 3032 bonum
1295 2982 1350 3029 et
1380 2970 1606 3026 malum.
1638 2965 1968 3037 Viditigitur
1993 2978 2112 3018 mue

513 3074 617 3132 lier
655 3073 802 3146 quod
849 3073 1053 3130 bonum
1083 3077 1233 3127 esset
1265 3067 1478 3138 lignum
1522 3063 1590 3117 ad
1634 3058 1966 3117 vescendum
1994 3099 2010 3127 ,
2062 3064 2118 3112 et

510 3169 798 3242 pulchrum
825 3166 1026 3233 oculis,
1070 3170 1410 3236 aspectuque
1440 3156 1787 3225 delectabile,
1821 3162 1878 3210 ct
1897 3153 2023 3209 tulit
2047 3153 2118 3208 de

2205 540 2330 596 disti
2356 537 2378 594 ?
2408 537 2660 608 Dixitque
2700 536 2873 593 Adam
2903 553 2915 588 :
2944 533 3138 590 Mulier
3167 545 3329 603 quam
3355 525 3555 584 dedisti
3598 522 3806 578 sociam

2206 633 2357 701 mihi,
2391 632 2542 689 dedit
2569 630 2702 687 mihi
2723 629 2790 686 de
2817 629 2986 702 ligno,
3017 636 3072 683 et
3088 624 3328 682 comedi.
3363 623 3431 678 Et
3456 618 3595 676 dixit
3616 613 3808 671 Denti-

2207 743 2307 782 nus
2357 726 2500 781 Deus
2528 723 2596 780 ad
2649 723 2936 780 mulierem
2975 720 3200 790 :Quare
3244 717 3354 774 hoc
3401 710 3626 770 fecisti?
3671 709 3809 777 Quae

2205 820 2491 890 respondit
2526 837 2538 873 z
2573 819 2814 890 Serpens
2843 816 3061 888 decepit
3085 830 3192 881 me,
3221 823 3279 869 et
3304 807 3544 869 comedi.
3573 801 3808 878 [B.lX.]

2206 917 2274 972 Et
2296 916 2373 972 ait
2402 914 2660 971 Dominus
2685 915 2825 970 Deus
2849 911 2916 968 ad
2941 919 3250 982 serpentem
3275 926 3286 961 :
3317 906 3453 976 Quia
3474 899 3652 960 fecisti
3677 899 3810 964 hoc,

2207 1008 2533 1066 maledictus
2587 1023 2647 1064 es
2691 1009 2831 1062 inter
2881 1003 3060 1061 omnia
3103 1000 3434 1067 animantia,
3481 1004 3538 1052 et
3604 991 3812 1049 bestias

2206 1112 2366 1160 terrae
2398 1121 2408 1157 :
2443 1117 2608 1173 super
2636 1112 2829 1171 pectus
2873 1107 3022 1154 tuum
3055 1095 3342 1168 gradieris,
3376 1101 3433 1149 et
3463 1100 3662 1146 terram
3709 1099 3811 1140 co-

2208 1197 2395 1254 medes
2440 1196 2650 1253 cunctis
2675 1194 2869 1251 diebus
2913 1193 3042 1249 vitae
3073 1201 3199 1246 tuae.
3247 1184 3576 1244 Inimicitias.
3607 1193 3809 1253 ponam

2209 1290 2353 1345 inter
2379 1298 2432 1345 te
2459 1299 2515 1345 et
2545 1288 2854 1355 mulierem,
2879 1294 2934 1342 et
2953 1299 3142 1342 semen
3160 1292 3308 1338 tuum
3338 1289 3391 1335 et
3409 1292 3595 1334 semen
3621 1272 3766 1328 illius
3794 1287 3807 1324 :

2214 1397 2235 1425 ο
2267 1385 2387 1456 ipse
2415 1390 2664 1440 conteret
2686 1389 2849 1450 caput
2881 1389 3056 1445 tuum,
3085 1388 3139 1435 et
3169 1387 3224 1433 tu
3257 1371 3606 1431 insidiaberis
3630 1367 3813 1425 calca-

2210 1493 2313 1534 neo
2342 1476 2480 1548 ejus.
2505 1473 2720 1531 Mulieri
2749 1487 2964 1544 quoque
2993 1469 3134 1525 dixit
3167 1487 3178 1521 :
3212 1463 3585 1536 Multiplicabo
3609 1473 3810 1516 aerum-

2210 1585 2309 1626 nas
2338 1579 2456 1625 tuas
2483 1577 2540 1625 et
2576 1575 2872 1637 conceptus
2905 1574 3024 1621 tuos
3051 1581 3062 1616 :
3105 1562 3159 1618 in
3191 1559 3386 1616 dolore
3417 1557 3596 1629 paries
3625 1554 3771 1609 ﬁlios
3793 1593 3811 1620 ,

2216 1674 2270 1722 et
2294 1664 2396 1720 sub
2424 1663 2528 1719 viri
2558 1658 2582 1698 ἀ
2615 1669 2887 1733 potestate
2917 1660 3051 1739 eris,
3081 1666 3138 1714 et
3169 1655 3286 1726 ipse
3314 1651 3684 1710 dominabitur
3707 1646 3810 1704 tui.

2212 1758 2346 1815 Adae
2367 1773 2500 1814 vero
2527 1756 2667 1812 dixit
2693 1774 2706 1810 :
2737 1754 2874 1823 Quia
2904 1751 3100 1808 audisti
3127 1763 3317 1806 vocem
3345 1745 3534 1802 uxoris
3569 1752 3674 1799 tua:
3697 1783 3714 1810 ,
3756 1748 3814 1797 ct

2137 1841 2185 1904 B
2214 1850 2502 1907 comedisti
2532 1849 2600 1906 de
2629 1849 2802 1919 ligno,
2831 1862 2902 1902 ex
2929 1862 3040 1917 quo
3063 1856 3431 1914 prmceperam
3464 1837 3580 1905 tibi,
3611 1852 3680 1892 ne
3717 1848 3816 1891 eo-

2215 1946 2465 2002 mederes
2495 1985 2512 2013 ,
2543 1942 2838 2000 maledicta
2862 1951 3006 1997 terra
3038 1937 3092 1994 in
3115 1953 3281 2008 opere
3312 1945 3426 1999 tuo,
3455 1933 3513 1988 in
3534 1929 3815 1987 laboribus

2213 2038 2466 2096 comedes
2488 2053 2609 2094 eam
2639 2035 2660 2110 [
2686 2035 2842 2108 Vulg.
2869 2050 2934 2091 ex
2961 2033 3056 2107 ea]
3085 2033 3299 2087 cunctis
3321 2027 3511 2086 diebus
3533 2027 3659 2082 vitm
3683 2034 3811 2080 tum.

2215 2132 2413 2204 Spinas
2443 2139 2498 2187 et
2527 2129 2758 2185 tribulos
2788 2125 3118 2199 germinabit
3149 2124 3271 2192 tibi,
3303 2131 3359 2179 et
3399 2119 3654 2178 comedes
3685 2117 3816 2174 lier-

2215 2226 2338 2282 bam
2371 2233 2554 2282 terrae.
2585 2222 2644 2278 in
2685 2222 2885 2280 sudore
2911 2221 3095 2278 vultus
3125 2220 3203 2274 tui
3235 2215 3472 2274 vesceris
3500 2230 3670 2286 pane,
3714 2212 3817 2267 do-

2215 2334 2318 2376 nec
2363 2318 2657 2375 revertaris
2686 2318 2741 2372 in
2785 2323 2990 2372 terram
3032 2313 3103 2370 de
3125 2328 3231 2384 qua
3259 2321 3509 2382 sumptus
3547 2324 3607 2364 es
3641 2327 3652 2360 :
3685 2306 3812 2378 quia

2215 2412 2394 2484 pulvis
2416 2427 2495 2479 es,
2510 2421 2565 2467 et
2590 2411 2643 2466 in
2667 2409 2946 2481 pulverem
2973 2405 3287 2464 reverteris.
3312 2404 3385 2460 Et
3407 2402 3621 2460 vocavit
3639 2399 3813 2456 Adam

2214 2521 2416 2562 nomen
2446 2504 2634 2560 uxoris
2662 2519 2775 2560 sua:
2804 2503 2914 2559 Eva
2941 2519 2955 2557 :
2988 2516 3054 2557 eo
3087 2499 3232 2571 quod
3265 2507 3440 2554 mater
3466 2505 3615 2553 esset
3641 2508 3814 2550 cunc-

2216 2608 2396 2655 torum
2423 2596 2747 2653 viventium.
2782 2593 2889 2668 [Τ.
2920 2592 2986 2661 ll,
3013 2590 3075 2648 C.
3108 2589 3265 2663 Xll.]
3295 2589 3449 2645 Fecit
3472 2601 3688 2660 quoque
3711 2585 3818 2642 Do-

2215 2694 2397 2750 minus
2446 2692 2590 2748 Deus
2619 2689 2789 2746 Adam
2821 2687 3022 2762 [Vulg.
3058 2684 3220 2758 Adae]
3250 2694 3304 2740 et
3333 2682 3490 2739 uxori
3521 2680 3644 2751 ejus
3672 2678 3819 2735 tuni-

2215 2804 2305 2846 cas
2331 2787 2595 2860 pellicias,
2629 2792 2684 2842 et
2711 2783 2890 2840 induit
2912 2798 3032 2850 eos,
3053 2791 3106 2837 et
3127 2779 3205 2836 ait
3234 2798 3245 2833 :
3279 2779 3422 2835 Ecce
3445 2776 3619 2834 Adam
3643 2775 3819 2830 factus

2216 2892 2302 2937 est
2332 2879 2486 2951 quasi
2517 2891 2657 2934 unus
2700 2891 2774 2932 ex
2805 2874 2962 2930 nobis
2984 2915 3000 2942 ,
3037 2871 3219 2930 sciens
3247 2871 3454 2928 bonum
3484 2877 3538 2926 et
3568 2867 3774 2922 malum
3800 2884 3813 2919 :

2218 2989 2364 3031 nunc
2393 2989 2524 3044 ergo
2557 2987 2625 3028 ne
2655 2970 2797 3027 forte
2824 2969 3008 3026 mittat
3050 2983 3269 3024 manum
3300 2981 3454 3022 suam
3479 3007 3494 3032 ,
3538 2973 3595 3022 et
3634 2969 3820 3020 sumat

2217 3069 2382 3125 etiam
2402 3067 2470 3124 de
2493 3067 2641 3138 ligno
2661 3065 2811 3132 vitae,
2829 3072 2884 3120 et
2907 3060 3418 3130 comedat,et-vivat
3443 3059 3495 3114 in
3528 3067 3818 3113 internum.

2222 3161 2291 3217 Et
2327 3161 2510 3218 emisit
2540 3175 2664 3217 eum
2712 3157 2981 3214 Dominus
3030 3156 3174 3212 Deus
3213 3155 3283 3211 de
3325 3151 3579 3224 paradiso
3623 3151 3822 3222 volup-

508 3262 693 3318 fructu
724 3258 892 3326 illius,
923 3266 978 3314 et
1008 3254 1247 3312 comedit
1280 3271 1291 3306 :
1323 3251 1584 3325 deditque
1611 3250 1732 3306 viro
1752 3262 1875 3315 suo,
1903 3245 2108 3318 quieo-

2219 3254 2362 3321 tatis,
2387 3263 2446 3310 ut
2467 3261 2786 3324 operaretur
2810 3259 3034 3317 terram,
3057 3249 3129 3306 de
3155 3264 3259 3320 qua
3281 3255 3528 3317 sumptus
3550 3255 3655 3301 est.
3684 3243 3818 3315 Eje-

511 3356 700 3415 medit.
733 3354 804 3410 Et
824 3351 998 3425 aperti
1027 3359 1164 3407 sunt
1191 3347 1339 3405 oculi
1383 3345 1691 3410 amborum,
1736 3357 1968 3412 eumque
2019 3354 2113 3396 co-

510 3449 828 3520 gnovissent
858 3460 918 3502 se
947 3458 1070 3502 esse
1099 3441 1309 3509 nudos,
1334 3446 1669 3496 consuerunt
1696 3436 1821 3491 folia
1863 3435 2029 3500 ﬁcus,
2054 3441 2110 3489 et

511 3541 764 3599 fecerunt
790 3539 892 3596 sibi
919 3537 1277 3610 perizomata.
1306 3531 1404 3607 [Ο.
1436 3531 1562 3604 XL]
1585 3531 1650 3588 Et
1676 3546 1798 3587 cum
1826 3528 2111 3585 audissent

517 3649 714 3692 vocem
747 3631 960 3690 Domini
992 3629 1087 3686 Dei
1116 3626 1524 3685 deambulantis
1556 3625 1610 3680 in
1641 3623 1894 3694 paradiso
1925 3622 1992 3678 ad
2015 3636 2112 3676 au-

513 3741 630 3783 ram
656 3733 780 3796 post
809 3722 1121 3791 meridiem,
1153 3717 1443 3777 abscondit
1468 3732 1530 3775 se
1557 3715 1731 3773 Adam
1759 3726 1812 3773 et
1835 3730 1971 3772 uxor
1992 3715 2111 3786 ejus

513 3835 545 3874 a
574 3819 711 3876 facie
746 3815 962 3873 Domini
993 3814 1092 3871 Dei
1117 3813 1174 3870 in
1194 3811 1378 3870 medio
1407 3811 1538 3883 ligni
1571 3810 1833 3882 paradisi.
1860 3809 2113 3866 Vocavit-

514 3925 620 3984 que
651 3908 913 3966 Dominus
940 3906 1084 3966 Deus
1112 3904 1311 3973 Adam,
1352 3912 1408 3961 et
1431 3903 1570 3960 dixit
1599 3904 1648 3960 ei
1683 3922 1694 3956 :
1727 3902 1826 3960 Ubi
1858 3903 1963 3959 es?
2010 3901 2111 3971 Qui

512 4004 629 4061 ait:
660 4003 862 4060 Vocem
895 4011 1042 4058 tuam
1087 3998 1270 4056 audivi
1301 3997 1358 4055 in
1405 3997 1702 4069 paradiso,
1747 4005 1804 4054 et
1848 3996 2004 4052 timui
2049 4010 2114 4051 eo

515 4096 659 4168 quod
691 4095 869 4152 nudus
897 4109 1100 4159 essem,
1133 4101 1188 4149 et
1217 4089 1493 4148 abscondi
1523 4105 1631 4146 me.
1658 4088 1757 4144 Cui
1784 4088 1921 4144 dixit
1949 4107 1960 4142 :
1985 4087 2118 4156 Quis

514 4190 663 4249 enim
691 4189 951 4247 indicavit
991 4187 1088 4244 tibi
1115 4183 1262 4258 quod
1293 4184 1472 4240 nudus
1513 4197 1665 4240 esses
1689 4223 1705 4250 ,
1737 4182 1841 4238 nisi
1871 4181 2016 4253 quod
2047 4197 2116 4239 ex

590 4319 616 4348 ει
644 4308 726 4366 Ita
764 4322 900 4365 mss.
932 4319 1123 4362 omnes
1159 4303 1375 4361 codices
1418 4302 1793 4374 antiquiores,
1827 4317 1891 4357 ac
1922 4301 2116 4358 melio-

516 4381 594 4441 ris
622 4388 785 4438 notte.
810 4379 895 4436 Ab
923 4379 1117 4436 eodem
1140 4378 1302 4433 etiam
1333 4390 1498 4431 versu
1535 4375 1747 4430 initium
1781 4389 1935 4429 suum
1965 4374 2115 4430 ducit

515 4453 812 4524 capitulum
839 4465 1075 4524 sequens
1106 4462 1215 4504 tam
1243 4448 1384 4524 apud
1406 4442 1554 4503 LXX
1580 4449 1930 4516 interpretes,
1952 4461 2114 4517 quam

518 4519 877 4584 in'codicibus
904 4519 1088 4577 latinis
1120 4535 1254 4576 mss.
1286 4519 1463 4574 Mxnr.

513 4656 518 4668 ι
587 4626 661 4668 g-
682 4595 914 4666 Vulgata
940 4590 1298 4668 edi_ti9._Erat
1327 4602 1499 4668 autem
1525 4599 1736 4668 uterque
1760 4589 1971 4645 nudus.‘

588 4667 618 4708 ιι
648 4661 843 4724 Plurés
861 4679 994 4721 mss.
1017 4663 1317 4720 Bibliorum
1339 4661 1556 4718 codices
1584 4661 1792 4733 legunt,
1816 4677 2078 4717 vescamur
2095 4677 2114 4715 :

2219 3348 2402 3418 citque
2428 3347 2623 3417 Adam,
2657 3355 2713 3403 et
2736 3344 3030 3402 collocavit
3057 3351 3185 3399 ante
3229 3340 3536 3412 paradisum
3566 3337 3820 3408 volupta-

2219 3442 2287 3496 tis
2314 3439 2606 3498 Cberubim
2657 3447 2713 3495 et
2758 3437 3070 3494 ﬂammeum
3123 3433 3361 3507 gladium
3389 3441 3553 3504 atque
3581 3429 3817 3487 versati-

2216 3535 2347 3602 lem,
2374 3535 2442 3590 ad
2471 3531 2888 3590 custodiendam
2916 3530 3058 3587 viam
3089 3529 3221 3601 ligni
3245 3527 3392 3584 vitm.

2290 3627 2383 3702 [Β.
2418 3628 2497 3699 Χ,
2527 3626 2589 3684 C.
2634 3626 2784 3697 Xlll,
2829 3626 2961 3699 Cap.
2991 3623 3120 3697 IV.]
3166 3623 3340 3682 Adam
3383 3636 3516 3678 vero
3562 3617 3819 3692 cognovit

2216 3721 2389 3779 Evam
2417 3736 2644 3778 uxorem
2677 3736 2852 3786 suam,
2886 3734 3010 3792 quae
3037 3717 3289 3788 concepit
3319 3723 3376 3774 et
3403 3715 3617 3786 peperit
3639 3712 3772 3769 Cain
3797 3752 3814 3780 ,

2215 3816 2443 3873 dicens:
2476 3813 2704 3871 Possedi
2750 3813 3027 3870 hominem
3075 3827 3175 3885 per
3223 3811 3415 3867 Deum.
3465 3807 3818 3876 Rursumque

2217 3908 2429 3979 peperit
2475 3906 2698 3962 fratrem
2727 3905 2846 3976 ejus
2872 3903 3029 3960 Abel.
3063 3901 3187 3958 Fuit
3233 3910 3418 3957 autem
3449 3896 3586 3955 Abel
3625 3905 3818 3968 pastor

2217 4001 2428 4068 ovium,
2453 4010 2510 4057 et
2534 3997 2662 4056 Cain
2690 3997 2948 4069 agricola.
2971 3995 3197 4052 Factum
3220 4002 3307 4050 est
3329 4000 3510 4048 autem
3538 3998 3661 4062 post
3683 3987 3820 4043 mul-

2217 4103 2300 4148 tos
2327 4091 2444 4148 dies
2475 4100 2537 4147 ut
2561 4090 2783 4147 offerret
2811 4088 2947 4144 Cain
2971 4086 3040 4144 de
3085 4084 3350 4143 fructibus
3379 4095 3539 4139 terrae
3584 4093 3815 4136 munera

2219 4184 2472 4242 Domino.
2506 4183 2642 4241 Abel
2667 4197 2886 4255 quoque
2910 4179 3116 4238 obtulit
3141 4179 3207 4236 de
3232 4175 3604 4249 primogenitis
3633 4173 3818 4246 gregis

2223 4322 2338 4375 qua:
2365 4321 2574 4361 sensum
2601 4305 2818 4378 legentis
2846 4303 3153 4378 impediant,
3174 4317 3278 4378 non
3462 4296 3612 4378 debes
3639 4296 3819 4362 impu-

2221 4367 2350 4443 tare,
2379 4379 2469 4432 sed
2490 4378 2613 4443 tuis,
2640 4367 2687 4432 ἔι
2717 4367 2990 4448 imperitia:
3015 4367 3356 4448 notariorum,
3382 4367 3818 4448 librariorumque

2218 4438 2457 4516 inca-rice,
2491 4449 2576 4520 qui
2598 4438 2832 4520 scriburit
2859 4465 2959 4502 non
2979 4446 3118 4518 quod
3139 4438 3425 4520 inveniunt,
3455 4444 3545 4495 sed
3565 4439 3704 4520 quod
3729 4438 3816 4492 in-

2223 4511 2569 4592 lellignnifet
2598 4521 2723 4574 dum
2762 4519 2960 4574 alienos
2988 4511 3197 4592 ferrores
3233 4514 3504 4592 emendare
3547 4511 3813 4591 nituntur,

2221 4582 2497 4647 οδεεῖιάιιηί
2525 4607 2670 4647 suos.
2705 4591 2902 4647 Exstat
2930 4590 3091 4645 etiam
3122 4603 3225 4644 ms.
3255 4585 3429 4641 codex
3458 4582 3818 4654 perantiquus

2222 4663 2276 4718 in
2304 4664 2632 4719 bibliotheca
2663 4662 2839 4718 sancti
2880 4661 3135 4719 Germani
3172 4675 3204 4714 a
3250 4653 3470 4718 Pratis.’
3504 4653 3593 4709 ubi
3631 4653 3814 4720 prima

521 4761 610 4818 cui
640 4759 859 4816 lectioni
898 4755 1184 4826 suffragari
1211 4754 1428 4810 videtur
1450 4737 1604 4820 Saxa,
1633 4723 1882 4826 Noe/iet,
1898 4750 2114 4826 iiebriei
2139 4743 2193 4805 D
2221 4737 2947 4826 ξιιῇξξμξοςξρξυξιλξυνετίθει
2965 4733 3099 4826 ipse.
3128 4731 3258 4826 {itaet
3283 4729 3387 4784 alia
3416 4723 3816 4826 ξθςιθξιίίξξξβῇι

525 4842 688 4903 atque
712 4829 1038 4903 Samaritani
1069 4823 1377 4903 contextus.
1410 4827 1705 4897 Φαγούμεθα
1743 4824 2028 4890 similiter,
2055 4823 2111 4879 id

521 4896 626 4967 est'.
654 4902 886 4967 edemus,
917 4900 1120 4956 habent
1148 4896 1292 4954 LXX
1322 4896 1678 4966 interpretes,
1712 4912 1849 4967 quos
1875 4911 2114 4966 sequun-

521 4985 614 5030 tur
640 4974 930 5030 Chaldmus
959 4983 1014 5028 et
1043 4971 1234 5043 Syrus.
1272 4968 1380 5026 Sed
1409 4969 1529 5040 quis
1562 4969 1770 5043 nesciat
1796 4967 1942 5043 apud
1972 4967 2109 5043 lleb.

521 5047 759 5102 futurum
796 5044 1051 5115 usurpari
1086 5038 1308 5099 solitum
1347 5038 1448 5112 pro
1491 5040 1750 5111 praesenti
1793 5038 2105 5096 indetermin

521 5134 589 5175 na
593 5128 711 5259 Ili-Q
701 5117 748 5245 δέ
756 5133 921 5258 ἓξὲξ),
926 5201 1062 5260 quos
1075 5182 1641 5250 Martianmuslaudat,
1654 5196 1784 5238 mss.
1797 5225 1809 5250 ,
1827 5196 2107 5260 vescamur,

527 5284 617 5341 cui
659 5256 1216 5348 lectioni-suffragari
1265 5287 1557 5347 utcumque
1605 5275 1689 5348 ait
1741 5273 1907 5328 Hebr.
1936 5256 2111 5348 Saxa,

525 5363 806 5483 etopraiter
831 5353 972 5409 alias
1015 5345 1268 5422 antiquas
1297 5345 1613 5415 Versiones,
1651 5345 1873 5402 Graecus
1915 5346 2110 5419 φαγού-

527 5449 588 5483 ur
622 5449 678 5483 α.

569 5449 678 5486 ινα.

523 5451 678 5506 μιυα.

601 5511 624 5540 ε
656 5499 761 5556 Pro
786 5498 916 5571 ipse,
943 5495 1140 5568 legitur
1173 5492 1291 5563 ipsa
1317 5492 1374 5548 in
1405 5493 1658 5571 omnibus
1687 5491 1805 5571 fere
1829 5487 2122 5571 codicibus,

525 5587 658 5629 mss.
693 5573 763 5627 At
792 5563 1152 5640 iheronimus
1183 5573 1297 5640 tum
1329 5580 1394 5640 ex
1423 5565 1689 5640 Hebraico
1714 5563 1914 5640 _fonte_,_
1937 5570 2108 5640 t_um_e

524 5643 879 5714 Septuaginta
911 5632 1043 5714 legit
1058 5640 1180 5714 ipse
1211 5636 1834 5714 in_sui_s_Qu:e_stionib_us
1872 5632 2100 5714 llebrai:

524 5705 626 5772 cis'.
660 5705 808 5770 Idem
850 5705 991 5783 ergo'
1018 5705 1106 5766 hic
1140 5707 1334 5783 acc_id_it
1373 5707 1737 5783 librariorum
1762 5709 1912 5777 lapsu
1959 5705 2104 5777 quod

529 5796 773 5856 tempore
801 5780 1047 5856 ejusdem
1069 5780 1621 5856 s_anc_ti_Doctor_is,_ut
1647 5789 1702 5856 et
1727 5780 1841 5856 ipse
1865 5788 2114 5856 conque—'

527 5850 664 5916 ritur
692 5859 747 5912 in
780 5850 952 5926 Epist.
985 5855 1054 5910 ad
1082 5850 1364 5926 Lucinium
1395 5870 1407 5906 :
1437 5850 1614 5926 Unde,
1647 5852 1852 5926 inquit,
1878 5851 1921 5905 si
1950 5864 2104 5918 para-

532 5922 1117 6003 grammata'repereris,
1143 5924 1220 5983 vel
1258 5924 1427 5982 minus
1451 5922 1643 6003 aliqua
1672 5924 1929 5996 descripta
1956 5927 2101 5992 sunt,

2219 4807 2438 4862 additus
2465 4794 2601 4877 apex
2629 4794 2830 4862 littera:
2854 4823 2901 4870 ε,
2928 4794 3157 4877 ut'esset
3184 4803 3320 4873 ipsa,
3357 4798 3608 4877 projpse.
3640 4794 3811 4877 De_ui-'

2220 4893 2327 4948 que
2352 4866 2626 4934 curiosum
2650 4866 2908 4933 lectorem
2938 4891 3045 4948 non
3075 4866 3338 4948 celamus,
3358 4866 3652 4948 scripsisse
3677 4866 3814 4923 olim

2221 4941 2433 5006 veteres
2463 4951 2782 5018 pronomina
2802 4987 2817 5011 .
2854 4956 2911 5004 et
2941 4944 3199 5018 adverbia
3240 4943 3525 5018 terminata
3554 4941 3607 4994 in
3635 4956 3683 5004 ε,
3712 4953 3815 5006 per

2221 5013 2617 5099 diphthongum
2639 5037 2731 5087 ae;
2762 5027 2824 5099 ut
2846 5028 2932 5075 est
2956 5017 3247 5099 illud,ipsq:
3271 5015 3403 5099 dixit
3415 5021 3475 5099 ξι
3499 5013 3635 5099 facta
3662 5020 3808 5093 sunt.

2220 5081 2308 5160 Et,
2339 5081 2573 5163 superine
2599 5081 3046 5163 loqueris,_stu_ltm
3074 5081 3254 5163 egisti,
3277 5095 3384 5143 etc.
3415 5084 3494 5139 Ex
3532 5083 3638 5163 hoc
3670 5081 3814 5163 seri-

2222 5154 2384 5220 bendi
2405 5154 2573 5218 inodo
2599 5154 3008 5220 retineri'facile
3037 5154 3209 5230 potuit
3233 5154 3371 5230 ipsa,
3402 5170 3500 5226 pro
3525 5155 3654 5227 ipse,
3687 5154 3728 5206 si
3739 5167 3812 5230 ve

2220 5235 2369 5305 ipsae.
2406 5233 2695 5291 Chaldaeus
2738 5235 3006 5305 interpres
3032 5224 3192 5305 hujus
3231 5224 3382 5305 vocis
3405 5224 3483 5283 ac
3521 5224 3810 5305 sententia:

2219 5297 2792 5378 tbllitambiguitatem
2819 5297 3052 5378 dicens:
3089 5297 3234 5356 Inter
3262 5299 3434 5371 ﬁlium
3461 5307 3607 5354 tuum
3646 5305 3692 5352 et
3720 5297 3813 5351 in-

2211 5386 2288 5433 ter
2309 5377 2480 5448 ﬁlium
2511 5376 2661 5452 ejus;
2687 5379 2817 5452 ipse,
2839 5386 2947 5434 etc.
2980 5376 3158 5433 MART.

2285 5501 2352 5551 -_—
2379 5471 2537 5530 Unus
2558 5472 2841 5551 Palatinus
2859 5486 2983 5551 cum
3005 5469 3247 5551 Vulgata
3263 5467 3517 5551 Editipne
3537 5462 3812 5551 ἔρδω-νβ-

2216 5546 2318 5600 teri
2349 5555 2529 5601 autem
2570 5559 2634 5600 ac
2674 5543 3017 5600 translatitize
3055 5536 3346 5614 quaestioni
3383 5539 3454 5595 de
3477 5536 3647 5614 hujus
3677 5536 3808 5591 lec—

2217 5618 2368 5672 tione
2397 5617 2766 5688 pronominis,
2807 5630 2916 5670 non
2957 5623 3040 5688 est
3070 5608 3158 5688 hic
3188 5613 3379 5688 locus.
3413 5608 3576 5688 Adito
3619 5608 3807 5688 luter-

2209 5680 2586 5760 Pretes'atque
2617 5680 2794 5759 ipsum
2829 5685 3145 5758 cumprimis
3188 5683 3505 5756 Hieronym.
3531 5684 3586 5738 in
3610 5680 3810 5748 Quaes-

2212 5764 2346 5817 tion.
2378 5761 2679 5818 Hebraicis.
3495 5796 3500 5800 -

2281 5851 2498 5912 dAddit
2548 5853 2812 5916 Hebraeus
2869 5861 3048 5916 textus
3091 5863 3392 5927 pronomen
3445 5849 3544 5922 tui,
3579 5845 3634 5906 id
3673 5849 3806 5919 est,

2211 5933 2387 6006 plus.

3441 6095 3538 6108 u"
