4040 6360
212 303 300 359 169

1523 301 1725 358 ΗΒΙἯ
1766 300 2077 362 GENEEIS.

3359 312 3463 364 170

209 423 307 483 sui,
332 428 381 474 et
408 417 475 473 de
505 417 746 487 adipibus
777 432 967 473 eorum
996 459 1010 483 ,
1054 427 1107 475 et
1139 420 1380 489 respexit
1410 417 1665 475 Dominus
1696 420 1761 475 ad
1792 430 1841 487 Α
1869 418 2189 487 vocavitque
2236 434 2432 474 nomen
2474 418 2590 489 ejus
2626 420 2789 485 Seth,
2820 421 3005 476 dicens
3042 440 3053 474 :
3107 422 3294 477 Posuit
3329 426 3463 480 mihi

206 513 338 577 Abel,
371 522 421 567 et
462 511 526 565 ad
563 527 777 566 munera
810 510 950 581 ejus.
986 511 1065 565 Ad
1095 512 1225 566 Cain
1258 528 1416 579 vero,
1450 523 1505 568 et
1542 514 1607 567 ad
1639 531 1761 569 mu-

205 622 315 663 nera
358 605 493 659 illius
545 620 645 661 non
689 606 977 675 reSpexit:
1016 606 1294 677 iratusque
1326 616 1407 662 est
1434 607 1563 663 Call:
1598 607 1762 663 veho-

206 708 420 765 menter,
461 707 515 753 et
543 697 781 754 concidit
819 699 1001 753 vultus
1030 698 1167 769 ejus.
1206 699 1456 768 Dixitque
1502 700 1762 755 Dominus

206 792 261 846 ad
278 807 387 847 eum
411 809 423 845 :
453 790 629 859 Quare
658 792 825 847 iratus
853 807 913 848 es
935 793 959 846 ’ἒ
988 804 1040 847 et
1064 807 1162 847 cur
1180 792 1423 849 concidit
1446 793 1611 850 facies
1638 794 1765 848 tua?

207 882 370 941 Nonne
410 886 454 939 si
485 885 623 942 bene
649 886 825 957 egeris
849 928 864 952 ,
920 887 1191 959 recipies?
1224 888 1307 942 sin
1358 897 1540 945 autem
1580 889 1722 944 male
1745 931 1759 957 ,

209 982 361 1034 statim
408 978 457 1031 in
506 978 707 1034 foribus
738 992 1020 1052 peccatum
1049 980 1265 1036 aderit?
1295 981 1393 1037 sed
1432 980 1533 1037 sub
1566 992 1617 1037 te
1662 982 1767 1037 erit

209 1074 444 1143 appetitus
478 1073 615 1142 ejus,
663 1086 715 1129 et
747 1083 801 1129 tu
831 1074 1201 1131 dominaberis
1248 1076 1417 1132 illius.
1451 1076 1543 1149 [Ο.
1590 1075 1765 1147 XlV.]

208 1169 423 1237 Dixitque
446 1168 579 1222 Cain
604 1168 673 1224 ad
696 1169 829 1225 Abel
860 1169 1083 1226 fratrem
1119 1187 1273 1226 suum
1306 1191 1317 1225 :
1354 1181 1378 1208 τι
1410 1172 1770 1243 Egrediamnr

208 1261 345 1317 foras.
369 1262 614 1333 Cumque
653 1273 837 1319 essent
869 1265 920 1319 in
951 1280 1102 1336 agro,
1133 1266 1482 1321 consurrexit
1508 1265 1637 1321 Cain
1668 1267 1765 1322 ad-

210 1370 367 1410 versus
394 1355 528 1410 Abel
563 1356 786 1412 fratrem
820 1373 998 1419 suum.
1032 1367 1088 1414 et
1116 1360 1385 1416 interfecit
1413 1376 1560 1416 eum.
1596 1361 1665 1415 Et
1694 1360 1769 1415 ait

146 1452 154 1463 '
210 1449 439 1503 Dominus
487 1450 552 1505 ad
604 1452 736 1507 Cain
773 1472 783 1505 :
820 1452 920 1509 Ubi
954 1462 1037 1509 est
1073 1454 1213 1510 Abel
1245 1454 1415 1509 frater
1456 1455 1620 1509 tuus?
1664 1454 1766 1522 Qui

212 1546 457 1615 reSpondit
479 1588 493 1611 ,
543 1545 761 1602 Nescio.
810 1547 945 1602 Num
987 1558 1171 1603 custos
1204 1548 1383 1603 fratris
1410 1549 1513 1604 mei
1546 1546 1574 1586 δ
1605 1548 1769 1602 sum?

211 1636 430 1706 Dixitque
457 1636 521 1691 ad
551 1653 681 1693 eum
720 1657 733 1692 :
768 1638 907 1706 Quid
949 1640 1167 1695 fecisni?
1196 1654 1301 1695 vox
1340 1640 1620 1712 sanguinis
1664 1640 1771 1695 fra-

210 1731 289 1784 tris
309 1731 377 1783 tni
400 1731 600 1786 clamat
629 1731 697 1787 ad
720 1749 806 1788 me
829 1733 896 1789 de
930 1742 1096 1789 terra.
1138 1734 1291 1789 Nunc
1317 1734 1478 1805 igitur
1508 1734 1765 1790 maledic-

1871 514 2015 568 Dens
2040 527 2224 568 semen
2258 512 2403 567 aliud
2438 528 2531 582 pro
2556 514 2724 582 Abel,
2753 531 2912 585 quem
2945 513 3139 569 occidit
3162 515 3313 571 Cain.
3354 518 3460 579 Sed

1871 614 1927 662 et
1951 605 2081 662 Seth
2108 614 2267 661 natus
2299 618 2382 661 est
2406 608 2549 661 filius
2575 623 2735 677 quem
2769 608 3176 663 vocavitEnos;
3212 610 3311 665 istc
3345 627 3462 666 cte-

1841 700 1949 770 ’pit
1990 700 2244 754 invocare
2272 717 2468 755 nomen
2504 701 2736 756 Domini.

1946 790 2041 863 [C.
2092 791 2232 860 XVI,
2280 791 2411 863 Cap.
2459 792 2560 865 V.]
2619 794 2717 849 llic
2774 806 2859 851 est
2908 796 3043 853 liber
3094 800 3461 870 generationis

1870 884 2065 941 Adam.
2097 886 2153 940 ln
2179 887 2269 941 die
2291 902 2393 957 qua
2418 889 2622 943 creavit
2654 890 2792 945 Deus
2822 890 3094 948 hominem
3125 936 3138 958 ,
3177 894 3240 950 ad
3272 897 3461 952 simili-

1872 980 2112 1036 tudinem
2140 981 2229 1036 Dei
2262 981 2383 1036 fecit
2417 982 2906 1040 illum.ltlasculum
2933 996 2985 1040 et
3019 988 3271 1043 feminam
3301 1007 3457 1045 crea-

1866 1074 1943 1129 vit
1973 1089 2087 1141 eos,
2119 1084 2174 1130 et
2205 1074 2485 1131 benedixit
2515 1076 2647 1138 illis,
2677 1087 2733 1133 et
2773 1080 2985 1134 vocavit
3013 1096 3208 1137 nomen
3265 1099 3455 1140 eorum

1870 1167 2067 1233 Adam,
2129 1168 2180 1222 in
2214 1168 2302 1223 die
2344 1185 2452 1240 quo
2490 1170 2657 1225 creati
2703 1182 2845 1225 sunt.
2880 1172 3026 1227 Vixit
3065 1185 3244 1231 autem
3292 1177 3461 1233 Adam

1871 1271 2089 1317 centum
2122 1262 2342 1332 triginta
2375 1264 2550 1327 anuis,
2584 1274 2636 1317 et
2666 1266 2854 1335 genuit
2881 1266 2946 1321 ad
2977 1269 3263 1339 imaginem
3308 1282 3361 1327 ct
3391 1272 3463 1325 si-

1871 1354 2233 1410 militudinem
2266 1372 2416 1410 suam
2440 1399 2455 1423 ,
2481 1358 2805 1428 vocavitque
2833 1375 3027 1415 nomen
3058 1366 3175 1431 ejus
3205 1364 3357 1419 Seth.
3402 1366 3462 1419 Et

1872 1445 1998 1501 facti
2038 1458 2163 1501 sunt
2217 1448 2333 1503 dies
2363 1448 2558 1503 Adam.
2597 1462 2877 1522 po~tquam
2927 1456 3113 1523 genuit
3164 1458 3329 1525 Seth,
3374 1474 3465 1513 oc-

1875 1541 2101 1611 tingenti
2130 1542 2595 1614 annizgeuuitquc
2628 1546 2767 1601 tilios
2791 1556 2845 1601 et
2876 1547 3035 1603 ﬁlias.
3070 1550 3135 1604 Et
3158 1552 3357 1608 factum
3388 1563 3471 1609 est

1880 1648 2044 1689 omne
2076 1646 2286 1703 tempus
2336 1636 2476 1705 quod
2520 1637 2653 1691 vixit
2696 1638 2868 1695 Adam
2918 1642 3045 1696 anni
3076 1647 3331 1716 nongenti
3368 1648 3464 1702 tri-

1874 1727 2052 1798 ginta,
2099 1738 2152 1783 et
2198 1738 2444 1784 mortuus
2475 1740 2578 1785 est.
2618 1731 2763 1786 Vixit
2809 1748 3022 1805 quoque
3070 1737 3199 1793 Seth
3246 1750 3467 1797 centum

212 1830 278 1875 tus
301 1824 397 1877 eris
424 1838 595 1892 super
630 1836 856 1895 terram,
882 1842 1002 1898 qua:
1024 1826 1240 1895 aperuit
1266 1842 1327 1880 os
1357 1842 1537 1891 suum,
1571 1836 1623 1880 ct
1650 1841 1769 1881 sus-
1800 1821 1845 1881 B
1878 1820 2115 1891 quinque
2140 1821 2296 1875 anilis
2322 1863 2336 1889 ,
2372 1832 2425 1877 cl
2452 1824 2638 1897 genuit
2672 1824 2840 1879 Εηυδ.
2874 1826 3125 1899 νὶΧίιψιε
3164 1831 3293 1887 Seth
3325 1845 3473 1903 post--

212 1916 328 1984 cepit
352 1917 667 1985 sanguinem
698 1920 883 1974 fratris
934 1919 1008 1974 tui
1037 1919 1107 1976 de
1138 1935 1297 1974 manu
1328 1928 1439 1974 tua.
1471 1920 1607 1974 Cum
1641 1935 1772 1990 Ope-

211 2017 333 2064 ratus
359 2009 517 2066 fueris
542 2028 695 2080 eam,
735 2030 841 2069 non
872 2014 1022 2069 dabit
1048 2015 1140 2070 tibi
1174 2014 1384 2069 fructus
1410 2029 1573 2069 suos:
1606 2028 1772 2086 vagus

218 2113 261 2160 et
276 2105 516 2176 profugus
543 2112 658 2163 eris
686 2124 850 2179 super
882 2119 1106 2165 terram.
1138 2110 1387 2180 Dixitque
1408 2110 1539 2165 Cain
1568 2108 1633 2164 ad
1666 2108 1774 2163 Do-

214 2205 382 2259 minum
414 2221 427 2259 :
461 2203 639 2273 Major
669 2214 753 2261 est
783 2206 1044 2277 iniquitas
1072 2223 1188 2263 mea
1209 2248 1222 2271 ,
1267 2222 1426 2277 quam
1460 2215 1519 2262 ut
1559 2206 1770 2262 veniam

215 2313 410 2354 merear.
441 2297 589 2355 Ecce
608 2298 763 2369 ejicis
787 2314 870 2353 me
897 2298 1056 2354 hodie
1088 2314 1118 2353 a
1141 2299 1273 2355 facie
1298 2308 1481 2367 terra»,
1508 2310 1562 2354 et
1582 2314 1610 2352 a
1636 2299 1773 2355 facie

216 2398 285 2445 tua
311 2390 639 2457 ahseondar,
680 2398 736 2447 et
781 2406 876 2446 ero
907 2406 1081 2462 vagus
1124 2400 1178 2447 et
1208 2390 1471 2463 profugus
1502 2391 1554 2446 in
1588 2401 1729 2446 terra
1757 2410 1767 2444 :
1794 2455 1812 2471 .

216 2484 359 2537 omnis
388 2483 543 2553 igitur
575 2484 670 2555 qui
720 2483 993 2540 invenerit
1038 2500 1124 2539 me
1150 2529 1163 2553 ,
1213 2485 1427 2540 occidet
1464 2500 1569 2540 me.
1602 2484 1775 2540 Dixit-

218 2590 298 2646 que
318 2577 359 2631 ei
388 2577 651 2633 Dominus
677 2594 694 2634 ;
716 2577 1068 2650 Nequaquam
1114 2580 1184 2633 ita
1215 2578 1326 2647 fiet,
1359 2578 1452 2634 sed
1481 2578 1658 2634 omnis
1680 2578 1773 2650 qui

219 2670 433 2726 occiderit
458 2672 598 2728 Cain
623 2716 639 2737 ,
670 2675 981 2745 septuplum
1032 2674 1306 2744 punietur.
1340 2673 1642 2743 Posuitque
1673 2675 1771 2729 Do-

220 2762 365 2818 minus
388 2777 407 2801 ε
427 2764 557 2820 Cain
602 2765 838 2836 signum,
874 2777 931 2820 ut
963 2781 1068 2821 non
1097 2781 1219 2821 eum
1244 2765 1575 2823 interficeret
1598 2766 1775 2821 omnis

220 2856 288 2926 qui
314 2858 607 2915 invenisset
650 2875 797 2915 eum.
846 2858 1219 2930 Egressustjne
1248 2857 1381 2915 Cain
1421 2874 1451 2914 a
1484 2859 1621 2915 faeie
1671 2859 1778 2915 Do-

221 2950 349 3014 mini,
372 2950 634 3005 habitavit
664 2950 715 3005 in
750 2958 893 3006 terra
922 2949 1185 3020 profugus
1215 2950 1281 3005 ad
1311 2949 1629 3005 orientalem
1659 2950 1776 3019 pla-

221 3056 315 3112 gam
341 3042 511 3097 fidem.
536 3042 817 3113 Cognovit
842 3052 1023 3099 autem
1044 3041 1175 3098 Cain
1207 3057 1430 3097 uxorem
1456 3056 1630 3106 suam,
1654 3056 1777 3112 quae

223 3138 435 3207 concepit
459 3148 512 3193 et
543 3138 763 3209 peperit
794 3138 982 3194 Enoch
1012 3180 1026 3205 ,
1054 3148 1110 3194 et
1141 3136 1431 3194 aediﬁcavit
1476 3138 1771 3205 civitatem,

1877 1928 2039 1984 quam
2071 1913 2258 1984 genuit
2279 1915 2447 1983 Enos,
2477 1916 2802 1988 octingentis
2821 1930 3025 1991 septem
3051 1923 3230 1991 annis,
3260 1928 3474 1997 genuit-

1877 2022 1983 2078 que
2033 2006 2176 2061 filios
2207 2018 2261 2063 et
2305 2009 2464 2063 filias.
2498 2010 2554 2064 Et
2591 2009 2719 2065 facti
2766 2022 2894 2067 sunt
2940 2030 3128 2071 omnes
3173 2017 3289 2073 dies
3334 2020 3469 2077 Seth

1879 2111 2281 2171 nongentorum
2309 2101 2600 2158 duodecim
2633 2119 2898 2161 annorum
2922 2150 2936 2173 ,
2992 2118 3045 2163 et
3090 2121 3335 2169 mortuus
3366 2124 3470 2171 est.

1880 2192 2030 2249 Vixit
2050 2208 2182 2263 vero
2212 2193 2357 2249 Enns
2386 2196 2675 2265 nonaginta
2706 2198 2887 2263 anuis,
2931 2209 2985 2255 et
3012 2203 3199 2271 genuit
3224 2203 3471 2262 Cainant.

1878 2287 2009 2343 Post
2030 2288 2183 2358 cujus
2216 2298 2393 2344 ortum
2426 2290 2559 2344 vixit
2582 2292 2906 2362 octingentis
2936 2295 3246 2365 quindecim
3273 2301 3431 2356 annis
3457 2346 3470 2371 ,

1879 2393 1932 2439 et
1980 2382 2166 2455 genuit
2212 2383 2350 2437 filios
2400 2394 2454 2439 et
2486 2384 2643 2439 filias.
2677 2386 2936 2459 FaCtique
2980 2400 3105 2445 sunt
3134 2407 3324 2449 omnes
3356 2394 3473 2452 dies

1879 2476 2027 2533 Enns
2072 2485 2471 2547 nungentorum
2518 2478 2754 2550 quinque
2798 2497 3096 2549 annorum,
3144 2495 3195 2541 et
3228 2498 3473 2545 mortuus

1879 2580 1983 2627 εει.
2017 2570 2159 2627 Vixit
2179 2588 2395 2643 quoque
2424 2572 2629 2627 Cainan
2653 2577 2993 2646 septuaginta
3017 2581 3196 2644 annis,
3218 2591 3273 2635 et
3291 2584 3477 2652 genuit

1878 2662 2146 2719 Malaleel.
2198 2664 2264 2720 Et
2321 2664 2455 2720 vixit
2503 2666 2707 2721 Cainau
2764 2679 3051 2741 postquam
3106 2674 3297 2743 genuit
3355 2678 3471 2733 Ma-

1881 2759 2039 2815 laleel
2069 2800 2083 2827 ,
2135 2759 2468 2830 octingentis
2525 2761 2882 2833 quadraginta
2932 2767 3131 2833 anuis,
3178 2770 3475 2842 genuitquc

1883 2851 2026 2906 filios
2052 2860 2106 2907 et
2131 2850 2289 2905 filias.
2318 2851 2386 2906 Et
2419 2851 2545 2907 facti
2576 2862 2702 2908 sunt
2726 2870 2915 2912 omnes
2941 2856 3059 2913 dies
3100 2859 3305 2916 Cainau
3336 2879 3475 2918 non-

1880 2947 2026 3018 genti
2051 2945 2242 3001 decem
2276 2946 2438 3012 anui,
2480 2956 2535 3002 et
2560 2958 2808 3003 mortuus
2836 2958 2938 3004 est.
2985 2950 3128 3006 Vixit
3161 2962 3340 3009 autem
3374 2955 3481 3010 Ma-

1884 3039 2040 3094 laleel
2072 3040 2352 3109 sexaginta
2383 3039 2625 3110 quinque
2655 3041 2839 3109 anuis,
2864 3051 2921 3099 et
2944 3046 3134 3114 genuit
3173 3047 3359 3105 Jared.
3409 3050 3478 3104 Et

1884 3131 2022 3187 vixit
2052 3130 2292 3187 lllalaleel
2346 3141 2629 3203 postquam
2674 3134 2865 3203 genuit
2902 3134 3094 3205 .lared,
3145 3141 3475 3211 octingentis

225 3235 493 3304 vocavitque
534 3248 741 3290 nomen
785 3233 902 3305 ejus
936 3250 1001 3290 ex
1032 3235 1252 3289 nomine
1287 3234 1377 3288 filii
1405 3232 1527 3301 sui,
1566 3231 1775 3287 Enoch.
1809 3224 1854 3289 C
1887 3226 2105 3298 triginta
2137 3228 2328 3297 annis,
2362 3238 2415 3284 et
2439 3230 2631 3299 genuit
2666 3230 2804 3285 filios
2831 3239 2886 3286 et
2916 3232 3072 3287 tilias.
3110 3232 3177 3287 Et
3199 3233 3321 3289 facti
3351 3246 3479 3293 sunt

224 3326 363 3382 Porro
389 3327 569 3383 Enoch
610 3328 797 3399 genuit
839 3327 993 3395 Iratl,
1034 3327 1154 3383 lrad
1201 3327 1389 3398 genuit
1430 3325 1679 3397 Maujael,
1724 3334 1779 3379 et

227 3417 408 3491 llaujael
432 3437 568 3493 genu
588 3422 631 3476 it
653 3420 953 3477 Mathusael
981 3462 997 3489 ,
1040 3430 1095 3476 et
1125 3419 1424 3475 Mathusael
1466 3418 1654 3490 genuit
1679 3416 1779 3471 La-

227 3512 371 3567 meeh.
393 3513 486 3582 Qui
522 3514 741 3584 accepit
771 3513 906 3569 duas
946 3528 1168 3581 uxores,
1200 3527 1395 3567 nomen
1439 3511 1529 3566 uni
1559 3510 1696 3573 Atla,
1727 3518 1782 3564 ct

236 3620 396 3661 nomen
439 3608 601 3663 alteri
632 3607 793 3663 Sella.
828 3606 1135 3678 Genuitque
1163 3605 1277 3662 Ada
1323 3603 1478 3661 Jabal
1502 3646 1516 3669 ,
1558 3604 1651 3675 qui
1681 3602 1783 3658 fuit

230 3695 356 3753 Pater
383 3698 737 3755 habitantium
768 3698 821 3755 in
860 3698 1112 3755 tentoriis
1137 3744 1150 3763 ,
1193 3707 1357 3769 atque
1386 3704 1683 3768 pastorum.
1719 3695 1784 3751 Et

232 3804 390 3847 nomen
416 3794 611 3850 fratris
636 3794 754 3865 ejus
778 3794 936 3850 Jubal
961 3812 973 3849 :
1008 3795 1124 3865 ipse
1164 3793 1268 3849 fuit
1294 3803 1449 3864 pater
1473 3792 1783 3848 canentium

232 3886 401 3943 cithara
428 3900 478 3945 et
505 3904 742 3958 organo.
771 3889 914 3945 Sella
948 3904 1166 3960 quoque
1185 3888 1373 3960 genuit
1392 3887 1603 3943 Thubal
1626 3886 1782 3952 Cain,

234 3977 305 4044 qni
326 3981 406 4037 fuit
444 3983 759 4049 malleator,
788 3992 841 4039 et
874 3982 1027 4038 faber
1057 3982 1108 4037 in
1150 3989 1344 4038 cuneta
1376 3996 1539 4053 opera
1581 3979 1705 4035 aeris
1734 3988 1788 4036 et

237 4074 353 4129 ferri.
376 4077 536 4133 Soror
566 4091 706 4133 vero
736 4076 946 4132 Thubal
970 4074 1127 4142 Cain,
1149 4076 1371 4131 Noema.
1409 4074 1660 4145 Dixitque
1686 4071 1790 4127 La-

236 4172 360 4225 mech
387 4173 638 4228 uxoribus
690 4173 835 4237 suis,
868 4170 1001 4227 Adzu
1033 4181 1087 4226 et
1116 4170 1278 4226 Sellae
1312 4188 1324 4225 :
1354 4168 1559 4225 Audite
1600 4182 1789 4224 vocem

239 4275 400 4328 meatu,
426 4281 625 4321 uxores
641 4264 902 4334 Lamech,
930 4263 1233 4319 auscultate
1254 4276 1561 4317 sermonem
1587 4275 1789 4317 meum:

241 4356 451 4423 quoniam
482 4356 661 4413 occidi
694 4357 871 4411 virum
906 4356 960 4411 in
1004 4356 1199 4410 vulnus
1240 4370 1421 4410 meum
1444 4396 1459 4421 ,
1491 4360 1546 4407 et
1570 4351 1790 4407 adoles-

240 4449 472 4503 centulum
495 4450 547 4505 in
580 4450 812 4506 livorem
841 4464 1040 4507 meum.
1072 4447 1390 4519 Septuplum
1422 4443 1554 4501 ultio
1574 4444 1795 4500 dabitur

243 4535 295 4591 de
334 4540 450 4595 Cain
500 4560 514 4597 :
575 4543 645 4599 de
696 4542 932 4598 Lamech
1001 4556 1130 4597 vero
1193 4540 1499 4611 septuagies
1570 4536 1789 4608 septies.

1883 3338 2075 3379 omnes
2124 3324 2239 3379 dies
2276 3324 2524 3379 Malaleel
2565 3325 2867 3395 octingenti
2910 3329 3202 3398 nonaginta
3244 3330 3480 3403 quinque

1884 3414 2009 3469 anni
2032 3457 2045 3479 ,
2077 3424 2133 3470 et
2173 3424 2420 3471 mortuus
2450 3425 2555 3471 est.
2592 3416 2847 3487 Vixitque
2889 3416 3051 3475 Jared
3080 3431 3296 3478 centum
3325 3440 3481 3480 sexa-

1882 3506 2026 3576 ginta
2074 3506 2286 3563 duobus
2345 3507 2540 3577 annis,
2610 3517 2662 3563 et
2726 3510 2909 3580 genuit
2966 3510 3177 3568 Enoch.
3234 3514 3302 3569 Et
3344 3516 3477 3571 vixit

1884 3598 2045 3655 Jared
2110 3610 2394 3671 postquam
2470 3601 2658 3672 genuit
2710 3602 2938 3669 Enoeh,
3010 3605 3336 3677 oetingentis
3390 3625 3481 3663 an.

1884 3696 2005 3762 nis,
2039 3704 2094 3751 et
2123 3695 2310 3766 genuit
2343 3696 2480 3751 filios
2510 3705 2567 3751 et
2599 3696 2761 3751 filias.
2791 3697 2859 3752 Et
2913 3699 3035 3754 facti
3096 3714 3221 3756 sunt
3289 3717 3481 3759 omnes

1887 3789 2005 3846 dies
2035 3790 2196 3846 Jared
2220 3790 2478 3861 nongenti
2518 3793 2795 3862 sexaginta
2825 3792 2932 3847 duo
2967 3794 3115 3863 anni,
3146 3806 3201 3852 et
3234 3808 3480 3854 mortuus

1889 3892 1991 3940 est.
2027 3882 2128 3956 [Ο.
2154 3882 2369 3957 XVll.]
2412 3884 2581 3940 Porro
2613 3884 2799 3940 Enoch
2832 3886 2963 3941 vixit
3007 3889 3283 3960 sexaginta
3322 3892 3482 3962 quin-

1890 3991 1995 4049 que
2042 3977 2238 4046 annis,
2297 3988 2351 4033 et
2398 3978 2587 4049 genuit
2639 3978 3033 4045 Mathusalam,
3087 3991 3141 4037 et
3192 3984 3493 4042 ambulavit

1893 4070 2081 4126 Enoch
2108 4086 2229 4126 cum
2266 4070 2377 4125 Deo
2406 4066 2431 4106 ἀ
2460 4081 2743 4142 postquam
2774 4075 2961 4142 genuit
2981 4073 3352 4143 Mathusalam,
3380 4087 3487 4135 tre-

1893 4165 2067 4221 centis
2099 4164 2276 4230 annis,
2320 4172 2377 4219 et
2418 4165 2604 4235 genuit
2636 4165 2778 4221 filios
2819 4176 2874 4222 et
2922 4167 3078 4223 filias.
3109 4169 3176 4223 Et
3208 4170 3331 4227 facti
3362 4183 3490 4229 sunt

1896 4275 2085 4316 omnes
2118 4259 2237 4315 dies
2265 4259 2455 4315 Enoch
2503 4261 2734 4317 trecenti
2769 4262 3049 4332 sexaginta
3077 4265 3314 4336 quinque
3340 4269 3488 4322 anni.

1900 4352 2323 4424 Ambulavitque
2352 4368 2475 4409 cum
2510 4354 2642 4423 Deo,
2674 4363 2729 4409 et
2757 4370 2865 4409 non
2893 4357 3184 4427 apparuit:
3210 4359 3332 4428 quia
3367 4360 3491 4416 tulit

1896 4460 2018 4502 eum
2049 4446 2216 4502 Deus.
2246 4456 2268 4484 ο
2302 4446 2446 4502 Vixit
2488 4463 2703 4518 quoque
2746 4447 3046 4504 ltlathusala
3086 4459 3305 4507 centum
3341 4464 3491 4509 octo-

1897 4540 2045 4610 ginta
2070 4548 2277 4611 septem
2307 4542 2484 4608 annis,
2516 4549 2571 4596 et
2598 4542 2784 4612 genuit
2813 4541 3069 4598 Lameeh.
3124 4544 3190 4598 Et
3218 4546 3353 4602 vixit
3378 4548 3488 4603 Ma-

250 4630 423 4702 [B.Xl,
466 4635 527 4692 C.
579 4636 726 4710 XV.]
774 4637 1038 4708 Cognovit
1091 4651 1307 4708 quoque
1353 4634 1532 4690 adhuc
1583 4633 1603 4706 [
1639 4632 1792 4704 Vulg.
1824 4628 1875 4689 D
1904 4631 2135 4699 thusala,
2168 4642 2459 4704 postquam
2480 4634 2667 4704 genuit
2691 4634 2962 4703 Lameeh,
3010 4638 3366 4705 septingentis
3405 4657 3490 4697 oc-

252 4734 327 4780 tac.
351 4730 533 4802 adhuc]
557 4732 729 4788 Adam
760 4747 986 4787 uxorem
1031 4746 1216 4798 suam,
1246 4738 1300 4786 et
1340 4729 1551 4800 peperit
1582 4726 1793 4792 ﬁlium,

302 4869 325 4898 ⁸
359 4869 551 4927 Desunt
576 4870 739 4926 verba
761 4866 878 4924 haec
897 4870 947 4925 in
974 4868 1107 4923 Heb.
1134 4867 1446 4937 exemplari,
1468 4864 1791 4935 elsnperﬂua

249 4937 301 4993 ab
324 4939 521 4998 llieron.
547 4943 909 4998 declarantur.
940 4941 1139 4996 Locum
1171 4952 1345 4994 tamen
1368 4947 1587 5009 propter
1612 4948 1793 5009 vetus-

251 5017 379 5079 tatem
410 5016 598 5069 retinet
644 5015 695 5068 in
732 5028 829 5068 sua
859 5012 1128 5076 versione,
1158 5021 1216 5067 ut
1243 5008 1401 5066 fidem
1430 5010 1553 5064 facit
1583 5008 1793 5079 phrasis

251 5078 328 5149 ipsi
350 5084 612 5140 familiaris
639 5103 655 5157 :7
680 5083 1022 5157 Egrediamur
1042 5085 1182 5154 foras
1207 5100 1222 5137 :
1249 5082 1452 5157 nam_i_n
1478 5078 1645 5136 veteri
1670 5079 1794 5135 Vul-

253 5162 349 5221 gata
366 5157 566 5229 legebat
590 5175 603 5211 :
629 5153 970 5229 Transeamus
1000 5153 1333 5229 inrcampum.
1378 5153 1555 5229 MART.
1584 5224 1590 5229 _

306 5228 503 5282 —Vide
524 5229 858 5297 Qumstiones
874 5228 1125 5283 Hebraie.
1157 5226 1208 5281 in
1231 5227 1371 5281 hunc
1402 5226 1611 5297 locum‘,
1641 5238 1803 5294 quem

255 5301 430 5371 tametsi
474 5296 905 5370 ibi’snperllunm
935 5299 1278 5371 pronuntiet,
1310 5313 1376 5353 ex
1406 5296 1595 5369 Aquila
1626 5304 1804 5351 tamen

257 5365 323 5423 hic
348 5370 542 5427 videtur
566 5365 872 5428 retinuisse.

311 5459 405 5518 l’ln
457 5465 657 5536 aliquot
709 5480 842 5520 mss.
899 5465 1157 5531 scriptum
1200 5472 1282 5520 est
1334 5461 1812 5536 Numquideustos

261 5530 401 5610 fratris
421 5539 513 5610 mei
534 5530 642 5591 sum
666 5554 757 5610 ego
780 5540 800 5592 ?
838 5536 983 5610 quod
1008 5530 1248 5610 habetur
1272 5534 1413 5610 apud
1446 5533 1608 5589 LXX.
1626 5533 1805 5589 MART.

312 5606 591 5679 —Palatin.
609 5606 732 5673 ηιεῖ,
766 5608 1049 5679 numquid;
1078 5608 1165 5663 alii
1186 5607 1389 5662 addunt
1412 5614 1803 5679 praetereargo.

318 5686 335 5712 ε
366 5677 524 5734 Aliter
567 5696 693 5737 mss.
729 5675 914 5750 plures
936 5678 1098 5734 codd.
1132 5680 1223 5749 qui
1254 5675 1439 5748 legunt
1460 5694 1491 5750 _:_
1524 5675 1812 5750 Posuitque

266 5740 625 5823 Dmniituatjoin
659 5754 711 5806 in
731 5740 985 5823 'signum,
1018 5751 1112 5805 sed
1143 5740 1195 5804 in
1224 5740 1525 5823 a'livbrariis
1569 5745 1809 5823 additum

268 5821 434 5886 est;in
480 5805 705 5879 llebrmo
753 5805 898 5879 enim
945 5805 1136 5894 legitur
1170 5805 1290 5910 τνρῆ
1337 5818 1565 5889 Lecain,
1612 5816 1664 5874 id
1704 5827 1809 5888 est,

584 5919 855 5980 ΡΔΤιιοι..
902 5916 1195 5983 XXVIII.

1908 4725 2114 4796 toginta
2155 4725 2374 4781 duobus
2405 4726 2561 4781 annis
2588 4768 2603 4794 ,
2659 4734 2713 4782 et
2740 4728 2925 4797 genuit
2966 4727 3107 4784 filios
3153 4740 3208 4785 et
3238 4732 3393 4789 filias.
3427 4734 3495 4790 Et

1896 4860 2085 4929 Caino,
2119 4862 2262 4934 sive,
2296 4879 2451 4934 super
2483 4861 2631 4934 Cain.
2664 4862 2840 4917 MART.

1966 4935 2173 4989 —-Cod.
2198 4928 2449 4999 Urbin'as,
2470 4935 2525 4988 in
2562 4932 2712 4989 Cain.
2744 4933 3040 5004 pr0piusad
3067 4937 3349 4996 Hebraeum
3374 4928 3489 5031 jpS.

1928 5070 1935 5073 .
1972 5026 1997 5061 ά
2028 5024 2309 5081 lnterserit
2348 5026 2563 5104 vulgat.
2617 5027 2886 5104 interpres
2924 5038 2971 5083 et
3021 5032 3175 5098 rixit,
3221 5049 3344 5104 qua}
3382 5024 3493 5093 lie-

1899 5098 2085 5183 brmus
2113 5098 2482 5183 textu‘s‘verba
2517 5116 2622 5153 non
2647 5102 2911 5183 agnoscit.

1986 5180 2008 5206 θ
2026 5171 2177 5240 Apud
2209 5169 2351 5225 LXX
2381 5169 2869 5241 leginiusztlcntum
2898 5174 3164 5244 sexaginta
3191 5184 3382 5242 septem
3395 5197 3485 5235 an-

1911 5258 2025 5309 nos,
2065 5258 2225 5313 quem
2272 5257 2513 5297 errorem
2562 5244 2612 5296 in
2653 5244 2893 5324 numeris
2923 5245 3192 5324 redarguit
3226 5248 3484 5324 Hierony-

1912 5330 2053 5378 mus,
2080 5323 2415 5382 testaturque
2445 5329 2503 5369 se
2527 5314 2795 5384 reperisse
2816 5316 3061 5371 eamdem
3087 5333 3307 5386 prorsus
3327 5314 3492 5377 chro-

1915 5386 2187 5453 nologiam
2238 5387 2288 5439 in
2337 5386 2807 5441 Samaritanorum
2839 5387 3131 5452 Volumine,
3165 5398 3219 5443 et
3258 5390 3310 5446 in
3343 5393 3496 5450 libris

1915 5458 2293 5513 Hebraeorum.
2319 5456 2537 5529 Constat
2566 5458 2727 5529 igitur
2756 5468 2963 5513 textum
2988 5459 3497 5520 Hebraeo-Samari-

1918 5538 2127 5597 tanum,
2156 5530 2247 5599 qui
2285 5540 2428 5583 totus
2454 5528 2617 5601 hodie
2645 5531 2891 5585 diversus
2918 5532 3029 5585 abit
3057 5533 3125 5587 ab
3155 5532 3407 5601 llebrteo,
3441 5539 3496 5591 in

1918 5601 2073 5656 annis
2095 5600 2495 5673 chronologicis
2517 5601 2689 5658 fuisse
2719 5602 3095 5657 labefactatum
3120 5613 3281 5673 atque
3306 5600 3494 5662 corru-

1919 5682 2068 5743 ptum
2095 5683 2215 5745 post
2244 5672 2555 5744 llieronymi
2588 5683 2800 5728 aetatem
2835 5690 2849 5727 :
2875 5674 3077 5745 aliquot
3104 5672 3279 5730 tamen
3311 5692 3499 5733 exem-

1921 5746 2097 5817 plaria
2134 5743 2391 5800 Samarit.
2422 5746 2532 5813 jam
2571 5756 2699 5817 ante
2726 5745 2945 5801 Hieron.
2966 5743 3153 5801 fuisse
3183 5746 3495 5817 depravata,

1921 5815 2105 5888 colligi
2140 5825 2315 5887 potest
2344 5831 2407 5872 ex
2439 5817 2628 5872 chron.
2662 5816 2861 5873 Euseb.
2895 5818 3035 5887 apud
3067 5818 3288 5889 Syncel.
3323 5815 3503 5883 Murri.

2991 5910 3031 5970 6
