4040 6360
531 301 630 357 171

1544 295 1600 352 S.
1645 287 2025 351 HIERONYMI
2065 285 2301 347 DlVlNA
2342 285 2821 346 BIBLIOTHECA.

3728 270 3828 347 m

525 417 655 474 facti
687 423 810 472 sunt
840 428 1030 472 omnes
1059 415 1178 471 dies
1210 412 1527 471 Mathusalze
1554 410 1813 482 nongenti
1845 407 2124 479 sexaginta
2152 409 2205 470 Α
2233 408 2367 462 ritus
2396 407 2521 462 vitae
2546 415 2630 462 est
2658 405 2845 462 subter
2875 403 3074 460 coelum
3105 420 3115 457 :
3167 400 3363 476 [Vulg.
3407 402 3540 458 add.
3574 403 3660 474 et]
3705 403 3825 458 uui-

529 525 723 566 novem
760 508 926 576 anni,
973 518 1030 566 et
1057 516 1307 564 mortuus
1335 515 1439 563 est.
1469 505 1622 562 Vixit
1651 513 1838 559 autem
1885 499 2122 558 Lamech

528 612 748 660 centum
798 602 1074 674 octoginta
1105 601 1325 658 duobus
1377 599 1564 663 annis,
1599 607 1654 654 et
1681 597 1871 668 genuit
1908 594 2075 650 filium
2105 637 2119 662 ,

531 699 854 770 vocavitque
881 712 1078 754 nomen
1110 698 1227 767 ejus
1251 695 1390 761 Noe,
1421 693 1612 748 dicens
1645 709 1655 745 :
1687 690 1794 746 Iste
1816 687 2124 746 consolabi-

530 802 618 848 tur
639 807 737 848 nos
763 792 832 846 ab
857 791 1114 862 operibus
1145 803 1401 845 manuum
1436 795 1772 850 nostrarum,
1789 785 1841 839 in
1873 793 2015 839 terra
2036 783 2124 838 cui

530 885 813 941 maledixit
827 881 1372 952 Dominus.Vixitque
1385 871 1619 936 Lamech
1636 887 1920 948 postquam
1937 873 2124 948 genuit

527 977 641 1034 Noe
665 1019 680 1046 ,
724 977 1035 1049 quingentis
1076 973 1366 1042 nonaginta
1403 971 1641 1042 quinque
1672 970 1830 1025 annis
1865 1010 1879 1035 ,
1927 977 1982 1024 et
2027 980 2124 1038 ge-

526 1072 643 1128 nuit
665 1071 804 1126 ﬁlios
835 1077 893 1126 et
917 1069 1078 1124 ﬁlias.
1106 1067 1177 1122 Et
1205 1065 1334 1122 facti
1362 1074 1488 1122 sunt
1519 1077 1714 1120 omnes
1735 1062 1856 1118 dies
1887 1057 2123 1116 Lamech

525 1163 851 1237 septingenti
877 1159 1220 1231 septuaginta
1249 1167 1458 1228 septem
1486 1157 1635 1221 anni,
1663 1164 1720 1211 et
1748 1164 1996 1210 mortuus
2018 1159 2122 1208 est.

598 1257 699 1330 [Τ.
743 1255 828 1321 lll,
875 1255 933 1309 Β.
975 1253 1093 1321 xu,
1133 1251 1196 1308 c.
1239 1250 1433 1317 XVIII,
1471 1247 1604 1321 Cap.
1656 1246 1792 1320 vr]
1830 1245 1944 1302 Noe
1993 1259 2125 1301 vero

523 1368 648 1409 cum
699 1352 1123 1421 quingentorum
1181 1356 1328 1404 esset
1379 1360 1669 1409 annorum,
1732 1343 1922 1413 genuit
1969 1342 2120 1410 Sam,

522 1446 692 1502 Citam
722 1453 779 1500 et
800 1443 1058 1516 Japheth.
1089 1444 1331 1513 Cumque
1359 1441 1658 1512 coepissent
1691 1438 1937 1493 homines
1988 1437 2124 1493 mul-

523 1538 762 1609 tiplicari
792 1551 960 1608 super
989 1547 1218 1600 terram,
1253 1543 1310 1590 et
1341 1534 1480 1590 ﬁlias
1507 1541 1908 1604 procreassent,
1934 1531 2126 1587 viden-

523 1639 605 1686 tes
639 1630 737 1686 ﬁlii
767 1630 861 1685 Dei
916 1629 1060 1684 ﬁlias
1111 1628 1392 1682 hominum
1438 1625 1583 1698 quod
1629 1635 1817 1682 essent
1862 1623 2122 1694 pulchrae,

520 1731 852 1793 acceperunt
883 1722 986 1777 sibi
1008 1736 1212 1777 uxores
1243 1736 1308 1776 ex
1342 1719 1620 1783 omnibus,
1653 1732 1787 1790 quas
1816 1717 2118 1787 elegerant.

2224 515 2380 556 versa
2411 516 2532 571 qua:
2557 500 2611 554 in
2637 511 2782 555 terra
2830 505 2957 553 sunt
2999 504 3474 553 consummentur.
3509 495 3820 567 Ponamque

2226 592 2403 650 foedus
2431 609 2608 648 meum
2634 603 2835 660 tecum,
2869 601 2924 648 ct
2967 590 3292 660 ingredieris
3323 603 3506 646 arcam
3533 597 3610 653 tu,
3653 599 3706 643 et
3735 589 3826 644 ﬁlii

2233 688 2330 755 tui,
2367 701 2505 742 uxor
2533 694 2647 754 tua,
2679 694 2732 742 et
2766 700 2966 741 uxores
3016 683 3250 740 filiorum
3283 693 3498 739 tuorum
3532 691 3733 738 tecum.
3765 681 3829 738 Et

2226 794 2291 836 ex
2315 779 2526 834 cunctis
2557 778 2930 833 animantibus
2949 776 3218 832 universa:
3239 774 3419 830 carnis
3449 774 3572 828 bina
3606 772 3827 828 induces

2227 873 2278 928 in
2301 886 2504 938 arcam,
2537 881 2597 927 ut
2617 872 2804 927 vivant
2839 877 3042 937 tecum,
3080 869 3358 925 masculini
3382 883 3546 924 sexus
3576 877 3632 922 et
3673 865 3830 922 femi-

2227 965 2363 1020 nini.
2397 965 2470 1019 lie
2500 963 2810 1019 volucribus
2833 963 2984 1033 juxta
3013 975 3181 1034 genus
3207 975 3385 1025 suum,
3405 968 3459 1015 et
3489 959 3557 1014 de
3573 958 3832 1029 jumentis

2227 1058 2279 1113 in
2305 1073 2505 1130 genere
2522 1073 2642 1124 suo,
2674 1067 2728 1114 et
2758 1073 2822 1114 ex
2849 1057 2998 1113 omni
3030 1057 3391 1129 reptiliterraz
3418 1054 3712 1111 secundum
3738 1066 3832 1124 ge-

2229 1167 2331 1208 nus
2370 1167 2528 1208 suum
2558 1169 2570 1205 :
2602 1151 2725 1206 bina
2754 1152 2824 1207 de
2855 1151 3110 1207 omnibus
3141 1149 3514 1222 ingredientur
3538 1157 3734 1214 tecum,
3765 1158 3822 1202 ut

2229 1248 2438 1316 possint
2469 1247 2674 1302 vivere.
2699 1245 2880 1301 Tolles
2906 1246 3069 1317 igitur
3092 1257 3271 1301 tecum
3295 1260 3361 1301 ex
3389 1243 3643 1301 omnibus
3665 1243 3831 1309 escis,

2227 1361 2350 1417 quae
2374 1346 2554 1401 mandi
2581 1354 2838 1417 possunt,
2863 1354 2917 1400 et
2940 1344 3310 1416 comportabis
3332 1342 3474 1415 apud
3499 1351 3575 1409 te,
3593 1355 3647 1398 et
3675 1350 3836 1397 erunt

2228 1448 2336 1495 tam
2371 1440 2467 1495 tibi
2499 1455 2663 1509 quam
2705 1439 2812 1494 illis
2837 1441 2890 1494 in
2913 1439 3117 1496 cibum.
3153 1437 3302 1508 Fecit
3331 1452 3464 1510 ergo
3509 1437 3622 1492 Noe
3645 1435 3827 1491 omnia

2227 1549 2347 1605 quae
2375 1542 2716 1604 praeceperat
2745 1533 2822 1588 illi
2849 1534 3017 1590 Deus.

2301 1625 2471 1701 [Cap.
2499 1626 2637 1702 νει]
2670 1627 2924 1699 Dixitque
2944 1627 3207 1683 Dominus
3235 1625 3300 1680 ad
3331 1635 3457 1682 eum
3486 1640 3501 1679 :
3533 1623 3825 1695 Ingredere

2229 1728 2309 1788 tu,
2367 1729 2424 1775 et
2470 1719 2652 1776 omnis
2699 1720 2894 1775 domus
2928 1730 3016 1775 tua
3071 1719 3122 1774 in
3155 1731 3366 1786 arcam,
3413 1726 3468 1774 te
3513 1719 3660 1775 enim
3712 1713 3823 1771 vidi

523 1815 772 1887 Dixitque
820 1816 960 1870 Deus
1009 1832 1024 1869 :
1067 1812 1187 1870 Non
1233 1824 1259 1849 ἰ
1306 1811 1648 1882 permanebit
1691 1811 1914 1882 spiritus
1961 1824 2112 1865 meus
2146 1809 2190 1871 Β
2214 1812 2418 1882 justum
2444 1827 2630 1867 coram
2664 1828 2748 1869 me
2790 1812 2844 1867 in
2875 1812 3231 1883 generatione
3269 1811 3393 1867 hac.
3456 1810 3537 1867 Ex
3577 1811 3832 1867 omnibus

521 1909 574 1963 in
621 1907 840 1962 homine
887 1908 940 1962 in
975 1916 1260 1969 aeternum,
1314 1905 1442 1976 quia
1495 1918 1623 1960 caro
1659 1916 1745 1960 est
1793 1924 1805 1958 :
1850 1914 2118 1972 eruntque

519 2001 640 2058 dies
672 2001 818 2056 illius
850 2012 1070 2056 centum
1100 1999 1290 2070 viginti
1321 2013 1610 2052 annorum.
1639 1995 1901 2067 Gigantes
1939 2005 2118 2052 autem

517 2102 676 2151 erant
715 2109 882 2164 super
908 2102 1108 2149 terram
1151 2092 1203 2146 in
1236 2091 1432 2146 diebus
1484 2089 1613 2156 illis;
1649 2097 1931 2161 postquam
1973 2089 2118 2144 enim

520 2188 752 2258 ingressi
785 2197 911 2242 sunt
961 2185 1060 2240 ﬁlii
1115 2184 1211 2240 Dei
1261 2185 1327 2239 ad
1383 2183 1522 2239 ﬁlias
1574 2183 1875 2248 hominum,
1907 2183 2120 2252 illaeque

517 2287 842 2350 genuerunt,
878 2277 966 2333 isti
1010 2286 1138 2332 sunt
1166 2284 1414 2348 potentes
1459 2292 1488 2328 a
1537 2275 1740 2331 sarculo
1768 2274 1869 2328 viri
1898 2273 2115 2328 famosi.

519 2372 724 2428 Videns
753 2385 934 2428 autem
994 2372 1136 2427 Deus
1163 2370 1307 2438 quod
1359 2369 1528 2426 multa
1577 2370 1789 2426 malitia
1837 2368 2117 2424 hominum

519 2475 665 2523 esset
711 2467 765 2521 in
813 2473 980 2530 terra,
1032 2476 1087 2520 et
1131 2473 1328 2520 cuncta
1375 2463 1632 2534 cogitatio
1679 2462 1862 2518 cordis
1909 2461 2118 2516 intenta

523 2569 670 2615 esset
699 2560 766 2613 ad
807 2558 1006 2614 malum
1036 2559 1186 2614 omni
1219 2568 1485 2628 tempore,
1519 2557 1776 2628 pmnituit
1820 2571 1942 2611 eum
1975 2554 2117 2625 quod

522 2655 798 2709 hominem
832 2652 1053 2709 fecisset
1090 2653 1144 2707 in
1195 2663 1361 2708 terra.
1413 2651 1478 2706 Et
1511 2661 1684 2707 tactus
1714 2649 1903 2706 dolore
1934 2649 2117 2705 cordis

529 2745 856 2801 intrinsecus
883 2761 895 2798 :
927 2744 1152 2810 Delebo,
1180 2745 1374 2814 inquit,
1411 2742 1711 2809 hominem,
1739 2736 1902 2813 quem
1937 2740 2118 2796 creavi

522 2852 552 2891 a
595 2837 732 2892 facie
764 2845 944 2905 terra},
986 2835 1056 2890 ab
1108 2835 1330 2890 homine
1375 2849 1548 2906 usque
1595 2832 1662 2889 ad
1717 2834 2034 2900 animantia,
2087 2845 2118 2887 a

516 2931 696 3001 reptili
753 2944 924 3000 usque
966 2929 1033 2983 ad
1087 2929 1333 2983 volucres
1361 2929 1530 2984 coeli:
1581 2928 1806 2998 poenitet
1853 2927 1999 2981 enim
2031 2941 2120 2982 me

516 3022 712 3080 fecisse
739 3037 854 3079 eos.
886 3019 985 3094 [Ο.
1010 3020 1179 3092 XIX]
1209 3021 1320 3077 Noe
1348 3036 1478 3076 vero
1524 3021 1734 3074 invenit
1762 3019 1992 3090 gratiam
2021 3033 2119 3073 co-

525 3135 646 3175 ram
678 3118 932 3174 Domino.
960 3115 1054 3171 Hae
1100 3113 1289 3188 [Vulg.
1345 3114 1492 3170 addit
1544 3113 1691 3187 sunt]
1734 3114 2118 3182 generationes

517 3211 631 3268 Noe
685 3230 696 3264 :
748 3210 864 3266 Noe
915 3209 996 3263 vir
1024 3208 1204 3279 justus
1233 3218 1398 3278 atque
1431 3207 1698 3278 perfectus
1727 3208 1824 3260 luit
1867 3206 1918 3260 in
1951 3219 2115 3276 gene-
2142 3235 2188 3302 Ο

519 3304 839 3362 rationibus.
863 3303 1001 3372 suis,
1031 3318 1153 3358 cum
1179 3302 1291 3358 Deo
1326 3302 1642 3357 ambulavit.
1676 3301 1743 3357 Et
1773 3301 1960 3373 genuit
2005 3311 2115 3356 tres

520 3399 661 3453 ﬁlios
691 3396 843 3463 Sent,
879 3395 1072 3463 (ibam,
1107 3405 1161 3450 et
1189 3393 1423 3464 Japhcth
1452 3412 1464 3447 :
1495 3403 1753 3464 corrupta
1801 3403 1886 3448 est
1933 3403 2114 3449 autem

524 3499 667 3547 terra
691 3488 1094 3554 coram'Deo,et
1123 3488 1328 3556 repleta
1356 3496 1439 3542 est
1465 3485 2114 3556 iuiquitate.Cumquevi-

520 3584 691 3640 disset
714 3583 857 3639 Deus
870 3593 1067 3638 terram
1086 3596 1208 3636 esse
1221 3591 1534 3652 corruptam
1553 3581 1752 3655 (omnis
1771 3580 1971 3652 quippe
1985 3593 2116 3636 caro

518 3685 838 3746 corruperat
858 3674 1000 3728 viam
1025 3687 1178 3728 suam
1227 3689 1391 3744 super
1423 3673 1641 3745 terram)
1672 3673 1808 3728 dixit
1835 3673 1899 3729 ad
1961 3674 2111 3730 Noe:

520 3770 669 3827 Finis
695 3771 962 3826 universae
992 3770 1170 3823 carnis
1219 3767 1366 3824 venit
1397 3784 1582 3823 coram
1617 3784 1724 3836 me,
1777 3769 1984 3839 repleta
2031 3781 2114 3824 εει

523 3872 664 3918 terra
695 3861 978 3932 iniquitate
1004 3878 1031 3915 a
1064 3861 1201 3916 facie
1227 3875 1444 3926 eorum,
1467 3871 1520 3916 et
1551 3877 1651 3931 ego
1681 3860 1989 3933 disperdam
2017 3876 2112 3918 eos

516 3970 640 4012 cum
697 3964 861 4010 terra.
906 3952 1012 4008 Fac.
1053 3953 1150 4008 tibi
1181 3968 1363 4008 arcam
1425 3952 1495 4008 de
1554 3953 1713 4024 lignis
1761 3952 1788 3991 δ
1829 3955 2110 4026 laevigatis,

518 4048 929 4106 Inansiunculas
980 4049 1034 4102 in
1064 4061 1192 4103 arca
1215 4046 1402 4112 facies,
1433 4059 1488 4102 et
1538 4048 1804 4104 bitumine
1845 4048 2001 4104 liuies
2029 4049 2109 4103 in-

517 4144 786 4199 trinsecus
814 4152 868 4198 et
895 4143 1253 4198 extrinsecus.
1289 4141 1353 4195 Et
1385 4142 1463 4195 sic
1493 4141 1655 4196 facies
1685 4157 1804 4197 eam
1834 4161 1844 4194 :
1875 4141 2112 4198 Trecen-

517 4245 693 4308 torum
723 4233 1034 4290 cubitorum
1065 4235 1168 4289 erit
1205 4232 1488 4302 longitudo
1519 4249 1683 4300 arca),
1715 4235 2108 4306 quinquaginta

515 4325 825 4382 cubitorum
885 4324 1135 4408 latitudo,
1187 4335 1239 4380 et
1278 4324 1494 4396 triginta
1541 4325 1849 4382 cubitorum
1877 4326 2108 4383 altitudo

514 4420 678 4475 illius.
715 4418 1036 4474 Fenestram
1079 4419 1131 4472 in
1160 4431 1281 4473 arca
1315 4418 1506 4485 facies,
1551 4429 1605 4475 et
1651 4420 1705 4475 in
1742 4420 1923 4475 cubito
1970 4435 2107 4476 con-

517 4509 820 4568 summabis
863 4509 1228 4566 summitatem
1263 4510 1380 4580 ejus
1425 4528 1436 4564 :
1472 4511 1672 4566 ostium
1727 4521 1906 4566 autem
1962 4526 2105 4567 ante

2225 1905 2592 1960 animantibus
2632 1904 2850 1960 mundis
2895 1905 3024 1961 tolle
3055 1913 3282 1977 septena
3315 1915 3369 1960 et
3397 1916 3650 1976 septena,
3680 1919 3831 1958 mas-

2223 1998 2404 2052 culum
2437 2005 2493 2053 et
2525 1997 2783 2053 feminam
2800 2015 2818 2063 ;
2837 1997 2904 2052 de
2921 1997 3290 2054 animantibus
3311 2011 3442 2053 vero
3472 2013 3578 2053 non
3605 1996 3830 2053 mundis

2225 2093 2334 2147 duo
2360 2103 2414 2146 et
2443 2092 2572 2162 duo,
2607 2091 2910 2148 masculum
2941 2101 2993 2146 et
3039 2091 3320 2148 feminam.
3352 2092 3457 2148 Sed
3507 2101 3562 2147 et
3599 2091 3668 2148 de
3722 2105 3827 2146 vo-

2224 2184 2464 2238 latilibus
2493 2186 2620 2241 caeli
2651 2194 2876 2256 septena
2907 2195 2960 2240 et
3015 2194 3278 2255 septena,
3333 2183 3632 2239 masculum
3665 2193 3721 2239 et.
3751 2183 3836 2239 fe-

2229 2275 2456 2343 minam,
2487 2286 2547 2331 ut
2573 2278 2814 2333 salvetur
2869 2291 3055 2334 semen
3100 2292 3267 2348 super
3315 2277 3506 2333 faciem
3553 2279 3830 2334 universae

2181 2431 2194 2446 ,
2227 2381 2408 2426 terrm.
2458 2370 2649 2426 Adhuc
2675 2373 2822 2428 enim
2852 2381 2907 2428 et
2941 2383 3065 2442 post
3089 2372 3208 2427 dies
3239 2382 3449 2442 septem
3494 2386 3599 2443 ego
3648 2372 3836 2440 pluam

2222 2480 2394 2532 super
2447 2475 2650 2520 terram
2701 2465 3064 2535 quadraginta
3119 2464 3314 2521 diebus
3367 2473 3422 2519 et
3474 2463 3838 2534 quadraginta

2223 2558 2505 2626 noctibus,
2535 2569 2590 2615 et
2616 2559 2816 2614 delebo
2847 2573 3067 2614 omnem
3096 2559 3461 2614 substantiam
3509 2573 3669 2628 quam
3701 2558 3835 2625 feci,

2223 2652 2292 2707 de
2340 2653 2635 2718 superﬁcie
2681 2664 2861 2707 terrae.
2915 2652 3070 2708 Fecit
3116 2666 3251 2722 ergo
3301 2651 3418 2708 Noe
3472 2653 3655 2707 omnia
3707 2666 3838 2723 qua:

2224 2745 2580 2800 mandaverat
2643 2747 2694 2799 ei
2752 2745 3042 2800 Dominus.
3119 2744 3360 2815 Eratque
3439 2752 3836 2800 sexcentarum

2221 2853 2493 2893 annorum
2537 2835 2757 2910 quando
2784 2836 2969 2892 diluvii
3001 2852 3156 2907 aqua:
3211 2837 3615 2892 inundaverant
3662 2851 3839 2906 super

2225 2939 2450 2986 terram.
2504 2929 2590 3004 [(3.
2623 2928 2770 3002 XX.]
2807 2930 2868 2983 Et
2897 2928 3178 3001 ingressus
3212 2936 3297 2984 est
3324 2927 3440 2983 Noe
3465 2938 3521 2984 et
3550 2929 3646 2984 ﬁlii
3675 2929 3828 2999 ejus,

2223 3038 2367 3077 uxor
2390 3023 2509 3092 ejus
2538 3033 2593 3076 ct
2619 3037 2816 3078 uxores
2845 3021 3082 3078 ﬁliorum
3115 3021 3234 3092 ejus
3257 3037 3380 3082 eum
3425 3037 3514 3090 eo,
3557 3024 3608 3076 in
3639 3035 3836 3078 arcam

2225 3127 2451 3186 propter
2475 3131 2641 3186 aquas
2671 3114 2882 3170 diluvii.
2921 3115 2997 3171 De
3021 3116 3394 3169 animantibus
3413 3130 3632 3186 quoque
3662 3130 3834 3171 mun-

2221 3208 2306 3264 dis
2329 3217 2383 3264 et
2413 3209 2710 3264 immundis
2735 3252 2748 3278 ,
2781 3219 2836 3264 et
2865 3209 2934 3264 de
2965 3209 3301 3274 volucribus,
3330 3220 3388 3264 et
3413 3223 3480 3264 ex
3505 3210 3651 3264 omni
3680 3209 3835 3280 quod

2221 3315 2478 3358 movetur
2505 3318 2672 3373 super
2710 3311 2934 3366 terram,
2968 3303 3077 3358 duo
3107 3311 3158 3358 et
3189 3305 3294 3359 duo
3327 3307 3574 3375 ingressa
3606 3313 3732 3360 sunt
3755 3303 3834 3361 ad

2219 3395 2335 3451 Noe
2385 3397 2437 3450 in
2492 3411 2698 3462 arcam,
2730 3397 3014 3452 masculus
3064 3409 3119 3452 et
3151 3397 3376 3464 femina,
3425 3400 3570 3452 sicut
3615 3412 3836 3467 prmce-

2219 3499 2374 3559 perat
2406 3488 2554 3544 Deus
2583 3488 2718 3544 Noe.
2766 3489 3013 3560 Cumque
3064 3489 3395 3544 transissent
3432 3500 3650 3559 septem
3680 3489 3832 3558 dies,

2215 3597 2377 3653 aquae
2404 3583 2591 3637 diluvii
2618 3583 3025 3638 iuundaverunt
3054 3599 3221 3652 super
3252 3591 3474 3638 terram.
3511 3585 3668 3638 Anno
3697 3597 3834 3639 sex-

2217 3677 2517 3732 centesimo
2549 3677 2674 3731 vitm
2719 3675 2850 3743 Noe,
2901 3691 3091 3732 mense
3130 3677 3398 3744 secundo,
3451 3678 3684 3747 septimo
3726 3676 3836 3732 alc-

2213 3772 2358 3825 cimo
2403 3770 2496 3826 die
2543 3773 2767 3834 mensis,
2819 3771 2967 3841 rupti
3017 3779 3144 3825 sunt
3187 3785 3380 3825 clunes
3423 3770 3607 3825 fontes
3637 3768 3835 3840 abyssi

2217 3879 2448 3936 magum,
2483 3877 2536 3921 et
2564 3876 2861 3921 cataracta:
2891 3866 3015 3922 cmli
3045 3874 3248 3934 apertae
3273 3875 3425 3930 sunt,
3470 3874 3528 3921 et
3556 3864 3704 3920 facta
3738 3872 3835 3920 est

2215 3960 2391 4029 pluvia
2439 3974 2604 4030 super
2636 3969 2840 4015 terram
2873 3959 3233 4031 quadraginta
3266 3958 3461 4014 diebus
3491 3968 3547 4014 et
3579 3957 3827 4029 quadra-

2211 4052 2360 4120 ginta
2391 4052 2670 4108 noctibus.
2705 4051 2764 4107 In
2792 4050 3032 4106 articulo
3063 4051 3175 4106 diei
3207 4051 3365 4106 illius
3416 4051 3705 4122 ingressus
3739 4061 3832 4106 est.

2211 4146 2346 4212 Noe,
2376 4155 2431 4201 et
2453 4145 2603 4211 Seni,
2634 4152 2691 4200 et
2719 4142 2913 4210 Cham,
2947 4153 3002 4198 et
3032 4143 3289 4213 Japhcth,
3341 4143 3435 4197 lilii
3482 4143 3625 4213 ejus,
3680 4159 3829 4198 uxor

2213 4241 2381 4305 illius,
2415 4248 2470 4294 et
2497 4248 2608 4294 tres
2635 4253 2844 4295 uxores
2874 4237 3112 4293 ﬁliorum
3145 4239 3265 4307 ejus
3310 4251 3434 4292 cum
3463 4238 3565 4303 eis,
3619 4239 3672 4292 in
3725 4253 3830 4293 ar-

2182 4349 2328 4389 .cam
2360 4351 2372 4387 :
2406 4333 2506 4404 ipsi
2537 4343 2592 4389 et
2637 4347 2799 4386 omne
2847 4332 3050 4387 animal
3081 4332 3389 4388 secundum
3418 4347 3599 4403 genus
3625 4348 3824 4398 suum,

2215 4428 2581 4498 universaque
2607 4427 2853 4497 jum'enta
2886 4428 2942 4480 in
2963 4441 3169 4497 genere
3199 4441 3323 4492 suo,
3355 4435 3413 4480 et
3462 4440 3626 4481 omne
3666 4425 3829 4494 quod

2210 4533 2463 4577 movetur
2492 4535 2657 4590 super
2682 4529 2877 4574 terram
2921 4519 2974 4573 in
3023 4533 3225 4590 genere
3263 4533 3386 4583 suo,
3446 4526 3829 4589 cunctumque

511 4622 681 4677 pones
711 4623 779 4662 ex
809 4606 978 4661 latere
1004 4605 1284 4669 deorsum,
1334 4606 1637 4670 ctenacula,
1669 4617 1724 4661 et
1760 4606 1980 4677 tristega
2025 4605 2105 4660 fa-
2135 4635 2185 4696 Β
2211 4613 2434 4668 volatile
2467 4613 2766 4667 secundum
2799 4626 2971 4682 genus
2997 4625 3178 4680 suum,
3211 4611 3484 4665 universa;
3513 4624 3666 4677 aves,
3701 4619 3830 4666 om-

514 4701 628 4756 cies
680 4701 733 4754 in
767 4714 857 4755 ea.
892 4698 1036 4754 Ecce
1064 4713 1166 4769 ego
1211 4698 1476 4754 adducam
1507 4698 1696 4754 diluvii
1729 4715 1897 4772 aquas
1939 4715 2104 4770 super

511 4804 736 4862 terram,
771 4801 830 4848 ut
851 4793 1174 4848 interliciam
1205 4809 1422 4849 omnem
1473 4810 1718 4864 carnem,
1752 4797 1806 4850 in
1838 4813 1942 4867 qua
1991 4799 2105 4867 ενίο

577 4941 605 4970 ιι
633 4931 690 4986 In
717 4931 985 4986 hodierno
1021 4930 1187 4986 l-lebr.
1218 4940 1364 4987 textu
1387 4975 1400 4998 ,
1436 4943 1490 4988 et
1533 4936 1585 4988 in
1631 4933 1976 4990 Samaritana
1997 4942 2100 5022 ﬁt?

501 5025 673 5098 jadon
711 5025 957 5098 legimus,
989 5025 1134 5096 quod
1167 5035 1383 5098 sanctus
1409 5026 1768 5098 Hieronymus
1812 5029 1861 5080 in
1895 5027 2098 5095 Quzrst.

511 5096 680 5153 Hebr.
726 5097 1140 5167 interpreiatur,
1161 5096 1445 5166 judicabis,
1471 5100 1569 5152 etsi
1613 5096 1915 5153 versionem
1957 5097 2102 5154 LXX

507 5202 730 5248 secutus
773 5193 1005 5247 retineat
1054 5206 1267 5261 vocem,
1303 5193 1614 5262 permanebit
1646 5210 1665 5248 :
1691 5177 1788 5262 11")?
1819 5195 1974 5262 jalon
2004 5212 2102 5251 au-

505 5295 637 5350 tem,
667 5288 785 5340 sive
814 5267 912 5373 χὴν
945 5283 1108 5356 jalin,
1139 5283 1188 5338 id
1219 5295 1326 5349 est,
1359 5286 1703 5355 pernoctabit,
1747 5287 2095 5356 permanebit,

505 5380 769 5450 scriptum
794 5384 918 5431 erat
952 5376 1090 5430 forte
1134 5378 1186 5429 in
1217 5380 1514 5448 exemplari
1545 5379 1812 5435 Hahraico
1841 5379 1987 5434 LXX
2015 5395 2101 5438 se-

502 5453 741 5506 niorum.
775 5450 949 5502 Mur.

571 5520 884 5597 eVulgatw
909 5519 1035 5573 huic
1061 5519 1281 5597 lectioni
1300 5521 1349 5573 in
1368 5520 1566 5597 Quaest.
1585 5522 2099 5597 prmfertjudicabit.

494 5596 778 5652 Hebraeum
827 5600 1010 5645 tamen
1066 5601 1165 5682 ζῆτ’
1207 5593 1375 5648 etiam
1402 5596 1640 5664 antiquae
1665 5593 1945 5654 versiones
1979 5611 2096 5666 per-

492 5683 749 5742 manendi
775 5684 1086 5753 significatu
1123 5685 1346 5739 donant.

565 5758 590 5795 δ
625 5753 800 5834 LXX,
842 5755 1094 5834 sagum
1127 5762 1486 5830 τετραγώνων,
1520 5759 1583 5813 de
1609 5763 1773 5834 lignis
1801 5763 2090 5834 quadratis.

495 5830 628 5882 Cum
651 5828 880 5883 dixisset
899 5827 1225 5898 llierunytn.
1251 5827 1348 5899 pro
1377 5832 1643 5898 quadratis
1660 5827 1824 5904 'liguis'
1845 5874 1858 5901 ,
1888 5835 1937 5888 in
1973 5837 2076 5889 lle-

2213 4721 2419 4774 nesque
2450 4705 2723 4769 volucres,
2759 4706 3019 4774 ingressae
3048 4713 3174 4758 sunt
3219 4703 3285 4757 ad
3336 4703 3449 4759 Noe
3491 4703 3542 4758 in
3583 4718 3823 4772 arcam;

2215 4799 2342 4854 bina
2391 4809 2445 4854 et
2492 4799 2612 4853 bina
2643 4813 2711 4854 ex
2751 4797 2895 4851 omni
2939 4811 3126 4865 carne,
3175 4797 3228 4851 in
3269 4811 3372 4868 qua
3423 4806 3543 4853 erat
3589 4798 3827 4869 spiritus

2209 4935 2356 4989 braeo
2401 4935 2502 5007 legi
2548 4933 3330 5007 bituminata,_hallucinatum
3374 4949 3496 4989 eum
3551 4937 3827 5004 putarunt

2211 5005 2475 5071 nannulli,
2507 5019 2554 5060 et
2580 5007 2785 5078 legisse
2807 5007 2859 5059 in
2887 5005 3148 5059 "t‘hl'fllt'tt
3176 5016 3433 5078 contextu
3457 5015 3568 5066 Ἣ)
3597 5009 3822 5078 εορΙιρτ,

2207 5091 2302 5147 pro
2333 5083 2441 5139 ἠἓλ
2469 5077 2682 5151 gopher.
2729 5080 2797 5130 At
2834 5091 2963 5147 pace
3010 5077 3319 5144 Itujusmodi
3359 5077 3685 5151 scripturum
3717 5093 3818 5134 as-

2207 5165 2388 5220 serere
2422 5149 2498 5202 fas
2525 5150 2617 5211 sit,
2645 5149 3032 5219 Hieronymum
3063 5151 3260 5220 legisse
3287 5150 3498 5220 ropher,
3518 5163 3568 5204 et
3599 5151 3819 5217 Optime

2207 5233 2271 5296 ex
2303 5219 2534 5276 Hebraeo
2553 5220 2725 5275 fuisse
2752 5219 3166 5296 interpretatum
3192 5262 3205 5284 ,
3247 5223 3311 5275 dc
3337 5219 3495 5296 lignis
3525 5223 3827 5296 bitumine-

2204 5294 2268 5346 tis
2295 5311 2313 5348 :
2341 5309 2462 5346 nam
2481 5299 2656 5354 nhs:
2681 5294 2949 5363 gophrith,
2976 5307 3144 5363 genus
3168 5303 3247 5345 est
3277 5293 3483 5363 gummi
3501 5305 3556 5350 et
3581 5295 3823 5349 bitumi-

2211 5364 2317 5428 nis,
2350 5367 2465 5420 sive
2493 5367 2735 5419 materiae
2764 5365 3124 5432 sulphurosze.
3155 5364 3392 5419 Rabbini
3420 5381 3636 5436 quoque
3663 5367 3823 5422 inter

2195 5455 2422 5525 species
2461 5457 2608 5512 cedri
2648 5466 2858 5527 ponunt
2889 5459 3136 5545 pse-py
3165 5456 3523 5522 ets-schrmen,
3549 5457 3819 5518 arborem

2205 5547 2592 5618 ~pinguedinis;
2643 5567 2673 5605 e
2715 5550 2877 5617 lignis
2919 5564 3047 5603 vero
3089 5548 3328 5605 cedrinis
3378 5549 3571 5604 factam
3619 5561 3817 5607 arcam

2207 5621 2364 5677 multi
2397 5623 2607 5678 volunt.
2638 5620 2844 5694 Gopher
2871 5619 3037 5694 igitur
3063 5630 3147 5675 est
3173 5621 3388 5694 species
3417 5622 3632 5676 arboris
3664 5623 3824 5678 bitu-

2205 5694 2447 5761 minata},
2481 5703 2535 5748 et
2583 5691 2840 5748 stillantis
2892 5691 3124 5747 resinam
3167 5691 3260 5747 aut
3303 5693 3498 5762 picem,
3529 5703 3583 5747 ut
3615 5694 3813 5764 abies,

2205 5767 2379 5832 pinus,
2415 5776 2518 5819 etc.
2554 5764 2725 5820 MART.

2244 5836 2500 5892 --M.Ivult
2515 5840 2566 5891 iu
2579 5833 2839 5893 Hebraic.
2855 5835 3032 5904 Qua’SI
3047 5877 3058 5891 .
3073 5836 3418 5908 interpretari
3435 5835 3764 5890 bitumiuatis
3782 5872 3796 5891 .
