4040 6360
274 365 374 422 1⁸18

1618 349 1820 412 LIBER
1858 350 1993 412 GEN
2003 351 2172 412 ESIS.

3451 364 3556 425 IN

275 479 424 530 vim).
473 473 536 528 Et
565 486 686 544 quae
711 469 955 542 ingressa
986 477 1135 536 sunt,
1167 468 1442 524 masculus
1471 474 1527 522 et
1556 465 1761 524 femina
1788 481 1851 521 ex
1885 477 1932 538 Α
1965 479 2270 538 vesperam,
2306 475 2528 535 portans
2565 483 2772 524 ramum
2814 470 2966 525 olivae
2995 471 3297 529 virentibus
3327 475 3465 531 foliis
3496 478 3548 533 in

272 569 420 626 omni
454 582 615 624 carne
641 565 995 633 introierunt,
1028 563 1175 620 sicut
1204 571 1543 634 praeceperat
1568 562 1617 618 ei
1671 561 1854 616 Deus:

269 671 326 716 et
375 659 599 717 inclusit
645 673 771 714 eum
822 659 1081 714 Dominus
1100 656 1170 712 de
1203 656 1355 711 foris.
1401 654 1733 722 Factumque
1774 661 1860 708 est

265 754 530 810 diluvium
558 752 914 824 quadraginta
945 751 1142 807 diebus
1172 765 1337 820 super
1367 759 1568 805 terram
1593 767 1605 803 :
1631 757 1686 810 et
1717 749 1858 804 mul-

267 847 533 916 tiplicatat
557 855 686 900 sunt
724 859 904 916 aquai,
947 855 1004 901 et
1047 844 1401 900 elevaverunt
1452 857 1634 900 arcam
1683 842 1736 897 in
1768 857 1860 896 su-

269 941 440 997 blime
468 956 495 992 a
545 948 713 994 terra.
748 937 1116 995 Vehementer
1136 939 1282 994 enim
1314 934 1758 992 inundaverant:
1803 943 1859 989 et

262 1035 447 1091 omnia
477 1034 827 1105 repleverunt
867 1034 920 1088 in
962 1031 1256 1103 superﬁcie
1300 1042 1499 1087 terrai:
1533 1045 1695 1100 porro
1732 1043 1857 1084 arca

264 1127 542 1183 ferebatur
570 1143 736 1198 super
755 1141 948 1198 aquas.
976 1125 1043 1181 Et
1074 1139 1234 1196 aqua:
1263 1123 1669 1195 praevaluerunt
1697 1123 1860 1178 nimis

261 1235 433 1291 super
487 1230 730 1276 terram:
764 1221 1053 1290 opertique
1099 1227 1226 1274 sunt
1273 1233 1469 1273 omnes
1517 1228 1731 1274 montes
1758 1233 1857 1273 ex-

260 1315 390 1371 celsi
419 1316 525 1370 sub
555 1315 816 1370 universo
861 1313 1025 1368 coelo.
1075 1311 1394 1380 Quindecim
1443 1310 1642 1366 cubitis
1695 1309 1860 1364 altior

260 1409 361 1464 fuit
382 1424 524 1478 aqua
556 1422 722 1479 super
749 1416 984 1473 utentes,
1019 1421 1159 1478 quos
1184 1413 1501 1477 operuerat.
1553 1403 1860 1472 Consump-

259 1511 422 1574 taque
451 1514 540 1558 est
567 1503 745 1557 omnis
775 1516 906 1557 caro
931 1517 1054 1571 quas
1078 1500 1403 1556 movebatur
1426 1514 1594 1570 super
1625 1507 1854 1566 terram,

260 1597 572 1664 volucrum,
595 1596 980 1662 animantium,
1010 1594 1330 1656 bestiarum,
1354 1593 1710 1663 omniumque
1737 1605 1862 1661 rep.

261 1691 459 1754 tilium,
479 1706 605 1762 qua:
631 1698 847 1760 reptant
869 1703 1040 1760 super
1062 1698 1294 1744 terram:
1314 1686 1557 1742 universi
1588 1688 1858 1752 homines,

257 1794 314 1840 et
357 1794 587 1849 cuncta,
636 1783 690 1838 in
738 1783 940 1854 quibus
969 1781 1302 1852 spiraculum
1340 1783 1462 1836 vita:
1493 1781 1658 1836 estin
1689 1790 1856 1846 terra,

1961 574 2059 615 ore
2089 574 2210 616 suo.
2241 561 2514 617 lutellexit
2543 576 2676 633 ergo
2718 562 2831 620 Noe
2861 564 3006 634 quod
3046 579 3353 623 cessassent
3393 585 3550 638 aqua:

1959 667 2125 721 super
2159 663 2382 710 terram.
2416 654 2878 727 ExspeCtavitque
2926 659 3289 717 nihilominus
3338 675 3550 734 septem

1961 737 2097 800 alios
2143 745 2302 802 dies:
2339 759 2393 802 et
2423 748 2604 804 emisit
2643 751 2970 818 columbam,
3020 768 3144 823 qua:
3184 768 3289 808 non
3333 765 3417 810 est
3461 770 3548 812 re-

1962 852 2114 892 verSa
2150 840 2286 894 ultra
2314 840 2384 896 ad
2409 857 2557 897 eum.
2591 840 2678 914 [Ο.
2708 843 2900 918 XXll.]
2931 845 3102 918 Igitur
3148 849 3552 906 sexcentesimo

1963 933 2140 1002 primo
2169 948 2332 1002 anno,
2371 936 2546 1003 primo
2575 951 2783 1006 mense,
2821 939 2993 1007 prima
3043 940 3132 996 die
3186 942 3410 1011 mensis,
3444 943 3547 997 im-

1962 1028 2180 1082 minutee
2231 1038 2358 1083 sunt
2383 1045 2534 1100 aquzc
2563 1045 2730 1100 super
2765 1041 2961 1087 terram
2999 1042 3094 1089 :et
3143 1035 3396 1105 aperiens
3434 1035 3550 1092 Noe

1963 1128 2160 1176 tectum
2191 1136 2353 1190 arcte,
2377 1123 2612 1194 aspexit,
2649 1124 2886 1196 viditque
2908 1128 3050 1197 quod
3095 1128 3372 1184 exsiccata
3407 1140 3556 1185 esset

1959 1214 2286 1285 superficies
2337 1227 2515 1271 terrae.
2564 1216 2747 1274 Mense
2774 1220 3018 1275 secundo
3048 1219 3279 1290 septima
3319 1233 3368 1276 et
3401 1223 3557 1294 vige-

1961 1307 2095 1362 sima
2147 1307 2235 1362 die
2263 1309 2490 1376 mensis,
2527 1310 2762 1366 arefacta
2793 1320 2875 1366 est
2922 1319 3084 1367 terra.
3137 1311 3223 1384 [Β.
3250 1312 3413 1386 ΧΙΙΙ.]
3449 1315 3553 1369 Lo-

1964 1409 2122 1455 cutus
2153 1413 2237 1456 est
2266 1413 2447 1458 autem
2482 1402 2623 1458 Deus
2657 1403 2723 1456 ad
2760 1402 2897 1470 Noe,
2919 1404 3109 1460 dicens
3135 1423 3147 1459 :
3183 1405 3458 1476 Egredere
3487 1408 3560 1462 de

1962 1506 2113 1555 arca,
2167 1503 2224 1549 tu
2269 1504 2324 1549 et
2363 1510 2500 1549 uxor
2546 1505 2656 1562 tua,
2713 1494 2806 1550 filii
2850 1497 2947 1562 tui,
2979 1506 3034 1550 et
3089 1511 3290 1554 uxores
3317 1498 3562 1560 filiorum.

1965 1595 2180 1642 tuorum
2214 1597 2390 1643 tecum
2424 1606 2437 1642 :
2466 1597 2660 1644 cuncta
2687 1588 2981 1645 animantia
3013 1605 3132 1659 qum
3160 1601 3287 1648 sunt
3315 1593 3454 1663 apud
3482 1604 3554 1658 tc,

1965 1694 2027 1731 ex
2059 1680 2206 1734 ornni
2228 1695 2413 1746 carne,
2451 1692 2558 1734 tam
2593 1680 2646 1736 in
2678 1681 2986 1737 volatilibus
3013 1697 3174 1750 «ruam
3204 1683 3256 1738 in
3290 1684 3476 1741 bestiis
3503 1695 3561 1742 et

1968 1772 2239 1828 universis
2270 1773 2558 1844 reptilibus
2587 1790 2708 1846 qua:
2739 1785 2955 1846 reptant
2979 1792 3146 1848 super
3168 1788 3394 1844 terram,
3425 1779 3562 1834 educ

259 1885 481 1932 ιιιοιοιυδ
511 1884 664 1930 sum,
722 1876 785 1929 [gr
825 1873 1030 1930 delevit
1073 1888 1297 1929 omnem
1329 1873 1708 1935 substantiam,
1740 1887 1857 1942 qua
1895 1885 1941 1947 Β
1973 1875 2175 1931 tecum,
2235 1875 2292 1922 et
2322 1867 2664 1938 ingredimini
2722 1886 2889 1939 super
2939 1881 3181 1926 terram:
3222 1871 3453 1928 erescitc
3507 1881 3564 1928 et

258 1977 372 2024 erat
400 1983 578 2038 super
609 1978 837 2032 terram,
867 1967 935 2024 ab
963 1966 1188 2022 homine
1217 1981 1387 2036 usque
1431 1964 1500 2020 ad
1533 1980 1723 2034 pecus,
1755 1974 1862 2020 tam

258 2061 456 2133 reptile
479 2076 646 2132 quam
679 2061 935 2116 volucres
959 2061 1082 2116 οωιὶ
1113 2079 1125 2115 :
1151 2071 1206 2115 et
1229 2060 1405 2116 deleta
1429 2067 1559 2113 sunt
1581 2059 1651 2115 de
1675 2065 1818 2113 terra
1849 2078 1863 2112 :

259 2157 526 2214 remansit
555 2168 738 2212 autem
792 2157 945 2212 solus
995 2155 1130 2220 Noe,
1171 2165 1224 2210 et
1254 2154 1347 2224 qui
1377 2169 1500 2208 cum
1527 2169 1593 2209 eo
1623 2162 1780 2206 erant
1811 2154 1866 2208 in

261 2265 401 2305 arca.
463 2249 944 2320 Obtiuueruntque
995 2263 1154 2320 aqua:
1211 2257 1405 2302 terram
1443 2253 1660 2302 centum
1712 2245 1867 2315 quin-

257 2343 521 2413 quaginta
554 2343 767 2398 diebus.

323 2436 422 2509 [T.
447 2435 626 2502 lV,C.
650 2436 795 2497 XXI.
820 2434 953 2509 Cap.
982 2435 1142 2510 Vlll.]
1167 2436 1500 2493 Recordatus
1522 2445 1703 2490 autem
1731 2436 1869 2489 Dens

260 2531 389 2599 Noe,
426 2541 872 2604 cunctarumque
893 2531 1277 2596 animantium,
1302 2539 1360 2587 et
1387 2531 1631 2586 omnium
1654 2531 1867 2600 jumen-

259 2636 463 2691 torum,
495 2641 618 2696 quae
648 2633 953 2681 erantcum
983 2639 1050 2679 eo
1081 2626 1133 2679 in
1167 2638 1314 2690 arca,
1347 2623 1572 2677 adduxit
1611 2623 1866 2692 spiritum

259 2732 416 2785 super
449 2726 686 2781 terram,
742 2725 798 2771 et
829 2716 1124 2770 imminuta.-
1165 2724 1296 2770 sunt
1338 2730 1512 2785 aqua}.
1572 2713 1639 2768 Et
1690 2712 1864 2768 clausi

260 2817 379 2863 sunt
407 2807 602 2864 fontes
627 2809 835 2878 abyssi,
867 2817 920 2862 et
963 2817 1252 2862 cataractae
1277 2807 1400 2861 cmli
1431 2823 1441 2859 :
1477 2815 1531 2860 et
1579 2805 1867 2876 prohibita:

258 2914 380 2958 sunt
399 2903 609 2976 pluviae
625 2902 694 2958 de
719 2903 878 2960 caelo.
901 2904 1262 2972 Reversarque
1292 2909 1419 2956 sunt
1445 2916 1600 2972 aqute
1631 2901 1697 2956 de
1723 2913 1866 2956 terra

258 3005 446 3051 euntes
508 3004 563 3051 et
610 2994 940 3050 redeuntes:
969 3005 1026 3050 et
1049 3001 1339 3065 coeperunt
1370 2995 1541 3048 minui
1577 3004 1695 3065 post
1727 3009 1862 3050 ceu-

267 3096 378 3145 tum
426 3089 831 3161 quinquaginta
877 3089 1019 3144 dies.
1062 3089 1461 3160 Requievitque
1505 3104 1625 3145 arca
1681 3105 1869 3147 mense

263 3181 540 3251 septimo,
576 3190 603 3217 ιι
627 3180 888 3252 vigesima
915 3181 1143 3251 septima
1170 3180 1257 3236 die
1278 3180 1506 3246 mensis,
1535 3196 1698 3251 super
1717 3199 1867 3236 mort-

1972 1957 2408 2027 multiplicamini
2449 1976 2616 2032 super
2654 1977 2797 2018 eam.
2843 1963 3114 2034 Egressus
3152 1973 3232 2020 est
3263 1979 3396 2036 ergo
3426 1966 3561 2036 Noe,
3647 1979 3650 1986 '

1969 2058 2024 2105 et
2054 2049 2148 2106 lilii
2173 2051 2312 2122 ejus,
2343 2068 2479 2109 utor
2504 2053 2679 2123 illius,
2702 2062 2756 2112 et
2783 2070 2984 2111 uxores
3012 2056 3244 2112 filiorum
3268 2059 3408 2128 ejus,
3436 2074 3560 2115 cum

1968 2157 2056 2197 eo.
2090 2143 2195 2200 Sed
2228 2156 2285 2200 et
2328 2147 2511 2201 omnia
2561 2147 2879 2214 animantia,
2921 2149 3192 2220 jumenta,
3246 2161 3300 2206 et
3351 2153 3562 2222 reptilia

1968 2253 2088 2306 quae
2113 2247 2332 2308 reptant
2376 2255 2546 2310 super
2585 2251 2813 2310 terram,
2849 2243 3150 2298 secundum
3182 2258 3354 2314 genus
3380 2260 3565 2312 suum,

1971 2328 2039 2384 de
2065 2345 2190 2386 arca
2217 2346 2435 2402 egressa
2465 2345 2612 2390 sunt.
2644 2333 2746 2404 [T.
2778 2333 2866 2407 κεῖ]
2893 2334 3207 2393 έΕάὶίίοδνίι
3237 2346 3418 2392 autem
3451 2337 3564 2394 Noe

1967 2425 2142 2479 altare
2176 2425 2431 2491 Domino,
2464 2437 2517 2482 et
2549 2428 2746 2483 tollens
2793 2429 2860 2483 tle
2909 2433 3122 2485 cunctis
3178 2432 3462 2498 pecoribus
3511 2443 3570 2489 et

1971 2519 2291 2576 volucribus
2323 2522 2559 2582 mundis.
2591 2521 2790 2578 obtulit
2823 2522 3138 2578 holomnsta
3181 2541 3345 2594 snper
3372 2529 3564 2582 altare.

1971 2612 2349 2686 Odoratusqne
2401 2627 2483 2670 est
2546 2616 2803 2672 Dominus
2856 2618 3083 2673 odorem
3140 2619 3454 2685 suavitatis,
3513 2631 3571 2678 et

1971 2706 2046 2762 ait
2102 2719 2124 2746 ο
2175 2707 2239 2768 ad
2285 2724 2408 2764 cum
2443 2727 2453 2760 :
2487 2709 2835 2780 Nequaquam
2869 2711 3007 2766 ultra
3049 2711 3370 2767 maledicam
3407 2723 3568 2768 terrae

1972 2811 2196 2872 promer
2240 2802 2492 2859 homines
2517 2821 2528 2857 :
2554 2819 2752 2860 sensus
2793 2804 2934 2871 enim
2969 2815 3022 2859 et
3051 2807 3312 2877 crgitatio
3342 2807 3565 2863 humani

1971 2897 2154 2953 cordis
2209 2900 2258 2953 in
2305 2898 2505 2954 malum
2537 2915 2705 2969 prona
2756 2909 2884 2954 sunt
2928 2899 2995 2954 ab
3031 2900 3403 2957 adolescentia
3436 2919 3566 2968 sua;

1973 3009 2078 3049 non
2116 2994 2283 3063 igitur
2300 2995 2434 3048 ultra
2458 2995 2761 3064 percutiam
2780 3010 2996 3051 omnem
3019 2994 3255 3050 animam
3271 2997 3567 3064 viventem,

1971 3085 2112 3139 sicut
2144 3085 2270 3140 feci.
2304 3087 2528 3141 Cunctis
2572 3085 2766 3141 diebus
2819 3096 2999 3154 terrae,
3058 3089 3319 3143 sementis
3343 3099 3399 3144 et
3431 3105 3571 3145 mes.

1973 3181 2069 3249 sis,
2104 3178 2274 3250 frigus
2305 3187 2361 3235 et
2379 3189 2568 3246 matus,
2597 3189 2758 3234 instas
2782 3192 2833 3234 et
2862 3185 3072 3252 hyems,
3109 3197 3212 3236 nox
3237 3191 3294 3236 et
3313 3182 3430 3238 dies
3458 3200 3566 3240 non

265 3283 340 3328 tes
379 3272 690 3329 Armenite.
724 3275 796 3327 At
841 3288 968 3328 vero
996 3288 1148 3343 aqua:
1191 3273 1342 3328 ibant
1381 3282 1434 3329 et
1482 3272 1870 3330 decrescebant
1897 3288 1942 3350 (ς
1976 3275 2338 3344 requiescent.

261 3379 428 3436 usque
485 3364 554 3418 ad
584 3365 855 3420 decimum
887 3380 1131 3422 mensem
1168 3384 1178 3419 ε
1213 3365 1428 3422 decimo
1459 3367 1602 3422 enim
1650 3382 1860 3434 mense,

267 3456 439 3528 prima
473 3457 567 3513 die
597 3459 808 3530 mensis
835 3467 1217 3530 apparuerunt
1261 3459 1540 3514 cacumina
1574 3461 1886 3529 montium.

265 3549 514 3620 Cumque
541 3551 877 3605 transissent
903 3550 1265 3622 quadraginta
1293 3551 1439 3616 dies,
1472 3552 1724 3623 aperiens
1751 3552 1863 3609 Noe

261 3642 561 3699 lenestram
590 3657 755 3710 arcae,
786 3659 950 3713 quam
981 3643 1204 3708 fecerat,
1238 3644 1446 3700 dimisit
1469 3660 1692 3700 corvum
1725 3664 1738 3702 :
1769 3645 1860 3716 qui

263 3736 672 3807 egrediebatur,
697 3734 725 3774 ι)
749 3745 805 3792 et
855 3737 1255 3805 revertebatur,
1307 3737 1480 3794 detrec
1521 3738 1861 3794 siccarentur

265 3844 414 3898 aqua:
449 3843 622 3899 super
655 3840 879 3885 terram.
915 3829 1112 3886 Emisit
1155 3846 1370 3900 quoque
1395 3831 1701 3887 columbam
1744 3840 1869 3903 post

265 3937 402 3990 cum,
443 3933 500 3976 ut
529 3922 744 3978 videret
785 3923 832 3977 si
861 3922 970 3994 jam
1023 3933 1334 3981 cessassent
1380 3941 1533 3996 aquae
1574 3942 1738 3996 super
1777 3925 1860 3981 fa-

259 4016 391 4075 ciem
425 4027 614 4072 terra}.
648 4017 779 4085 Qttrc
810 4033 934 4072 cum
965 4031 1071 4073 non
1119 4017 1419 4074 invenisset
1475 4020 1565 4076 ubi
1616 4021 1859 4089 requies-

259 4121 407 4170 ceret
436 4126 538 4182 pes
579 4111 718 4182 ejus,
756 4126 979 4168 reversa
1008 4121 1091 4168 est
1121 4111 1186 4168 ad
1217 4128 1341 4168 eum
1372 4115 1425 4168 in
1454 4129 1635 4170 arcam
1665 4133 1678 4169 :
1710 4129 1862 4186 aqua:

259 4204 398 4260 enim
455 4213 616 4261 erant
651 4219 817 4273 super
859 4206 1168 4261 universam
1225 4217 1421 4261 terram
1452 4223 1465 4261 :
1499 4207 1862 4279 extenditque

259 4313 508 4361 manum.
539 4306 595 4353 et
624 4297 1025 4368 apprehensum
1060 4298 1246 4353 intulit
1274 4299 1325 4354 in
1368 4313 1570 4356 arcam.
1619 4303 1858 4372 Exspec-

261 4389 389 4445 tatis
421 4400 610 4448 autem
643 4391 781 4446 ultra
811 4399 1021 4460 septem
1073 4389 1264 4445 diebus
1318 4390 1461 4454 aliis,
1513 4407 1729 4449 rursum
1779 4393 1860 4448 di-

262 4481 401 4537 misit
457 4480 770 4536 columbam
825 4496 892 4537 ex
922 4497 1067 4538 arca.
1127 4483 1198 4537 At
1246 4482 1331 4536 illa
1366 4483 1512 4540 venit
1539 4483 1604 4539 ad
1633 4499 1756 4540 eum
1789 4487 1854 4542 ad

2044 3366 2143 3440 [Ο.
2187 3366 2376 3436 XXIII,
2406 3365 2536 3438 Cap.
2562 3365 2680 3440 DL]
2731 3367 3124 3436 Beuedixitque
3168 3368 3311 3424 Deus
3360 3368 3472 3424 Noe
3513 3380 3568 3426 ct

1974 3461 2100 3515 tiliis
2137 3461 2273 3532 ejus.
2313 3463 2378 3516 Et
2411 3463 2548 3516 dixit
2574 3462 2638 3515 ad
2669 3478 2764 3516 θοις
2793 3481 2804 3515 :
2853 3461 3100 3519 Crescite
3145 3475 3199 3520 et
3231 3465 3566 3535 multiplica.

1973 3554 2126 3620 mini,
2176 3565 2229 3609 et
2276 3549 2495 3624 implete
2525 3554 2711 3628 [ναις.
2744 3540 2975 3629 replete]
3011 3566 3236 3611 terram.
3292 3559 3358 3612 Et
3391 3568 3566 3615 terror

1972 3655 2150 3704 vester
2177 3662 2241 3703 ac
2269 3656 2474 3703 tremor
2505 3649 2572 3703 sit
2602 3665 2765 3717 super
2793 3658 2993 3704 cuncta
3017 3649 3274 3705 animalia
3302 3659 3485 3716 terra»,
3509 3659 3564 3708 et

1972 3757 2136 3811 super
2173 3758 2367 3798 omnes
2430 3743 2684 3799 volucres
2729 3743 2888 3820 caeli,
2929 3759 3050 3798 cum
3108 3745 3381 3799 universis
3446 3761 3567 3814 quae

1973 3842 2266 3890 moventur
2317 3835 2546 3890 interra
2608 3834 2797 3908 [Vulg].
2854 3821 3019 3906 super
3075 3835 3322 3909 terram],
3375 3852 3565 3893 omnes

1971 3926 2151 3996 pisces
2203 3927 2366 3982 maris
2395 3927 2576 3982 manui
2632 3937 2826 3983 vestrae
2871 3927 3057 3982 traditi
3103 3935 3247 3983 sunt.
3286 3930 3352 3984 Et
3405 3945 3568 3988 omne

1969 4019 2114 4088 quod
2161 4032 2410 4075 movetur
2448 4030 2501 4074 et
2535 4020 2686 4085 vivit,
2719 4022 2826 4075 erit
2871 4021 3027 4076 Vobis
3059 4021 3111 4075 in
3161 4020 3365 4090 cibum,
3411 4025 3566 4094 quasi

1967 4113 2113 4167 olera
2157 4111 2391 4167 virentia
2418 4110 2612 4167 tradidi
2640 4112 2796 4168 vobis
2841 4114 3023 4168 omnia
3058 4130 3070 4165 :
3106 4112 3369 4184 Excepto,
3418 4115 3564 4186 quod

1968 4220 2188 4260 carnem
2219 4221 2341 4261 cum
2375 4207 2644 4274 sanguine
2695 4206 3017 4262 comedetis.
3051 4206 3385 4277 Sanguinem
3416 4209 3563 4263 enim

1967 4299 2271 4355 animarum
2300 4309 2611 4355 vestrarum
2645 4301 2918 4372 requiram
2959 4301 3027 4356 de
3053 4317 3214 4356 manu
3243 4309 3560 4356 cunctarum

1968 4392 2285 4457 bestiarum,
2338 4405 2393 4448 et
2441 4393 2510 4448 de
2551 4409 2716 4448 manu
2775 4393 3033 4456 hominis,
3083 4393 3150 4448 de
3181 4409 3346 4448 manu
3375 4393 3478 4448 viri
3508 4402 3565 4450 et

1965 4483 2154 4570 fratris
2184 4487 2324 4557 ejus,
2359 4489 2635 4560 requiram
2667 4489 2903 4542 animam
2934 4488 3191 4542 hominis.
3217 4487 3562 4559 Quicumque

328 4609 352 4638 ⁸
381 4601 468 4676 lla
495 4595 645 4653 LXX
671 4609 725 4654 et
759 4599 1120 4676 Hieronymus
1152 4615 1164 4652 :
1199 4598 1727 4676 inAHebrteoautem
1749 4643 1781 4676 ,7
1804 4611 1858 4658 et
1885 4611 1938 4676 Ῑ)
1961 4620 2166 4670 corvus,
2197 4613 2245 4659 et
2281 4623 2385 4660 non
2421 4606 2593 4660 rediit.
2639 4606 2706 4659 At
2742 4596 3033 4676 alleget-iis
3056 4601 3128 4656 ibi
3163 4603 3329 4656 utitur
3355 4602 3416 4659 S.
3447 4602 3559 4676 Do.

259 4672 636 4737 Samaritano,
660 4671 980 4740 cunctisque
1008 4670 1370 4726 Orientalium
1401 4673 1747 4728 versionibus
1775 4675 1851 4728 le-

257 4744 435 4814 gimus
471 4760 484 4797 :
517 4741 728 4814 Decima
757 4744 974 4813 septima
1020 4743 1121 4796 die.
1173 4744 1324 4808 Quod
1366 4745 1685 4801 mendosum
1727 4760 1850 4802 esse

265 4813 440 4870 nullus
464 4813 678 4877 dubito,
700 4823 757 4868 et
785 4815 1010 4882 proclivi
1047 4813 1194 4880 lapsu
1226 4814 1569 4870 librariorum
1603 4815 1849 4871 llebrreo-

262 4901 374 4940 rum
407 4893 679 4940 mutatum
706 4885 869 4940 fuisse
895 4885 984 4940 hic
1017 4887 1116 4939 loci
1147 4891 1350 4946 unum
1375 4889 1526 4942 carina
1555 4929 1568 4952 ,
1606 4895 1696 4948 mi
1720 4897 1852 4954 m

263 4974 375 5012 urar
387 4961 530 5030 jam.
576 4957 757 5014 Mser.

325 5028 399 5070 -ἑ
423 5028 648 5084 Erroris
679 5041 902 5086 accusat
925 5030 1269 5085 Martianaeus
1299 5029 1587 5085 Hebraeum
1620 5040 1851 5094 textum,

263 5110 313 5155 et
342 5101 767 5159 Samaritanum.
828 5110 1165 5170 cunctasque
1192 5099 1494 5157 Orientales
1546 5104 1848 5172 versioues,

262 5187 379 5242 qua:
433 5172 617 5240 lapsu,
649 5173 828 5233 utait,
879 5173 1228 5228 librariorum
1290 5173 1601 5242 praeferunt,
1653 5172 1855 5228 decima

259 5246 477 5314 septima
501 5245 612 5309 die,
649 5259 746 5310 pro
773 5246 1024 5316 vigesima
1065 5245 1305 5312 septima.
1354 5244 1487 5314 Ego,
1542 5255 1658 5298 utra
1689 5245 1855 5301 lectio

264 5317 442 5386 verior
465 5319 537 5373 sit
565 5315 866 5386 dijudicar’e
892 5332 999 5370 non
1031 5318 1227 5378 ausim,
1269 5323 1325 5372 et
1352 5317 1536 5372 malim
1568 5325 1748 5372 tamen
1787 5318 1856 5372 ah

263 5381 474 5443 Hebraei
505 5381 652 5444 stare
685 5388 950 5458 partibus.

326 5481 357 5522 δ
385 5481 441 5537 In
471 5499 580 5539 uno
601 5499 704 5538 ms.
738 5481 929 5538 codice
950 5479 1268 5538 Corbeiensi
1306 5483 1502 5554 legitur
1534 5501 1544 5534 :
1582 5482 1684 5550 Qui
1716 5500 1856 5554 egre-

264 5553 496 5624 diebatur
539 5563 588 5609 et
627 5555 1010 5624 regrediebatur
1038 5570 1054 5607 :
1087 5553 1176 5608 alii
1221 5553 1450 5619 habent,
1483 5556 1846 5608 revertebatur.

265 5623 524 5682 Diversus
549 5638 632 5681 est
665 5623 1004 5682 multimodis
1039 5625 1189 5681 locus
1217 5625 1323 5681 iste
1352 5625 1494 5696 apud
1526 5624 1691 5690 LXX,
1725 5641 1846 5680 nam

265 5711 361 5770 pro
385 5700 663 5769 fenestram
685 5713 843 5766 arca,
878 5699 1061 5770 legunt
1088 5699 1271 5770 ostium
1295 5713 1433 5752 arcw
1450 5739 1464 5761 ,
1495 5707 1549 5751 et
1586 5696 1652 5752 de
1677 5712 1847 5751 corvo

267 5768 442 5825 dicunt
471 5771 616 5840 quod
641 5787 875 5839 egressus
896 5768 996 5824 non
1023 5769 1194 5824 rediit.
1227 5768 1379 5824 llanc
1404 5783 1534 5825 vero
1559 5770 1844 5825 lectionem

267 5839 601 5914 secutus'est
630 5843 795 5914 etiam
849 5846 966 5911 ipse
1003 5839 1362 5914 Hieronymus
1404 5842 1459 5914 in,
1497 5841 1718 5906 Dialogo
1745 5840 1843 5894 atl-

271 5921 454 5968 versus
480 5912 874 5981 Luciferianos,
903 5914 990 5967 ubi
1015 5914 1088 5966 ait
1121 5932 1130 5964 :
1163 5912 1429 5967 Emittitur
1447 5913 1617 5983 itaque
1640 5915 1702 5965 de
1723 5929 1843 5966 arca

1961 4688 2102 4748 ctqr,
2124 4690 2172 4730 et
2202 4690 2328 4732 tunc
2357 4676 2614 4748 temporis
2632 4674 3290 4748 voluminaillebrmorum
3316 4675 3553 4748 nondum

1962 4745 2259 4804 evolverat.
2286 4749 2524 4804 Consule
2549 4747 2642 4803 lib.
2672 4748 2879 4816 Quiest.
2912 4745 3298 4802 llebraicarum
3329 4746 3385 4801 in
3418 4763 3553 4804 mss.

1964 4819 2134 4875 libris.
2165 4818 2344 4875 Mser.

2033 4889 2283 4945 —No-tri
2306 4905 2464 4957 mss.,
2495 4889 2557 4944 Et
2577 4905 2676 4944 non
2696 4888 3075 4956 revertebatur;
3092 4889 3551 4946 Hebraeustamcn

1961 4969 2117 5028 amt,
2151 4972 2196 5017 et
2235 4963 2602 5027 revertebatur,
2635 4962 2720 5015 cui
2750 4963 2994 5016 concinit
3030 4961 3344 5029 Chaldaeus,
3395 4963 3555 5020 Jose-

1965 5041 2122 5106 phus,
2151 5045 2202 5090 et
2231 5036 2484 5107 Syriacus
2524 5033 2663 5100 apud
2714 5034 3021 5104 Ditlyn'mm.

2039 5140 2060 5167 ο
2088 5129 2351 5184 Hebraice
2380 5110 2583 5190 135478
2607 5127 2832 5192 el-libbo,
2863 5126 3003 5196 quod
3032 5127 3342 5198 ambiguum
3372 5137 3477 5194 est,
3503 5136 3559 5184 et

1963 5223 2266 5293 signiﬁcare
2313 5233 2528 5292 potest,
2571 5220 2637 5275 ad
2683 5237 2796 5293 cor_
2818 5222 2969 5293 ejus,
3013 5220 3092 5293 vel
3120 5221 3342 5293 _a_r_lg_cor
3377 5236 3549 5293 suum,

1967 5287 2158 5364 nempe
2203 5287 2476 5364 cor'Noe,
2509 5304 2600 5346 aut
2639 5307 2752 5364 c0r_
2769 5287 2886 5364 Dei.
2920 5290 3076 5364 Unde
3116 5291 3299 5346 LXX:
3333 5294 3418 5347 Καὶ
3446 5287 3555 5349 εἷπε

1966 5361 2145 5442 Κύριός
2173 5365 2198 5421 ὁ
2226 5368 2352 5442 Θεὸς
2383 5363 2681 5442 δεοινοηθεὶςἓ
2706 5362 2774 5417 El
2801 5361 2930 5442 άὶωξι
2962 5361 3221 5442 Dominus
3252 5364 3388 5442 Data
3419 5381 3562 5442 reco-

1967 5435 2134 5508 gitans
2153 5481 2166 5504 ,
2193 5439 2308 5508 sive
2331 5447 2387 5491 ct
2413 5435 2770 5508 Symmachus
2790 5476 2804 5500 ,
2837 5436 2905 5488 ad
2933 5438 3158 5508 seipsum
3181 5477 3194 5500 ,
3224 5446 3278 5508 et
3307 5436 3561 5508 Theodo-

1970 5506 2101 5575 tion,
2137 5507 2204 5562 ad
2234 5525 2324 5563 cor
2352 5506 2523 5562 suum.
2555 5509 2918 5579 Hieronymus
2947 5507 3115 5563 refert
3135 5508 3201 5563 ad
3233 5507 3378 5573 Noe,
3402 5506 3558 5560 Etait

1959 5581 2028 5634 (td
2049 5596 2182 5633 eum.
2218 5581 2398 5635 MART.

2029 5651 2286 5706 —Vitlcri
2315 5652 2485 5721 possit
2507 5651 2726 5707 Hieron.
2752 5651 3109 5716 iuHebraico,
3134 5652 3556 5706 tametsicontra

1967 5749 2164 5820 linguae
2219 5747 2334 5814 ejus
2378 5747 2676 5814 ingenium,
2723 5746 2917 5817 legisse
2953 5729 3140 5808 15"7N,
3189 5743 3258 5798 ad
3285 5757 3426 5805 cum,
3461 5753 3558 5808 pro

1955 5857 2062 5910 quo
2105 5856 2247 5893 nllllt’
2279 5822 2603 5900 041:5‘5x,
2635 5841 2701 5890 ad
2733 5856 2816 5890 ror
2839 5839 2967 5909 ejus,
3009 5849 3126 5894 aut.
3174 5851 3344 5890 suum.
3382 5834 3506 5886 (ἑοῖ-ι
3534 5852 3563 5887 c

1952 5914 2044 5982 qui
2069 5913 2162 5981 ita,
2202 5921 2257 5964 ut
2295 5912 2406 5979 ille,
2439 5912 2678 5974 verterit,
2705 5910 2974 5962 nemiuem
3002 5910 3113 5961 scio
3140 5922 3281 5963 esse.
