3912 6348
377 355 483 413 Π5

1387 353 1446 412 S.
1489 347 1880 410 IIIERONYMI
1922 350 2150 409 DIVIXA
2193 348 2672 409 BIBLIOTHECA.

3545 351 3550 366 '
3578 352 3678 409 176

375 469 635 526 effuderit
679 467 978 523 humanum
1036 467 1382 538 sanguinem,
1438 467 1695 524 fundetur
1749 467 1970 538 sanguis
1999 477 2235 538 Anaan.
2286 447 2411 523 Filii
2456 466 2600 522 Cbus
2655 484 2666 518 :
2719 465 2886 532 Saba,
2918 472 2974 522 et
3014 465 3188 532 Evila,
3223 474 3278 522 et
3325 464 3589 535 Sabatha,
3623 473 3678 520 et

370 563 548 630 illius,
569 563 636 617 ad
669 562 961 633 imaginem
985 561 1189 632 quippe
1211 561 1310 617 Dei
1331 561 1506 617 lactus
1532 571 1616 618 est
1645 561 1830 616 homo.
1863 561 1972 617 Vos

377 665 562 712 autem
616 656 852 712 crescite
905 663 960 710 et
1003 655 1468 726 multiplicamini,
1518 665 1572 711 et
1623 654 1969 738 ingredimini

373 764 543 818 super
599 759 824 815 terram,
876 759 932 804 et
982 747 1203 819 implete
1248 762 1387 803 eam.
1452 745 1535 820 [C.
1581 747 1798 821 XXIV.]
1851 748 1974 804 lltec

375 854 595 912 quoque
625 839 757 896 dixit
794 840 934 896 Deus
983 840 1048 896 ad
1081 839 1194 895 Noe
1231 848 1288 896 et
1311 839 1376 894 ad
1410 839 1553 896 ﬁlios
1582 839 1702 911 ejus
1729 856 1851 896 cum
1883 855 1970 896 eo.

375 931 524 990 Ecce
564 947 665 1004 ego
693 940 932 988 statuam
961 941 1172 1003 pactum
1204 947 1384 987 meum
1409 932 1718 1003 vobiscum‘,
1750 944 1972 989 et-cum

374 1026 585 1082 semine
610 1036 796 1082 vestro
826 1035 947 1096 post
991 1040 1085 1081 vos
1132 1041 1147 1080 :
1199 1035 1252 1080 et
1277 1025 1345 1081 ad
1391 1039 1606 1080 omnem
1635 1025 1868 1080 animam
1895 1026 1975 1080 vi-

376 1127 617 1182 ventem,
653 1133 774 1188 quae
796 1124 880 1172 est
902 1116 1181 1172 vobiscum
1201 1159 1216 1183 ,
1247 1125 1356 1171 tam
1389 1117 1442 1171 in
1470 1116 1783 1173 volucribus
1812 1131 1971 1188 quam
2007 1126 2013 1133 ‘

376 1214 435 1271 in
457 1212 720 1284 jumentis
742 1220 797 1268 et
814 1212 1114 1284 pecudibus
1136 1221 1294 1268 terra:
1317 1211 1564 1277 cunctis,
1600 1226 1720 1282 qua:
1752 1225 1973 1282 egressa

369 1319 500 1366 sunt
527 1307 595 1364 de
617 1321 768 1374 arca,
797 1317 851 1362 et
873 1306 1143 1362 universis
1171 1305 1361 1362 bestiis
1393 1315 1574 1360 terrae.
1603 1306 1846 1359 Statuam
1881 1319 1975 1374 pa-

373 1409 520 1456 ctum
559 1414 738 1455 meum
769 1398 1074 1470 vobiscum,
1121 1407 1174 1455 et
1215 1413 1552 1470 nequaquam
1580 1397 1722 1453 ultra
1756 1397 1972 1453 interﬁ-

369 1495 549 1551 cietur
571 1492 752 1550 omnis
786 1508 916 1549 caro
953 1495 1023 1549 ab
1051 1496 1205 1565 aquis
1232 1491 1439 1558 diluvii,
1475 1506 1652 1562 neque
1687 1491 1793 1547 erit
1819 1490 1975 1547 dein-

371 1603 504 1659 ceps
531 1586 790 1644 diluvium
811 1586 1090 1656 dissipans
1110 1594 1334 1642 terram.
1361 1585 1615 1657 Dixitque
1639 1585 1780 1641 Deus
1813 1602 1826 1640 :
1862 1584 1975 1641 lloc

371 1681 587 1753 signum
628 1678 853 1736 ftederis
881 1679 1021 1748 quod
1051 1678 1122 1734 do
1163 1679 1306 1734 inter
1335 1693 1423 1734 me
1453 1687 1508 1734 et
1535 1692 1656 1744 vos,
1680 1686 1736 1734 et
1762 1677 1830 1734 ad
1857 1692 1972 1734 om-

367 1792 497 1833 nem
525 1776 760 1831 animam
782 1775 1077 1842 viventem,
1105 1767 1330 1845 quaeest
1358 1773 1636 1830 vobiscum
1667 1773 1720 1828 in
1749 1787 1977 1844 genera-

2075 559 2296 631 Regina,
2331 569 2385 614 et
2412 558 2735 615 Sabatbaca.
2770 557 2892 617 Filii
2924 559 3124 630 Regina
3153 577 3164 612 :
3191 557 3354 625 Saba,
3379 568 3433 614 et
3465 557 3671 612 Dadan.

2074 652 2245 708 Porro
2271 653 2418 708 Cbus
2445 652 2630 724 genuit
2660 651 2899 708 Nemrod
2935 670 2948 708 :
2979 653 3096 723 ipse
3133 653 3300 723 coepit
3333 667 3453 708 esse
3486 661 3679 723 potens

2075 747 2128 802 in
2180 757 2344 812 terra,
2373 756 2428 803 et
2465 756 2581 801 erat
2630 745 2892 802 robustus
2938 755 3171 801 venator
3206 742 3392 800 coram
3420 744 3678 800 Domino.

2073 841 2155 896 0b
2184 840 2288 896 hoc
2320 841 2487 897 exivit
2528 840 2872 911 proverbium
2908 859 2918 894 :
2949 839 3113 908 Quasi
3149 838 3385 895 Nemrod
3416 838 3678 894 robustus

2075 943 2302 989 venator
2357 948 2538 989 curam
2595 933 2845 988 Domino.
2925 932 3051 988 Fuit
3102 941 3284 988 autem
3345 931 3670 1003 principium

2076 1026 2225 1096 regni
2279 1025 2397 1096 ejus
2428 1025 2694 1097 Babylon,
2741 1033 2793 1080 et
2842 1023 3040 1095 Aracli,
3073 1033 3130 1080 et
3175 1024 3382 1094 Achati,
3433 1035 3489 1080 et
3535 1024 3679 1080 Cha-

2075 1116 2260 1184 lanne,
2295 1118 2346 1171 in
2381 1125 2526 1172 terra
2569 1115 2833 1172 Sennaar.
2879 1117 2954 1174 De
3004 1127 3146 1172 terra
3179 1118 3265 1174 illa
3307 1131 3560 1189 egressus
3588 1127 3673 1174 est
3711 1171 3714 1178 .

2076 1214 2267 1281 Assur,
2293 1222 2345 1268 et
2389 1212 2676 1268 aediﬁcavit
2704 1211 2970 1280 Nineven,
3015 1223 3070 1269 et
3101 1215 3308 1284 plateas
3334 1214 3588 1280 civitatis,
3622 1222 3680 1270 et

2075 1301 2264 1358 Chale.
2312 1303 2489 1361 Resen
2521 1320 2741 1376 quoque
2773 1307 2914 1360 inter
2957 1304 3201 1362 Nineven
3229 1315 3284 1362 et
3317 1303 3483 1361 Chale
3512 1324 3523 1359 :
3555 1305 3674 1362 hate

2074 1405 2159 1452 est
2193 1396 2381 1453 civitas
2432 1412 2646 1471 magna.
2678 1397 2750 1454 At
2793 1414 2923 1455 vero
2963 1399 3211 1455 Mesraim
3241 1401 3427 1472 genuit
3455 1399 3676 1467 Ludim,

2076 1501 2132 1548 et
2163 1491 2437 1561 Anamim,
2466 1502 2521 1549 et
2547 1492 2767 1548 Laabim
2801 1510 2816 1547 :
2847 1492 3159 1564 Nepbtuim,
3192 1502 3248 1550 et
3271 1494 3597 1562 Phetrusim,
3627 1501 3686 1550 et

2076 1585 2447 1653 Chasluim,de
2467 1588 2661 1659 quibus
2682 1589 2886 1659 egressi
2909 1587 3368 1658 suntPhilisthiim
3393 1597 3447 1644 et
3467 1586 3681 1658 Chaph-

2078 1681 2258 1734 turim.
2277 1678 2534 1734 Chanaan
2562 1689 2740 1736 autem
2765 1680 2950 1751 genuit
2977 1680 3233 1737 Sidonem
3263 1681 3681 1752 primogenitum

2079 1785 2261 1837 suum,
2281 1771 2548 1840 Ethzeum,
2569 1783 2623 1828 et
2637 1771 2966 1840 Jebusaeum,
2989 1782 3042 1829 et
3059 1772 3458 1840 Amorrhaeum,
3475 1773 3684 1845 Gerge-

368 1871 551 1926 tiones
569 1869 950 1940 sempiternas.
981 1864 1185 1923 Arcum
1205 1881 1385 1923 meum
1409 1881 1606 1937 ponam
1635 1868 1688 1921 in
1715 1865 1969 1936 nubibus,
2003 1868 2053 1928 B
2081 1880 2270 1931 saeum,
2298 1866 2541 1935 Evaeum,
2565 1874 2621 1922 et
2640 1867 2920 1922 Aracteum
2962 1885 2974 1920 :
3016 1866 3277 1935 Sinzeum,
3309 1877 3364 1924 et
3392 1866 3680 1935 Aradium,

367 1971 429 2020 et
474 1963 575 2018 erit
619 1963 833 2034 signum
896 1960 1118 2017 ftedcris
1167 1962 1308 2017 inter
1359 1975 1448 2016 me
1484 1969 1541 2017 et
1575 1961 1717 2017 inter
1747 1971 1970 2016 terram.

367 2057 617 2127 Cumque
659 2057 948 2112 obduxero
983 2054 1215 2111 nubibus
1241 2056 1436 2112 etelum
1459 2098 1474 2123 ,
1508 2055 1790 2125 apparebit
1814 2069 1973 2110 arcus

369 2165 528 2207 meus
558 2149 610 2205 in
645 2150 874 2205 nubibus
909 2167 923 2202 ε
963 2157 1018 2204 et
1047 2147 1378 2204 recordabor
1410 2147 1630 2203 ftederis
1657 2147 1763 2203 mei
1792 2147 1974 2203 vobis-

370 2260 520 2311 cum,
553 2255 606 2300 et
635 2260 756 2300 cum
785 2243 932 2299 omni
958 2243 1136 2298 anima
1169 2241 1392 2298 vivente
1422 2258 1542 2312 quae
1563 2257 1783 2298 carnem
1815 2256 1975 2312 vege-

370 2346 495 2394 tat:
528 2349 582 2393 et
625 2353 731 2392 non
779 2345 939 2392 erunt
977 2330 1121 2390 ultra
1151 2349 1308 2405 aqum
1332 2333 1525 2389 diluvii
1573 2333 1640 2389 ad
1686 2333 1971 2389 delendam

373 2432 687 2488 universam
714 2445 959 2486 carnem.
988 2428 1218 2500 Eritque
1240 2443 1398 2484 arcus
1430 2429 1482 2482 in
1519 2427 1750 2484 nubibus
1769 2471 1783 2496 ,
1817 2437 1872 2483 et
1897 2428 1976 2482 vi-

371 2526 515 2583 debo
537 2526 687 2581 illum
711 2570 724 2595 ,
759 2534 810 2581 et
835 2522 1165 2579 recordabor
1195 2521 1418 2579 ftederis
1445 2523 1799 2594 sempiterni,
1829 2522 1972 2593 quod

364 2628 590 2690 pactum
622 2628 704 2674 est
735 2617 876 2673 inter
912 2617 1080 2672 Deum
1110 2627 1164 2671 et
1195 2617 1338 2671 inter
1376 2631 1596 2672 omnem
1629 2616 1863 2671 animam
1891 2615 1974 2670 vi-

367 2722 589 2769 ventem
617 2711 886 2768 univerSte
906 2711 1086 2767 carnis
1107 2725 1228 2781 qua:
1249 2719 1330 2764 est
1357 2723 1523 2778 super
1549 2717 1768 2764 terram.
1806 2707 1976 2762 Dixit-

370 2821 481 2877 que
511 2806 654 2861 Deus
683 2804 800 2860 Noe
833 2822 846 2858 :
881 2802 992 2858 Hoc
1014 2803 1119 2858 erit
1142 2802 1356 2873 signum
1389 2800 1629 2867 hederis,
1674 2799 1816 2871 quod
1845 2789 1975 2856 cen-

372 2896 527 2952 stitui
567 2897 709 2951 inter
737 2911 823 2951 me
867 2905 920 2950 et
970 2895 1112 2950 inter
1142 2909 1358 2949 omnem
1398 2909 1617 2948 carnem
1660 2908 1824 2960 super
1866 2902 1974 2948 ter-

370 3005 509 3046 ram.
539 2987 791 3062 [8.XIV,
839 2985 901 3041 (ι.
934 2985 1128 3058 xxv]
1169 2985 1338 3040 Erant
1367 2984 1531 3055 igitur
1559 2983 1652 3040 ﬁlii
1691 2983 1836 3050 Noe,
1880 2982 1975 3054 qui

370 3082 580 3154 egressi
635 3089 764 3137 sunt
809 3078 878 3136 de
922 3093 1090 3146 arca,
1140 3077 1287 3146 Sem,
1342 3075 1540 3144 Cham,
1587 3084 1643 3133 et
1689 3075 1970 3145 Japheth:

366 3189 539 3246 porro
570 3174 743 3230 Cham
773 3173 888 3242 ipse
918 3181 1002 3228 est
1053 3181 1203 3241 pater
1239 3168 1516 3226 Chanaan.
1552 3169 1688 3225 Tres
1727 3170 1811 3224 isti
1845 3177 1974 3224 sunt

371 3268 470 3324 ﬁlii
499 3267 611 3324 Noe
654 3284 669 3322 :

369 3379 504 3419 num
535 3376 708 3434 genus
734 3375 899 3431 super
937 3360 1246 3415 universam
1281 3368 1503 3415 terram.
1547 3359 1831 3430 Coepitque
1859 3359 1974 3416 Noe

368 3456 455 3510 vir
481 3455 720 3526 agricola
763 3467 1022 3509 exercere
1059 3461 1258 3507 terram
1284 3493 1299 3518 ,
1335 3461 1390 3507 et
1432 3451 1694 3519 plantavit
1737 3451 1970 3506 vincam.

368 3548 683 3618 Bibensque
737 3547 922 3600 vinum
972 3545 1274 3600 inebriatus
1303 3552 1406 3611 est,
1453 3554 1508 3600 et
1536 3545 1771 3599 nudatus
1802 3546 1854 3599 in
1897 3553 1976 3600 ta-

372 3638 675 3696 bernaculo
702 3653 822 3692 suo.
855 3636 1011 3704 Quod
1052 3653 1174 3692 cum
1205 3637 1428 3692 vidisset
1455 3637 1623 3692 Cham
1651 3646 1808 3708 pater
1835 3637 1975 3694 Cha-

372 3747 542 3797 naan,
572 3729 808 3788 verenda
839 3727 1049 3784 scilicet
1088 3728 1258 3799 patris
1289 3729 1371 3784 sui
1403 3743 1524 3785 esse
1566 3729 1764 3785 nudata
1788 3771 1802 3795 ,
1836 3747 1974 3786 nun-

2081 1960 2437 2028 Samartezim,
2481 1970 2536 2018 et
2560 1960 2895 2017 Amathmum
2926 1980 2936 2016 :
2971 1971 3169 2033 etpost
3191 1961 3308 2017 haec
3335 1960 3678 2018 disseminati

2077 2067 2202 2111 sunt
2221 2056 2401 2126 populi
2418 2054 2867 2111 Chananaeurum.
2883 2054 3141 2126 Factique
3163 2065 3286 2110 sunt
3312 2053 3684 2111 terminiCliao

2077 2161 2216 2203 naan
2267 2148 2609 2204 venientibus
2637 2165 2665 2202 a
2713 2148 2913 2206 Sidone
2957 2147 3219 2205 Geraram
3254 2164 3423 2220 usque
3453 2147 3680 2215 Gazam,

2075 2238 2249 2294 donec
2265 2239 2582 2310 ingrediaris
2596 2239 2887 2296 Sodomam
2901 2250 2955 2295 et
2968 2239 3375 2308 Gomorram,et
3387 2239 3677 2309 Adamam,

2076 2341 2131 2388 et
2160 2332 2376 2388 Seboim
2397 2376 2412 2403 ,
2448 2339 2617 2403 usque
2651 2332 2806 2388 Lesa.
2838 2333 2902 2387 Hi
2936 2332 3027 2387 lilii
3053 2332 3220 2388 Cham
3252 2333 3303 2388 in
3335 2332 3683 2404 cognationi-

2075 2425 2198 2493 bus,
2219 2425 2506 2497 etlinguis,
2522 2436 2575 2480 et
2595 2427 3058 2496 generationibus,
3076 2427 3343 2497 terrisque
3357 2435 3410 2481 et
3431 2425 3686 2496 gentibus

2076 2519 2212 2575 suis.
2244 2519 2320 2574 De
2345 2519 2471 2575 Sem
2502 2535 2715 2590 quoque
2745 2520 2856 2574 nati
2883 2529 3046 2588 sunt,
3073 2529 3227 2591 patre
3258 2519 3504 2576 omnium
3539 2520 3688 2576 tilio-

2076 2626 2194 2666 rum
2225 2610 2426 2679 Heber,
2462 2610 2630 2666 fratre
2670 2610 2868 2681 Japhet
2898 2610 3123 2683 majore.
3151 2611 3275 2666 Filii
3300 2612 3424 2668 Sem
3456 2630 3468 2666 :
3497 2610 3686 2668 Aliam

2073 2713 2127 2758 et
2161 2705 2350 2768 Assur,
2375 2715 2427 2758 et
2455 2703 2767 2774 Arpbaxad,
2791 2713 2846 2759 et
2871 2702 3012 2770 Lud,
3034 2713 3089 2759 et
3111 2705 3294 2760 Aram.
3320 2702 3443 2759 Filii
3467 2704 3636 2759 Aram
3665 2721 3684 2759 :

2077 2796 2222 2864 llus,
2253 2809 2307 2853 et
2335 2797 2437 2852 llul
2479 2808 2532 2853 et
2568 2797 2792 2868 Gether,
2833 2806 2888 2854 et
2915 2798 3050 2854 Mes.
3103 2799 3174 2854 At
3204 2814 3334 2855 vero
3379 2797 3680 2870 Arphaxad

2027 2923 2035 2932 ι
2073 2891 2259 2962 genuit
2299 2891 2445 2958 Sale,
2478 2891 2546 2948 de
2571 2908 2677 2964 quo
2702 2902 2858 2948 ortus
2897 2903 2984 2949 est
3031 2892 3231 2949 lleber.
3272 2892 3504 2964 Natique
3549 2903 3692 2950 sunt

2076 2987 2254 3043 lieber
2287 2987 2382 3042 lilii
2412 2989 2542 3056 duo,
2575 3003 2773 3044 nomen
2804 2990 2893 3044 uni
2931 2987 3154 3059 Phaleg,
3202 3003 3268 3044 eo
3307 2988 3451 3061 quod
3481 2987 3535 3044 in
3559 2988 3690 3045 die-

2075 3077 2177 3134 bus
2203 3079 2318 3149 ejus
2347 3077 2518 3134 divisa
2552 3079 2622 3135 sit
2662 3089 2807 3136 terra
2839 3089 2895 3136 et
2937 3095 3136 3135 nomen
3183 3077 3371 3135 fratris
3399 3079 3518 3150 ejus
3546 3081 3688 3137 Jec-

2077 3179 2165 3226 tan
2199 3188 2213 3226 :
2244 3170 2347 3238 Qui
2371 3173 2561 3228 Jectan
2580 3174 2765 3242 genuit
2791 3172 3079 3243 Elmodad,
3107 3182 3161 3228 et
3186 3171 3409 3244 Salepb,
3435 3182 3490 3229 et
3505 3174 3684 3231 Asar-

722 3274 778 3322 et
820 3265 890 3320 ab
921 3264 1006 3320 bis
1036 3263 1446 3320 disseminatum
1477 3272 1558 3319 est
1601 3278 1762 3319 omne
1798 3262 1974 3318 bomi-
1997 3257 2044 3322 C
2077 3265 2250 3335 moth,
2284 3267 2433 3335 Jare,
2480 3275 2536 3323 et
2562 3266 2824 3336 Aduram,
2855 3277 2910 3324 et
2939 3265 3098 3336 Uzal,
3132 3277 3186 3324 et
3214 3267 3396 3336 Decla,
3430 3277 3484 3323 et
3513 3268 3682 3334 Ebal,

2077 3369 2133 3417 et
2174 3360 2442 3427 Abimael,
2482 3360 2650 3428 Saba,
2699 3370 2755 3417 et
2795 3359 2988 3431 Ophir,
3035 3369 3090 3416 et
3141 3360 3332 3427 Evila,
3366 3372 3420 3417 et
3463 3360 3690 3425 Jobab;

2076 3467 2266 3508 omnes
2305 3453 2395 3508 isti
2430 3452 2526 3508 ﬁlii
2555 3454 2768 3509 Jectan.
2803 3454 2870 3508 Et
2908 3453 3047 3509 facta
3079 3463 3163 3510 est
3191 3453 3456 3510 habitatio
3485 3470 3688 3525 eorum

2076 3546 2144 3602 de
2173 3547 2346 3602 Messa
2398 3547 2746 3618 pergentibus
2774 3562 2944 3619 usque
2971 3547 3184 3620 Sephar
3212 3554 3460 3605 montem
3493 3550 3692 3606 orien-

2078 3638 2266 3694 talem.
2298 3637 2390 3694 lsti
2421 3640 2513 3694 ﬁlii
2543 3640 2667 3696 Sem
2687 3683 2701 3710 ,
2748 3641 3045 3697 secundum
3088 3644 3461 3714 cognationes,
3493 3653 3544 3698 ct
3581 3644 3697 3707 lin:-

2077 3747 2233 3803 guas,
2258 3742 2312 3788 et
2341 3733 2612 3804 regiones,
2637 3735 2688 3790 in
2730 3737 2982 3807 gentibus
3008 3737 3139 3792 suis.
3174 3737 3269 3792 the
3295 3735 3516 3794 familiae
3556 3737 3686 3796 Noe

373 3826 538 3883 tiavit
580 3824 793 3879 duobus
842 3821 1098 3877 fratribus
1137 3824 1251 3876 suis
1296 3821 1460 3879 foras.
1510 3822 1580 3879 At
1606 3839 1735 3880 vero
1765 3823 1890 3879 Seni
1923 3831 1978 3879 et
2072 3824 2230 3896 juxta
2271 3826 2499 3897 pepulos
2548 3837 2605 3883 et
2643 3830 2898 3886 nationes
2917 3844 3068 3885 suas.
3100 3829 3184 3886 Ab
3217 3830 3302 3886 his
3331 3831 3519 3888 divisa:
3555 3843 3702 3890 sunt

372 3916 610 3987 Japheth
639 3915 859 3986 pallium
911 3915 1288 3984 imposuerunt
1319 3915 1567 3971 humeris
1597 3917 1728 3984 suis,
1754 3927 1809 3974 et
1832 3919 1978 3974 ince-

372 4010 569 4066 dentes
612 4017 931 4075 retrorsum,
976 4017 1308 4077 Operuerunt
1356 4011 1594 4065 verenda
1641 4011 1808 4079 patris
1850 4009 1974 4066 sui:

373 4101 654 4171 faciesque
677 4114 864 4155 eorum
908 4113 1115 4154 aversa:
1154 4108 1337 4170 erant,
1370 4110 1425 4156 et
1461 4101 1628 4172 patris
1658 4101 1833 4158 virilia
1871 4117 1976 4159 non

375 4193 660 4248 viderunt.
695 4189 966 4262 Evigilans
986 4201 1166 4247 autem
1198 4191 1311 4249 Noe
1339 4193 1584 4261 exvino,
1616 4210 1738 4250 cum
1761 4195 1979 4251 didicis-

385 4298 473 4345 set
497 4303 617 4358 quze
644 4283 844 4342 fecerat
873 4285 924 4340 ei
951 4287 1091 4341 filius
1121 4301 1252 4342 suus
1279 4287 1478 4354 minor,
1512 4290 1586 4343 ait
1621 4305 1634 4343 :
1663 4289 1980 4346 Maledictus

384 4383 668 4449 Chanaan,
701 4394 892 4435 servus
919 4393 1205 4435 servorum
1235 4382 1341 4434 erit
1371 4381 1628 4438 lratribus
1651 4382 1781 4438 suis.
1815 4382 1982 4439 Dixit-

377 4492 491 4548 que
525 4494 537 4529 :
576 4472 902 4530 Benedictus
943 4473 1208 4528 Dominus
1251 4473 1391 4528 Deus
1429 4474 1588 4543 Sem,
1628 4475 1700 4530 sit
1725 4471 1980 4532 Chanaan

377 4587 571 4629 servus
623 4569 760 4641 ejus.
816 4569 1018 4623 Dilatet
1063 4567 1205 4622 Deus
1261 4565 1534 4636 Japheth,
1590 4577 1648 4623 et
1689 4567 1892 4624 habitet
1924 4569 1977 4624 in

2077 3928 2270 3987 gentes
2293 3916 2348 3972 in
2372 3925 2512 3974 terra
2544 3930 2673 3990 post
2703 3920 2988 3976 diluvium.

2153 4009 2238 4087 [Β.
2269 4009 2418 4078 XVI,
2443 4011 2504 4066 C.
2551 4011 2765 4082 XXVII,
2799 4013 2925 4088 Cap.
2970 4015 3088 4089 XL]
3132 4017 3266 4073 Erat
3305 4025 3487 4074 autem
3537 4025 3702 4076 terra

2078 4102 2206 4159 labii
2235 4104 2417 4175 unius,
2445 4115 2497 4162 et
2529 4119 2842 4164 sermonum
2871 4109 3212 4167 eorumdem.
3246 4110 3490 4182 Cumque
3519 4114 3704 4182 proti-

2080 4195 2421 4252 ciscerentur
2455 4198 2526 4254 de
2553 4201 2796 4268 oriente,
2829 4203 3158 4259 invenerunt
3183 4219 3433 4275 campum
3463 4205 3517 4259 in
3542 4218 3703 4264 terra

2082 4288 2348 4360 Sennaar,
2380 4299 2436 4348 et
2476 4291 2856 4350 habitaverunt
2902 4295 2955 4352 in
2996 4312 3083 4353 eo.
3139 4297 3392 4367 Dixitque
3431 4299 3572 4354 alter
3618 4301 3704 4356 ad

2082 4387 2384 4457 proximum
2411 4402 2566 4443 suum
2591 4405 2606 4443 ε
2632 4387 2846 4458 Venite,
2871 4391 3133 4449 faciamus
3161 4393 3385 4462 lateres,
3413 4400 3469 4449 et
3484 4408 3705 4465 coqua-

2081 4492 2208 4533 mns‘
2233 4493 2330 4534 eos
2354 4478 2484 4548 igni.
2513 4480 2937 4554 llabueruntque
2964 4484 3166 4540 lateres
3197 4500 3294 4556 pro
3325 4487 3494 4553 saxis,
3520 4497 3577 4540 et
3606 4485 3710 4542 bi-

2087 4582 2271 4630 tumen
2299 4589 2399 4644 pro
2426 4587 2694 4632 cremento
2730 4596 2739 4630 :
2771 4586 2826 4634 ct
2848 4578 3103 4634 dixerunt
3133 4597 3144 4632 :
3177 4579 3393 4647 Venite,
3419 4578 3705 4638 faciamus

386 4665 756 4723 tabernaculis
823 4663 948 4720 Sem
975 4703 990 4729 ,
1042 4662 1224 4731 sitque
1289 4659 1544 4716 Chanaan
1601 4676 1792 4718 servus
1842 4663 1976 4734 ejus.
2009 4651 2243 4743 Dnohis
2272 4667 2554 4723 civitatem
2579 4677 2635 4723 et
2657 4669 2873 4738 turrim,
2898 4671 3056 4742 cujus
3085 4672 3301 4728 culmen
3331 4673 3600 4743 pertingat
3621 4672 3709 4728 ad

385 4759 474 4832 [C.
506 4754 722 4826 XXVH
752 4754 898 4811 Vixit
930 4766 1111 4810 autem
1140 4754 1253 4811 Noe
1284 4747 1405 4825 post
1429 4755 1688 4812 diluvium
1722 4761 1981 4815 trecentis

384 4851 775 4925 quinquaginta
802 4851 986 4905 annis.
1019 4850 1084 4904 Et
1107 4850 1310 4920 impleti
1343 4860 1470 4906 sunt
1508 4867 1696 4907 omnes
1723 4851 1840 4908 dies
1864 4853 1980 4924 ejus

385 4954 781 5018 nongentarum
805 4943 1187 5014 quinquaginta
1215 4960 1503 5010 annorum,
1537 4953 1592 5000 et
1605 4955 1847 5002 mortuus
1873 4956 1978 5002 est.

459 5039 546 5113 [Τ.
589 5037 678 5103 Vl,
721 5036 780 5090 Β.
816 5034 933 5103 XV,
964 5035 1096 5107 Cap.
1136 5035 1230 5108 X.j
1273 5037 1366 5091 Hie
1420 5038 1794 5109 generationes
1841 5039 1982 5096 lilio-

382 5149 505 5192 rttm
535 5130 667 5198 Noe,
701 5130 851 5195 Sem,
881 5128 1048 5185 Cham
1080 5140 1132 5185 ct
1173 5129 1407 5200 Japheth
1443 5148 1456 5184 :
1491 5133 1711 5203 natique
1750 5143 1874 5188 sunt
1903 5134 1984 5190 eis

382 5224 486 5282 ﬁlii
517 5231 638 5292 post
666 5218 946 5275 diluvium.
983 5219 1104 5274 Filii
1129 5218 1364 5290 Japheth
1391 5239 1404 5275 :
1436 5221 1657 5288 Gomer,
1684 5232 1740 5278 et
1777 5225 1980 5296 ilagog,

386 5330 444 5377 et
470 5317 664 5383 Madai,
696 5325 750 5372 et
779 5315 971 5383 Javan,
1002 5323 1059 5371 et
1081 5315 1312 5383 Thubal,
1344 5327 1400 5374 et
1423 5318 1668 5387 Mosoch,
1688 5329 1741 5374 et
1766 5317 1982 5376 Thiras.

385 5413 566 5470 Porro
613 5408 710 5464 filii
761 5407 964 5465 Gomer
1009 5426 1022 5463 :
1081 5412 1326 5467 Ascenez
1374 5421 1429 5466 et
1477 5410 1710 5482 Riphath
1740 5422 1794 5468 et
1832 5413 1982 5469 Tho-

383 5522 598 5581 gorma.
643 5503 768 5560 Filii
799 5510 980 5557 autem
1027 5501 1196 5557 Javan
1243 5520 1256 5557 :
1301 5502 1444 5559 Elisa
1485 5516 1538 5560 et
1563 5505 1812 5574 Tharsis,
1856 5505 1983 5562 Cet-

381 5602 545 5669 thim,
579 5608 629 5655 et
661 5595 950 5652 Dodanim.
1002 5595 1201 5651 Ab‘his
1230 5595 1418 5652 divisa:
1442 5607 1568 5654 sunt
1610 5601 1803 5657 insulae
1847 5617 1980 5673 gen-

385 5697 524 5750 tium
553 5693 607 5748 in
639 5687 949 5761 regionibus
977 5687 1091 5744 suis
1119 5706 1131 5742 :
1164 5690 1531 5762 unusquisque
1553 5694 1850 5749 secundum
1878 5695 1983 5750 liii-

385 5803 547 5859 guam
574 5800 728 5841 suam
760 5791 815 5839 et
843 5781 1071 5838 familias
1100 5796 1228 5837 suas
1255 5781 1306 5838 in
1354 5784 1664 5840 nationibus
1692 5787 1829 5843 suis.
1863 5787 1986 5842 Filii

385 5890 567 5940 autem
607 5878 776 5935 Cham
813 5893 826 5932 :
866 5874 1015 5934 Cbus
1045 5885 1099 5934 ct
1142 5875 1414 5949 Mesraim,
1442 5887 1497 5934 et
1526 5879 1724 5951 Phuth,
1757 5892 1808 5940 et
1837 5881 1980 5939 Cha-

2088 4761 2284 4816 ctelum
2315 4779 2325 4814 :
2350 4772 2402 4816 et
2436 4761 2774 4818 celebremus
2795 4777 2993 4818 nomen
3025 4773 3271 4820 nostrum
3295 4775 3584 4835 antequam
3609 4765 3710 4821 di-

2093 4853 2345 4909 vidantur
2375 4855 2428 4910 in
2467 4856 2752 4912 universas
2793 4866 2988 4914 terras.
3035 4861 3329 4916 Descendit
3358 4869 3540 4917 autem
3583 4861 3713 4916 Do-

2091 4946 2273 5001 minus
2295 4958 2352 5002 ut
2380 4948 2591 5004 videret
2627 4951 2904 5006 civitatem
2933 4963 2987 5008 et
3025 4954 3242 5020 turrim,
3264 4969 3424 5025 quam
3448 4953 3711 5010 aediﬁca-

2091 5037 2220 5092 bant
2247 5039 2340 5094 ﬁlii
2373 5039 2567 5108 Adam,
2597 5050 2654 5096 et
2683 5043 2818 5098 dixit
2848 5061 2860 5098 :
2894 5044 3059 5116 Ecce,
3079 5061 3220 5101 unus
3243 5055 3326 5103 est
3350 5047 3598 5118 populus,
3641 5059 3716 5106 et

2090 5144 2256 5185 unum
2298 5132 2500 5187 labium
2549 5135 2802 5190 omnibus
2852 5153 2866 5189 :
2907 5146 3304 5209 cmperuntque
3338 5137 3443 5195 hoc
3485 5141 3713 5212 faccre,

2091 5235 2193 5277 nec
2218 5221 2490 5280 desistent
2515 5221 2561 5279 a‘
2579 5226 2996 5298 cogitationibus
3028 5231 3165 5301 suis,
3198 5233 3372 5288 donec
3394 5248 3490 5289 eas
3519 5249 3714 5306 opere

2088 5314 2416 5385 compleant.
2442 5316 2639 5376 Venite
2675 5320 2858 5393 igitur,
2886 5321 3284 5381 descendamus
3313 5333 3369 5382 et
3393 5328 3720 5386 ciinfunda-

2087 5424 2207 5465 mus
2231 5410 2300 5466 ibi
2334 5410 2572 5482 linguam
2605 5429 2794 5471 eorum
2821 5462 2835 5486 ,
2868 5427 2925 5472 ut
2954 5432 3061 5474 non
3094 5417 3279 5475 audiat
3316 5421 3718 5494 unusquisque

2087 5517 2275 5558 vocem
2301 5505 2534 5575 proximi
2564 5507 2671 5564 sui.
2699 5507 2876 5580 Atque
2905 5511 2976 5567 ita
3001 5513 3184 5568 divisit
3203 5530 3297 5570 eos
3331 5514 3592 5571 Dominus
3625 5533 3715 5574 ex

2089 5595 2186 5652 illo
2217 5596 2338 5653 loco
2379 5599 2431 5654 in
2481 5601 2761 5658 universas
2789 5615 2961 5661 terras
2986 5647 3002 5674 ,
3035 5617 3091 5662 et
3116 5621 3471 5664 cessaverunt
3513 5610 3714 5666 aedifi-

2089 5705 2215 5746 care
2243 5693 2544 5750 civitatem.
2589 5695 2653 5751 Et
2691 5696 2896 5753 idcirco
2933 5710 3185 5756 vocatum
3219 5711 3303 5758 est
3345 5718 3542 5758 nomen
3571 5705 3715 5775 ejus

2088 5784 2279 5859 Babel,
2312 5791 2438 5858 quia
2469 5791 2540 5846 ibi
2561 5791 2846 5847 confusum
2870 5802 2956 5850 est
2978 5795 3179 5852 labium
3201 5797 3470 5852 universae
3492 5806 3667 5855 terra:
3698 5844 3712 5855 .

2087 5891 2143 5939 et
2165 5881 2290 5942 inde
2315 5883 2567 5955 dispersit
2590 5900 2686 5943 eos
2704 5886 2961 5946 Dominus
2983 5903 3146 5962 super
3166 5889 3356 5948 faciem
3370 5899 3713 5953 cunctarum
