4044 6360
271 315 369 373 177

1620 312 1825 369 LIBER
1867 311 2181 372 GENESIS.

3455 321 3558 379 178

266 432 560 503 regionum.
592 429 684 485 Hae
706 437 831 486 sunt
861 430 1238 500 generationes
1276 428 1400 486 Sem
1439 447 1449 482 :
1484 428 1608 485 Sem
1644 437 1861 485 centum
1890 428 1943 491 Α
1969 417 2353 487 ὓιίιιιηϊνειιτὶε
2401 432 2506 499 sui,
2537 432 2951 503 universamque
2994 433 3350 491 subSIantiam
3394 450 3556 506 quam

265 534 663 582 eratannorum
691 522 908 595 quando
938 522 1121 592 genuit
1143 521 1712 592 Arphaxad,biennio
1739 530 1864 593 post
1966 525 2348 595 possederant,
2405 534 2460 581 et
2507 527 2719 582 animas
2763 541 2898 596 quas
2961 526 3202 583 fecerant
3251 529 3304 583 in
3354 528 3559 585 Haran.

266 617 541 673 diluvium.
568 614 823 684 Vixitque
860 614 984 671 Sem
1010 624 1294 685 postquam
1329 614 1516 685 genuit
1547 612 1859 685 Arpltaxad,

265 709 579 782 quingentis
601 709 758 764 annis
788 728 800 761 ε
830 717 883 765 et
902 710 1087 780 genuit
1113 708 1255 764 ﬁlios
1281 717 1334 765 et
1364 708 1523 765 ﬁlias.
1554 709 1723 764 Porro
1764 713 1862 764 Ar-

264 803 472 874 phaxad
492 802 631 858 vixit
664 803 879 873 triginta
925 802 1167 873 quinque
1206 802 1387 867 annis,
1420 808 1475 857 et
1503 804 1691 871 genuit
1715 800 1860 857 Sale.

263 895 515 964 Vixitque
556 894 847 966 Arphaxad
892 904 1174 965 postquam
1205 896 1390 965 genuit
1420 894 1566 963 Sale,
1600 893 1862 966 quadrin-

261 989 437 1059 gentis
481 988 653 1043 tribus
682 988 841 1043 annis
876 986 986 1060 [Ita
1022 988 1137 1042 cod.
1178 1004 1277 1041 ms.
1328 987 1389 1043 S.
1431 985 1683 1042 German.
1714 1004 1766 1041 η.
1802 988 1856 1053 5,

262 1082 396 1136 Heb.
434 1082 558 1154 Syr.
587 1091 637 1137 et
668 1082 830 1136 Arab.
868 1082 935 1135 At
971 1098 1091 1137 vero
1118 1081 1267 1137 Sam.
1301 1082 1427 1136 editi
1453 1081 1630 1135 Latini
1665 1090 1711 1135 et
1734 1098 1856 1136 mss.

263 1175 475 1244 plurimi
525 1176 643 1229 libri
697 1176 874 1249 legunt
903 1174 1051 1248 505],
1085 1182 1138 1230 et
1180 1175 1373 1245 genuit
1432 1173 1573 1228 ﬁlios
1603 1183 1657 1229 et
1700 1172 1856 1228 ﬁlias.

262 1267 385 1324 Sale
415 1282 637 1337 quoque
666 1268 801 1322 vixit
855 1266 1077 1339 triginta
1116 1266 1301 1332 «annis,
1337 1275 1393 1321 et
1429 1266 1614 1337 genuit
1660 1266 1856 1320 Heber.

262 1362 517 1432 Vixitque
546 1362 669 1419 Sale
698 1370 981 1433 postquam
1011 1362 1195 1433 genuit
1219 1360 1418 1427 lleber,
1450 1357 1859 1430 quadringentis

260 1455 443 1529 [ang.
483 1456 860 1531 quadraginta]
908 1456 1078 1512 tribus
1107 1454 1263 1510 annis
1284 1497 1299 1521 ,
1337 1464 1391 1510 et
1423 1454 1606 1525 genttit
1638 1452 1777 1508 ﬁlios
1806 1462 1861 1507 et

257 1551 411 1606 ﬁlias.
447 1550 595 1606 Vixit
638 1559 819 1607 autem
862 1550 1040 1606 llcber
1083 1550 1299 1622 triginta
1325 1556 1556 1620 quatuor
1582 1548 1771 1613 annis,
1804 1554 1861 1602 et

255 1645 436 1716 genuit
465 1645 690 1716 Phaleg.
723 1646 789 1700 Et
818 1645 952 1701 vixit
985 1644 1163 1701 lleber
1194 1651 1477 1715 postquam
1504 1641 1691 1713 genuit
1717 1638 1859 1695 Pha-

255 1740 354 1809 leg,
384 1739 802 1810 quadringentis
851 1739 1068 1809 triginta
1117 1738 1275 1793 annis
1320 1756 1333 1794 :
1378 1746 1432 1793 et
1479 1735 1663 1807 genuit
1718 1734 1858 1790 ﬁlios

1966 614 2046 687 [C.
2081 614 2277 689 XXX.]
2310 615 2379 671 Et
2406 618 2610 685 egressi
2640 624 2766 671 sunt
2801 627 2860 672 ut
2902 617 3044 673 irent
3080 618 3132 673 in
3181 627 3384 674 terram
3416 617 3558 675 Cha-

1964 723 2123 763 naan.
2148 708 2392 780 Cumque
2413 709 2695 765 venissent
2723 712 2773 765 in
2798 725 2943 775 eam,
2973 713 3323 781 pertransivit
3351 712 3558 769 Abram

1963 809 2162 855 terram
2195 817 2364 873 usque
2384 804 2449 858 ad
2480 803 2657 859 locum
2694 806 2936 872 Sichem,
2961 822 3133 877 usque
3163 807 3228 862 ad
3248 807 3558 864 convallem

1967 893 2230 948 illustrem
2268 911 2280 949 :
2314 894 2653 951 Chananaeus
2701 907 2880 953 autem
2938 906 3064 953 tunc
3114 909 3231 956 erat
3284 901 3337 954 in
3389 910 3558 956 terra.

1965 986 2046 1058 [Β.
2092 987 2303 1061 XVlll.]
2346 988 2715 1061 Apparuitqtte
2753 991 3015 1049 Dominus
3066 994 3291 1056 Abram,
3324 1006 3376 1051 et
3421 995 3559 1051 dixit

1963 1078 2011 1134 ei
2046 1096 2058 1133 :
2090 1079 2294 1135 Semini
2326 1091 2416 1136 tuo
2454 1082 2597 1137 dabo
2620 1091 2819 1139 terram
2848 1084 3011 1140 hanc.
3041 1086 3140 1153 Qui
3168 1084 3455 1143 aediﬁcavit
3486 1085 3561 1142 ibi

1962 1172 2132 1228 altare
2161 1174 2413 1241 Domino,
2444 1177 2530 1246 qui
2564 1187 2889 1247 apparuerat
2918 1179 2990 1233 ei.
3022 1178 3091 1233 Et
3118 1179 3246 1235 inde
3280 1188 3563 1251 transgre-

1962 1264 2117 1320 diens
2140 1268 2204 1321 ad
2235 1276 2505 1335 montem,
2543 1269 2633 1339 qui
2665 1278 2789 1325 erat
2828 1282 3020 1327 contra
3046 1274 3311 1329 orientem
3342 1275 3559 1343 Bethel,

1964 1359 2193 1415 tetendit
2237 1360 2309 1415 ibi
2366 1361 2774 1417 tabernaculum
2826 1378 3005 1429 suum,
3042 1366 3111 1420 ab
3141 1367 3426 1423 occidente
3458 1367 3561 1423 ha-

1964 1450 2097 1506 bens
2120 1450 2305 1507 Bethel
2330 1496 2344 1518 ,
2374 1460 2427 1506 et
2452 1452 2519 1508 ab
2539 1453 2752 1509 oriente
2779 1453 2842 1508 Ai
2875 1472 2887 1509 :
2918 1454 3204 1512 aediﬁcavit
3238 1473 3452 1528 quoque
3482 1459 3557 1515 ibi

1962 1544 2135 1598 altare
2161 1542 2413 1610 Domino,
2438 1552 2491 1599 et
2518 1544 2786 1599 invocavit
2806 1561 2999 1601 nomen
3026 1549 3164 1617 ejus.
3198 1548 3556 1621 Perrexitque

1964 1635 2165 1690 Abram
2215 1634 2448 1704 vadens,
2480 1645 2535 1692 et
2583 1637 2719 1693 ultra
2760 1639 3112 1710 progrediens
3152 1640 3219 1694 ad
3252 1640 3553 1698 meridiem.

1964 1728 2129 1783 Facta
2182 1741 2267 1786 est
2309 1742 2490 1786 autem
2550 1729 2719 1787 fames
2778 1733 2830 1787 in
2890 1741 3035 1788 terra
3087 1749 3102 1786 :
3164 1733 3556 1804 descenditque

253 1843 303 1887 et
349 1832 517 1888 ﬁlias.
551 1833 693 1887 Vixit
739 1848 961 1903 quoque
992 1831 1195 1903 Phaleg
1229 1831 1441 1901 triginta
1472 1829 1651 1895 annis,
1684 1838 1738 1884 et
1768 1843 1860 1900 ge-
1890 1829 1938 1891 Β
1964 1824 2163 1879 Abram
2197 1826 2247 1880 in
2277 1825 2594 1897 IEgyptum,
2639 1834 2702 1880 ut
2734 1826 3170 1897 peregrinaretur
3198 1826 3269 1882 ibi
3302 1845 3314 1880 :
3349 1842 3561 1897 praeva-

253 1926 367 1980 nuit
420 1926 563 1981 Reu.
618 1924 873 1997 Vixitqne
922 1925 1126 1997 Phaleg
1174 1933 1459 1996 postquam
1504 1924 1690 1994 genuit
1717 1922 1857 1989 Reu,

252 2020 505 2075 ducentis
554 2035 749 2075 novem
803 2019 963 2074 annis
1014 2038 1026 2072 :
1076 2028 1132 2074 et
1179 2017 1364 2089 genuit
1406 2016 1548 2071 ﬁlios
1594 2023 1652 2070 et
1696 2014 1853 2069 ﬁlias.

255 2111 398 2166 Vixit
423 2124 613 2166 autem
660 2110 775 2167 Reu
808 2111 1025 2182 triginta
1080 2109 1297 2165 duobus
1350 2108 1527 2173 annis,
1573 2115 1627 2161 et
1673 2106 1859 2176 genuit

251 2204 439 2275 Sarng.
502 2203 652 2259 Vixit
701 2218 917 2275 quoque
968 2203 1081 2259 Reu
1115 2210 1401 2274 postquam
1430 2201 1616 2273 genuit
1661 2200 1854 2269 Sarug,

252 2297 508 2353 ducentis
564 2307 774 2367 septem
822 2298 1002 2367 annis,
1056 2306 1110 2352 et
1164 2295 1355 2367 genuit
1399 2295 1539 2349 ﬁlios
1594 2303 1648 2348 et
1696 2292 1853 2347 ﬁlias.

253 2389 391 2444 Vixit
435 2406 573 2445 vero
605 2392 779 2461 Sarug
823 2390 1042 2460 triginta
1087 2389 1268 2455 annis,
1317 2396 1372 2444 et
1413 2387 1601 2459 genuit
1646 2384 1848 2440 Nahor.

257 2483 507 2551 Vixitque
556 2482 735 2554 Sztrug
782 2492 1069 2553 postquam
1118 2482 1307 2551 genuit
1346 2480 1552 2548 Nahor,
1601 2478 1855 2533 ducentis

251 2576 423 2641 annis,
480 2587 541 2631 et
578 2576 769 2649 genuit
809 2576 949 2631 ﬁlios
994 2584 1049 2631 et
1078 2574 1239 2630 ﬁlias.
1277 2574 1421 2629 Vixit
1450 2583 1630 2628 autem
1671 2570 1857 2626 Nahor

252 2669 431 2739 viginti
468 2683 668 2725 novem
704 2669 861 2723 annis
886 2711 901 2736 ,
934 2678 990 2724 et
1021 2669 1205 2740 genuit
1235 2668 1433 2724 Thare.
1470 2666 1725 2736 Vixitque
1753 2664 1857 2720 Na—

254 2762 344 2818 hor
370 2774 669 2834 postquam
698 2764 889 2835 genuit
918 2761 1097 2818 Thare
1118 2804 1132 2828 ,
1171 2770 1388 2818 centum
1430 2760 1618 2817 decem
1656 2768 1712 2815 et
1755 2773 1855 2813 no-

252 2870 364 2909 vem
419 2854 588 2911 annis
640 2874 653 2910 :
707 2866 761 2912 et
811 2855 1002 2926 genuit
1064 2854 1202 2911 ﬁlios
1252 2863 1308 2911 et
1369 2854 1532 2911 ﬁlias.
1603 2853 1856 2923 Vixitque

251 2945 424 3004 Thare
452 2950 804 3020 septuaginta
844 2948 1039 3017 annis,
1087 2957 1145 3015 et,
1188 2947 1370 3019 genuit
1402 2946 1629 3011 Abram,
1664 2955 1717 3001 et
1751 2944 1856 3001 Na-

254 3041 370 3107 hor,
399 3053 458 3099 et
490 3045 662 3101 Aran.
708 3042 792 3116 [C.
823 3042 990 3110 XXV,
1025 3044 1175 3116 121.]
1208 3044 1303 3099 lite
1335 3054 1460 3099 sunt
1483 3054 1663 3099 autem
1691 3057 1857 3112 gene-

255 3136 497 3191 rationes
534 3135 714 3192 Thare
744 3154 755 3188 :
788 3136 969 3192 Thare
997 3138 1183 3207 genuit
1208 3138 1437 3203 Abram,
1471 3146 1526 3191 et
1565 3135 1765 3203 Nahor,
1799 3145 1855 3191 et

1964 1917 2139 1973 luerat
2168 1918 2309 1974 enim
2336 1919 2506 1974 fames
2534 1918 2587 1973 in
2621 1927 2791 1974 terra.
2826 1919 3076 1989 Cumque
3104 1934 3276 1990 prope
3304 1928 3469 1984 esset,
3497 1929 3556 1974 ut

1964 2010 2339 2080 ingrederetur
2359 2008 2673 2081 Aigyptum,
2702 2010 2839 2065 dixit
2861 2009 3014 2066 Sarai
3044 2011 3199 2067 uxori
3231 2026 3343 2065 sua:
3378 2028 3391 2067 :
3419 2010 3559 2067 Novi

1960 2102 2103 2172 quod
2136 2100 2358 2173 pulchra
2406 2103 2484 2158 sis
2527 2103 2721 2158 mulier
2769 2121 2782 2157 :
2834 2112 2888 2158 et
2923 2104 3065 2174 quod
3095 2120 3216 2159 cum
3248 2105 3480 2160 viderint
3504 2116 3559 2160 te

1961 2194 2225 2266 JEgyptii,
2252 2195 2449 2250 dicturi
2487 2204 2614 2251 sunt
2645 2214 2658 2250 :
2691 2195 2836 2253 Uxor
2884 2198 3053 2269 ipsius
3083 2207 3166 2253 est
3199 2216 3212 2253 :
3246 2206 3301 2254 et
3341 2197 3554 2253 interﬁ-

1960 2288 2106 2344 cient
2149 2304 2255 2355 me,
2299 2300 2353 2345 et
2385 2298 2437 2345 te
2483 2292 2862 2346 reservabunt.
2899 2291 2995 2347 Dic
3023 2306 3176 2364 ergo,
3215 2292 3448 2349 obsecro
3480 2304 3554 2361 te,

1960 2383 2101 2453 quod
2131 2398 2287 2438 soror
2314 2400 2432 2440 mea
2456 2385 2531 2440 sis
2566 2403 2580 2440 :
2622 2394 2681 2440 ut
2707 2386 2846 2442 bene
2874 2387 2946 2443 sit
2976 2387 3109 2443 mihi
3137 2396 3357 2458 propter
3387 2399 3469 2456 te,
3502 2401 3558 2445 et

1961 2478 2102 2532 vivat
2130 2479 2309 2533 anima
2337 2494 2454 2535 mea
2478 2480 2549 2535 ob
2574 2482 2804 2551 gratiam
2830 2482 2931 2537 tui.
2972 2482 3110 2538 Cum
3140 2484 3322 2554 itaque
3350 2485 3560 2555 ingres-

1958 2586 2051 2627 sus
2086 2581 2231 2628 esset
2267 2572 2468 2629 Abram
2499 2571 2815 2645 IEgyptum,
2861 2574 3110 2631 viderunt
3147 2575 3386 2647 Egyptii
3436 2593 3555 2633 mu-

1960 2667 2157 2722 lierem
2203 2666 2349 2736 quod
2388 2676 2533 2723 esset
2578 2668 2801 2738 pulchra
2834 2670 3019 2725 nimis.
3061 2669 3130 2724 Et
3164 2672 3553 2727 nuntiaverunt

1956 2760 2229 2831 principes
2257 2759 2547 2828 Pharaoni,
2579 2772 2633 2818 et
2656 2763 3008 2819 laudaverunt
3034 2779 3152 2820 eam
3181 2766 3323 2836 apud
3347 2766 3499 2822 illum
3532 2786 3548 2827 :

1958 2862 2012 2909 et
2042 2853 2253 2909 sublata
2290 2864 2372 2909 est
2404 2854 2598 2911 mulier
2637 2856 2691 2910 in
2732 2854 2954 2912 domum
2986 2857 3307 2914 Pharaonis.
3350 2861 3554 2917 Abram

1954 2961 2089 3001 vero
2136 2947 2275 3004 bene
2330 2948 2412 3004 nsi
2456 2958 2580 3004 sunt
2627 2958 2849 3021 propter
2896 2951 3044 3007 illam
3085 2969 3098 3008 :
3148 2951 3471 3025 fueruntque
3501 2956 3553 3010 ei

1957 3055 2125 3109 oves,
2190 3054 2246 3097 et
2293 3043 2498 3113 boves,
2538 3053 2595 3101 et
2645 3046 2829 3112 asini,
2879 3056 2933 3102 et
2985 3048 3171 3115 servi,
3206 3057 3262 3103 et
3310 3048 3551 3114 famula),

1958 3146 2011 3191 et
2067 3137 2255 3204 asinae,
2314 3146 2370 3192 et
2413 3138 2627 3193 cameli.
2688 3138 3013 3209 Flagellavit
3055 3149 3237 3197 autem
3288 3141 3555 3196 Dominus

252 3230 411 3284 Aran.
445 3229 626 3284 Porro
652 3228 800 3284 Aran
828 3230 1019 3298 genuit
1060 3230 1182 3285 Lot.
1216 3230 1568 3299 Mortuusque
1596 3237 1680 3284 est
1707 3231 1847 3283 Aran
1879 3233 1924 3296 (ζ
1956 3228 2294 3285 Pharaonem
2324 3230 2497 3301 plagis
2524 3231 2804 3298 maximis,
2837 3241 2895 3288 et
2922 3233 3139 3288 domum
3171 3235 3307 3301 ejus,
3336 3247 3559 3307 prapter

252 3333 366 3376 ante
393 3322 586 3378 Thare
635 3332 842 3393 patrem
874 3336 1033 3378 suum
1068 3324 1118 3377 in
1150 3334 1291 3378 terra
1326 3322 1623 3378 nativitatis
1652 3336 1763 3377 sua:
1797 3322 1849 3376 in

253 3414 322 3471 Ur
346 3415 758 3472 Chaldaeorum.
810 3418 1091 3474 Duxerunt
1136 3428 1316 3475 autem
1349 3417 1550 3473 Abram
1583 3427 1637 3472 et
1666 3416 1854 3472 Nahor

252 3523 442 3564 uxores
502 3528 515 3562 :
566 3524 765 3565 nomen
818 3511 1005 3565 uxoris
1054 3509 1293 3577 Abram,
1342 3511 1521 3577 Sarai,
1555 3518 1611 3565 et
1654 3524 1851 3564 nomen

251 3603 429 3657 uxoris
456 3602 667 3668 Nahor,
700 3602 929 3672 Melcha,
976 3602 1084 3657 ﬁlia
1128 3600 1300 3672 Aran,
1332 3605 1503 3674 patris
1548 3602 1770 3658 Melchm
1799 3610 1856 3658 et

252 3696 412 3765 patris
442 3696 679 3751 leschze.
728 3696 859 3751 Erat
887 3704 1073 3752 autem
1102 3696 1253 3765 Sarai
1285 3697 1486 3752 sterilis
1513 3739 1526 3759 ,
1561 3712 1662 3753 nec
1688 3696 1853 3753 habe-

250 3785 337 3843 bat
368 3788 603 3844 liberos.
635 3787 782 3843 Tulit
812 3789 992 3859 itaque
1015 3788 1194 3845 Thare
1234 3789 1434 3844 Abram
1467 3790 1636 3843 ﬁlium
1669 3804 1849 3856 suum,

251 3892 297 3937 et
321 3882 421 3937 Lot
469 3882 640 3938 ﬁlium
668 3882 839 3951 Aran,
884 3883 1054 3938 ﬁlium
1096 3882 1193 3937 ﬁlii
1233 3884 1338 3950 sui,
1371 3892 1426 3938 et
1469 3882 1624 3937 Sarai
1652 3898 1850 3937 nttrum

249 3989 419 4043 suam,
476 3989 703 4031 uxorem
753 3975 956 4031 Abram
981 3976 1075 4029 lilii
1104 3976 1210 4043 sui,
1260 3984 1316 4030 et
1344 3975 1529 4029 eduxit
1557 3989 1652 4030 eos
1680 3974 1749 4030 de
1778 3974 1853 4030 Ur

251 4064 654 4136 Chaldaeorum,
702 4078 759 4123 ut
795 4068 938 4123 irent
986 4068 1039 4123 in
1093 4077 1294 4124 terram
1344 4066 1603 4123 Chanaan
1650 4082 1853 4123 :vene—

250 4171 483 4233 runtque
526 4176 704 4231 usque
743 4160 923 4217 Haran
951 4204 965 4226 ,
1016 4171 1069 4217 et
1096 4161 1483 4217 habitaverunt
1510 4162 1603 4217 ibi.
1639 4160 1705 4217 Et
1728 4161 1853 4217 facti

250 4264 370 4308 sunt
398 4252 520 4309 dies
565 4252 745 4309 Thare
794 4253 1153 4310 ducentorum
1195 4255 1432 4325 quinque
1475 4268 1767 4320 annorum,
1798 4261 1855 4309 et

250 4357 494 4402 mortuus
526 4356 611 4401 est
632 4346 687 4401 in
718 4347 921 4403 Haran.

314 4436 401 4509 [T.
438 4438 554 4504 VII,
586 4438 648 4493 Β.
696 4437 863 4507 XVII,
893 4438 957 4494 C.
986 4437 1181 4507 XXIX,
1217 4438 1348 4507 Cap.
1385 4437 1527 4511 Xll.]
1573 4438 1713 4494 Dixit
1756 4454 1853 4494 au-

250 4539 352 4585 tem
379 4531 649 4586 Dominus
673 4530 740 4586 ad
771 4532 972 4587 Abram
1005 4551 1018 4587 :
1051 4532 1326 4603 Egredere
1354 4533 1424 4588 de
1456 4542 1602 4588 terra
1635 4543 1721 4588 tua
1751 4574 1765 4598 ,
1799 4540 1855 4588 et

1957 3322 2115 3378 Sarai
2158 3338 2380 3379 uxorem
2436 3324 2662 3378 Abram.
2704 3324 3032 3395 Vocavitque
3082 3326 3296 3381 Pharao
3325 3328 3553 3396 Abram,

1956 3422 2012 3468 et
2037 3414 2171 3470 dixit
2199 3415 2247 3470 ei
2283 3433 2296 3469 :
2327 3415 2594 3482 Quidnam
2627 3426 2739 3484 est,
2784 3417 2925 3487 quod
2955 3417 3128 3474 fecisti
3174 3417 3346 3474 mihi?
3387 3437 3555 3492 quare

1958 3523 2063 3562 non
2096 3507 2343 3563 indicasti
2390 3509 2531 3580 quod
2566 3524 2703 3564 uxor
2751 3520 2837 3565 tua
2870 3510 3056 3566 esset?
3098 3512 3271 3580 Quam
3315 3513 3386 3566 ob
3431 3529 3557 3568 cau-

1955 3608 2092 3662 sam,
2127 3594 2307 3651 dixisti
2354 3611 2478 3653 esse
2525 3612 2771 3652 sororem
2818 3606 2985 3663 tuam,
3028 3608 3087 3653 ut
3127 3599 3373 3657 tollerem
3426 3616 3550 3657 eam

1958 3688 2090 3744 mihi
2120 3688 2173 3743 in
2206 3690 2467 3745 uxorem?
2494 3689 2647 3746 Nunc
2690 3690 2853 3760 igitur
2880 3708 3011 3748 eccc
3054 3693 3253 3762 conjux
3306 3704 3426 3760 tua,
3459 3710 3551 3751 ac-

1954 3781 2073 3851 cipe
2094 3796 2237 3847 eam,
2268 3790 2321 3837 et
2341 3781 2497 3837 vade.
2527 3783 2895 3855 Praecepitque
2922 3783 3133 3840 Pharao
3161 3800 3325 3856 super
3345 3785 3548 3842 Abram

1959 3872 2130 3927 viris:
2177 3882 2231 3929 et
2259 3873 2609 3930 deduxerunt
2637 3889 2786 3942 eum,
2819 3886 2874 3932 et
2907 3891 3130 3933 uxorem
3162 3876 3329 3946 illius,
3360 3886 3416 3934 et
3442 3893 3555 3935 om-

1954 3968 2045 4023 nia
2070 3983 2188 4037 quae
2219 3968 2471 4025 habebat.

2031 4060 2132 4133 [Β.
2186 4062 2336 4130 ΧΙΧ,
2390 4062 2520 4135 Cap.
2570 4063 2759 4139 Xlll.]
2800 4066 3059 4124 Ascendit
3097 4083 3227 4139 ergo
3258 4067 3456 4123 Abram
3488 4068 3557 4125 de

1954 4152 2218 4227 IEgypto,
2262 4155 2378 4224 ipse
2418 4166 2472 4211 et
2503 4172 2647 4211 uxor
2676 4158 2815 4227 ejus,
2849 4168 2905 4214 et
2935 4161 3118 4215 omnia
3148 4176 3269 4232 quae
3293 4160 3548 4232 habebat,

1955 4256 2013 4303 et
2041 4248 2144 4304 Lot
2181 4262 2309 4304 cum
2348 4265 2436 4316 eo,
2479 4249 2549 4305 ad
2586 4252 2895 4308 Australem
2938 4254 3170 4325 plagam.
3204 4256 3335 4311 Erat
3373 4266 3557 4312 autem

1958 4347 1985 4377 α
2026 4338 2178 4396 dives
2203 4340 2363 4396 valde
2393 4340 2451 4396 in
2481 4344 2831 4412 possessione
2861 4347 3069 4415 argenti
3103 4355 3161 4402 et
3189 4349 3329 4402 auri.
3363 4347 3561 4403 Rever-

1958 4449 2161 4505 susque
2191 4443 2277 4491 est
2326 4451 2422 4505 per
2467 4436 2588 4504 iter,
2622 4452 2729 4509 quo
2758 4450 3008 4505 venerat,
3052 4455 3079 4493 a
3110 4439 3337 4495 meridie
3369 4441 3422 4495 in
3453 4441 3555 4498 Be-

1960 4525 2094 4594 thel,
2122 4543 2293 4599 usque
2320 4527 2385 4583 ad
2416 4529 2594 4584 locum
2620 4530 2713 4585 ubi
2745 4529 2897 4601 prius
2926 4530 3121 4586 ﬁxerat
3145 4531 3554 4592 tabernaculum

250 4625 312 4677 de
354 4625 688 4695 cognatione
742 4634 855 4690 tua,
908 4633 965 4680 et
1000 4625 1068 4680 de
1115 4626 1275 4681 domo
1309 4626 1476 4696 patris
1527 4625 1625 4690 tui,
1658 4625 1843 4699 [Vulg.
1880 4635 1931 4696 ι)
1957 4621 2101 4678 inter
2131 4622 2317 4679 Bethel
2349 4623 2584 4690 ctAi,in
2616 4623 2736 4679 loco
2763 4624 2953 4678 altaris
2978 4625 3119 4694 quod
3152 4625 3359 4681 fecerat
3383 4629 3555 4699 prius,

250 4720 370 4775 add.
410 4730 473 4775 et
510 4720 662 4793 veni]
694 4721 746 4775 in
782 4730 982 4776 terram
1013 4737 1171 4792 quam
1222 4721 1542 4777 monstrabo
1581 4720 1699 4777 tibi.
1752 4719 1852 4775 Fa-

251 4814 499 4884 ciamque
533 4824 584 4869 te
616 4815 669 4868 in
698 4823 911 4883 gentem
940 4830 1230 4885 magnam,
1265 4822 1323 4871 et
1372 4815 1689 4870 benedicam
1732 4814 1849 4883 tibi,

253 4914 303 4958 et
350 4903 721 4975 magniﬁcabo
772 4920 968 4961 nomen
1019 4916 1191 4972 tuum,
1240 4907 1459 4978 erisque
1510 4906 1849 4962 benedictus.

252 4998 576 5055 Benedicam
627 4999 1075 5056 benedicentibus
1099 5001 1215 5067 tibi,
1245 5010 1303 5056 et
1331 5000 1651 5056 maledicam
1682 5000 1854 5056 male-

252 5092 559 5149 dicentibus
588 5093 715 5160 tibi,
750 5104 913 5166 atque
946 5095 998 5149 in
1050 5102 1102 5150 te
1147 5094 1540 5151 benedicentur
1581 5095 1848 5152 universae

250 5192 602 5260 cognationes
632 5198 814 5243 terrae.
863 5189 1128 5260 Egressus
1156 5200 1243 5246 est
1274 5191 1454 5261 itaque
1481 5192 1680 5247 Abram
1710 5192 1851 5246 sicut

252 5289 582 5349 praeceperat
610 5278 661 5334 ei
686 5279 947 5335 Dominus
981 5298 993 5334 :
1028 5288 1083 5336 et
1115 5281 1214 5336 ivit
1235 5296 1358 5336 cum
1377 5297 1443 5337 eo
1470 5282 1589 5338 Lot.
1617 5282 1851 5353 Septua-

253 5370 397 5440 ginta
429 5372 667 5443 quinque
696 5386 964 5428 annorum
997 5381 1115 5428 erat
1160 5373 1361 5428 Abram
1405 5388 1527 5429 cum
1558 5374 1850 5444 egredere-

257 5470 340 5517 tur
369 5463 439 5520 de
465 5464 665 5520 llaran.
696 5464 951 5537 Tulitque
990 5465 1145 5522 Sarai
1173 5482 1397 5525 uxorem
1435 5483 1609 5535 suam,
1650 5477 1707 5523 et
1746 5466 1850 5524 Lot

324 5652 350 5721 ξι
388 5644 446 5699 In
505 5644 769 5721 Hebraica
811 5648 1041 5721 veritate
1095 5648 1354 5721 scribitur
1394 5667 1404 5702 :
1444 5648 1634 5703 Abram
1683 5649 1852 5721 gravis

257 5714 595 5797 vehementer,
618 5718 727 5797 huc
752 5729 859 5797 e_st,
884 5720 1057 5797 βαρὺς
1089 5720 1305 5797 σφόδρᾳ.
1348 5721 1522 5776 MART.

322 5815 397 5827 -—
422 5786 587 5864 Vetus
617 5791 733 5846 haec
774 5786 937 5864 lectio
963 5786 1063 5847 'est
1088 5809 1101 5864 :_
1128 5786 1181 5847 et
1218 5786 1607 5864 hieronymnm
1644 5794 1844 5860 movit,

258 5858 515 5928 quomodo
538 5863 763 5930 potuerit
789 5862 1113 5935 (Abraham)
1134 5865 1310 5919 exiens
1338 5866 1401 5919 de
1425 5858 1657 5938 )Egypto
1684 5858 1847 5935 fuisse

1959 4725 2014 4771 et
2039 4716 2312 4771 inVocavit
2348 4716 2419 4771 ibi
2448 4731 2647 4771 nomen
2683 4716 2921 4771 Domini.
2950 4715 3059 4772 Sed
3101 4724 3158 4771 et
3188 4716 3288 4772 Lot
3316 4718 3406 4789 qui
3435 4728 3557 4776 erat

1960 4822 2083 4864 cum
2112 4809 2340 4874 Abram,
2382 4808 2601 4863 fuerunt
2638 4824 2827 4880 greges
2868 4809 3073 4875 ovium,
3116 4819 3171 4865 et
3199 4823 3471 4881 armenta,
3501 4824 3559 4870 et

1963 4902 2334 4958 tabernacula.
2364 4901 2475 4958 Nec
2500 4911 2719 4974 poterat
2745 4918 2840 4958 eos
2872 4918 3069 4973 capere
3098 4915 3265 4971 terra,
3305 4915 3363 4961 nt
3395 4908 3554 4964 habi-

1962 5002 2145 5051 tarent
2179 4996 2340 5052 simul
2369 5013 2381 5048 :
2417 5006 2533 5051 erat
2574 4996 2773 5066 quippe
2804 4997 3110 5053 substantia
3140 5015 3327 5055 eorum
3360 5003 3554 5071 multa,

1963 5096 2019 5145 et
2049 5103 2155 5144 non
2187 5088 2415 5159 quibant
2453 5087 2700 5144 habitare
2726 5090 3114 5146 communiter.
3151 5091 3307 5148 Unde
3336 5102 3391 5150 et
3416 5094 3561 5152 facta

1964 5192 2050 5239 est
2081 5184 2198 5238 rixa
2247 5184 2390 5239 inter
2435 5192 2685 5253 pastores
2730 5200 2956 5256 gregum
2996 5184 3198 5243 Abram
3230 5197 3286 5243 et
3325 5187 3447 5244 Lot.
3478 5190 3561 5245 Eo

1964 5286 2145 5333 autem
2174 5285 2424 5346 tempore
2447 5275 2786 5332 Chananazus
2808 5286 2863 5332 et
2882 5276 3213 5333 Pherezmus
3243 5279 3563 5338 habitabant

1963 5370 2015 5425 in
2045 5378 2185 5426 terra
2219 5369 2333 5424 illa.
2362 5368 2511 5424 Dixit
2537 5382 2670 5440 ergo
2697 5369 2896 5425 Abram
2927 5370 2996 5427 ad
3027 5370 3126 5427 Lot
3158 5389 3171 5426 :
3213 5372 3315 5441 Ne,
3350 5388 3558 5444 quaeso,

1960 5465 2033 5521 sit
2057 5463 2301 5534 jurgium
2334 5463 2475 5518 inter
2503 5478 2589 5519 me
2616 5474 2671 5519 et
2700 5472 2773 5532 te,
2804 5474 2855 5520 et
2886 5465 3027 5521 inter
3046 5473 3296 5536 pastores
3324 5481 3476 5522 meos
3505 5477 3562 5522 et

1967 5648 2119 5704 dives
2144 5642 2345 5699 valde?
2377 5641 2528 5711 Quod
2563 5643 2799 5711 solvitur,
2832 5644 3027 5715 inquit,
3064 5642 3161 5715 illa
3186 5630 3445 5715 Hebraica
3476 5660 3563 5699 ve-

1960 5722 2133 5783 ritate,
2180 5716 2234 5769 in
2274 5732 2376 5787 qua
2425 5715 2684 5787 scribitur,
2730 5714 2923 5771 Abram
2948 5714 3133 5785 gravis
3174 5714 3553 5785 vehementer,

1957 5795 2052 5848 hoc
2078 5797 2172 5857 est,
2199 5785 2368 5864 βαρὺς
2389 5785 2607 5863 σφόδρα.
