4044 6360
445 350 550 405 i'i‘i

447 466 694 528 pastores
727 463 845 508 tuos
892 470 904 504 :

450 563 592 607 terra
642 563 826 604 coram
873 555 926 602 te
976 553 1095 599 est:
1127 541 1322 598 recede
1368 557 1396 594 a
1448 554 1552 604 me,
1587 533 1928 592 obsecrozsi
1972 532 2038 587 ad

453 644 733 698 sinistram
785 638 935 703 ieris,
984 650 1088 707 ego
1114 635 1393 689 dexteram
1424 631 1620 686 tenebo
1647 648 1660 682 :
1683 629 1729 683 si
1765 640 1817 682 ιιι
1849 627 2038 680 dexte-

449 750 567 792 ram
610 731 878 804 elegeris,
926 744 1026 801 ego
1079 727 1146 782 ad
1193 727 1470 780 sinistram
1519 737 1760 793 pergam.
1804 719 2041 774 Elevatis

449 831 632 900 itaque
664 827 764 881 Lot
791 824 986 889 oculis,
1018 821 1154 877 vidit
1184 833 1404 874 omnem
1433 817 1581 871 circa
1609 815 1888 882 regionem
1919 811 2041 867 Jor-

450 920 628 983 danis,
658 927 780 989 qua!
809 917 1058 971 universa
1094 912 1445 981 irrigabatnr,
1487 917 1776 978 antequam
1815 906 2042 960 subver—

447 1021 588 1068 teret
610 1011 872 1065 Dominus
897 1007 1188 1064 Sodomam
1218 1013 1271 1058 et
1299 1003 1683 1067 Gomorrham,
1716 1001 1856 1056 sicut
1889 1014 2040 1068 para-

451 1095 853 1165 disusD'omini.
887 1115 935 1158 et
969 1099 1387 1170 sicutIEgyptus
1409 1095 1751 1151 venientibus
1781 1095 1833 1149 in
1851 1092 2040 1164 Segor.

443 1199 734 1270 Elegitque
765 1197 866 1251 sibi
903 1195 998 1248 Lot
1025 1195 1304 1264 regionem
1337 1190 1480 1244 circa
1522 1187 1844 1250 Iordanem,
1879 1195 1934 1240 et
1961 1199 2046 1239 rc-

451 1295 615 1350 cessit
645 1294 715 1347 ab
742 1291 992 1356 Oriente,
1027 1288 1295 1358 divisique
1325 1293 1452 1340 sunt
1479 1284 1802 1338 alterutrum
1825 1296 1854 1336 a
1880 1280 2047 1337 fratre

453 1404 573 1443 suo.
611 1388 808 1442 Abram
840 1384 1104 1438 habitavit
1136 1383 1187 1436 in
1233 1390 1382 1436 terra
1430 1381 1704 1434 Chanaam
1737 1395 1752 1432 :
1785 1377 1889 1432 Lot
1919 1389 2047 1432 vero

451 1492 699 1539 moratus
725 1493 803 1538 εει
855 1481 906 1535 in
939 1479 1174 1549 oppidis,
1214 1491 1335 1548 mia:
1372 1484 1528 1530 erant
1558 1475 1700 1528 circa
1727 1472 2044 1538 Iordanem,

451 1588 508 1632 et
541 1573 802 1631 habitavit
841 1574 896 1629 in
921 1572 1194 1630 Sodomis.
1217 1571 1492 1650 'ilomines
1532 1577 1712 1622 autem
1747 1564 2048 1623 Sodomita:

459 1673 678 1742 pessimi
730 1679 919 1734 erant,
973 1676 1027 1724 et
1079 1675 1396 1736 peccatores
1427 1673 1452 1700 τι
1479 1676 1664 1718 coram
1696 1661 1926 1715 Domino
1969 1662 2050 1716 ni-

449 1765 578 1819 mis.
635 1762 736 1834 [B.
784 1760 912 1823 XX,
965 1757 1031 1814 C.
1083 1756 1324 1829 ΧΧΧΙ.]
1377 1755 1629 1825 Dixitque
1678 1754 1938 1808 Dominus
1983 1752 2048 1808 ad

1448 335 1505 391 S.
1551 328 1933 389 lllERONYMI
1974 317 2204 381 DIVINX
2249 323 2724 382 BIBLIOTIIECA.

953 451 1152 504 fratres
1195 419 1338 501 enim
1372 461 1580 500 sumus.
1617 444 1756 498 Ecee
1784 440 2036 495 universa
2070 443 2113 500 A
2143 451 2350 506 rexque
2400 436 2656 502 Adamae,
2708 446 2758 488 ct
2809 451 2903 489 rex
2943 436 3159 490 Sehoim
3184 478 3197 499 ,
3251 451 3350 490 nec
3402 450 3508 489 non
3560 446 3615 490 et
3645 452 3739 492 rex

3640 320 3741 378 180

2148 528 2309 595 Baias,
2327 544 2447 597 quae
2476 528 2740 598 estSegor
2766 548 2776 582 :
2803 537 2856 582 et
2883 527 3204 584 tlirexerunt
3232 528 3404 582 aciem
3426 537 3612 582 contra
3645 545 3742 584 eos

2148 621 2200 675 in
2233 621 2375 675 valle
2402 621 2672 686 Silvestri,
2700 620 2906 674 scilicet
2928 620 3216 674 adversum
3243 619 3738 691 Chodorlahomor,

2147 729 2330 783 regem
2358 714 2715 769 Elamitarum
2735 755 2750 776 ,
2803 722 2856 768 ct
2887 713 3116 780 Tliadal,
3163 730 3346 785 regem
3375 714 3653 778 Gentium,
3685 722 3744 771 et

2145 805 2462 875 Ammpbel,
2496 821 2674 874 regem
2702 805 2973 872 Sennaar,
2995 816 3051 873 et
3079 805 3304 872 Arioch,
3323 821 3506 876 regem
3536 806 3694 861 Ponti
3721 825 3738 866 :

2145 908 2376 969 quatuor
2425 915 2579 969 reges
2625 899 2890 954 adversus
2928 902 3187 970 quinque.
3220 899 3393 955 Vallis
3424 910 3606 954 autem
3635 899 3743 956 Sil-

2149 992 2344 1046 vestris
2377 991 2616 1047 habebat
2641 1000 2830 1062 puteos
2860 991 3060 1047 multos
3100 991 3400 1048 bituminis.
3436 992 3622 1063 Itaque
3648 1006 3745 1052 rex

2147 1087 2504 1144 Sodomorum
2554 1098 2610 1144 et
2665 1089 2987 1145 Gomorrlue
3029 1099 3176 1162 terga
3221 1099 3539 1160 verterunt,
3598 1090 3745 1146 ceci-

2148 1182 2449 1250 deruntque
2505 1182 2604 1247 ibi,
2661 1193 2716 1237 et
2754 1186 2843 1252 qui
2886 1197 3300 1252 remanserant,
3366 1184 3616 1258 fugerunt
3673 1187 3742 1244 ad

2150 1285 2409 1329 montem.
2454 1273 2723 1330 Tulerunt
2759 1285 2938 1331 autem
2988 1292 3206 1333 omnem
3253 1277 3610 1334 substantiam
3637 1278 3746 1334 So-

2150 1366 2439 1421 domorum
2470 1376 2525 1422 et
2553 1365 2894 1436 Gomorrhzr,
2944 1379 2999 1425 et
3030 1371 3282 1426 universa
3310 1386 3430 1442 qua
3457 1371 3525 1426 ad
3563 1371 3745 1428 cibum

2153 1462 2460 1532 pertinent,
2513 1472 2567 1516 et
2609 1460 2862 1518 abierunt
2901 1483 2912 1516 :
2950 1479 3162 1520 necnon
3193 1477 3247 1520 et
3275 1465 3374 1521 Lot
3405 1477 3460 1521 et
3490 1466 3747 1522 substan-

2150 1553 2280 1607 tiam
2325 1553 2462 1622 ejus,
2513 1554 2679 1609 fiiium
2729 1554 2914 1610 fratris
2962 1556 3186 1624 Abram,
3234 1560 3327 1628 qui
3382 1559 3662 1616 habitabat
3693 1561 3748 1616 in

2153 1647 2426 1705 Sodomis.
2484 1650 2552 1705 Et
2599 1666 2729 1707 ecce
2782 1669 2920 1708 unus
2976 1653 3066 1724 qui
3124 1664 3409 1723 evaserat,
3478 1656 3751 1714 nuntiavit

2154 1741 2357 1796 Abram
2402 1741 2660 1810 Hebrzeo,
2707 1746 2798 1815 qui
2845 1745 3124 1802 habitabat
3172 1747 3226 1801 in
3272 1748 3516 1803 convalle
3543 1748 3752 1804 Mamre

457 1833 683 1920 Abram,
719 1863 1000 1924 postquam
1031 1851 1238 1904 divisus
1266 1857 1348 1904 est
1385 1849 1482 1902 [λοι
1513 1847 1582 1900 ab
1609 1861 1716 1902 eo:
1752 1847 1891 1901 Leva
1920 1860 2043 1900 ocu‘
2083 1843 2123 1903 Β
2155 1833 2484 1901 Αιηθηὴίνίν
2521 1837 2700 1892 "altis
2731 1837 2910 1904 3500'.
2961 1846 3017 1894 ει
3063 1839 3242 1895 “altis
3289 1841 3435 1896 Alter
3473 1860 3485 1896 ε
3521 1843 3573 1896 lli
3602 1843 3748 1898 enim

460 1952 544 2006 los
572 1961 714 2014 tuos,
749 1957 802 2002 et
830 1946 954 2001 vide
984 1959 1014 1999 a
1045 1946 1189 2008 loco,
1228 1943 1279 1996 in
1311 1957 1417 2012 quo
1450 1954 1590 1995 nunc
1616 1954 1697 2008 es,
1731 1939 1796 1993 ad
1835 1938 2047 2009 aquilo-

457 2058 582 2097 nem
611 2052 664 2097 et
693 2041 757 2094 ad
791 2038 1092 2102 meridiem,
1123 2035 1188 2090 ad
1223 2035 1488 2090 orientem
1520 2043 1572 2088 et
1595 2033 1660 2087 ad
1691 2031 2047 2086 occidentem.

453 2135 681 2190 Omnem
719 2140 941 2192 terram,
969 2143 1128 2198 quam
1155 2127 1449 2197 conspicis,
1479 2126 1577 2180 tibi
1607 2125 1750 2180 dabo
1778 2133 1834 2180 et
1859 2123 2051 2180 semini

450 2239 543 2282 tuo
576 2241 749 2297 usque
783 2226 832 2280 in
866 2224 1279 2292 sempiternum.
1316 2219 1646 2290 Faciamque
1679 2233 1865 2274 semen
1899 2226 2051 2272 tuum

454 2320 599 2375 sicut
637 2319 918 2388 pulverem
954 2325 1110 2370 terra:
1137 2332 1148 2366 :
1177 2315 1221 2367 si
1263 2313 1383 2384 quis
1425 2321 1606 2383 potest
1637 2311 1917 2366 hominum
1949 2325 2050 2365 nu-

459 2426 673 2465 merare
703 2410 981 2478 pulverem
1017 2416 1198 2472 terrae,
1233 2420 1420 2460 semen
1451 2419 1668 2475 quoque
1697 2415 1844 2458 tuum
1879 2418 2060 2460 nume-

455 2518 582 2556 rare
611 2502 829 2572 poterit.
863 2501 1036 2570 Surge
1090 2508 1145 2553 et
1189 2497 1504 2567 perambula
1548 2506 1752 2552 terram
1800 2497 1854 2550 in
1887 2496 2060 2568 longi-

455 2594 702 2648 tudinem
757 2605 811 2646 ct
843 2593 894 2646 in
938 2591 1281 2646 latitudinem
1318 2604 1505 2657 suam,
1548 2590 1674 2660 quia
1707 2589 1798 2644 tibi
1832 2589 2060 2644 daturus

461 2702 580 2740 sum
613 2702 750 2740 eam.
782 2684 1003 2739 Movens
1030 2684 1191 2753 igitur
1213 2683 1412 2738 Abram
1439 2683 1850 2738 tabernaculum
1878 2697 2058 2750 suum,

459 2783 608 2836 venit
635 2792 684 2834 et
718 2779 982 2835 habitavit
1029 2778 1179 2847 juxta
1222 2777 1526 2831 convallem
1573 2777 1796 2846 Mamre,
1831 2792 1954 2848 quae
1981 2787 2063 2834 est

459 2875 511 2928 in
543 2873 790 2926 Hebron:
821 2871 1215 2940 aedificavitque
1245 2870 1312 2924 ibi
1344 2871 1519 2924 altare
1545 2870 1794 2925 Domino.

531 2963 616 3036 [Τ.
651 2961 783 3028 νιιι,
811 2961 875 3017 C.
910 2961 1129 3030 XXXII,
1162 2960 1291 3031 Cap.
1323 2961 1488 3034 XIV.]
1521 2961 1740 3017 Factum
1770 2974 1854 3019 est
1885 2974 2064 3020 autem

465 3057 519 3110 in
543 3055 636 3109 illo
658 3065 997 3124 tempore,ut
1018 3053 1334 3122 Amraphel.
1360 3054 1470 3109 Rex
1502 3056 1768 3120 Sennaar,
1793 3068 1847 3110 et
1865 3057 2066 3112 Arioch

465 3163 556 3202 rex
587 3147 770 3209 Ponti,
817 3156 873 3200 et
903 3146 1397 3211 (lliodorlabomor,
1429 3162 1524 3202 rex
1573 3148 1959 3218 Elamitarum,
2010 3159 2067 3207 et

2154 1928 2476 1998 pepigerant
2519 1929 2692 1986 ftedus
2739 1947 2864 2008 cum
2896 1933 3116 1988 Abram.
3158 1934 3311 2003 Quo]
3342 1950 3462 1989 cum
3511 1936 3754 1991 audisset

2155 2020 2379 2088 Abram,
2412 2030 2631 2091 eaptum
2664 2023 2920 2080 videlicet
2949 2025 3050 2080 Lot
3086 2026 3310 2081 fratrem
3343 2042 3522 2092 suum,
3559 2043 3752 2084 nume-

2155 2115 2296 2168 ravit
2319 2115 2607 2185 expeditos
2631 2119 2959 2173 vernaculos
2999 2135 3128 2174 suos
3159 2129 3436 2175 trecentos
3467 2120 3656 2176 decem
3700 2129 3756 2176 et

2157 2222 2301 2275 octo,
2353 2216 2408 2264 et
2459 2219 2777 2278 persecutus
2805 2223 2888 2267 est
2923 2223 2946 2251 ο
2974 2229 3070 2268 eos
3101 2229 3270 2284 usque
3303 2216 3436 2269 Dan.
3475 2215 3534 2269 Ει
3565 2215 3756 2270 divisis

2157 2307 2357 2374 sociis,
2405 2310 2558 2364 irruit
2592 2324 2758 2380 super
2785 2324 2881 2366 eos
2911 2322 3070 2367 nocte
3097 2329 3109 2365 :
3143 2313 3523 2382 percussitque
3555 2326 3671 2376 eos,
3701 2321 3760 2367 et

2163 2413 2475 2472 perseeutus
2519 2413 2604 2458 est
2648 2418 2744 2459 eos
2775 2420 2944 2476 usque
2979 2404 3158 2472 lloba,
3190 2421 3310 2475 qum
3343 2415 3426 2461 est
3456 2405 3522 2460 ad
3565 2404 3757 2460 kevam

2162 2498 2430 2553 Damasci.
2470 2497 2816 2570 Reduxitque
2849 2516 3064 2556 omnem
3119 2503 3499 2566 substantiam,
3555 2511 3612 2558 et
3660 2503 3761 2558 Lot

2163 2591 2385 2644 fratrem
2440 2605 2601 2645 suum
2651 2606 2772 2646 cum
2805 2592 3110 2647 subsmntia
3139 2592 3304 2655 illius,
3341 2594 3599 2648 mulieres
3625 2609 3763 2663 quo-

2164 2697 2268 2752 que
2316 2691 2371 2736 et
2422 2682 2698 2752 populum.
2743 2683 3002 2754 Egressus
3031 2693 3110 2739 est
3157 2692 3336 2739 autem
3369 2701 3460 2739 rex
3491 2684 3764 2740 Sodomo-

2166 2791 2287 2829 rutn
2337 2776 2387 2828 in
2435 2789 2722 2830 occursum
2773 2776 2914 2846 ejus,
2963 2783 3250 2846 postquam
3301 2791 3556 2833 reversus
3600 2785 3685 2834 est
3731 2791 3762 2832 ι

2167 2867 2317 2923 caede
2362 2866 2838 2924 Chodorlahomor
2880 2877 2937 2924 et
2985 2885 3173 2940 regum
3208 2872 3296 2941 qui
3329 2885 3450 2924 cum
3483 2885 3550 2926 eo
3603 2878 3764 2926 erant

2170 2965 2222 3018 in
2255 2964 2398 3019 valle
2423 2965 2583 3031 Save,
2615 2982 2732 3034 qum
2765 2975 2849 3020 est
2888 2966 3046 3020 vallis
3077 2967 3239 3035 regis.
3287 2968 3354 3020 At
3382 2979 3511 3020 vero
3544 2965 3768 3021 Melchi-

2171 3057 2353 3120 sedec.
2393 3074 2485 3113 rex
2516 3059 2718 3127 Salem,
2755 3059 3044 3130 proferens
3077 3077 3268 3130 panem
3303 3073 3358 3116 et
3400 3061 3582 3115 vinum
3621 3063 3769 3132 (erat

2171 3155 2315 3208 enim
2347 3155 2602 3209 sacerdos
2653 3153 2746 3209 Dei
2791 3154 3091 3225 altissimi),
3143 3155 3420 3210 benedixit
3448 3156 3531 3223 ei,
3565 3163 3618 3208 et
3649 3155 3764 3209 ait:

463 3240 668 3296 Thadal
690 3283 702 3302 .
739 3255 836 3294 rex
863 3239 1151 3304 Gentium,
1187 3242 1388 3295 inirent
1438 3242 1634 3296 bellum
1684 3251 1873 3299 contra
1903 3244 2062 3313 Bora,
2093 3237 2137 3298 C
2173 3245 2496 3301 Benedictus
2525 3245 2725 3301 Abram
2755 3245 2866 3302 Deo
2895 3247 3138 3309 excelso,
3189 3248 3280 3317 qui
3327 3250 3533 3302 creavit
3567 3246 3768 3302 coelum

463 3347 644 3404 regem
673 3333 1064 3401 Sodonwrum,
1089 3344 1140 3387 et
1169 3342 1357 3388 contra
1391 3333 1557 3388 Bersa
1575 3377 1588 3397 ,
1622 3350 1803 3406 regem
1833 3336 2064 3393 Gomor-

466 3427 614 3493 rlne,
665 3432 720 3480 et
764 3434 956 3480 contra
990 3426 1264 3494 Senuaab,
1292 3440 1474 3496 regem
1505 3425 1745 3492 Adamm,
1793 3438 1844 3483 et
1875 3438 2064 3486 centra

462 3519 748 3583 Semeber,
779 3533 965 3587 regem
1011 3518 1266 3582 Seboim,
1313 3528 1612 3589 contraque
1662 3536 1841 3590 regem
1898 3521 2062 3590 Baiae,

467 3614 583 3681 ipsa
636 3624 720 3667 est
769 3613 962 3682 Segor.
1011 3613 1214 3669 Omnes
1265 3614 1318 3668 bl
1364 3625 1742 3670 convenerunt
1792 3617 1842 3669 in
1874 3618 2063 3674 vallem

469 3706 825 3775 Silvestrem,
874 3723 997 3777 quae
1057 3722 1203 3762 nunc
1248 3719 1332 3764 est
1377 3725 1527 3765 mare
1572 3711 1720 3765 salis.
1773 3711 2064 3768 Duodecim

465 3799 615 3854 enim
648 3799 807 3853 anuis
833 3801 1133 3854 servierant
1173 3799 1662 3870 Chodorlallomor,
1693 3817 1745 3859 et
1779 3808 1943 3862 tertio
1971 3807 2066 3862 dc-

465 3893 612 3946 cimo
640 3908 785 3946 anno
812 3901 1160 3949 recesserunt
1190 3896 1259 3949 ab
1289 3910 1376 3950 eo.
1412 3897 1578 3967 Igitur
1607 3913 1750 3954 anno
1777 3900 2070 3972 quartode-

466 3985 610 4039 cimo
643 3985 785 4039 venit
820 3985 1312 4057 Chodorlahomor,
1356 3996 1410 4043 et
1440 4003 1596 4061 reges
1635 3993 1722 4060 qui
1755 4002 1912 4047 erant
1942 4009 2065 4048 cum

467 4091 534 4133 eo
561 4094 574 4131 :
599 4085 1098 4149 percusseruntque
1129 4079 1394 4152 Raphaim
1425 4081 1478 4136 in
1512 4083 1764 4139 Astaroth
1788 4085 2064 4152 Carnaim,

467 4180 522 4224 et
552 4170 733 4226 Zuzim
766 4171 791 4209 δ
821 4187 944 4228 cum
987 4173 1099 4241 eis,
1131 4182 1186 4228 et
1223 4174 1398 4229 Emim
1440 4177 1490 4230 in
1524 4177 1665 4234 Save
1706 4177 2064 4245 Garlalhaim,

468 4270 526 4315 et
553 4261 843 4318 llorrhmos
876 4263 929 4317 in
960 4264 1236 4319 montibus
1263 4266 1402 4334 Seir,
1435 4283 1605 4338 usque
1637 4269 1702 4323 ad
1727 4268 2066 4340 Campestris

469 4353 718 4418 Pharao,
764 4369 886 4425 quae
925 4357 1088 4412 estin
1118 4358 1432 4414 solitudine.
1469 4360 1801 4432 Reversique
1830 4371 1981 4428 sunt,
2015 4375 2069 4421 et

458 4454 738 4502 venerunt
785 4445 853 4503 ad
903 4447 1109 4504 fontem
1155 4450 1429 4520 MeSphat,
1483 4452 1596 4521 ipsa
1647 4463 1731 4508 est
1773 4452 2069 4512 Cades:et

469 4548 856 4608 percusserunt
899 4555 1115 4596 omnem
1168 4543 1447 4614 regionem
1498 4545 1961 4615 Amalecitarum,
2013 4559 2068 4605 et

2169 3349 2226 3393 et
2259 3348 2481 3406 terram,
2531 3349 2585 3395 et
2625 3340 2944 3396 benedictus
2970 3340 3116 3396 Deus
3146 3341 3417 3406 excelsus,
3452 3356 3560 3410 quo
3589 3349 3771 3408 prote-

2169 3443 2359 3500 gente,
2415 3430 2599 3486 hostes
2647 3431 2702 3486 in
2755 3432 3006 3486 manibus
3056 3433 3161 3488 tuis
3211 3442 3354 3488 sunt.
3411 3433 3477 3488 Et
3525 3433 3673 3488 dedit
3717 3433 3768 3489 ei

2169 3522 2409 3578 decimas
2439 3541 2503 3578 ex
2536 3525 2808 3579 omnibus.
2846 3524 2994 3579 Dixit
3043 3535 3223 3580 autem
3273 3543 3363 3580 rex
3406 3527 3769 3581 Sodomorum

2171 3617 2237 3672 ad
2267 3618 2468 3673 Abram
2516 3637 2529 3670 :
2576 3620 2648 3672 Da
2681 3620 2812 3674 mihi
2847 3620 3078 3684 animas,
3108 3631 3304 3676 uetera
3339 3621 3470 3676 tolle
3520 3621 3635 3674 tibi.
3665 3621 3768 3686 Qui

2172 3711 2450 3780 respondit
2504 3713 2551 3766 ei
2596 3729 2608 3765 :
2661 3711 2806 3767 Levo
2857 3729 3077 3768 manum
3138 3730 3314 3769 meam
3361 3714 3428 3769 ad
3477 3715 3768 3770 Dominum

2172 3805 2344 3860 Deum
2376 3805 2672 3872 excelsum,
2711 3822 3083 3877 possessorem
3113 3808 3238 3864 (διεΙί
3265 3816 3322 3862 ει
3351 3815 3530 3870 terrae,
3561 3806 3708 3878 quod
3737 3821 3771 3863 ι

2173 3897 2262 3952 filo
2306 3898 2668 3969 subtegminis
2719 3916 2887 3969 usque
2937 3901 3004 3956 ad
3049 3902 3345 3972 corrigiam
3400 3901 3610 3972 caliga},
3659 3915 3771 3956 non

2171 3991 2432 4061 accipiam
2473 4005 2542 4046 ex
2580 3993 2840 4048 omnibus
2880 4009 3001 4064 qute
3043 4003 3129 4049 tua
3161 4003 3307 4060 sunt,
3344 4009 3413 4049 ne
3439 3993 3629 4049 dicas:
3657 3993 3773 4064 Ego

2171 4084 2336 4138 ditavi
2377 4082 2578 4140 Abram
2621 4086 2912 4157 :exceptis
2977 4086 3060 4142 his
3116 4101 3235 4156 qum
3285 4088 3640 4142 comederunt
3683 4086 3772 4156 ju-

2173 4191 2369 4244 venes,
2419 4187 2474 4232 et
2522 4179 2761 4248 partibus
2809 4179 3048 4234 virorum
3091 4181 3182 4251 qui
3230 4191 3501 4235 venerunt
3530 4194 3768 4248 mecum,

2174 4274 2340 4338 Aner,
2376 4271 2562 4338 Escol,
2591 4282 2645 4328 et
2672 4272 2915 4330 Mamre:
2943 4273 3030 4328 isti
3062 4275 3330 4344 accipient
3361 4283 3542 4344 partes
3571 4288 3719 4327 suas.

2245 4363 2349 4436 [Τ.
2383 4363 2476 4430 1x,
2513 4365 2574 4419 Β.
2624 4364 2766 4433 χχι,
2798 4363 2859 4420 c.
2897 4366 3141 4430 xxxul,
3175 4366 3303 4439 Cap.
3337 4364 3498 4438 xv.]
3549 4365 3643 4420 His
3692 4365 3772 4422 ita

2173 4461 2480 4523 transactis,
2517 4459 2693 4514 factus
2731 4468 2818 4514 est
2858 4474 3041 4514 sermo
3074 4459 3287 4514 Domini
3329 4457 3396 4514 ad
3426 4459 3648 4514 Abram
3673 4473 3775 4528 per

2173 4552 2460 4620 visionem,
2509 4551 2736 4607 dicens:
2770 4551 2889 4607 Noli
2922 4551 3133 4620 timere,
3178 4552 3378 4607 Abram
3405 4568 3419 4607 :
3445 4565 3550 4620 ego
3583 4560 3775 4620 prme-

472 4634 878 4688 Ammorliazum
909 4633 1001 4704 qui
1038 4635 1317 4690 habitabat
1361 4635 1416 4691 in
1464 4637 1672 4693 Asason
1704 4639 1963 4696 Thamar.
2000 4642 2068 4698 Et
2097 4640 2145 4701 D
2169 4652 2287 4700 ctor
2317 4653 2440 4700 tuus
2468 4659 2609 4710 sum,
2639 4655 2693 4701 et
2724 4661 2932 4702 merces
2961 4656 3050 4702 tua
3083 4663 3273 4719 magna
3299 4646 3490 4702 nimis:
3519 4645 3776 4718 Dixitque

468 4725 677 4794 egressi
726 4735 852 4780 sunt
900 4742 994 4783 rex
1038 4725 1403 4783 Sodomorum
1463 4742 1517 4785 et
1567 4747 1663 4787 rex
1722 4731 2065 4806 Gomorrhm,

538 4912 563 4939 ει
608 4902 664 4958 lu
717 4904 984 4962 Hebraico
1034 4917 1242 4962 tantum
1293 4916 1398 4973 est,
1445 4894 1603 4970 Γιτινὸ
1650 4908 1784 4967 Dea.
1826 4912 1896 4968 Et
1943 4916 2059 4985 ipse

467 4997 631 5074 etiam
669 4996 892 5074 Hieron.
940 4999 995 5074 in
1033 4999 1434 5074 Questionibus
1475 5001 1529 5074 in
1564 5003 1706 5058 hunc
1737 5005 1939 5074 locum,
1973 5023 2060 5062 su-

464 5068 686 5148 perﬂue,
720 5067 911 5148 inquit,
941 5070 1023 5125 hic
1052 5072 1109 5126 in
1131 5071 1481 5148 Septuaginta
1496 5071 1873 5148 Interprctibus
1896 5067 2052 5134 aitdi-

467 5135 574 5213 tnm
593 5145 698 5213 est,
721 5135 774 5195 in
797 5135 1254 5213 'conspecluﬁei.

535 5210 561 5249 ι)
593 5210 823 5287 Ita_p05t
849 5210 994 5268 LXX
1019 5210 1378 5287 interpretes,
1407 5214 1499 5286 qui
1527 5215 1776 5287 legebant
1804 5229 1929 5282 an:
1968 5223 2055 5278 ba-

463 5282 602 5348 ltem,
633 5283 688 5337 id
710 5293 814 5348 est.
844 5301 959 5339 cum
979 5285 1076 5339 eis.
1109 5284 1166 5339 In
1196 5282 1604 5354 Quaestionibus
1625 5299 1804 5346 autem
1832 5294 2054 5349 Hebrai-

464 5357 544 5408 cis
573 5354 766 5409 asserit
795 5356 1158 5431 llieronymus
1185 5359 1417 5431 mediam
1447 5360 1680 5418 litteram
1711 5362 1873 5431 hujus
1907 5366 2053 5422 vocis

458 5435 565 5478 ιιοιι
591 5435 720 5500 esse
741 5437 778 5486 Π
805 5425 886 5500 Ite_,
919 5425 1017 5482 sed
1041 5425 1182 5500 Item,
1209 5444 1271 5483 ac
1302 5429 1585 5500 legendum
1615 5442 1738 5492 an:
1763 5425 1968 5500 b'ahom,
1995 5437 2048 5494 id

457 5506 562 5564 εει,
586 5497 638 5549 in
674 5496 828 5575 ῌοηι.
859 5497 933 5551 Ita
957 5501 1016 5552 ut
1044 5493 1180 5552 Huni
1201 5493 1495 5575 sitno'men
1519 5504 1620 5558 loci
1651 5505 1702 5558 in
1727 5519 1834 5575 quo
1859 5493 2046 5562 Zuiim

459 5569 702 5636 percussi
725 5576 850 5623 sunt
877 5583 907 5621 a
929 5579 1158 5638 quatuor
1179 5570 1413 5636 regibus.
1444 5573 1619 5629 Man'r.

549 5669 579 5678 —
625 5638 987 5724 Hieronymus
1011 5641 1087 5724 ait
1112 5639 1300 5724 Baem,
1325 5657 1420 5712 pro
1442 5658 1545 5714 quo
1574 5647 1597 5717 (
1611 5646 1754 5702 LXX
1770 5649 1787 5718 j
1803 5649 2048 5724 discerent

455 5712 796 5793 ᾆμακαύιςοῖς
845 5711 1074 5793 fractast,
1102 5714 1359 5793 furat-eis,
1406 5711 1907 5793 putave'rnntjscribi
1951 5739 2043 5793 per

454 5777 544 5860 ire,
575 5777 719 5860 ducti
739 5783 973 5860 elementi
995 5777 1489 5860 εἱηιίιὶιιιάὶηεζιὶιηι
1511 5796 1605 5859 per
1631 5790 1762 5847 ltuit
1791 5777 2040 5860 scripturn

453 5855 537 5906 sit.
585 5853 744 5908 Baem
775 5857 909 5907 enim
949 5871 1064 5910 cum
1095 5870 1183 5925 per
1213 5865 1313 5910 tres
1345 5853 1544 5913 litteras
1573 5863 1836 5928 scribitur,
1861 5853 1908 5918 si
1937 5881 2040 5919 me-

2173 4733 2392 4802 Abram,
2424 4739 2655 4796 Domine
2689 4740 2854 4807 Deus,
2882 4741 3014 4812 quid
3043 4741 3200 4798 dabis
3231 4740 3405 4798 mihi?
3442 4756 3544 4813 ego
3570 4739 3772 4795 vadam

2169 4920 2310 4998 diem
2349 4921 2414 4976 be
2452 4923 2629 4998 habet,
2655 4925 3046 4996 interpretatur,
3091 4928 3142 4982 in
3173 4927 3254 4982 eis
3281 4945 3291 4980 :
3322 4927 3365 4981 si
3393 4936 3569 4982 autem
3604 4927 3764 4998 beth,

2167 5003 2222 5046 ut
2244 4993 2586 5068 imminenti,
2611 4993 3091 5068 locumaigniﬁcnt,
3119 5000 3176 5054 id
3218 5010 3313 5063 est,
3339 4998 3391 5054 in
3424 4999 3570 5055 hom.

2244 5075 2265 5102 ο
2300 5065 2356 5120 1η
2385 5067 2610 5122 llebrzno
2644 5065 2910 5140 hodierno
2940 5069 3168 5140 legimus
3195 5073 3311 5126 sine
3336 5071 3656 5138 pronomine
3677 5071 3760 5126 af-

2167 5134 2278 5191 fixo
2305 5146 2361 5223 Π
2383 5147 2454 5202 'iY
2478 5148 2639 5226 ητ-νπ
2678 5139 2943 5213 raiirdoph
2977 5134 3182 5197 (id-dan
3203 5185 3215 5209 ,
3246 5151 3300 5197 et
3333 5134 3652 5213 persecutus
3683 5154 3771 5198 est

2165 5242 2334 5308 usque
2366 5229 2499 5308 Dan.
2529 5229 2670 5308 LXX
2699 5243 2906 5308 autem,
2935 5244 2992 5308 ut
3020 5235 3478 5308 etilieronymus,
3517 5235 3688 5306 Syrus
3714 5244 3772 5291 et

2167 5300 2336 5375 Arabs
2389 5303 2443 5355 in
2487 5303 2599 5357 suis
2644 5306 3050 5375 exi-mplaribus
3086 5300 3367 5361 Hebraicis
3393 5300 3649 5361 videnlur
3689 5307 3769 5362 lc-

2159 5373 2303 5442 gisse
2329 5382 2414 5432 Dn
2437 5380 2550 5434 'tnn
2581 5384 2742 5462 ἾἸἾἿΊ
2779 5373 3051 5450 vuiirdoph
3085 5377 3405 5433 altharrhem
3425 5419 3437 5442 .
3477 5388 3532 5434 et
3572 5394 3766 5448 perse-

2157 5477 2316 5543 cutus
2351 5477 2438 5523 est
2462 5480 2597 5543 Apost
2627 5486 2723 5527 eos
2754 5488 2927 5543 usque
2971 5475 3104 5527 Dan.
3149 5474 3251 5527 Aut
3291 5482 3502 5537 car-171
3539 5474 3769 5529 vaiirde-

2154 5542 2303 5609 phem
2327 5583 2340 5605 ,
2375 5552 2431 5594 ut
2460 5541 2510 5594 in
2539 5546 2787 5612 sequenti
2816 5541 3110 5598 versiculo.
3146 5545 3324 5600 Manr.

2223 5613 2368 5666 —lta
2385 5623 2440 5667 et
2458 5613 2509 5688 in
2536 5613 3043 5688 l_l_ebraicisQu:nst.
3072 5616 3222 5688 legit.
3250 5632 3349 5673 nec
3381 5628 3565 5672 tamen
3594 5617 3765 5672 verbo

2149 5681 2406 5761 admonet
2447 5683 2516 5739 de
2548 5684 2817 5761 Hebraica
2860 5681 3284 5761 lectionefqute
3329 5692 3640 5761 pronomen
3673 5705 3763 5746 eos

2147 5751 2236 5809 hic
2263 5755 2368 5810 loci
2402 5771 2510 5810 non
2544 5757 2814 5827 agnoscit.
