4044 6360
481 334 584 390 185

1493 331 1551 386 S.
1596 326 1976 384 HlEllONYMI
2021 325 2246 382 lllVlN‘A
2290 325 2767 386 BIBLIOTHECA.

3665 333 3777 394 184

476 463 652 514 suam,
685 455 740 504 et
759 447 902 515 risit,
934 446 1123 503 dicens
1152 445 1206 502 in
1222 444 1388 501 corde
1417 459 1518 500 suo
1541 462 1554 499 :
1581 443 1840 511 Putasne,
1884 449 2072 497 cente-
2101 445 2152 505 Α
2180 441 2370 498 ﬁlittnt.
2395 443 2621 515 Negavit
2646 447 2779 502 Sara
2806 443 3016 512 dicens,
3046 444 3164 502 Non
3197 447 3312 514 risi,
3349 448 3544 505 timore
3568 459 3779 520 perter-

477 543 632 598 narie
688 553 942 599 nascetur
979 539 1160 596 ﬁlius?
1201 548 1255 596 et
1291 538 1427 595 Sara
1461 536 1821 609 nonagenaria
1866 533 2076 604 pariet?

476 637 729 707 Dixitque
759 636 826 691 ad
870 637 1036 692 Deum
1069 655 1083 692 :
1114 634 1332 693 Utinam
1372 631 1566 688 [sutael
1611 631 1757 686 vivat
1783 645 1969 685 coram
2000 638 2072 685 te.

479 728 545 782 Et
573 727 648 782 ait
678 728 820 784 Deus
851 727 917 784 ad
937 728 1210 783 Abraham
1240 727 1432 787 :Sara,
1461 739 1598 778 uxor
1626 733 1737 788 tua,
1772 723 1948 792 pariet
1978 721 2073 778 libi

481 821 676 888 illium,
714 821 1040 891 vocabisque
1072 835 1268 875 nomen
1316 818 1434 888 ejus
1463 815 1631 882 Isaac,
1665 825 1720 872 et
1748 816 2074 871 conStituam

478 926 695 986 pactum
738 931 918 972 meum
949 917 1023 970 illi
1053 917 1104 970 itt
1137 915 1314 971 ftedus
1341 913 1754 984 sempiternum,
1801 922 1856 967 et
1881 911 2074 966 semini

479 1010 597 1076 ejus
632 1020 752 1080 post
787 1026 932 1066 eum.
965 1009 1141 1085 Super
1183 1008 1376 1064 lsmaei
1425 1023 1640 1079 quoque
1684 1006 1938 1063 exaudivi
1980 1016 2072 1062 te:

479 1117 630 1167 ecce,
665 1102 977 1159 benedicam
1006 1102 1077 1171 ei,
1107 1111 1163 1157 et
1191 1101 1425 1172 augebo,
1459 1111 1512 1157 et
1541 1099 1915 1172 multiplicabo
1949 1115 2074 1156 eum

479 1197 658 1263 valde,
693 1198 978 1253 duodecim
1008 1198 1174 1253 duces
1200 1199 1501 1269 generabit,
1534 1208 1587 1254 et
1617 1199 1808 1253 faciam
1844 1199 1990 1253 illunt
2019 1198 2073 1254 in

475 1299 692 1360 gentem
740 1306 1013 1362 magnam.
1060 1293 1283 1347 Pactum
1333 1308 1462 1348 vero
1494 1308 1676 1348 meum
1723 1302 1958 1348 statuam
2006 1293 2074 1348 ad

479 1382 649 1449 Isaac,
693 1399 851 1452 quem
896 1383 1066 1453 pariet
1117 1385 1212 1442 tibi
1257 1385 1389 1444 Sara
1433 1397 1678 1457 tempore
1712 1387 1814 1441 isto
1848 1388 1900 1443 in
1932 1403 2075 1443 anno

477 1476 673 1532 altero.
723 1479 965 1548 Cumque
1015 1478 1194 1534 ftnitus
1224 1491 1369 1535 esset.
1417 1495 1599 1536 sermo
1637 1481 1914 1550 loquentis
1951 1497 2072 1537 cum

477 1586 566 1638 eo,
591 1572 833 1628 ascendit
858 1573 1000 1629 Deus
1017 1574 1086 1628 ab
1107 1575 1398 1630 Abraham.
1425 1575 1571 1630 Tulit
1593 1582 1771 1630 autem
1801 1575 2072 1630 Abraham

479 1665 788 1730 lsmaelem,
822 1667 990 1723 filium
1020 1684 1198 1733 suum,
1231 1678 1289 1724 et
1318 1683 1509 1725 omnes
1539 1669 1861 1724 vernaculos
1883 1669 2076 1724 domus

477 1774 610 1821 Sine.
652 1761 1048 1834 UlliVCI‘SOSQUC
1092 1777 1230 1833 QUOS
1260 1771 1488 1830 emerat,
1530 1773 1755 1818 cunctos
1796 1778 1974 1818 mares
2007 1778 2074 1818 ex

2181 539 2303 595 rita.
2333 538 2594 594 Dominus
2637 549 2815 595 autem
2851 539 3004 594 :Non
3035 550 3140 610 est,
3199 541 3391 612 inquit,
3427 543 3531 609 ita;
3571 543 3664 598 sed
3697 545 3776 600 ri-

2179 631 2319 686 sisti.
2351 629 2485 686 Cutn
2533 647 2667 702 ergo
2711 632 3078 688 surrexissent
3123 633 3246 690 inde
3289 636 3414 700 viri,
3453 635 3779 694 direxerunt

2179 722 2371 778 oculos
2415 731 2606 778 contra
2645 722 2964 790 Sodomam,
2993 734 3047 778 et
3077 723 3350 780 Abraham
3380 726 3538 781 simul
3562 727 3780 797 gradie-

2180 814 2362 880 batur,
2391 813 2665 869 deducens
2691 829 2804 871 eos.
2833 814 3084 887 Dixitque
3111 815 3372 872 Dominus
3398 835 3411 872 :
3437 817 3572 874 Num
3601 820 3779 877 celare

2181 916 2374 976 potero
2398 906 2668 962 Abraham
2700 923 2820 979 qua:
2840 916 3092 979 gesturus
3119 923 3238 964 sum
3257 955 3270 979 ,
3300 925 3424 965 cum
3458 911 3669 968 futurus
3708 913 3782 970 sit

2180 1000 2232 1054 in
2263 1011 2477 1070 gentem
2512 1016 2783 1072 magnam,
2833 1016 2897 1057 ac
2945 1002 3402 1071 robustissimam,
3452 1013 3509 1061 et
3554 1005 3780 1062 benedi-

2180 1092 2368 1148 cenda:
2396 1093 2503 1148 sint
2532 1093 2584 1148 in
2621 1095 2709 1149 illo
2731 1110 2921 1150 omnes
2951 1095 3198 1152 nationes
3221 1099 3424 1153 terrm?
3467 1099 3592 1156 Scio
3631 1101 3780 1158 enim

2179 1185 2322 1257 quod
2361 1197 2736 1257 pra-cepturus
2775 1189 2845 1242 sit
2880 1187 3002 1242 [iliis
3043 1192 3177 1255 suis,
3211 1201 3264 1245 et
3298 1191 3484 1246 domui
3513 1207 3626 1248 sua:
3658 1203 3783 1266 post

2180 1295 2257 1345 se,
2293 1290 2347 1336 ut
2381 1280 2698 1336 custodiant
2733 1283 2874 1337 viam
2908 1282 3143 1351 Domini,
3181 1295 3235 1340 et
3277 1287 3476 1342 iaciant
3508 1287 3780 1358 justitiam

2180 1382 2235 1430 et
2258 1374 2544 1445 judicium,
2577 1387 2635 1432 ut
2677 1375 2911 1431 adducat
2958 1378 3218 1434 Dominus
3248 1387 3472 1450 propter
3501 1380 3779 1438 Abraham

2179 1469 2359 1522 omnia
2383 1484 2501 1538 qua:
2523 1468 2736 1523 locutus
2762 1478 2843 1524 est
2867 1469 2932 1523 ad
2951 1485 3096 1525 eum.
3121 1470 3271 1525 Dixit
3290 1471 3472 1543 itaque
3497 1473 3781 1528 Dominus:

2178 1559 2396 1616 Clamor
2425 1561 2783 1618 Sodomorum
2814 1572 2868 1618 et
2905 1562 3343 1620 Gomorrmorum
3389 1565 3783 1636 multiplicatus

2181 1662 2284 1720 est,
2310 1664 2364 1710 et
2395 1665 2676 1726 peccatum
2715 1671 2901 1712 eorum
2944 1669 3291 1730 aggravatum
3333 1669 3417 1716 est
3459 1663 3642 1718 nimis.
3676 1662 3784 1719 De-

2181 1748 2440 1804 scendam
2472 1758 2532 1806 et
2557 1750 2774 1816 videbo,
2825 1761 3006 1807 utrum
3054 1754 3351 1810 clamoretn
3395 1755 3485 1827 qui
3530 1755 3676 1812 venit
3711 1757 3784 1813 ad

479 1853 730 1908 omnibus
774 1854 903 1909 viris
953 1855 1145 1909 domtts
1177 1870 1311 1922 sum,
1356 1864 1410 1909 et
1461 1854 1799 1910 circumcidit
1854 1869 2072 1909 carnem
2105 1848 2154 1908 Β
2181 1858 2288 1910 me.
2338 1859 2508 1914 θΡθΓθ
2537 1844 2929 1916 εοηιριθγοτίιιι
2961 1865 2972 1899 ε
3007 1863 3074 1902 ³η
3105 1863 3211 1903 "0"
3243 1857 3327 1903 εει
3370 1851 3462 1919 ίῑθ,
3497 1860 3554 1904 ιιι
3583 1851 3786 1907 5031""-

481 1945 736 2015 prmputii
767 1961 956 2001 eorum
989 1946 1168 2000 statim
1198 1945 1250 2000 itt
1282 1946 1396 2014 ipsa
1427 1944 1538 2012 die,
1573 1948 1712 2000 sicut
1741 1955 2076 2016 praeceperat

480 2036 530 2092 ei
561 2037 725 2092 Deus.
749 2038 1022 2094 Abraham
1045 2039 1333 2109 nonaginta
1355 2049 1408 2093 et
1439 2053 1632 2094 novem
1663 2048 1781 2094 crat
1809 2054 2073 2094 annorum

479 2129 696 2199 quando
727 2131 1058 2188 circumcidit
1106 2147 1327 2187 carnem
1362 2132 1609 2203 prreputii
1641 2133 1746 2188 sui.
1781 2133 1849 2188 Et
1885 2131 2075 2188 lsmaei

479 2223 623 2279 filius
659 2225 781 2296 ejus
811 2225 828 2298 [
860 2225 1010 2298 Vulg.
1046 2236 1146 2282 tac.
1188 2225 1338 2299 ejus]
1363 2226 1618 2282 tredecim
1655 2241 1830 2280 annos
1878 2225 2074 2296 imple-

481 2330 632 2374 verat
671 2329 924 2390 tempore
965 2319 1398 2375 circumcisiottis
1427 2335 1560 2375 sum.
1611 2319 1810 2374 Eadem
1851 2317 1941 2374 die
1971 2320 2075 2373 cir-

480 2415 756 2470 cumcisus
779 2426 866 2471 est
897 2415 1169 2471 Abraham
1212 2425 1267 2471 et
1299 2415 1489 2471 lsmael
1522 2415 1665 2470 filius
1696 2415 1833 2486 ejus.
1868 2415 1935 2470 Et
1960 2430 2078 2470 om-

483 2524 582 2564 nes
614 2509 718 2563 viri
745 2509 938 2564 domus
962 2510 1126 2576 illius,
1163 2520 1268 2564 tant
1300 2508 1627 2577 vernaculis,
1659 2523 1819 2580 quam
1845 2507 2076 2578 etnptitii

480 2609 538 2656 et
567 2601 888 2674 alienigenae
919 2602 1119 2669 pariter
1147 2601 1454 2657 circumcisi
1488 2611 1634 2656 sunt.

555 2692 651 2766 [Τ.
691 2693 806 2762 xu,
833 2693 892 2748 Β.
918 2693 1162 2763 xxxut,
1197 2691 1258 2749 c.
1300 2693 1521 2759 xxxv,
1553 2692 1684 2764 Cap.
1722 2691 1906 2749 xvut.
1925 2691 1942 2765 J
1967 2693 2078 2764 Ap-

484 2789 662 2858 paruit
689 2799 866 2845 autent
897 2789 945 2845 ei
976 2789 1236 2844 Dominus
1271 2790 1321 2844 itt
1355 2789 1596 2844 convalle
1634 2787 1837 2843 Mamre
1867 2787 2079 2843 sedenti

484 2881 536 2936 in
577 2880 717 2934 ostio
749 2881 1086 2936 tabernaculi
1119 2882 1225 2948 sui,
1261 2883 1312 2936 in
1360 2883 1478 2952 ipso
1508 2881 1724 2937 fervore
1754 2880 1882 2936 diei.
1915 2878 2078 2936 Cum-

482 2987 588 3041 que
618 2973 882 3028 elevasset
911 2973 1126 3042 oculos,
1167 2981 1536 3042 apparuerunt
1565 2973 1614 3027 ei
1661 2981 1770 3027 tres
1797 2972 1898 3026 viri
1928 2980 2080 3027 stan-

488 3072 570 3120 tes
599 3076 828 3136 pr0pter
861 3065 880 3139 [
906 3065 1057 3138 Vulg.
1087 3065 1294 3138 prope]
1335 3081 1480 3133 eum,
1511 3082 1648 3138 quos
1678 3082 1802 3122 cum
1829 3067 2076 3135 vidisset,

483 3160 725 3214 cucurrit
756 3160 807 3213 in
839 3174 1125 3215 occursum
1159 3175 1348 3214 eorum
1375 3159 1442 3216 de
1469 3160 1610 3214 ostio
1637 3161 1994 3226 tabernaculi,
2023 3170 2078 3216 et

2179 1938 2686 2011 Converteruntquc
2715 1955 2775 1996 se
2804 1939 2951 2008 inde,
2982 1949 3039 1997 et
3065 1942 3318 1998 abierunt
3344 1944 3637 2000 Sodomam
3673 1964 3686 2000 :
3715 1946 3788 2001 A-

2179 2035 2404 2091 braham
2433 2050 2562 2091 vero
2589 2035 2764 2091 adhuc
2788 2037 2962 2091 stabat
2991 2052 3173 2093 coram
3205 2038 3460 2094 Domino.
3487 2040 3554 2095 Et
3580 2055 3783 2111 appro-

2181 2127 2444 2198 pinquans
2489 2129 2902 2201 ait:Nuntquid
2935 2132 3357 2202 perdesjusmm
3408 2149 3528 2190 cum
3575 2135 3781 2205 impio?

2181 2218 2237 2276 Si
2284 2220 2488 2277 fuerint
2537 2223 2925 2294 quinquaginta
2967 2224 3101 2295 justi
3147 2227 3198 2280 in
3230 2226 3469 2297 civitate,
3526 2228 3789 2298 peribunt

2179 2313 2367 2384 simul,
2411 2325 2464 2371 et
2511 2331 2621 2370 nou
2654 2331 2845 2388 parces
2883 2318 3000 2374 loco
3033 2319 3105 2374 illi
3138 2332 3360 2391 propter
3390 2321 3787 2392 quinquaginta

2174 2405 2373 2476 justos,
2405 2408 2451 2461 si
2484 2405 2686 2463 fuerint
2727 2408 2782 2462 in
2813 2409 2914 2464 ea?
2940 2409 3099 2466 Absit
3125 2427 3151 2464 a
3199 2423 3273 2481 te,
3308 2421 3365 2468 ut
3396 2429 3510 2469 rem
3540 2414 3676 2469 hanc
3704 2413 3790 2468 fa-

2180 2497 2313 2563 cias,
2345 2507 2397 2553 et
2441 2494 2657 2555 Occidas
2699 2499 2904 2570 justum
2938 2517 3062 2558 cum
3113 2503 3299 2576 impio,
3348 2505 3550 2577 fiatque
3599 2507 3786 2578 justus

2181 2593 2318 2648 sicut
2348 2593 2567 2665 iutpius.
2601 2594 2716 2650 Non
2746 2605 2829 2652 est
2858 2595 2962 2652 hoc
2993 2607 3161 2654 tuum.
3195 2599 3297 2668 Qui
3321 2599 3534 2669 judicas
3560 2616 3786 2655 omnem

2183 2693 2402 2750 terram,
2457 2702 2796 2758 nequaquam
2862 2689 3025 2746 facies
3066 2691 3331 2762 judicium
3387 2691 3594 2765 [Vulg.
3644 2693 3780 2746 add.

2183 2777 2349 2850 hoc].
2387 2779 2635 2850 Dixitque
2666 2779 2926 2837 Dominus
2951 2783 3017 2837 ad
3050 2799 3172 2839 eum
3200 2784 3289 2840 :Si
3317 2785 3580 2840 invenero
3602 2783 3790 2840 Sodo-

2183 2873 2286 2928 mis
2311 2874 2693 2946 quinquaginta
2720 2875 2900 2947 justos
2931 2876 2986 2931 in
3015 2877 3193 2932 medio
3222 2878 3477 2945 civitatis,
3509 2879 3787 2934 dimittam

2183 2965 2328 3019 omni
2379 2967 2500 3021 loco
2533 2978 2754 3037 propter
2799 2983 2917 3024 eos.
2954 2969 3313 3039 Respondeas
3358 2971 3630 3026 Abraham
3659 2971 3734 3026 ait
3769 2988 3785 3026 :

2181 3057 2314 3127 Quia
2345 3061 2514 3116 semel
2564 3061 2726 3131 coepi,
2761 3063 2950 3132 loquar
2998 3064 3064 3120 ad
3097 3064 3381 3120 Dominum
3414 3081 3614 3132 meum,
3656 3082 3789 3121 cum

2182 3153 2284 3206 sim
2307 3152 2476 3222 pulvis
2498 3161 2554 3209 et
2571 3153 2734 3210 ciuis.
2758 3155 2896 3224 Quid
2918 3156 2962 3212 si
2995 3158 3174 3213 minus
3197 3157 3581 3230 quinquaginta
3598 3159 3788 3230 justis,

482 3251 731 3308 adoravit
772 3254 822 3308 in
865 3264 1064 3310 terram
1107 3273 1119 3309 :
1160 3255 1225 3310 Et
1265 3255 1448 3310 dixit:
1492 3252 1753 3318 Domine,
1804 3254 1848 3308 si
1896 3254 2075 3310 inveni

2183 3245 2421 3316 quinque
2447 3246 2682 3303 fuerint?
2709 3249 2943 3318 delebis,
2978 3262 3200 3321 propter
3227 3261 3253 3290 ι
3283 3252 3540 3323 quinque,
3564 3252 3795 3308 univer—

483 3344 712 3413 gratiam
744 3346 794 3399 in
828 3347 1002 3402 oculis
1048 3347 1186 3413 tuis,
1239 3363 1307 3403 nc
1338 3355 1586 3402 transeas
1615 3359 1831 3400 servum
1887 3355 2074 3412 tuum;

485 3437 579 3492 sed
602 3437 822 3494 afferam
853 3439 1153 3509 pauxillum
1181 3455 1354 3509 aquae,
1379 3449 1434 3493 et
1460 3437 1634 3494 lavate
1655 3437 1818 3508 pedes
1842 3448 2074 3506 vestros,

481 3539 537 3585 et
559 3532 882 3600 requiescite
896 3533 994 3587 sub
1007 3533 1222 3588 arbore.
1241 3533 1550 3602 Ponamque
1573 3533 1873 3589 buccellam
1899 3531 2076 3602 panis,

482 3632 539 3676 et
585 3623 891 3680 confortate
922 3639 1019 3678 cor
1062 3635 1324 3689 vestrum,
1377 3632 1566 3694 postea
1609 3624 1954 3680 transibitis:
1998 3622 2080 3677 id-

483 3715 634 3770 circo
658 3716 802 3770 enim
826 3715 1144 3772 declinastis
1175 3716 1244 3771 ad
1269 3732 1485 3772 servum
1515 3726 1773 3772 vestrum.
1801 3717 1902 3782 Qui
1926 3716 2078 3771 dixe-

484 3816 610 3862 runt
641 3826 654 3864 :
690 3808 796 3863 Fac
824 3820 884 3863 ttt
911 3809 1123 3864 locutus
1166 3824 1247 3866 es.
1282 3808 1586 3864 Festinavit
1615 3810 1886 3866 Abraham
1917 3811 1968 3865 itt
2001 3821 2072 3866 ta-

482 3900 836 3957 bernaculum
875 3901 941 3956 ad
975 3901 1190 3968 Saram,
1237 3903 1478 3974 dixitque
1516 3903 1605 3958 ei:
1648 3904 1929 3971 Accelera,
1977 3903 2078 3959 tria

481 4006 598 4050 sata
630 3995 821 4049 similte
867 3995 1194 4062 commisce,
1242 4007 1292 4051 et
1339 3997 1418 4051 fac
1461 3996 1847 4052 subcineritios
1884 4011 2075 4068 partes.

481 4089 606 4160 Ipse
633 4105 761 4144 vero
788 4091 854 4144 ad
887 4100 1282 4146 armamentum
1307 4091 1568 4160 cucurrit,
1599 4103 1652 4146 et
1683 4092 1807 4146 tulit
1835 4091 1960 4148 inde
1998 4091 2082 4148 vi-

487 4183 660 4238 tulum
691 4183 1044 4240 tenerrimum
1078 4194 1133 4240 et
1163 4185 1451 4256 optimum,
1482 4186 1740 4258 deditque
1770 4202 1962 4258 puero,
1987 4191 2076 4259 qui

480 4276 756 4334 festinavit
800 4289 854 4334 et
884 4281 1030 4334 coxit
1082 4279 1252 4335 illum.
1305 4281 1453 4336 Tulit
1496 4295 1710 4352 quoque
1748 4284 1997 4354 butyrum
2027 4293 2082 4340 et

477 4373 583 4438 lac,
615 4383 669 4429 et
703 4373 930 4428 vitulum
961 4389 1119 4443 quem
1152 4384 1397 4441 coxerat,
1436 4384 1490 4430 et
1531 4375 1708 4444 posuit
1750 4389 1931 4431 coram
1959 4377 2077 4432 eis:

479 4465 597 4535 ipse
628 4479 756 4520 vero
781 4465 1124 4536 stabatjuxta
1148 4481 1242 4522 eos
1269 4468 1368 4521 sub
1393 4467 1606 4522 arbore.
1639 4466 1880 4539 Cumque
1899 4483 2083 4524 come-

473 4555 701 4622 dissent,
726 4557 981 4613 dixerunt
1017 4559 1084 4614 ad
1130 4575 1254 4614 eum
1286 4558 1426 4615 :Ubi
1471 4569 1555 4615 est
1585 4559 1744 4629 Sara,
1787 4575 1921 4616 uxor
1950 4562 2080 4616 tua?

471 4648 564 4704 ille
601 4650 922 4720 respondit:
949 4652 1088 4708 Ecce
1134 4653 1186 4706 in
1235 4652 1589 4710 tabernaculo
1635 4663 1738 4707 est.
1771 4651 1866 4708 Cui
1896 4653 2072 4710 dixit:
2105 4637 2156 4700 Ῑ)

476 4741 779 4798 Revertens
802 4746 1013 4799 veniam
1041 4744 1106 4798 ad
1140 4750 1190 4798 te
1214 4753 1456 4816 tempore
1480 4745 1604 4810 isto,
1631 4745 1737 4799 vita
1769 4746 1988 4812 comite,
2021 4757 2076 4802 et

473 4832 696 4890 habebit
727 4835 892 4892 lilium
918 4839 1051 4893 Sara
1077 4852 1214 4891 uxor
1239 4847 1350 4892 tua.
1383 4837 1500 4906 Quo
1542 4835 1749 4902 audito,
1781 4835 1912 4893 Sara
1960 4837 2081 4894 risit

475 4939 600 5001 post
639 4933 834 4986 ostium
870 4931 1223 4988 tabernaculi.
1273 4930 1439 4986 Erant
1476 4939 1657 4987 autem
1704 4931 1866 4986 ambo
1895 4947 2078 5004 senes,

477 5031 854 5095 provectazque
875 5024 1066 5090 :etatis,
1089 5032 1144 5078 et
1160 5023 1438 5083 desierunt
1463 5023 1611 5079 Sara:
1635 5023 1746 5079 fieri
1773 5025 2078 5080 muliebria.

476 5116 609 5185 Qua:
640 5117 760 5172 risit
805 5117 1033 5182 occulte,
1083 5116 1316 5172 dicens:
1347 5111 1639 5187 Postquam
1687 5117 1970 5184 consenui,
2018 5129 2074 5174 et

472 5210 726 5265 dominus
771 5224 926 5264 meus
957 5207 1168 5264 vetulus
1193 5218 1296 5274 est,
1343 5208 1603 5278 voluptati
1639 5223 1860 5278 operam
1891 5209 2070 5264 dabo?

473 5303 621 5358 Dixit
642 5314 822 5360 autem
852 5305 1113 5360 Dominus
1137 5305 1203 5360 ad
1227 5305 1500 5361 Abraham
1524 5306 1732 5373 :Quare
1761 5305 1880 5361 risit
1907 5304 2065 5372 Sara,

469 5394 658 5451 dicens
688 5414 698 5449 :
731 5397 870 5452 Num
901 5414 1028 5454 vere
1055 5399 1293 5469 paritura
1315 5415 1436 5454 sum
1465 5401 1640 5456 anus?
1666 5399 1932 5472 Numquid
1957 5400 2070 5456 Deo

471 5500 556 5546 est
583 5489 873 5562 quidquam
908 5490 1170 5547 difficile?
1196 5492 1350 5562 juxta
1387 5493 1694 5550 condictum
1728 5504 1970 5550 revertar
2000 5493 2069 5549 ad

469 5591 522 5638 te
547 5584 646 5638 hoc
669 5583 862 5639 eodem
911 5593 1181 5655 tempore,
1217 5585 1323 5640 vita
1353 5586 1574 5655 comite,
1607 5595 1663 5643 et
1692 5585 1911 5644 habebit
1935 5586 2070 5643 Sara

539 5793 565 5819 ἰ
607 5783 864 5859 vulgatus
877 5784 1152 5859 interpres
1178 5803 1193 5840 :
1217 5794 1425 5857 propter
1444 5787 1794 5857 quadraginta
1809 5787 2062 5859 quinque,

469 5856 822 5911 dissentiente
850 5856 1080 5913 Ilebrteo
1108 5856 1348 5918 nm.

2181 3352 2294 3391 satn
2325 3338 2554 3394 urbem?
2577 3339 2643 3394 Et
2668 3341 2778 3406 ait;
2811 3340 2928 3396 Non
2951 3341 3162 3410 delebo,
3191 3343 3234 3398 si
3261 3343 3518 3399 invenero
3542 3343 3614 3398 ibi
3651 3358 3795 3414 qna-

2181 3429 2424 3502 dt'aginta
2449 3444 2502 3489 et
2531 3435 2792 3505 quinque.
2821 3435 3165 3508 Rursumque
3195 3437 3406 3494 locutus
3428 3446 3513 3493 est
3539 3438 3605 3493 ad
3632 3453 3794 3498 eum:

2180 3522 2273 3578 Sin
2302 3532 2481 3580 autem
2506 3526 2860 3598 quadraginta
2892 3527 2919 3567 ι)
2945 3528 3148 3584 inventi
3181 3529 3404 3596 fuerint,
3436 3530 3565 3600 qttid
3595 3530 3796 3586 facies?

2182 3616 2273 3671 Ait
2292 3635 2303 3670 :
2322 3617 2436 3672 Non
2465 3621 2762 3690 percutiam
2794 3631 3015 3691 propter
3036 3621 3413 3693 quadraginta.
3444 3622 3544 3688 Ne,
3574 3637 3791 3693 quaeso,

2182 3710 2375 3781 inquit,
2401 3713 2719 3785 indigneris,
2751 3715 3004 3784 Domine,
3027 3717 3070 3771 si
3094 3717 3283 3788 loquar
3307 3735 3321 3770 :
3345 3716 3484 3785 Quid
3511 3718 3554 3772 si
3579 3718 3795 3773 inventi

2183 3802 2385 3860 fuerint
2427 3805 2498 3861 ibi
2532 3805 2791 3877 triginta?
2837 3806 3132 3878 Resltondil
3166 3827 3178 3862 :
3208 3808 3322 3864 Non
3373 3808 3586 3877 faciam,
3619 3809 3665 3864 si
3696 3811 3795 3864 in-

2182 3913 2382 3955 venero
2428 3899 2501 3954 ibi
2551 3902 2793 3973 triginta.
2823 3902 2956 3970 Quia
2991 3903 3184 3970 semel,
3238 3901 3334 3969 ait,
3381 3903 3542 3973 coepi,
3595 3903 3797 3974 loquar

2181 3994 2248 4050 ad
2277 3995 2565 4050 Dominum
2599 4011 2776 4050 meum
2814 4014 2828 4052 :
2859 3994 3000 4064 Quid
3044 3997 3088 4051 si
3133 3995 3341 4051 inventi
3376 3995 3574 4051 fuerint
3605 3995 3676 4050 ibi
3707 3997 3798 4049 vi-

2181 4091 2354 4161 ginti?
2390 4091 2573 4145 Dixit:
2605 4091 2720 4146 Non
2755 4090 3079 4146 interficiam
3108 4101 3332 4162 propter
3361 4091 3573 4162 viginti.
3607 4090 3793 4145 Obse-

2183 4201 2300 4254 cro,
2336 4183 2535 4257 inquit,
2581 4202 2650 4243 ne
2692 4187 2967 4254 irascaris,
3001 4185 3254 4254 Domine,
3301 4185 3345 4240 si
3377 4185 3565 4255 loquar
3606 4183 3795 4240 adhuc

2183 4281 2353 4337 semel
2379 4299 2390 4333 :
2420 4280 2559 4350 Quid
2598 4281 2643 4336 si
2675 4281 2880 4336 inventi
2913 4280 3117 4336 fuerint
3144 4281 3215 4335 ibi
3244 4279 3469 4335 decem?
3504 4278 3571 4334 Et
3611 4277 3746 4332 dixit
3775 4294 3790 4333 :

2184 4373 2299 4430 Non
2322 4373 2518 4430 delebo
2542 4383 2765 4444 propter
2783 4373 2995 4428 decem.
3021 4373 3168 4427 Abiit
3193 4371 3470 4437 Dominus,
3498 4378 3792 4442 postquam

2184 4467 2418 4524 cessavit
2470 4467 2615 4537 loqui
2647 4465 2714 4521 ad
2765 4465 3064 4530 Abraham,
3096 4474 3150 4521 et
3193 4464 3288 4521 ille
3334 4479 3591 4520 reversus
3620 4473 3699 4518 est
3729 4462 3794 4517 in

2186 4561 2361 4617 locum
2389 4575 2568 4616 suum.
3121 4595 3128 4603 -

2253 4653 2344 4728 [Ο.
2380 4652 2622 4720 XXXVI,
2655 4652 2783 4726 Cap.
2823 4651 3008 4726 XlX.]
3037 4651 3423 4723 Veneruntque
3465 4649 3572 4706 duo
3604 4651 3793 4722 angeli

2180 4748 2474 4804 Sodomam
2507 4761 2757 4817 vespere,
2806 4745 3030 4802 sedente
3078 4745 3179 4801 Lot
3200 4747 3251 4800 in
3276 4745 3486 4801 foribus
3515 4743 3788 4799 civitatis.

2181 4843 2285 4912 Qui
2313 4859 2436 4898 cum
2467 4842 2715 4908 vidisset,
2750 4841 2986 4897 surrexit
3015 4839 3213 4913 [ναις.
3247 4839 3372 4895 add.
3400 4838 3570 4911 eos],
3595 4848 3649 4893 et
3684 4839 3788 4893 ivit

2183 4936 2397 4991 obviam
2427 4935 2506 4990 eis
2531 4952 2545 4989 :
2575 4932 2927 5003 adoravitque
2960 4947 3167 5002 pronus
3195 4932 3248 4986 in
3280 4940 3504 4999 terram,
3533 4937 3588 4985 et
3613 4928 3788 4984 dixit:

2182 5027 2450 5090 Obsecro.
2483 5025 2714 5094 domini,
2747 5024 3020 5081 declinate
3069 5023 3121 5079 itt
3153 5023 3374 5079 domum
3405 5024 3556 5095 pueri
3588 5022 3788 5090 vestri,

2176 5131 2232 5180 et
2266 5130 2480 5176 manete
2512 5117 2583 5174 ibi
2616 5135 2629 5172 :
2663 5117 2845 5172 lavate
2877 5116 3042 5187 pedes
3092 5125 3348 5173 vestros:
3379 5127 3432 5170 et
3463 5129 3622 5170 mane
3658 5129 3791 5184 pro-

2179 5212 2491 5271 ficiscemini
2519 5213 2572 5266 in
2600 5213 2746 5266 viam
2771 5219 3029 5270 vestram,
3069 5209 3169 5277 Qui
3194 5209 3459 5264 dixerunt
3494 5225 3506 5262 :
3537 5206 3785 5276 Minime,

2177 5307 2273 5363 sed
2308 5307 2359 5360 in
2390 5304 2570 5375 platea
2604 5303 2971 5357 manebimus.
3023 5299 3300 5373 Compulit
3346 5300 3473 5357 illos
3499 5301 3702 5371 oppido
3726 5308 3790 5354 ut

2178 5399 2514 5456 divertereut
2541 5394 2607 5451 ad
2625 5404 2757 5450 eum
2785 5412 2798 5449 :
2822 5394 3196 5464 ingressisque
3222 5394 3440 5449 domum
3491 5393 3631 5448 illius
3655 5391 3788 5447 fecit

2179 5493 2486 5550 convivium
2508 5531 2522 5556 ,
2554 5491 2702 5546 coxit
2731 5503 2941 5559 azyma,
2975 5498 3029 5542 et.
3075 5489 3451 5543 comederunt.
3497 5486 3657 5541 Prius
3687 5501 3790 5540 au-

2182 5599 2289 5644 tem
2343 5600 2507 5658 quam
2557 5582 2997 5648 ireutcubitum,
3025 5581 3130 5635 viri
3172 5579 3412 5636 civitatis
3441 5578 3787 5635 vallaverunt

2245 5785 2272 5826 ι’
2311 5785 2474 5842 Addit
2502 5791 2555 5839 et
2579 5783 2836 5840 Hebraeus
2863 5793 2980 5851 D117,
3011 5795 3067 5842 et
3097 5785 3311 5860 Vulgat.
3342 5785 3618 5858 interpres
3651 5785 3738 5841 ibi.
