4044 6360
240 362 332 421 183
1597 342 1803 400 LIBER
1845 339 2152 397 GENESIS.

3336 362 3341 371 ι
3421 321 3525 382 186

236 481 437 535 domum
469 490 498 530 a
524 488 697 546 puero
724 485 895 543 usque
916 468 981 525 ad
1013 482 1221 536 senem,
1252 466 1428 521 omnis
1466 463 1698 536 populus
1743 461 1812 515 εἰ·
1843 460 1895 519 Α
1921 459 2193 527 ingressus
2238 464 2322 512 est
2364 454 2553 525 Segor.
2590 448 2684 525 [(3.
2719 448 2985 546 XXAXVII.
3008 446 3036 546 ]⁵
3059 446 3224 519 igitur
3254 445 3523 546 Dominus

238 573 356 629 mni.
393 571 844 638 Vocaveruntque
873 565 998 631 Lot,
1038 572 1092 620 et
1139 562 1395 618 dixerunt
1422 561 1471 615 ei
1506 577 1519 615 :
1554 559 1655 615 Ubi
1703 562 1829 611 sunt

233 666 320 720 viri
354 664 446 734 qui
487 663 818 717 introierunt
857 659 924 714 ad
973 670 1024 712 te
1054 656 1257 713 nocte?
1289 657 1427 711 educ
1468 655 1590 709 illos
1623 652 1746 717 huc,
1772 658 1830 705 ut

232 769 620 827 cognoscamus
642 770 759 808 eos.
793 754 1058 822 Egressus
1101 751 1166 805 ad
1191 764 1286 806 eos
1308 748 1429 814 Lot,
1467 757 1587 817 post
1620 756 1828 812 tergum

232 848 513 906 occludens
562 847 784 907 ostium.
829 845 907 900 ait
936 863 949 899 :
976 844 1175 907 Nolite,
1208 857 1415 913 quieso,
1467 839 1662 894 fratres
1702 836 1829 902 mei,

232 943 386 999 nolite
413 940 619 996 malum
648 940 751 995 hoc
782 937 982 993 facere.
1014 937 1201 991 llabeo
1226 936 1358 990 duas
1386 934 1544 998 filias,
1567 946 1688 1003 qua:
1712 944 1831 984 nec-

228 1037 341 1092 dum
398 1042 775 1105 cognoverunt
834 1030 1290 1087 virumzeducam
1342 1043 1434 1083 eas
1485 1027 1551 1082 ad
1605 1040 1723 1089 vos,
1776 1032 1831 1079 et

228 1132 503 1186 abutimini
539 1131 620 1185 eis
663 1130 806 1184 sicut
850 1125 1120 1199 placuerit
1150 1126 1329 1191 vobis,
1362 1121 1654 1179 dummodo
1698 1120 1830 1175 viris

228 1223 337 1277 istis
384 1221 527 1276 nihil
591 1221 801 1276 faciatis
857 1219 1025 1283 mali,
1069 1218 1192 1289 quia
1246 1215 1475 1287 ingressi
1535 1221 1662 1268 sunt
1728 1212 1830 1267 sub

228 1315 597 1371 umbracuium
654 1313 907 1369 culminis
964 1312 1090 1367 mei.
1136 1314 1205 1366 At
1245 1311 1319 1365 illi
1362 1309 1621 1365 dixerunt
1663 1326 1675 1363 :
1724 1307 1829 1363 lle-

231 1410 355 1465 cede
423 1410 572 1464 illuc.
639 1408 707 1463 Et
761 1423 950 1464 rursus
994 1426 1005 1461 :
1046 1408 1321 1473 ingressus
1380 1420 1475 1471 es,
1536 1403 1825 1474 inquiunt.

227 1511 282 1558 ut
334 1504 581 1567 advena;
638 1501 892 1572 numquid
944 1509 1003 1555 ut
1055 1498 1316 1569 judiees?
1368 1508 1418 1553 te
1477 1512 1606 1566 ergo
1651 1496 1827 1565 ipsum

234 1595 398 1665 magis
444 1609 601 1664 quam
647 1593 745 1648 hos
791 1593 1109 1663 affligemus.
1140 1592 1365 1662 Vimque
1416 1590 1680 1645 faciebant
1732 1589 1832 1645 Lot

226 1686 746 1742 vehementissime:
785 1686 894 1755 jam
942 1701 1109 1755 prope
1152 1692 1307 1739 erant
1358 1682 1560 1755 [Vulg.
1612 1683 1829 1754 jamque

226 1780 376 1853 erat]
408 1792 466 1836 ut
490 1782 847 1853 infringerent
871 1780 1039 1837 fores.
1075 1781 1141 1835 Et
1170 1796 1297 1837 ecce
1322 1782 1587 1837 miserunt
1611 1795 1827 1835 manum

1934 552 2067 622 pluit
2123 566 2288 621 super
2337 548 2631 605 Sodomam
2678 554 2734 600 et
2790 542 3149 600 Gomorrham
3191 540 3418 609 sulphur
3471 544 3527 595 et

1931 645 2108 715 ignem
2141 658 2169 697 a
2202 643 2433 697 Domino
2456 638 2523 695 de
2552 639 2721 704 caelo,
2753 645 2807 692 et
2834 635 3101 691 subvertit
3131 633 3378 688 civitates
3405 630 3522 697 has,

1932 746 1986 791 et
2014 750 2230 791 onmem
2256 734 2400 789 eirea
2432 732 2727 803 regionem,
2760 728 3043 783 universos
3076 725 3404 779 habitatores
3435 738 3531 776 ur-

1933 830 2099 896 bium,
2133 840 2187 885 et
2215 836 2407 883 cuncta
2452 837 2614 880 terra:
2643 823 2894 879 virentia.
2928 819 3355 890 ReSpiciensque
3392 831 3529 871 uxor

1933 924 2050 993 ejus
2074 933 2195 995 post
2218 937 2299 990 se,
2326 935 2488 976 versa
2511 928 2593 974 est
2626 919 2677 974 in
2709 928 2943 973 statuam
2978 914 3128 971 salis.
3161 910 3257 985 [Β.
3291 908 3526 981 ΧΧΙΜ

1933 1017 2204 1072 Abraham
2230 1025 2409 1069 autem
2440 1026 2777 1083 consurgens
2802 1023 2985 1073 mane,
3011 1007 3103 1061 ubi
3127 1014 3356 1061 steterat
3380 1003 3529 1073 prius

1932 1125 2053 1165 cum
2091 1109 2341 1174 Domino,
2367 1105 2595 1162 intuitus
2625 1111 2708 1158 est
2735 1102 3027 1159 Sodomam
3057 1108 3113 1155 et
3142 1094 3525 1161 Gomorrham,

1934 1214 1987 1259 et
2011 1204 2317 1259 universam
2349 1211 2546 1256 terram
2579 1197 2816 1269 regionis
2846 1195 3026 1250 illius:
3060 1192 3303 1261 viditque
3333 1204 3530 1244 ascen-

1933 1298 2148 1353 dentem
2185 1295 2419 1351 favillam
2451 1293 2518 1349 de
2542 1304 2685 1348 terra
2706 1289 2857 1359 quasi
2880 1285 3115 1344 fornacis
3142 1284 3370 1339 fumum.
3393 1280 3528 1336 Cum

1933 1393 2075 1448 enim
2107 1391 2449 1445 subverteret
2487 1387 2629 1440 Deus
2658 1382 2911 1439 civitates
2953 1378 3188 1450 regionis
3237 1376 3414 1441 illius,
3445 1388 3530 1428 te-

1933 1488 2185 1542 cordatus
2211 1494 2295 1539 est
2322 1481 2573 1544 Abrahm,
2599 1489 2653 1533 et
2672 1475 2919 1531 liberavit
2947 1473 3050 1528 Lot
3076 1471 3143 1527 de
3174 1468 3528 1527 subversione

1934 1580 2147 1634 urbium
2180 1577 2234 1631 iu
2264 1575 2458 1647 quibus
2503 1572 2861 1627 habitaverat.
2889 1566 2991 1639 [T.
3025 1560 3210 1635 Xlll.]
3244 1560 3530 1619 Ascendit-

1933 1674 2038 1743 que
2066 1673 2167 1728 Lot
2193 1671 2260 1727 de
2287 1670 2478 1740 Segor,
2517 1676 2571 1723 et
2602 1664 2800 1723 mansit
2831 1663 2887 1718 in
2914 1670 3099 1717 monte
3120 1703 3135 1727 ,
3165 1658 3290 1713 dua:
3318 1669 3531 1725 quoque

1936 1766 2061 1822 filim
2090 1766 2209 1836 ejus
2235 1780 2357 1820 cum
2390 1777 2456 1819 eo
2488 1762 2772 1833 (timuerat
2795 1757 2938 1812 enim
2972 1768 3194 1810 manere
3219 1751 3272 1807 in
3304 1748 3533 1821 Segor),

224 1876 340 1940 viri,
393 1885 451 1931 et
503 1875 924 1930 introduxerunt
982 1874 1048 1929 ad
1100 1888 1158 1930 se
1212 1874 1349 1939 Lot,
1406 1874 1824 1942 clauseruntque

1936 1870 1988 1916 et
2016 1860 2211 1914 mansit
2234 1859 2287 1912 in
2319 1855 2574 1928 spelunca
2607 1854 2741 1923 ipse,
2774 1850 2969 1907 etdua:
2993 1847 3117 1902 filia:
3148 1846 3264 1915 ejus
3292 1859 3417 1899 cum
3439 1856 3526 1898 eo.

226 1971 446 2035 omium,
475 1980 529 2025 et
553 1985 669 2034 eos,
694 1966 784 2041 qui
813 1978 967 2025 erant
991 1970 1143 2038 foris,
1174 1978 1559 2039 percusserunt
1584 1966 1826 2023 cmcitatc

226 2081 250 2118 a
273 2064 501 2119 minimo
531 2080 700 2135 usque
723 2065 788 2118 ad
818 2064 1137 2131 maximum,
1164 2063 1235 2118 ita
1270 2072 1329 2119 ut
1358 2063 1554 2117 ostium
1585 2062 1827 2117 invenire

228 2174 324 2212 non
358 2167 617 2229 possent.
644 2157 905 2212 Dixerunt
929 2168 1108 2211 autem
1138 2156 1202 2212 ad
1230 2155 1364 2211 Lot:
1393 2156 1570 2211 Habes
1593 2154 1681 2209 hic
1710 2165 1828 2208 tuo-

228 2265 337 2305 rum
392 2248 741 2319 quempiam?
793 2264 1092 2319 generum,
1143 2257 1234 2303 aut
1282 2248 1453 2310 filios,
1510 2255 1602 2301 aut
1648 2244 1822 2310 filias,

227 2360 437 2412 omnes,
471 2346 562 2415 qui
594 2344 668 2400 tui
699 2352 824 2398 sunt
850 2388 865 2412 ,
915 2344 1052 2400 educ
1091 2342 1159 2399 de
1190 2343 1323 2399 urbe
1354 2342 1455 2396 hac
1481 2359 1494 2396 :
1520 2339 1826 2396 delebimus

228 2444 362 2499 enim
400 2443 579 2498 locum
608 2443 792 2509 istum,
826 2457 890 2495 eo
912 2441 1057 2513 quod
1082 2440 1369 2495 increverit
1401 2438 1609 2493 clamor
1636 2452 1823 2493 eorum

233 2552 417 2590 coram
475 2535 742 2603 Domino,
776 2534 866 2601 qui
916 2534 1063 2588 misit
1094 2548 1191 2588 nos
1236 2542 1296 2588 ut
1334 2531 1621 2603 perdamus
1671 2529 1824 2584 illum

231 2624 434 2700 [ναις.
466 2626 635 2699 illos].
672 2626 937 2697 Egressus
978 2625 1159 2696 itaque
1203 2624 1335 2689 Lot,
1381 2626 1597 2680 locutus
1639 2632 1721 2678 est
1759 2622 1825 2677 ad

230 2736 461 2789 generos
491 2734 644 2787 suos,
673 2721 763 2790 qui
788 2721 1063 2790 accepturi
1088 2728 1243 2776 erant
1270 2720 1406 2774 filias
1425 2719 1564 2790 ejus,
1588 2719 1821 2774 ctdixit:

228 2810 469 2883 Surgite,
506 2812 830 2883 egredimini
870 2812 939 2867 de
981 2812 1107 2867 loco
1140 2812 1281 2868 isto:
1320 2811 1443 2881 quia
1476 2811 1679 2867 delebit
1721 2811 1827 2865 Do-

230 2907 408 2962 minus
440 2907 713 2962 civitatem
750 2906 909 2963 hanc.
948 2908 1013 2962 Et
1044 2909 1191 2962 visus
1227 2916 1310 2962 est
1342 2907 1424 2963 eis
1454 2907 1608 2977 quasi
1638 2905 1827 2963 ludens

228 3000 395 3071 loqui.
442 2999 688 3071 Cumque
734 3010 881 3057 esset
911 3016 1091 3065 mane,
1136 3000 1399 3071 cogebant
1445 3015 1567 3057 eum
1607 3000 1826 3070 angeli,

228 3092 511 3147 dicentes:
541 3094 747 3163 Surge,
782 3094 911 3149 tolle
965 3108 1185 3149 uxorem
1238 3101 1382 3147 tuam
1432 3102 1487 3148 et
1516 3093 1649 3147 duas
1692 3094 1828 3148 ﬁlias

230 3187 597 3257 quasliabes:
627 3201 697 3243 ne
725 3195 781 3242 et
807 3198 861 3241 tu
896 3187 1096 3255 pariter
1132 3201 1327 3256 pereas
1359 3187 1409 3239 iu
1442 3186 1651 3241 scelere
1695 3186 1829 3240 civi-

1935 1953 2181 2022 Dixitque
2211 1950 2385 2020 major
2409 1949 2474 2004 ad
2503 1948 2769 2003 minorem
2798 1964 2808 1998 :
2840 1944 3002 2001 Pater
3026 1951 3215 1997 noster
3236 1954 3403 1995 senex
3423 1947 3527 2003 est,

1931 2057 1985 2102 et
2014 2045 2192 2099 nullus
2216 2043 2451 2098 virorum
2479 2039 2741 2097 remansit
2767 2039 2817 2093 in
2846 2048 2988 2093 terra
3008 2036 3097 2107 qui
3122 2034 3295 2107 possit
3322 2030 3531 2102 ingredi

1933 2139 1999 2194 ad
2033 2154 2132 2192 uos
2155 2138 2307 2207 juxta
2341 2151 2548 2191 morem
2582 2135 2849 2189 universa:
2886 2140 3064 2187 terras.
3092 2128 3264 2197 Veni,
3294 2125 3533 2181 inebrie-

1930 2248 2049 2289 mus
2080 2248 2203 2287 eum
2232 2232 2363 2285 vino
2387 2272 2401 2297 ,
2433 2230 2873 2298 dormiamusque
2904 2240 3026 2281 cum
3063 2237 3159 2285 eo,
3205 2229 3264 2275 ut
3304 2232 3531 2275 servare

1929 2327 2202 2399 possimus
2244 2341 2312 2382 ex
2356 2333 2504 2396 patre
2546 2333 2734 2379 nostro
2784 2335 2993 2377 semen.
3026 2317 3303 2373 Dederunt
3350 2314 3530 2385 itaque

1931 2423 2066 2493 patri
2090 2435 2187 2475 suo
2212 2421 2396 2475 bibere
2422 2420 2603 2474 vinum
2628 2426 2787 2472 nocte
2810 2415 2898 2469 illa
2922 2432 2936 2467 :
2960 2413 3025 2468 Et
3044 2413 3287 2483 ingressa
3309 2415 3393 2464 est
3414 2421 3529 2462 ma-

1927 2515 2039 2587 jor,
2068 2514 2429 2585 dormivitque
2462 2528 2586 2568 cum
2618 2521 2801 2582 patre:
2837 2516 2892 2563 at
2920 2508 3010 2563 ille
3050 2520 3157 2561 non
3186 2504 3358 2560 sensit
3382 2542 3395 2566 ,
3431 2515 3532 2556 nec

1938 2608 2153 2681 quando
2185 2606 2436 2661 accubuit
2467 2605 2572 2659 filia
2597 2646 2611 2670 ,
2640 2618 2739 2658 uec
2778 2600 2992 2673 quando
3041 2597 3300 2653 surrexit.
3346 2593 3533 2650 Altera

1937 2718 2151 2775 quoque
2191 2702 2279 2758 die
2318 2701 2458 2756 dixit
2487 2701 2661 2770 major
2691 2698 2758 2753 ad
2794 2696 3060 2752 minorem
3090 2712 3101 2747 :
3134 2694 3272 2748 Ecce
3298 2687 3531 2744 dormivi

1931 2795 2044 2851 heri
2070 2811 2189 2850 cum
2223 2804 2377 2866 patre
2409 2808 2530 2848 meo
2556 2835 2571 2860 ,
2612 2791 2801 2847 demus
2833 2789 2881 2844 ei
2925 2788 3113 2843 bibere
3152 2785 3335 2840 vinum
3366 2784 3529 2838 etiam

1931 2890 2033 2944 hac
2059 2900 2246 2953 nocte,
2287 2896 2342 2944 et
2380 2886 2620 2942 dormies
2652 2900 2775 2941 cum
2809 2870 2876 2939 eo
2901 2924 2914 2949 ,
2946 2890 3003 2935 ut
3046 2879 3319 2934 salvemus
3344 2889 3531 2931 semen

1931 2982 1997 3037 de
2020 2990 2170 3053 patre
2194 2990 2400 3035 nostro.
2433 2978 2707 3034 Dederunt
2730 2985 2784 3031 et
2812 2974 2898 3029 illa
2928 2980 3087 3028 nocte
3115 2968 3251 3041 patri
3269 2966 3296 3005 ι)
3320 2966 3530 3033 vinmu,

1932 3073 2285 3145 ingressaquc
2309 3072 2491 3126 minor
2514 3070 2642 3137 lilia,
2667 3068 2922 3124 dormivit
2942 3080 3064 3121 cum
3089 3078 3177 3131 eo,
3208 3072 3382 3117 etnec
3406 3072 3534 3114 tunc

1932 3168 2149 3237 quidem
2179 3166 2350 3223 sensit
2392 3165 2610 3238 quando
2658 3162 3051 3227 concubuerit,
3088 3158 3173 3213 vel
3199 3155 3414 3228 quando
3445 3154 3534 3209 illa

229 3281 370 3335 tatis.
401 3279 786 3334 Dissimulante
816 3280 931 3340 illo.
952 3277 1434 3349 appreltenderunt
1453 3294 1669 3332 manum
1690 3277 1827 3348 ejus,

1936 3262 2251 3317 surrexerit.
2279 3261 2662 3333 Conceperunt
2688 3272 2819 3328 ergo
2848 3255 2973 3311 dua:
2996 3254 3119 3309 lilia:
3150 3253 3252 3308 Lot
3282 3251 3350 3307 de
3380 3260 3533 3319 patre

230 3380 279 3426 et
310 3388 532 3426 manum
562 3372 777 3441 uxoris,
804 3387 866 3427 ac
897 3370 1126 3426 duarum
1152 3370 1383 3426 filiarum
1408 3371 1558 3441 ejus,
1594 3386 1659 3425 eo
1684 3368 1827 3441 quod

234 3475 484 3534 parceret
514 3466 771 3520 Dominus
805 3466 902 3520 illi.
940 3465 1003 3519 Et
1030 3466 1334 3521 eduxerunt
1362 3480 1483 3521 eum
1505 3508 1519 3530 ,
1550 3475 1604 3519 et
1636 3479 1831 3536 posue-

234 3570 351 3612 runt
420 3566 571 3613 extra
616 3558 909 3615 civitatem.
939 3560 1012 3614 lbi
1048 3568 1071 3597 α
1097 3559 1312 3615 locutus
1342 3568 1425 3614 est
1468 3560 1733 3615 Dominus
1762 3559 1828 3617 ad

228 3664 345 3705 eum
374 3666 390 3703 :
424 3650 587 3707 Salva
616 3651 852 3706 animam
888 3662 1031 3706 tuam
1061 3671 1074 3708 :
1106 3653 1217 3708 noli
1252 3652 1532 3723 respicere
1559 3662 1681 3723 post
1722 3663 1830 3708 ter-

230 3759 375 3814 gum,
401 3760 501 3799 nec
539 3753 653 3799 stes
680 3745 732 3799 in
764 3746 913 3800 omni
941 3746 1080 3801 circa
1119 3748 1341 3817 regione
1370 3765 1383 3801 :
1433 3745 1527 3801 sed
1562 3746 1613 3800 in
1647 3755 1831 3802 monte

234 3838 441 3893 salvum
473 3848 524 3893 te
555 3837 669 3904 fac,
706 3853 773 3894 ne
811 3849 866 3893 et
906 3848 962 3892 tu
992 3839 1155 3894 simul
1201 3854 1413 3908 pereas.
1449 3838 1695 3907 Dixitque
1729 3837 1831 3893 Lot

229 3930 289 3985 ad
316 3945 416 3987 eos
440 3949 454 3985 :
482 3931 704 3999 Quazso,
735 3930 967 3987 Domine
997 3932 1092 3997 mi,
1119 3931 1240 4002 quia
1266 3932 1470 3988 invenit
1497 3946 1684 3986 servus
1710 3942 1830 3987 tuus

229 4025 448 4093 gratiam
470 4039 656 4079 coram
682 4032 755 4089 te,
778 4034 831 4079 et
856 4024 1209 4094 magnilicasti
1234 4023 1659 4079 misericordiam
1684 4033 1829 4078 tuam

228 4131 379 4187 quam
416 4117 596 4172 fecisti
629 4131 864 4181 mecum,
888 4127 947 4170 ut
969 4118 1213 4171 salvares
1239 4117 1473 4171 animam
1508 4131 1706 4181 meam,
1731 4131 1833 4172 nec

228 4223 445 4277 possum
481 4210 531 4263 in
564 4218 749 4264 monte
781 4208 1014 4274 salvari,
1056 4223 1124 4263 ne
1166 4209 1308 4264 forte
1343 4208 1715 4278 apprehendat
1745 4222 1832 4263 me

232 4304 428 4355 malum
458 4346 474 4369 ,
511 4310 566 4355 et
606 4304 807 4355 moriar
836 4320 847 4354 :
880 4301 975 4355 Est
1002 4300 1196 4355 civitas
1218 4299 1333 4354 haec
1358 4300 1510 4369 juxta
1531 4342 1545 4366 ,
1580 4300 1648 4354 ad
1670 4315 1829 4370 quam

233 4405 449 4461 possum
482 4391 668 4463 fugere
691 4436 706 4460 ,
741 4406 907 4462 parva
934 4434 948 4459 ,
977 4402 1029 4447 et
1062 4392 1318 4447 salvabor
1347 4392 1400 4445 in
1437 4408 1533 4448 ea:
1568 4391 1830 4464 numquid

233 4497 331 4538 non
364 4483 585 4539 modica
622 4492 737 4549 est,
783 4492 837 4538 et
865 4484 1009 4539 vivet
1049 4484 1228 4539 anima
1267 4484 1426 4539 mea?
1467 4484 1718 4555 Dixitque
1764 4484 1830 4539 ad

235 4590 347 4630 eum
378 4595 390 4629 :
426 4576 574 4632 Ecce
603 4578 765 4631 etiam
791 4578 843 4631 in
869 4578 972 4632 hoc
1000 4578 1215 4648 suscepi
1243 4593 1433 4649 preces
1462 4587 1601 4647 tuas,
1634 4587 1692 4633 ut
1723 4595 1828 4634 non

1932 3371 2051 3411 suo.
2087 3356 2409 3425 Pcperitque
2442 3355 2614 3424 major
2645 3352 2837 3417 filium,
2868 3360 2923 3406 et
2950 3348 3165 3404 vocavit
3194 3361 3392 3401 nomen
3416 3344 3535 3413 ejus

1931 3448 2124 3513 Moab:
2158 3448 2276 3516 ipse
2302 3456 2388 3502 est
2420 3455 2571 3515 pater
2600 3444 2956 3499 Moabitarum
2992 3455 3165 3511 usque
3198 3439 3251 3493 in
3291 3451 3531 3507 praesen-

1933 3551 2039 3599 tem
2070 3541 2239 3598 diem.
2282 3542 2457 3596 Minor
2492 3555 2709 3611 quoque
2737 3538 2949 3609 peperit
2980 3535 3176 3594 filium.
3221 3544 3274 3588 et
3322 3529 3535 3586 vocavit

1932 3648 2167 3692 nomenc
2203 3638 2464 3700 Ammon,
2491 3634 2541 3689 id
2571 3642 2655 3689 est
2676 3675 2691 3699 ,
2722 3632 2865 3687 filius
2896 3628 3080 3701 populi
3124 3627 3229 3683 mei
3261 3644 3274 3682 :
3307 3626 3423 3696 ipse
3454 3630 3539 3678 est

1932 3742 2085 3806 pater
2113 3732 2550 3786 Ammonitarum
2584 3743 2756 3799 usque
2789 3726 2969 3781 hodie.

2005 3821 2287 3895 [T.x1v,
2320 3822 2381 3876 Β.
2414 3819 2598 3885 xxv,
2630 3818 2693 3873 ο.
2727 3812 3026 3883 xxxvnt,
3062 3812 3189 3885 Cap.
3222 3810 3382 3883 xx]
3408 3810 3540 3865 Pro-

1932 3916 2107 3972 fectus
2139 3916 2263 3971 inde
2295 3915 2574 3971 Abraham
2609 3913 2659 3968 in
2694 3900 2894 3967 terram
2924 3908 3238 3973 australem,
3272 3903 3538 3959 habitavit

1934 4013 2077 4069 inter
2101 4010 2277 4067 Cades
2308 4020 2362 4066 et
2409 4012 2513 4066 Sur
2534 4051 2548 4075 ,
2591 4018 2645 4063 et
2674 4004 3053 4078 peregrinatus
3093 4010 3177 4057 est
3210 4002 3262 4054 in
3290 3998 3535 4056 Geraris.

1934 4107 2190 4178 Dixitque
2236 4106 2305 4161 de
2349 4105 2479 4162 Sara
2514 4119 2681 4158 uxore
2711 4116 2849 4156 sua:
2883 4100 3054 4157 Soror
3098 4112 3216 4153 mea
3264 4105 3367 4152 est.
3399 4093 3542 4149 Misit

1934 4218 2062 4273 ergo
2108 4199 2420 4259 Abimelech
2468 4212 2565 4252 rex
2614 4195 2857 4259 Geram,
2910 4204 2964 4249 et
3018 4192 3140 4247 tulit
3187 4204 3329 4245 eam.
3382 4187 3544 4244 Venit

1933 4306 2112 4351 autem
2145 4296 2285 4349 Deus
2310 4293 2375 4349 ad
2400 4290 2723 4348 Abimelech
2754 4305 2848 4360 per
2875 4288 3146 4344 somnium
3175 4293 3360 4350 nocte,
3391 4293 3443 4337 et
3467 4282 3542 4337 ait

1935 4392 2008 4446 illi
2042 4407 2057 4446 :
2094 4391 2171 4445 En
2218 4389 2469 4445 morieris
2513 4398 2737 4459 propter
2778 4385 3064 4440 mulierem
3108 4396 3270 4453 quam
3322 4376 3537 4432 tuliSti:

1934 4484 2099 4541 habet
2140 4487 2286 4539 enim
2333 4484 2533 4538 virum.
2590 4478 2904 4537 Abimelech
2950 4491 3085 4533 vero
3136 4489 3244 4529 non
3296 4472 3544 4541 tetigerat

1935 4594 2077 4646 cam,
2122 4588 2177 4634 et
2224 4579 2340 4634 ait:
2375 4577 2624 4643 Domine,
2668 4590 2795 4630 num
2826 4581 3041 4644 gentem
3096 4571 3439 4639 ignorantem
3486 4573 3541 4619 et

232 4671 539 4727 subvertam
564 4671 755 4727 urbem
790 4686 886 4741 pro
912 4687 1016 4742 qua
1048 4672 1259 4727 loeutus
1286 4686 1364 4727 es.
1396 4672 1620 4727 Festina
1647 4681 1701 4727 et
1726 4674 1832 4728 sal-
1858 4673 1912 4733 D
1932 4674 2129 4745 justam
2158 4671 2491 4728 interfieies?
2518 4670 2709 4725 Nonne
2732 4669 2846 4738 ipse
2868 4666 3008 4721 dixit
3034 4662 3167 4718 mihi
3195 4680 3206 4713 :
3229 4661 3400 4717 Soror
3422 4673 3541 4713 mea

233 4777 351 4819 vare
388 4763 487 4832 ibi,
528 4765 655 4835 quia
703 4778 810 4819 non
852 4774 1040 4835 potero
1092 4764 1271 4819 facere
1320 4764 1611 4834 quidquam
1652 4764 1825 4819 donec

237 4856 552 4926 ingrediaris
584 4857 738 4913 illud.
777 4857 981 4912 Idcirco
1026 4866 1272 4911 vocatum
1306 4865 1387 4911 est
1434 4872 1632 4912 nomen
1679 4857 1827 4911 urbis

233 4950 372 5006 illius
401 4950 597 5021 Segor.
643 4950 734 5008 Sol
767 4966 1019 5021 egressus
1054 4961 1138 5008 est
1177 4967 1343 5021 super
1387 4962 1615 5020 terram,
1647 4962 1698 5006 et
1730 4949 1830 5006 Lot

302 5118 327 5146 "
364 5109 475 5165 Pro
501 5111 608 5175 his,
652 5108 736 5165 Ibi
784 5111 985 5165 loculus
1012 5125 1085 5167 est
1115 5108 1368 5165 Dominus
1412 5110 1481 5163 ad
1524 5125 1639 5163 eum
1666 5153 1680 5177 ,
1728 5110 1832 5164 Hc-

238 5181 413 5277 bracus
438 5184 654 5277 Jbabet,
687 5181 986 5277 Et‘fa'ctum
1009 5194 1083 5236 est
1108 5223 1122 5243 ,
1150 5199 1265 5236 cum
1296 5182 1387 5264 illi
1416 5180 1714 5277 eduxissnt
1746 5199 1831 5277 eos

239 5256 398 5323 foras,
431 5254 585 5319 dixit,
612 5266 717 5308 etc.
753 5253 1012 5324 Vulgatus
1039 5268 1252 5324 quoque
1295 5254 1567 5323 interpres
1595 5254 1831 5321 abludit,

240 5324 416 5393 Ibique
444 5326 605 5379 locuti
630 5335 749 5379 sunt
776 5326 844 5378 ad
872 5342 988 5379 eum
1021 5326 1262 5387 dicentes.
1296 5334 1403 5379 etc.

304 5399 331 5437 δ
370 5397 590 5450 Addunt
613 5396 1065 5451 Hebrmustextus
1088 5408 1141 5449 et
1164 5395 1373 5465 Vulgat.
1401 5396 1833 5463 iuterpres,suo.

310 5476 331 5501 τ
371 5468 575 5522 Nomen
614 5469 831 5522 Ammon
856 5469 1125 5523 excidisse
1146 5468 1361 5522 videtur
1380 5483 1446 5522 ex
1481 5468 1707 5522 Hebrteu
1736 5467 1835 5520 lio-

241 5537 428 5592 dieruo
459 5558 472 5592 :
506 5555 629 5593 nam
676 5538 979 5607 Benammi,
1027 5540 1171 5608 quod
1222 5549 1404 5594 exstat
1447 5541 1497 5592 in
1544 5537 1829 5603 Hebraico,

245 5626 347 5663 non
376 5618 459 5664 est
487 5626 680 5666 nomen
723 5611 900 5681 ipsum
922 5654 937 5679 ,
971 5612 1067 5666 sed
1099 5612 1148 5665 in
1176 5625 1243 5665 eo
1274 5610 1428 5681 quasi
1455 5610 1830 5681 eausareddi‘o

246 5689 360 5807 Eg,
397 5697 493 5807 {lar
534 5680 758 5737 Ammon
782 5693 1006 5738 vocatus
1044 5682 1206 5739 fuerit
1244 5682 1389 5737 filius
1438 5680 1664 5737 minoris
1707 5680 1831 5736 filiae

325 5762 363 5806 ι.
444 5768 570 5807 ΛΒΤ.

325 5762 363 5806 ι.
397 5762 570 5810 MART.

316 5823 499 5898 —Non
531 5835 615 5898 est
645 5825 698 5880 in
728 5824 1288 5898 llebrreo"archetypo
1309 5826 1415 5881 hoc
1451 5841 1651 5898 nomen
1681 5844 1693 5880 :
1735 5825 1830 5881 sed

250 5902 447 5952 tantum
481 5896 674 5965 habet,
703 5905 802 5959 ’ΞΝ
832 5905 934 5957 ΝἸΠ
959 5905 1069 5962 ’72?
1095 5906 1154 5985 Ρ
1180 5896 1307 5958 im
1332 5907 1514 5985 stan
1540 5915 1553 5953 :
1589 5897 1655 5955 Et
1676 5916 1827 5955 rora-

1935 4776 2035 4833 est,
2084 4777 2140 4822 et
2178 4767 2289 4836 ipsa
2339 4764 2456 4820 ait:
2491 4763 2685 4819 Frater
2721 4775 2873 4816 meus
2924 4758 3044 4813 est?
3090 4757 3144 4811 in
3195 4752 3542 4823 simplicitate

1936 4861 2118 4916 cordis
2149 4859 2252 4913 mei
2290 4869 2344 4914 et
2394 4855 2657 4913 munditia
2702 4868 2958 4909 manuum
2988 4866 3228 4907 mearum
3280 4848 3382 4903 feci
3413 4846 3539 4901 hoc.

1936 4954 2187 5026 Dixitque
2228 4951 2295 5008 ad
2337 4968 2458 5009 eum
2496 4952 2639 5007 Deus
2670 4932 2784 5006 :‘Et
2831 4963 2932 5021 ego
2967 4949 3082 5002 scio
3120 4944 3262 5017 quod
3305 4941 3541 5013 simplici

1940 5111 2011 5165 vit
2058 5126 2241 5166 nomen
2272 5111 2383 5178 ejus
2430 5108 2731 5180 Ben-amnti
2757 5148 2770 5170 ,
2819 5109 2926 5180 ipse
2950 5114 3024 5180 est
3056 5114 3235 5180 pater,
3267 5101 3540 5180 ctc_.__lllud

1941 5198 2105 5254 porro
2136 5174 2437 5236 Ben-ommi
2458 5189 2616 5254 sonat
2639 5178 2805 5254 [illum
2832 5174 3015 5251 populi
3042 5174 3310 5254 nteiLqua}
3352 5174 3542 5228 llieru-

1941 5247 2087 5326 itymi
2132 5247 2647 5326 interpretatioest.‘
2681 5247 3090 5326 Hinc'autumat
3148 5247 3397 5326 hiartian.
3441 5261 3542 5326 no:

1941 5318 2065 5381 men
2108 5318 2326 5379 Ammon
2362 5323 2633 5379 excidisse
2672 5338 2740 5377 ex
2783 5322 3011 5376 Hebr-mo
3063 5320 3360 5383 hodierno,
3395 5318 3539 5388 quod

1942 5407 2121 5453 tamen
2156 5396 2292 5451 adeo
2331 5411 2437 5450 non
2469 5404 2555 5449 est
2608 5394 2940 5455 verosimile,
2978 5402 3037 5447 ut
3066 5405 3222 5446 sacro
3261 5390 3541 5444 contextui

1941 5473 2166 5539 ejusque
2198 5467 2421 5535 ingenio
2450 5468 2649 5539 lingum
2672 5476 2953 5537 repugnet,
2981 5462 3387 5539 etymologiam,
3417 5475 3540 5539 qua:

1940 5533 2043 5597 nec
2067 5533 2412 5597 tamen—satis
2448 5533 2586 5593 bene
2618 5533 2907 5605 respondet
2934 5579 2948 5601 ,
2979 5533 3257 5589 vernaculi
3292 5533 3539 5605 ejusdem

1940 5612 2211 5668 sermonis
2235 5609 2473 5663 :mnecti.
2506 5610 2619 5665 lloc
2644 5604 2866 5679 propius
2893 5610 2956 5660 ad
2983 5608 3143 5661 fidem
3171 5614 3272 5679 est,
3302 5620 3364 5656 ex
3390 5604 3542 5679 Grie-

1938 5699 1997 5737 ca
2049 5681 2391 5751 paraphrasi,
2442 5673 2657 5738 ἐκάλεσε·
2684 5673 2759 5737 τὸ·
2792 5678 2950 5751 ὄνομα
3002 5682 3158 5736 αὐτοῦ
3186 5673 3420 5751 “py-fw}
3440 5674 3543 5751 Αλέ-

1971 5730 2128 5830 aveat,
2155 5730 2273 5815 fio;
2287 5730 2431 5830 yévoo
2453 5775 2575 5825 μου,
2592 5730 3001 5810 νει-εἱοηειιῗιιίο
3016 5730 3412 5818 (Ιθτὶνθιτῖηγὶἀ.
3431 5744 3533 5813 Qu.

1985 5828 2253 5884 ebraicas.
