3912 6348
424 335 525 394 187
615 350 631 365 ⁸

1421 337 1477 394 S.
1518 284 1907 394 IIIERONYMI
1944 332 2182 393 DIVINA
2220 331 2705 392 BIBLIOTHECA.

3621 332 3726 390 188

425 449 591 505 corde
624 448 843 517 feceris,
873 457 930 505 et
958 449 1079 506 ideo
1101 450 1366 507 custodiri
1396 461 1445 505 te
1472 465 1540 507 ne
1562 462 1814 520 peccares
1837 449 1889 503 in
1913 462 2020 516 me,
2051 450 2103 510 Α
2131 458 2239 513 tua,
2269 446 2449 503 omnia
2476 462 2598 518 qua:
2628 446 2827 503 dixerit
2860 447 2957 503 tibi
2991 447 3148 514 Sara,
3182 446 3306 502 audi
3340 461 3529 504 vocem
3556 447 3677 520 ejus
3707 464 3721 507 :

424 550 482 598 et
529 557 634 598 non
677 541 857 598 dimisi
897 552 954 597 ut
987 551 1237 615 tangeres
1278 560 1418 600 eam.
1450 541 1603 597 Nune
1648 542 1812 611 igitur
1855 538 2025 597 redde

421 633 541 688 viro
569 648 669 686 suo
696 648 943 700 uxorem,
974 634 1099 705 quia
1128 633 1392 704 propheta
1415 640 1526 688 est:
1552 641 1608 688 et
1630 630 1804 687 orabit
1829 647 1924 701 pro
1947 640 2019 700 te,

423 734 483 783 et
514 710 662 781 vives
685 746 696 779 :
722 726 766 780 si
785 736 963 781 autem
992 727 1231 783 nolueris
1255 725 1503 792 reddere,
1530 725 1671 779 scito
1688 723 1825 795 quod
1849 732 2025 779 morte

426 819 680 875 morieris
719 829 794 887 tu,
843 830 899 875 et
939 820 1119 876 omnia
1163 834 1283 890 qua}
1324 828 1410 874 tua
1449 827 1595 874 sunt.
1628 817 1930 888 Statimque
1956 816 2025 872 de

425 923 586 972 nocte
614 927 953 984 consurgens
981 913 1299 970 Abimelech
1318 955 1334 980 ,
1371 913 1587 969 vocavit
1616 927 1807 969 omnes
1832 925 2027 968 servos

425 1020 578 1070 suos.
609 1014 663 1061 et
699 1006 918 1062 loculus
946 1015 1032 1062 est
1061 1006 1314 1061 universa
1345 1005 1511 1062 verba
1558 1004 1676 1061 haec
1719 1006 1772 1060 in
1804 1005 2026 1062 auribus

424 1117 655 1171 eorum,
711 1104 1118 1172 timueruntque
1170 1116 1360 1157 omnes
1406 1102 1508 1157 viri
1576 1101 1753 1158 valde.
1802 1099 2028 1157 Vocavit

425 1205 603 1251 autem
631 1194 948 1250 Abimeleelt
979 1194 1139 1250 etiam
1170 1193 1444 1251 Abraham
1466 1238 1481 1263 ,
1516 1204 1571 1250 et
1619 1193 1751 1250 dixit
1777 1195 1825 1249 ei
1850 1212 1861 1247 :
1886 1192 2024 1261 Quid

427 1285 603 1342 fecisti
637 1284 828 1342 nobis?
860 1285 987 1356 quid
1031 1286 1373 1356 peccavimus
1413 1286 1468 1341 in
1500 1295 1575 1351 te,
1607 1287 1731 1358 quia
1768 1284 2026 1342 induxisti

428 1363 596 1448 super
618 1394 705 1434 me
727 1387 779 1434 et
801 1394 965 1450 super
1000 1394 1224 1451 regnum
1258 1396 1437 1436 meum
1473 1390 1752 1452 peccatum
1783 1380 2027 1451 grande?

428 1485 550 1544 qua:
592 1488 700 1528 non
752 1472 991 1528 debuisti
1035 1473 1233 1540 facere,
1268 1471 1440 1528 fecisti
1495 1473 1672 1528 nobis.
1715 1473 2028 1544 Rursusque

390 1566 397 1567 “
426 1565 808 1636 expostulans,
836 1564 913 1619 ait
939 1583 949 1616 :
975 1563 1115 1632 Quid
1148 1565 1369 1629 vidisti,
1398 1576 1457 1621 ut
1490 1568 1593 1621 hoc
1639 1564 1884 1621 faceres?
1916 1565 2027 1621 Re-

427 1659 648 1730 Spondit
677 1658 986 1715 Abraham:
1020 1658 1265 1731 Cogitavi
1301 1675 1546 1727 mecum,
1587 1659 1813 1716 dicens:
1844 1659 2029 1716 Forsi-

427 1760 517 1807 tan
546 1765 654 1807 non
681 1758 767 1807 est
792 1751 956 1807 timor
980 1751 1069 1807 Dei
1098 1752 1150 1806 in
1180 1753 1301 1808 loco
1336 1754 1469 1819 isto,
1495 1764 1547 1807 et
1577 1753 1911 1810 interlicient
1942 1768 2029 1811 me

2125 539 2246 609 quia
2278 539 2333 594 in
2355 540 2505 594 lsaac
2534 539 2815 599 vocabitur
2838 538 2935 594 tibi
2966 554 3173 599 semen.
3202 539 3310 596 Sed
3338 548 3395 597 et
3423 540 3593 597 lilium
3623 555 3722 599 an-

2124 632 2265 689 cillas
2293 630 2485 688 faciam
2536 633 2590 690 in
2634 641 2854 703 gentem
2889 647 3167 705 magnam,
3198 635 3324 704 quia
3358 648 3546 689 semen
3570 642 3725 690 tuum

2123 732 2228 782 est.
2253 723 2506 783 Surrexit
2529 726 2711 797 itaque
2727 724 3001 783 Abraham
3022 741 3202 795 mane,
3226 736 3282 784 et
3305 727 3505 784 tollens
3529 742 3724 797 panem

2125 827 2180 874 et
2202 826 2376 875 utrem
2406 834 2585 889 aquae,
2627 819 2890 889 imposuit
2933 819 3172 890 scapulae
3216 820 3368 890 ejus,
3396 819 3728 893 tradiditque

2127 930 2375 986 puerum,
2407 922 2462 972 et
2487 914 2698 971 dimisit
2725 930 2866 971 eam.
2899 914 3030 984 Qua:
3062 930 3184 970 cum
3208 914 3434 973 abiisset
3459 959 3474 983 ,
3507 915 3732 973 errabat

2128 1009 2180 1064 in
2232 1008 2525 1065 solitudine
2568 1008 2859 1064 Bersabee.
2905 1006 3149 1079 Cumque
3202 1017 3524 1080 consumpta
3579 1020 3723 1065 esset

2126 1116 2261 1174 aqua
2291 1101 2344 1157 in
2374 1112 2517 1169 utre,
2542 1100 2745 1171 abjecit
2772 1115 2995 1171 puerum
3037 1100 3225 1159 subter
3246 1116 3412 1157 unam
3444 1101 3726 1169 arborum,

2126 1209 2245 1266 quae
2273 1192 2345 1253 ibi
2368 1204 2547 1251 erant.
2581 1194 2646 1250 Et
2686 1193 2854 1260 abiit,
2896 1193 3144 1263 seditque
3184 1207 3216 1249 e
3270 1194 3497 1264 regione
3542 1192 3729 1263 procul

2126 1298 2383 1358 quantum
2415 1295 2591 1358 potest
2615 1301 2773 1343 arcus
2792 1287 2997 1356 jacere.
3022 1285 3169 1348 Dixit
3194 1286 3340 1343 enim
3359 1302 3374 1342 :
3392 1284 3510 1341 Non
3537 1283 3733 1341 videbo

2129 1380 2452 1437 morientem
2483 1395 2709 1452 puerum
2736 1398 2750 1438 :
2780 1391 2837 1441 et
2865 1381 3061 1437 sedens
3081 1388 3294 1448 contra,
3326 1379 3520 1434 levavit
3541 1393 3729 1435 vocem

2128 1489 2302 1541 suam,
2338 1484 2393 1529 et
2423 1474 2593 1529 flevit.
2626 1472 2911 1529 Exaudivit
2934 1482 3119 1529 autem
3143 1472 3289 1529 Deus
3315 1486 3505 1527 vocem
3537 1471 3729 1544 pueri:

2128 1569 2456 1640 vocavitque
2480 1568 2705 1639 angelus
2734 1567 2831 1625 Dei
2870 1566 3013 1637 Agar
3039 1567 3112 1624 de
3143 1566 3310 1633 cmlo,
3341 1566 3562 1623 dicens:
3590 1562 3730 1633 Quid

2129 1663 2267 1734 agis,
2294 1660 2477 1735 Agar?
2507 1661 2615 1716 noli
2651 1661 2877 1717 timere:
2901 1660 3181 1716 exaudivit
3207 1659 3354 1715 enim
3378 1658 3524 1714 Deus
3541 1672 3732 1717 vocem

2132 1755 2284 1827 pueri
2313 1754 2382 1810 de
2412 1755 2533 1809 loco
2570 1754 2622 1810 in
2654 1768 2762 1826 quo
2790 1761 2906 1809 est:
2960 1767 3126 1823 surge
3151 1795 3166 1820 ,
3217 1751 3345 1807 tolle
3385 1766 3607 1821 puerum
3631 1791 3646 1814 ,
3678 1757 3737 1807 et

430 1853 657 1917 propter
682 1860 914 1900 uxorem
944 1860 1152 1901 meam:
1182 1845 1318 1901 alias
1351 1854 1532 1902 autem
1568 1861 1698 1903 vere
1726 1861 1883 1902 soror
1911 1861 2030 1904 mea
2060 1849 2108 1911 B
2137 1856 2260 1902 tene
2287 1861 2506 1902 manum
2533 1845 2720 1900 illius:
2754 1844 2879 1916 quia
2911 1842 2967 1899 in
2996 1853 3216 1915 gentem
3256 1857 3507 1913 magnam
3540 1839 3736 1903 faciam

431 1947 536 2004 est,
567 1938 674 1993 filia
707 1940 876 2009 patris
901 1940 1037 2007 mei,
1067 1950 1124 1994 et
1153 1956 1260 1995 non
1289 1939 1396 1994 lilia
1426 1940 1615 1995 matris
1638 1954 1797 2008 mete,
1820 1950 1875 1996 et
1895 1940 2028 1997 duxi

431 2045 551 2086 eam
580 2032 633 2086 in
658 2046 907 2087 uxorem.
941 2031 1234 2103 Postquam
1264 2043 1443 2088 autem
1468 2034 1653 2089 eduxit
1683 2050 1770 2091 me
1796 2035 1933 2090 Deus
1962 2034 2032 2092 de

432 2122 596 2179 domo
627 2125 795 2203 patris
832 2125 969 2193 mei,
1002 2125 1108 2180 dixi
1131 2125 1197 2181 ad
1227 2141 1344 2181 eam
1373 2144 1386 2180 :
1420 2126 1570 2182 lianc
1598 2127 2029 2184 misericordiam

435 2215 604 2274 facies
631 2233 875 2275 mecum:
900 2219 951 2275 in
976 2220 1122 2275 omni
1159 2220 1299 2287 loco,
1330 2219 1395 2276 ad
1426 2236 1585 2292 quem
1622 2220 1990 2292 ingrediemur
2012 2263 2029 2288 ,

435 2309 613 2379 dices,
647 2310 790 2382 quod
831 2311 1000 2368 frater
1026 2322 1150 2368 tuus
1184 2314 1307 2368 sim.
1340 2312 1488 2368 Tulit
1521 2312 1683 2384 igitur
1709 2313 2032 2375 Abimelccb

433 2419 565 2461 oves
596 2412 652 2460 et
671 2404 839 2461 boves
864 2446 879 2474 ,
911 2415 967 2462 et
990 2420 1177 2463 servos
1205 2415 1260 2463 et
1290 2405 1518 2462 ancillas
1539 2449 1554 2473 ,
1585 2415 1642 2461 et
1668 2406 1820 2462 dedit
1862 2407 2033 2463 Abra-

434 2500 557 2552 ham
586 2514 598 2550 :
634 2497 975 2569 reddiditque
1006 2499 1087 2554 illi
1121 2500 1311 2557 Saram
1342 2514 1571 2555 uxorem
1604 2515 1758 2555 suam
1778 2542 1793 2569 ,
1824 2509 1880 2556 et
1905 2498 1983 2556 ait
2015 2518 2028 2557 :

435 2591 608 2648 Terra
648 2606 829 2648 coram
877 2593 1033 2650 vobis
1079 2603 1180 2663 est,
1230 2594 1560 2666 ubicumque
1599 2594 1694 2651 tibi
1747 2595 2031 2665 placuerit,

434 2684 639 2741 habita.
670 2685 821 2743 Sane
846 2697 1029 2744 autem
1050 2687 1229 2744 dixit:
1255 2689 1398 2747 Ecce
1420 2690 1573 2746 mille
1597 2700 1886 2762 argenteos
1908 2690 2034 2747 dedi

322 2776 330 2785 ’
431 2778 592 2835 fratri
638 2787 773 2837 tuo:
819 2780 923 2837 hoc
950 2782 1058 2838 erit
1102 2783 1196 2838 tibi
1245 2783 1298 2839 in
1343 2784 1589 2840 velamen
1638 2784 1919 2839 oculorum
1967 2784 2035 2841 ad

435 2886 629 2931 omnes
659 2875 754 2945 qui
802 2883 977 2931 tecum
1022 2886 1186 2943 sunt,
1219 2884 1276 2932 et
1299 2891 1642 2949 quocumque
1686 2878 2033 2948 perrexeris:

440 2978 824 3038 mementoque
868 2979 920 3024 te
957 2966 1374 3037 deprehensam.
1404 2966 1608 3024 Orante
1652 2980 1834 3024 autem
1864 2968 2037 3026 Abra-

438 3058 587 3126 ham,
620 3060 833 3116 sanavit
854 3061 997 3117 Deus
1015 3061 1355 3126 Abimeleeh,
1379 3068 1432 3116 et
1454 3077 1676 3118 uxorem
1705 3061 2038 3130 ancillasque

437 3149 583 3221 ejus,
615 3162 670 3206 et
701 3161 1058 3223 pepererunt:
1091 3153 1436 3209 concluserat
1455 3154 1599 3208 enim
1638 3153 1895 3210 Dominus
1921 3168 2037 3215 om-

2132 1954 2277 1994 eum.
2327 1938 2664 2010 Aperuitque
2718 1936 2905 1992 oculos
2953 1935 3076 2006 ejus
3130 1935 3327 1991 Deus:
3380 1949 3500 2006 quae
3548 1931 3738 1993 videns

2134 2043 2353 2105 puteum
2392 2049 2577 2106 aqua,
2617 2031 2787 2097 abiit,
2838 2041 2893 2089 et
2944 2030 3192 2101 implevit
3228 2039 3437 2095 utrem,
3478 2028 3739 2099 deditque

2134 2142 2303 2198 puero
2335 2126 2544 2182 bibere.
2581 2126 2649 2181 Et
2685 2123 2789 2181 fuit
2817 2138 2940 2179 cum
2970 2139 3078 2180 eo:
3106 2123 3200 2196 qui
3232 2121 3406 2178 crevit
3427 2163 3443 2189 ,
3476 2130 3531 2176 et
3559 2135 3741 2175 mora.

2135 2229 2219 2275 tus
2244 2230 2327 2275 est
2363 2220 2417 2276 in
2447 2217 2741 2274 solitudine
2763 2260 2779 2286 ,
2830 2216 3112 2286 factusque
3142 2225 3229 2273 est
3252 2214 3472 2287 juvenis
3510 2213 3739 2285 sagitta-

2134 2310 2267 2369 rius.
2303 2309 2685 2382 Habitavitque
2714 2311 2764 2365 in
2791 2309 3013 2365 deserto
3042 2307 3258 2363 Pbaran
3288 2349 3302 2369 .
3334 2319 3388 2361 et
3414 2307 3628 2376 accepit
3657 2305 3741 2365 illi

2135 2415 2308 2462 mater
2327 2418 2423 2461 sua
2444 2420 2670 2461 uxorem
2691 2404 2760 2461 de
2789 2412 2931 2460 terra
2955 2402 3199 2476 AEgypti.
3224 2400 3309 2474 [C.
3333 2398 3509 2474 XLI.]
3534 2399 3741 2463 Eodem

2135 2510 2384 2570 tempore
2403 2497 2546 2554 dixit
2573 2498 2920 2566 Abimelech,
2940 2507 2995 2552 et
3017 2494 3270 2563 Phichol,
3305 2494 3560 2566 princeps
3582 2507 3745 2548 exer—

2135 2592 2277 2646 citus
2297 2590 2442 2660 ejus,
2464 2588 2530 2645 ad
2556 2588 2839 2651 Abraham
2858 2608 2871 2643 :
2899 2587 3040 2643 Deus
3063 2596 3242 2645 tecum
3263 2594 3351 2642 est
3371 2586 3423 2640 in
3448 2584 3742 2651 universis,

2136 2698 2258 2757 qua:
2284 2682 2417 2750 agis.
2448 2680 2578 2739 Jura
2614 2697 2746 2754 ergo
2790 2697 2887 2754 per
2919 2681 3122 2749 Deum,
3159 2696 3225 2735 ne
3254 2682 3457 2737 noceas
3484 2676 3653 2743 mihi,
3687 2685 3745 2733 et

2137 2778 2371 2847 poueris
2402 2775 2559 2844 meis,
2593 2774 2858 2846 stirpique
2897 2789 3070 2831 meae:
3111 2772 3207 2829 sed
3235 2771 3396 2843 juxta
3431 2770 3748 2827 misericor-

2137 2870 2307 2939 diam,
2335 2886 2496 2943 quam
2543 2868 2645 2927 feci
2694 2868 2830 2937 tibi,
2864 2867 3037 2925 facies
3068 2866 3199 2925 mihi
3225 2910 3239 2935 ,
3274 2878 3329 2923 et
3361 2876 3525 2925 terra:
3555 2866 3607 2921 in
3636 2880 3746 2938 qua

2142 2975 2396 3021 versatus
2422 2980 2483 3022 es
2511 2965 2738 3025 advena.
2770 2950 3029 3033 Dixitque
3062 2962 3368 3018 Abraham:
3395 2960 3741 3033 Egojurabo.

2140 3062 2207 3121 Et
2261 3061 2570 3133 increpavit
2627 3057 2940 3117 Abimelecb
3004 3068 3230 3130 propter
3283 3065 3503 3131 puteum
3552 3071 3744 3127 aquae,

2140 3170 2299 3225 quem
2327 3155 2382 3210 vi
2413 3153 2753 3210 abstulerant
2785 3153 2927 3209 scivi
2967 3150 3136 3208 illius.
3168 3148 3580 3221 Responditque
3608 3148 3747 3203 Abi-

437 3259 563 3301 nem
582 3246 793 3301 vulvam
815 3246 1010 3303 domus
1025 3246 1345 3309 Abimelecb
1370 3258 1589 3319 propter
1605 3247 1797 3306 Suram
1813 3263 2035 3306 uxorem
2063 3246 2110 3315 C
2142 3247 2393 3305 melecb:
2434 3247 2650 3305 Neseivi
2692 3247 2815 3318 quis
2855 3245 3048 3305 fecerit
3085 3244 3229 3301 hanc
3261 3260 3374 3301 rem
3402 3262 3414 3298 :
3461 3244 3557 3301 sed
3588 3252 3642 3297 et
3690 3252 3749 3301 tu

438 3337 691 3396 Abrahae.
1400 3380 1413 3387 -

514 3430 613 3504 [T.
648 3431 777 3499 XV,
806 3431 865 3487 Β.
894 3432 1094 3501 XXVI,
1123 3432 1187 3489 C.
1221 3433 1532 3503 XXXVIII,
1565 3432 1698 3506 Cap.
1732 3435 1911 3509 XXI.]
1948 3437 2037 3494 Vl-

439 3525 624 3583 sitavit
651 3536 829 3583 autem
866 3529 1126 3585 Dominus
1159 3530 1349 3589 Saram
1376 3572 1389 3596 ,
1421 3530 1559 3587 sicut
1590 3533 1951 3603 promiserat,
1983 3544 2038 3591 et

442 3618 687 3689 implevit
726 3637 847 3691 qua:
901 3622 1110 3677 locutus
1158 3631 1256 3677 est.
1313 3623 1687 3695 Coucepitque
1724 3636 1777 3680 et
1827 3627 2039 3697 peperit

449 3710 617 3766 lilium
649 3712 700 3767 in
745 3716 1025 3769 senectute
1054 3729 1175 3784 sua,
1206 3724 1449 3786 tempore
1476 3732 1584 3788 quo
1612 3719 1939 3789 prtedixerat
1986 3720 2036 3783 ei

446 3803 611 3861 Deus.
664 3804 994 3879 Vocavitque
1030 3807 1304 3863 Abraham
1345 3824 1547 3867 nomen
1589 3810 1684 3867 filii
1725 3812 1840 3879 sui,
1875 3829 2038 3883 quem

442 3900 697 3971 genuitel
728 3901 884 3972 Sara,
917 3902 1096 3958 Isaac:
1119 3914 1174 3958 et
1195 3904 1537 3961 circumcidit
1559 3920 1682 3962 eum
1706 3918 1899 3963 octavo
1924 3907 2036 3976 die,

452 3992 593 4050 sicut
623 4006 961 4066 prmceperat
988 3997 1036 4052 ei
1067 3997 1208 4053 Deus
1228 4040 1242 4065 ,
1276 4012 1398 4053 cum
1430 4005 1647 4055 centum
1689 4009 1839 4061 esset
1867 4015 2040 4056 anno.

444 4100 562 4141 rum
594 4104 610 4146 :
639 4086 737 4143 hac
759 4089 962 4159 quippe
983 4097 1141 4145 astate
1163 4091 1355 4161 patris,
1379 4102 1536 4147 natus
1555 4103 1640 4148 est
1662 4093 1832 4149 Isaac.
1866 4092 2037 4151 Dixito

439 4193 547 4250 que
575 4179 708 4236 Sara
730 4196 747 4242 ;
775 4180 962 4238 Risum
989 4182 1117 4239 fecit
1143 4184 1273 4238 mihi
1300 4184 1471 4241 Deus:
1493 4186 1820 4257 quicumque
1847 4187 2038 4245 audie-

440 4272 535 4341 rit,
566 4274 864 4330 corridebit
891 4276 1043 4331 mihi.
1071 4276 1418 4350 Rursumque
1439 4279 1546 4335 ait:
1573 4279 1709 4349 Quis
1728 4281 2038 4340 auditurum

441 4366 697 4423 crederet
725 4367 1021 4435 Abraham,
1053 4370 1198 4440 quod
1226 4370 1360 4428 Sara
1384 4371 1611 4430 iactaret
1639 4373 1809 4432 lilium
1831 4416 1847 4443 ,
1875 4390 2037 4448 quem

441 4463 654 4533 peperit
674 4464 723 4518 ei
748 4463 860 4533 jam
892 4464 1008 4520 aeni
1033 4465 1058 4519 ?
1081 4462 1266 4521 Crevit
1290 4466 1452 4537 igitur
1474 4483 1628 4539 puer,
1653 4476 1710 4526 et
1733 4470 2041 4528 ablactatua

439 4564 567 4611 est:
627 4554 860 4627 fecitque
916 4556 1189 4614 Abraham
1238 4560 1448 4630 grande
1489 4562 1800 4619 convivium
1854 4565 1905 4620 in
1952 4564 2040 4622 die

2140 3357 2248 3397 non
2281 3339 2533 3397 indicasti
2566 3340 2730 3408 mihi,
2759 3349 2816 3395 et
2859 3355 2960 3410 ego
2984 3354 3089 3394 non
3119 3335 3305 3394 audivi
3334 3346 3533 3410 praeter
3554 3335 3743 3401 hodie,

2138 3435 2289 3493 Tulit
2314 3434 2495 3505 itaque
2521 3430 2791 3489 Abraham
2817 3446 2952 3491 oves
2973 3439 3028 3487 et
3058 3430 3245 3497 boves,
3270 3438 3326 3486 et
3356 3427 3507 3485 dedit
3529 3427 3754 3485 Abime-

2137 3526 2312 3584 lech:
2368 3534 2861 3598 persuaserantque
2933 3524 3092 3580 ambo
3153 3522 3348 3580 ftedus.
3411 3522 3478 3579 Et
3552 3523 3755 3577 Statuit

2137 3618 2409 3679 Abraham
2453 3629 2664 3690 septem
2708 3632 2875 3690 agnas
2930 3618 3108 3691 gregis
3146 3632 3422 3677 seorsum.
3466 3616 3564 3672 Cui
3606 3615 3756 3677 dixit

2138 3712 2462 3771 Abitnelecb
2502 3730 2513 3765 :
2565 3712 2705 3783 Quid
2757 3710 2865 3768 sibi
2912 3712 3103 3767 volunt
3152 3720 3361 3781 septem
3405 3726 3557 3780 agna:
3605 3711 3756 3781 istas,

2138 3820 2271 3877 quas
2306 3814 2452 3861 stare
2480 3803 2661 3861 fecisti
2692 3820 2941 3861 seorsum
2966 3804 2988 3859 ἵ
3014 3802 3085 3859 At
3108 3804 3236 3863 ille:
3265 3803 3520 3876 Septem,
3552 3804 3755 3874 inquit,

2138 3915 2306 3973 agnas
2335 3899 2573 3971 accipies
2599 3899 2668 3957 de
2699 3915 2862 3957 manu
2892 3915 3036 3968 mea,
3061 3910 3119 3956 ut
3146 3901 3257 3959 sint
3284 3900 3336 3959 in
3361 3898 3743 3963 testimonium

2139 3995 2299 4063 mihi,
2327 3995 2584 4065 quoniam
2611 4009 2713 4066 ego
2747 3993 2859 4050 fodi
2882 4001 3103 4066 puteum
3133 3994 3318 4051 istum.
3345 3991 3560 4051 Idcirco
3586 4007 3758 4049 voca-

2140 4098 2225 4145 tus
2251 4096 2336 4145 est
2358 4088 2509 4144 locus
2534 4088 2629 4145 ille
2654 4085 2930 4144 Bersabee
2961 4105 2972 4141 :
3008 4102 3133 4157 quia
3167 4086 3238 4145 ibi
3263 4097 3492 4157 uterque
3515 4086 3751 4156 jurave.

2141 4193 2288 4240 runt.
2318 4183 2385 4243 Et
2411 4181 2653 4247 inierunt
2700 4180 2876 4238 ftedus
2915 4195 3013 4251 pro
3044 4190 3209 4249 puteo
3245 4179 3563 4250 juramenti.
3611 4176 3754 4239 Sur-

2142 4277 2285 4335 rexit
2327 4286 2507 4337 autem
2544 4274 2865 4335 Abimelecb
2893 4284 2952 4332 et
2981 4273 3199 4343 Pbicol,
3241 4274 3500 4346 princeps
3545 4274 3762 4337 militiae

2143 4368 2312 4439 ejus,
2389 4368 2706 4440 reversique
2751 4378 2884 4425 sunt
2932 4367 2986 4427 itt
3051 4378 3252 4427 terram
3307 4365 3748 4428 Philistinorutn.

2143 4464 2420 4525 Abraham
2450 4479 2581 4521 vero
2624 4463 2893 4535 plantavit
2924 4476 3116 4519 nemus
3144 4460 3198 4516 in
3234 4460 3507 4521 Bersabee
3531 4501 3547 4527 ,
3574 4472 3629 4516 et
3665 4460 3760 4521 in-

2146 4562 2363 4619 vocavit
2394 4561 2466 4618 ibi
2495 4576 2691 4618 nomen
2736 4558 2955 4617 Domini
2992 4558 3091 4615 Dei
3125 4559 3341 4615 teterni.
3374 4558 3439 4614 Et
3475 4557 3573 4617 fuit
3594 4556 3759 4616 colu—

440 4646 821 4705 ablactatiouis
870 4650 1009 4720 ejus.
1054 4649 1156 4724 [ϐ.
1181 4648 1330 4724 XL.]
1357 4650 1607 4726 Cumque
1637 4655 1863 4715 vidisset
1901 4658 2035 4725 Sara
2066 4655 2122 4720 Ι)
2147 4671 2247 4713 nus
2273 4664 2434 4712 terrae
2463 4654 2874 4713 Pbilistinorum
2897 4653 3092 4710 diebus
3118 4652 3323 4710 multis.

439 4739 606 4796 filium
634 4743 777 4813 Agar
803 4741 1073 4816 Egyptian
1099 4745 1375 4802 ludentem
1393 4755 1441 4811 ⁸.
1465 4747 1604 4806 dixit
1626 4748 1693 4805 ad
1719 4749 2029 4808 Abraham:

437 4833 594 4904 Ejice
613 4836 875 4892 ancillam
918 4838 1061 4895 bane
1101 4848 1155 4896 et
1183 4838 1356 4896 filium
1391 4842 1548 4912 ejus;
1604 4859 1710 4899 non
1756 4844 1907 4901 enim
1935 4845 2041 4904 erit

447 4926 627 4983 lueres
654 4927 801 4985 ﬁlius
827 4931 1041 4988 ancilla:
1059 4947 1182 4989 cum
1209 4933 1322 4991 lilio
1353 4948 1475 4993 meo
1507 4934 1677 4993 Isaac.
1713 4938 1856 4996 Dure
1885 4953 2045 4997 acce-

442 5020 525 5090 pit
552 5019 657 5076 hoc
680 5021 951 5079 Abraham
991 5039 1088 5095 pro
1120 5011 1233 5081 filio
1277 5042 1398 5084 suo.
1423 5026 1520 5084 Cui
1552 5028 1690 5085 dixit
1725 5030 1905 5087 Deus:
1936 5047 2043 5087 non

445 5110 545 5167 tibi
576 5109 822 5169 videatur
846 5129 1101 5189 asperum
1139 5133 1306 5192 super
1333 5136 1501 5193 puero
1519 5130 1628 5206 ket
1654 5136 1821 5196 super
1850 5123 2046 5182 ancilla

507 5308 549 5383 j‘
581 5298 825 5367 Addunt,
854 5311 978 5383 post
1003 5303 1377 5383 Septuaginta,
1401 5305 1534 5383 editi
1566 5306 1774 5383 libriac
1800 5308 2042 5383 ωεεεβὶσ

443 5371 683 5427 bliorum
715 5371 959 5450 nonnulli
992 5371 1259 5450 codices}
1298 5377 1429 5433 Cum
1457 5377 1613 5435 Isaac
1644 5378 1757 5450 ﬁlio
1781 5396 1895 5435 suo.
1928 5380 2043 5436 Mo-

445 5450 542 5520 net
572 5444 991 5520 vero‘lectorem
1023 5446 1385 5520 Hieronymus
1411 5450 1465 5505 in
1505 5444 1707 5517 Quaest.
1743 5451 2044 5518 Hebraicis,

444 5515 563 5572 haec
609 5515 774 5570 Verba
820 5532 927 5572 non
975 5532 1097 5574 esse
1139 5517 1194 5575 in
1231 5515 1587 5577 'llebrmoruin
1634 5515 2046 5580 voluminibus:

446 5586 600 5663 Quod
623 5587 879 5663 sequitur,
903 5589 1099 5663 inquit,
1124 5607 1244 5647 cum
1273 5591 1442 5661 lsaac,
1474 5592 1586 5649 filio
1608 5610 1727 5663 suo,
1757 5611 1857 5651 non
1888 5594 2048 5652 habs-

450 5650 537 5715 II"
559 5659 615 5713 in
649 5650 887 5715 Hebraeo.
920 5650 1097 5719 Mlier.

440 5782 488 5809 λη
515 5730 757 5809 -—V_etus
787 5731 1182 5809 Latina_versio
1202 5733 1459 5809 addebat,
1475 5751 1591 5809 eum
1610 5736 1788 5805 Isaac,
1806 5740 1916 5809 ﬁlio
1928 5755 2043 5797 suo.

445 5800 630 5857 Nostri
660 5817 792 5858 mss.
819 5820 935 5859 cum
969 5804 1126 5861 Isaac
1155 5816 1362 5862 tantum
1394 5808 1627 5864 addunt:
1657 5808 1708 5864 in
1737 5800 1845 5867 uno
1865 5823 2047 5869 autem

448 5871 684 5931 Palatin.
720 5890 878 5935 voces
916 5877 1028 5948 ﬁlio
1059 5895 1152 5936 suo
1184 5882 1239 5936 iu
1274 5877 1402 5936 libri
1432 5896 1527 5938 ora
1555 5883 1839 5941 annotavit
1873 5893 2053 5955 posm-

2220 4748 2306 4822 [T.
2331 4748 2474 4817 XVI,
2522 4749 2585 4805 Β.
2644 4748 2860 4815 XXVII,
2909 4746 2972 4803 C.
3029 4747 3187 4812 XLII,
3238 4746 3368 4820 Cap.
3403 4745 3594 4818 XXII.]
3623 4748 3768 4815 Qua:

2147 4852 2431 4914 postquam
2482 4852 2635 4913 gesta
2689 4851 2839 4907 sunt,
2891 4839 3123 4897 tentavit
3155 4840 3301 4897 Deus
3331 4839 3638 4909 Abraham,
3702 4850 3769 4898 et.

2148 4935 2283 4992 dixit
2331 4936 2397 4991 ad
2439 4951 2561 4992 cum
2598 4954 2611 4990 :
2662 4935 2971 4993 Abraham!
3030 4935 3123 4992 Ille
3168 4934 3483 5006 respondit:
3518 4935 3769 4992 Adsum.

2151 5030 2242 5086 Ait
2271 5030 2348 5084 illi
2382 5048 2393 5081 :
2436 5029 2564 5084 tolle
2591 5028 2935 5084 ﬁliumtuum
2968 5028 3331 5101 unigenitum,
3360 5044 3521 5100 quem
3553 5028 3773 5100 diligis,

2153 5123 2304 5180 Isaac
2328 5119 2377 5193 δ,
2410 5131 2464 5177 et
2495 5121 2629 5178 vade
2656 5119 2712 5176 ln
2743 5130 2945 5178 terram
2980 5121 3208 5185 visionis
3233 5138 3247 5178 :
3279 5130 3441 5195 atque
3464 5121 3605 5179 offer
3632 5137 3775 5183 eum

2149 5309 2263 5365 rior
2298 5320 2509 5364 manus.

2224 5378 2250 5419 δ
2282 5377 2380 5436 Ubi
2413 5390 2557 5435 nunc
2583 5375 2803 5439 dicitur,
2833 5375 2888 5430 in
2917 5382 3109 5431 terram
3142 5372 3387 5435 uisionis.
3433 5371 3489 5428 in
3532 5371 3784 5429 Hebraeo

2148 5450 2337 5515 habet,
2370 5453 2423 5506 in
2445 5460 2637 5505 terram
2662 5457 2858 5509 rit-inn
2885 5446 3099 5502 Morio:
3132 5454 3307 5500 textus
3334 5444 3483 5500 Satn.
3517 5453 3780 5505 nman

2154 5523 2343 5579 Horae
2375 5539 2394 5579 :
2425 5530 2677 5582 mnsam
2696 5519 3036 5588 domouroje,
3064 5519 3489 5578 Atitort'hworunt
3521 5556 3534 5580 ,
3586 5517 3789 5588 Syrus

2154 5596 2286 5667 legit
2315 5611 2330 5649 :
2363 5594 2510 5652 LXX
2540 5586 2986 5671 interpretantur,
3013 5593 3322 5671 terrenas-ria
3351 5588 3567 5671 ὑψηλὴν,
3591 5586 3789 5671 επρέ-

2152 5660 2285 5736 εαῆι,
2317 5683 2381 5723 ex
2414 5674 2522 5727 D11
2550 5660 2701 5728 rem;
2728 5663 2792 5736 Ani
2845 5661 3045 5736 fallor:
3081 5660 3300 5736 Aquila,
3350 5666 3789 5736 emancipavi,

2153 5741 2257 5796 hoc
2274 5732 2386 5805 est,
2417 5736 2687 5792 lucidam:
2719 5733 3108 5805 Symmachus,
3140 5739 3231 5795 τῆς
3271 5733 3564 5805 ὀπτασίας,
3609 5732 3791 5805 visiq-

2154 5814 2257 5868 m'a.
2302 5802 2432 5876 Alii,
2463 5818 2654 5864 terram
2682 5802 2846 5862 divini
2883 5804 3074 5876 cultus,
3114 5808 3232 5860 sive
3269 5804 3629 5869 adoratiom's,
3684 5802 3789 5859 di-

2151 5894 2288 5942 cunt
2322 5901 2333 5937 :
2369 5875 2524 5940 aiunt
2544 5880 2690 5939 enim
2723 5877 2940 5947 Hebraei
2971 5875 3145 5939 Moris
3184 5876 3328 5937 hunc
3352 5888 3482 5937 esse
3513 5884 3786 5935 utentem
