  <div class='ocr_page' id='page_1' title='image "/cluster/home/n/w/nwhite01/storage/ocr_20150623/28/hvd.32044015471410/100.png"; bbox 0 0 4044 6360; ppageno 0'>
   <div class='ocr_carea' id='block_1_1' title="bbox 229 301 342 357">
    <p class='ocr_par' dir='ltr' id='par_1_1' title="bbox 229 301 342 357">
     <span class='ocr_line' id='line_1_1' title="bbox 229 301 342 357; baseline 0.009 -2"><span class='ocrx_word' id='word_1_1' title='bbox 229 301 342 357; x_wconf 66' lang='grc' dir='ltr'><strong>Μ)</strong></span> 
     </span>
    </p>
   </div>
   <div class='ocr_carea' id='block_1_2' title="bbox 1602 301 2158 361">
    <p class='ocr_par' dir='ltr' id='par_1_2' title="bbox 1602 301 2158 361">
     <span class='ocr_line' id='line_1_2' title="bbox 1602 301 2158 361; baseline 0 -4"><span class='ocrx_word' id='word_1_2' title='bbox 1602 301 1800 357; x_wconf 77' lang='lat' dir='ltr'><strong>LIBER</strong></span> <span class='ocrx_word' id='word_1_3' title='bbox 1842 302 2158 361; x_wconf 81' lang='lat' dir='ltr'><strong>GENESIS.</strong></span> 
     </span>
    </p>
   </div>
   <div class='ocr_carea' id='block_1_3' title="bbox 3422 276 3529 363">
    <p class='ocr_par' dir='ltr' id='par_1_3' title="bbox 3422 276 3529 363">
     <span class='ocr_line' id='line_1_3' title="bbox 3422 276 3529 363; baseline 0.009 -1"><span class='ocrx_word' id='word_1_4' title='bbox 3422 276 3529 363; x_wconf 72' lang='lat' dir='ltr'><strong>oo</strong></span> 
     </span>
    </p>
   </div>
   <div class='ocr_carea' id='block_1_4' title="bbox 226 414 3525 486">
    <p class='ocr_par' dir='ltr' id='par_1_4' title="bbox 226 414 3525 486">
     <span class='ocr_line' id='line_1_4' title="bbox 226 414 3525 486; baseline 0.001 -19"><span class='ocrx_word' id='word_1_5' title='bbox 226 414 301 468; x_wconf 84' lang='lat' dir='ltr'><strong>ibi</strong></span> <span class='ocrx_word' id='word_1_6' title='bbox 368 419 421 472; x_wconf 88' lang='lat' dir='ltr'><strong>in</strong></span> <span class='ocrx_word' id='word_1_7' title='bbox 485 417 849 471; x_wconf 78' lang='lat' dir='ltr'><strong>holocaustum</strong></span> <span class='ocrx_word' id='word_1_8' title='bbox 913 430 1077 485; x_wconf 80' lang='lat' dir='ltr'><strong>super</strong></span> <span class='ocrx_word' id='word_1_9' title='bbox 1134 429 1297 469; x_wconf 89' lang='lat' dir='ltr'><strong>unum</strong></span> <span class='ocrx_word' id='word_1_10' title='bbox 1350 414 1611 469; x_wconf 84' lang='lat' dir='ltr'><strong>montium</strong></span> <span class='ocrx_word' id='word_1_11' title='bbox 1672 431 1828 486; x_wconf 87' lang='lat' dir='ltr'><strong>quem</strong></span> <span class='ocrx_word' id='word_1_12' title='bbox 1859 422 1908 480; x_wconf 86' lang='grc' dir='ltr'><strong>Α</strong></span> <span class='ocrx_word' id='word_1_13' title='bbox 1940 417 2076 471; x_wconf 82' lang='lat' dir='ltr'><strong>ﬁlios</strong></span> <span class='ocrx_word' id='word_1_14' title='bbox 2105 416 2285 471; x_wconf 87' lang='lat' dir='ltr'><strong>Nahor</strong></span> <span class='ocrx_word' id='word_1_15' title='bbox 2329 415 2478 471; x_wconf 81' lang='lat' dir='ltr'><strong>fratri</strong></span> <span class='ocrx_word' id='word_1_16' title='bbox 2514 431 2652 470; x_wconf 90' lang='lat' dir='ltr'><strong>suo:</strong></span> <span class='ocrx_word' id='word_1_17' title='bbox 2696 417 2805 469; x_wconf 92' lang='lat' dir='ltr'><strong>Ilus</strong></span> <span class='ocrx_word' id='word_1_18' title='bbox 2843 415 3287 485; x_wconf 75' lang='lat' dir='ltr'><strong>primogenitum,</strong></span> <span class='ocrx_word' id='word_1_19' title='bbox 3329 424 3383 470; x_wconf 92' lang='lat' dir='ltr'><strong>et</strong></span> <span class='ocrx_word' id='word_1_20' title='bbox 3416 414 3525 470; x_wconf 83' lang='lat' dir='ltr'><strong>Buz</strong></span> 
     </span>
    </p>
   </div>
   <div class='ocr_carea' id='block_1_5' title="bbox 222 507 1822 581">
    <p class='ocr_par' dir='ltr' id='par_1_5' title="bbox 222 507 1822 581">
     <span class='ocr_line' id='line_1_5' title="bbox 222 507 1822 581; baseline -0.001 -17"><span class='ocrx_word' id='word_1_21' title='bbox 222 520 604 566; x_wconf 87' lang='lat' dir='ltr'><strong>monstravero</strong></span> <span class='ocrx_word' id='word_1_22' title='bbox 639 510 765 565; x_wconf 89' lang='lat' dir='ltr'><strong>tibi:</strong></span> <span class='ocrx_word' id='word_1_23' title='bbox 798 510 963 581; x_wconf 87' lang='lat' dir='ltr'><strong>Igitur</strong></span> <span class='ocrx_word' id='word_1_24' title='bbox 990 508 1263 563; x_wconf 76' lang='lat' dir='ltr'><strong>Abraham</strong></span> <span class='ocrx_word' id='word_1_25' title='bbox 1298 507 1367 563; x_wconf 91' lang='lat' dir='ltr'><strong>de</strong></span> <span class='ocrx_word' id='word_1_26' title='bbox 1400 517 1558 564; x_wconf 91' lang='lat' dir='ltr'><strong>nocte</strong></span> <span class='ocrx_word' id='word_1_27' title='bbox 1592 522 1822 563; x_wconf 88' lang='lat' dir='ltr'><strong>consur-</strong></span> 
     </span>
    </p>
   </div>
   <div class='ocr_carea' id='block_1_6' title="bbox 222 600 1875 673">
    <p class='ocr_par' dir='ltr' id='par_1_6' title="bbox 222 600 1875 673">
     <span class='ocr_line' id='line_1_6' title="bbox 222 600 1875 673; baseline -0.002 -17"><span class='ocrx_word' id='word_1_28' title='bbox 222 620 393 673; x_wconf 84' lang='lat' dir='ltr'><strong>gens,</strong></span> <span class='ocrx_word' id='word_1_29' title='bbox 421 604 602 659; x_wconf 73' lang='lat' dir='ltr'><strong>stravit</strong></span> <span class='ocrx_word' id='word_1_30' title='bbox 639 604 849 658; x_wconf 86' lang='lat' dir='ltr'><strong>asinum</strong></span> <span class='ocrx_word' id='word_1_31' title='bbox 898 619 1078 668; x_wconf 85' lang='lat' dir='ltr'><strong>suum,</strong></span> <span class='ocrx_word' id='word_1_32' title='bbox 1112 602 1317 657; x_wconf 82' lang='lat' dir='ltr'><strong>ducens</strong></span> <span class='ocrx_word' id='word_1_33' title='bbox 1349 615 1529 656; x_wconf 93' lang='lat' dir='ltr'><strong>secum</strong></span> <span class='ocrx_word' id='word_1_34' title='bbox 1577 600 1820 671; x_wconf 83' lang='lat' dir='ltr'><strong>duosju-</strong></span> <span class='ocrx_word' id='word_1_35' title='bbox 1868 642 1875 653; x_wconf 94' lang='lat'><strong>.</strong></span> 
     </span>
    </p>
   </div>
   <div class='ocr_carea' id='block_1_7' title="bbox 222 694 1824 765">
    <p class='ocr_par' dir='ltr' id='par_1_7' title="bbox 222 694 1824 765">
     <span class='ocr_line' id='line_1_7' title="bbox 222 694 1824 765; baseline 0.001 -16"><span class='ocrx_word' id='word_1_36' title='bbox 222 711 401 753; x_wconf 82' lang='lat' dir='ltr'><strong>venes</strong></span> <span class='ocrx_word' id='word_1_37' title='bbox 443 706 495 753; x_wconf 90' lang='lat' dir='ltr'><strong>et</strong></span> <span class='ocrx_word' id='word_1_38' title='bbox 536 696 712 763; x_wconf 86' lang='lat' dir='ltr'><strong>lsaac,</strong></span> <span class='ocrx_word' id='word_1_39' title='bbox 759 696 925 751; x_wconf 88' lang='lat' dir='ltr'><strong>lilium</strong></span> <span class='ocrx_word' id='word_1_40' title='bbox 981 712 1160 753; x_wconf 89' lang='lat' dir='ltr'><strong>suum.</strong></span> <span class='ocrx_word' id='word_1_41' title='bbox 1206 696 1448 765; x_wconf 81' lang='lat' dir='ltr'><strong>Cumque</strong></span> <span class='ocrx_word' id='word_1_42' title='bbox 1494 694 1824 751; x_wconf 89' lang='lat' dir='ltr'><strong>concidisset</strong></span> 
     </span>
    </p>
   </div>
   <div class='ocr_carea' id='block_1_8' title="bbox 219 787 1823 859">
    <p class='ocr_par' dir='ltr' id='par_1_8' title="bbox 219 787 1823 859">
     <span class='ocr_line' id='line_1_8' title="bbox 219 787 1823 859; baseline 0.001 -18"><span class='ocrx_word' id='word_1_43' title='bbox 219 787 373 857; x_wconf 85' lang='lat' dir='ltr'><strong>ligna</strong></span> <span class='ocrx_word' id='word_1_44' title='bbox 421 790 473 843; x_wconf 91' lang='lat' dir='ltr'><strong>in</strong></span> <span class='ocrx_word' id='word_1_45' title='bbox 506 788 905 853; x_wconf 83' lang='lat' dir='ltr'><strong>holocausmm,</strong></span> <span class='ocrx_word' id='word_1_46' title='bbox 936 788 1065 845; x_wconf 89' lang='lat' dir='ltr'><strong>abiit</strong></span> <span class='ocrx_word' id='word_1_47' title='bbox 1098 787 1163 842; x_wconf 91' lang='lat' dir='ltr'><strong>ad</strong></span> <span class='ocrx_word' id='word_1_48' title='bbox 1217 787 1394 843; x_wconf 92' lang='lat' dir='ltr'><strong>locum</strong></span> <span class='ocrx_word' id='word_1_49' title='bbox 1422 804 1580 858; x_wconf 86' lang='lat' dir='ltr'><strong>quem</strong></span> <span class='ocrx_word' id='word_1_50' title='bbox 1618 802 1823 859; x_wconf 62' lang='lat' dir='ltr'><strong>praece-</strong></span> 
     </span>
    </p>
   </div>
   <div class='ocr_carea' id='block_1_9' title="bbox 218 882 1823 952">
    <p class='ocr_par' dir='ltr' id='par_1_9' title="bbox 218 882 1823 952">
     <span class='ocr_line' id='line_1_9' title="bbox 218 882 1823 952; baseline 0.001 -16"><span class='ocrx_word' id='word_1_51' title='bbox 218 890 391 951; x_wconf 81' lang='lat' dir='ltr'><strong>perat</strong></span> <span class='ocrx_word' id='word_1_52' title='bbox 419 882 464 937; x_wconf 88' lang='lat' dir='ltr'><strong>ei</strong></span> <span class='ocrx_word' id='word_1_53' title='bbox 490 882 647 938; x_wconf 83' lang='lat' dir='ltr'><strong>Deus.</strong></span> <span class='ocrx_word' id='word_1_54' title='bbox 686 883 782 939; x_wconf 91' lang='lat' dir='ltr'><strong>Die</strong></span> <span class='ocrx_word' id='word_1_55' title='bbox 805 893 986 939; x_wconf 81' lang='lat' dir='ltr'><strong>autem</strong></span> <span class='ocrx_word' id='word_1_56' title='bbox 1018 884 1199 952; x_wconf 90' lang='lat' dir='ltr'><strong>tertio,</strong></span> <span class='ocrx_word' id='word_1_57' title='bbox 1233 884 1457 939; x_wconf 85' lang='lat' dir='ltr'><strong>elevatis</strong></span> <span class='ocrx_word' id='word_1_58' title='bbox 1488 882 1823 951; x_wconf 87' lang='lat' dir='ltr'><strong>0colis,vidit</strong></span> 
     </span>
    </p>
   </div>
   <div class='ocr_carea' id='block_1_10' title="bbox 213 974 1821 1051">
    <p class='ocr_par' dir='ltr' id='par_1_10' title="bbox 213 974 1821 1051">
     <span class='ocr_line' id='line_1_10' title="bbox 213 974 1821 1051; baseline 0.002 -22"><span class='ocrx_word' id='word_1_59' title='bbox 213 974 404 1029; x_wconf 82' lang='lat' dir='ltr'><strong>locum</strong></span> <span class='ocrx_word' id='word_1_60' title='bbox 435 976 621 1048; x_wconf 80' lang='lat' dir='ltr'><strong>procul</strong></span> <span class='ocrx_word' id='word_1_61' title='bbox 648 997 661 1032; x_wconf 88' lang='lat'><strong>:</strong></span> <span class='ocrx_word' id='word_1_62' title='bbox 705 978 943 1048; x_wconf 74' lang='lat' dir='ltr'><strong>dixitque</strong></span> <span class='ocrx_word' id='word_1_63' title='bbox 975 977 1040 1031; x_wconf 90' lang='lat' dir='ltr'><strong>ad</strong></span> <span class='ocrx_word' id='word_1_64' title='bbox 1072 991 1266 1051; x_wconf 85' lang='lat' dir='ltr'><strong>pueros</strong></span> <span class='ocrx_word' id='word_1_65' title='bbox 1293 991 1420 1031; x_wconf 91' lang='lat' dir='ltr'><strong>suos</strong></span> <span class='ocrx_word' id='word_1_66' title='bbox 1449 995 1459 1030; x_wconf 91' lang='lat'>:</span> <span class='ocrx_word' id='word_1_67' title='bbox 1498 978 1821 1047; x_wconf 80' lang='lat' dir='ltr'><strong>ExSpectate</strong></span> 
     </span>
    </p>
   </div>
   <div class='ocr_carea' id='block_1_11' title="bbox 213 1070 1819 1145">
    <p class='ocr_par' dir='ltr' id='par_1_11' title="bbox 213 1070 1819 1145">
     <span class='ocr_line' id='line_1_11' title="bbox 213 1070 1819 1145; baseline -0.001 -18"><span class='ocrx_word' id='word_1_68' title='bbox 213 1070 305 1129; x_wconf 85' lang='lat' dir='ltr'><strong>hic</strong></span> <span class='ocrx_word' id='word_1_69' title='bbox 338 1088 464 1128; x_wconf 90' lang='lat' dir='ltr'><strong>cum</strong></span> <span class='ocrx_word' id='word_1_70' title='bbox 507 1073 694 1129; x_wconf 86' lang='lat' dir='ltr'><strong>a-ino:</strong></span> <span class='ocrx_word' id='word_1_71' title='bbox 728 1091 827 1145; x_wconf 87' lang='lat' dir='ltr'><strong>ego</strong></span> <span class='ocrx_word' id='word_1_72' title='bbox 851 1084 902 1130; x_wconf 91' lang='lat' dir='ltr'><strong>et</strong></span> <span class='ocrx_word' id='word_1_73' title='bbox 935 1090 1068 1145; x_wconf 87' lang='lat' dir='ltr'><strong>puer</strong></span> <span class='ocrx_word' id='word_1_74' title='bbox 1091 1074 1217 1128; x_wconf 93' lang='lat' dir='ltr'><strong>illuc</strong></span> <span class='ocrx_word' id='word_1_75' title='bbox 1244 1088 1411 1143; x_wconf 91' lang='lat' dir='ltr'><strong>usque</strong></span> <span class='ocrx_word' id='word_1_76' title='bbox 1445 1085 1819 1143; x_wconf 67' lang='lat' dir='ltr'><strong>proiierantes,</strong></span> 
     </span>
    </p>
   </div>
   <div class='ocr_carea' id='block_1_12' title="bbox 214 1167 1823 1237">
    <p class='ocr_par' dir='ltr' id='par_1_12' title="bbox 214 1167 1823 1237">
     <span class='ocr_line' id='line_1_12' title="bbox 214 1167 1823 1237; baseline 0.001 -17"><span class='ocrx_word' id='word_1_77' title='bbox 214 1176 510 1237; x_wconf 77' lang='lat' dir='ltr'><strong>postquam</strong></span> <span class='ocrx_word' id='word_1_78' title='bbox 566 1167 995 1234; x_wconf 89' lang='lat' dir='ltr'><strong>adoraverimus,</strong></span> <span class='ocrx_word' id='word_1_79' title='bbox 1030 1178 1369 1223; x_wconf 80' lang='lat' dir='ltr'><strong>revertemur</strong></span> <span class='ocrx_word' id='word_1_80' title='bbox 1407 1168 1471 1220; x_wconf 87' lang='lat' dir='ltr'><strong>ad</strong></span> <span class='ocrx_word' id='word_1_81' title='bbox 1514 1182 1630 1221; x_wconf 92' lang='lat' dir='ltr'><strong>vos.</strong></span> <span class='ocrx_word' id='word_1_82' title='bbox 1679 1167 1823 1222; x_wconf 78' lang='lat' dir='ltr'><strong>&#39;l&#39;ulit</strong></span> 
     </span>
    </p>
   </div>
   <div class='ocr_carea' id='block_1_13' title="bbox 212 1258 1821 1331">
    <p class='ocr_par' dir='ltr' id='par_1_13' title="bbox 212 1258 1821 1331">
     <span class='ocr_line' id='line_1_13' title="bbox 212 1258 1821 1331; baseline 0.001 -19"><span class='ocrx_word' id='word_1_83' title='bbox 212 1273 435 1328; x_wconf 90' lang='lat' dir='ltr'><strong>quoque</strong></span> <span class='ocrx_word' id='word_1_84' title='bbox 492 1260 631 1331; x_wconf 91' lang='lat' dir='ltr'><strong>ligna</strong></span> <span class='ocrx_word' id='word_1_85' title='bbox 681 1258 979 1316; x_wconf 86' lang='lat' dir='ltr'><strong>holocausti</strong></span> <span class='ocrx_word' id='word_1_86' title='bbox 1009 1303 1023 1326; x_wconf 93' lang='lat'><strong>,</strong></span> <span class='ocrx_word' id='word_1_87' title='bbox 1066 1270 1119 1315; x_wconf 90' lang='lat' dir='ltr'><strong>et</strong></span> <span class='ocrx_word' id='word_1_88' title='bbox 1160 1260 1410 1329; x_wconf 54' lang='grc' dir='ltr'><strong>ἱιῐιρομυίι</strong></span> <span class='ocrx_word' id='word_1_89' title='bbox 1465 1274 1630 1329; x_wconf 88' lang='lat' dir='ltr'><strong>super</strong></span> <span class='ocrx_word' id='word_1_90' title='bbox 1676 1259 1821 1313; x_wconf 88' lang='lat' dir='ltr'><strong>Isaac</strong></span> 
     </span>
    </p>
   </div>
   <div class='ocr_carea' id='block_1_14' title="bbox 215 1353 1819 1425">
    <p class='ocr_par' dir='ltr' id='par_1_14' title="bbox 215 1353 1819 1425">
     <span class='ocr_line' id='line_1_14' title="bbox 215 1353 1819 1425; baseline 0.001 -20"><span class='ocrx_word' id='word_1_91' title='bbox 215 1353 391 1408; x_wconf 84' lang='lat' dir='ltr'><strong>ﬁlium</strong></span> <span class='ocrx_word' id='word_1_92' title='bbox 440 1370 596 1409; x_wconf 88' lang='lat' dir='ltr'><strong>suum</strong></span> <span class='ocrx_word' id='word_1_93' title='bbox 625 1371 639 1410; x_wconf 90' lang='lat'>:</span> <span class='ocrx_word' id='word_1_94' title='bbox 690 1356 803 1425; x_wconf 84' lang='lat' dir='ltr'><strong>ipse</strong></span> <span class='ocrx_word' id='word_1_95' title='bbox 836 1370 966 1409; x_wconf 87' lang='lat' dir='ltr'><strong>vero</strong></span> <span class='ocrx_word' id='word_1_96' title='bbox 998 1353 1244 1423; x_wconf 85' lang='lat' dir='ltr'><strong>portabat</strong></span> <span class='ocrx_word' id='word_1_97' title='bbox 1279 1353 1331 1407; x_wconf 88' lang='lat' dir='ltr'><strong>in</strong></span> <span class='ocrx_word' id='word_1_98' title='bbox 1366 1353 1611 1407; x_wconf 89' lang='lat' dir='ltr'><strong>manibus</strong></span> <span class='ocrx_word' id='word_1_99' title='bbox 1644 1353 1819 1422; x_wconf 87' lang='lat' dir='ltr'><strong>ignem</strong></span> 
     </span>
    </p>
   </div>
   <div class='ocr_carea' id='block_1_15' title="bbox 210 1444 1821 1519">
    <p class='ocr_par' dir='ltr' id='par_1_15' title="bbox 210 1444 1821 1519">
     <span class='ocr_line' id='line_1_15' title="bbox 210 1444 1821 1519; baseline 0 -18"><span class='ocrx_word' id='word_1_100' title='bbox 210 1457 261 1501; x_wconf 89' lang='lat' dir='ltr'><strong>et</strong></span> <span class='ocrx_word' id='word_1_101' title='bbox 282 1446 551 1517; x_wconf 83' lang='lat' dir='ltr'><strong>gladium.</strong></span> <span class='ocrx_word' id='word_1_102' title='bbox 578 1447 821 1518; x_wconf 88' lang='lat' dir='ltr'><strong>Cumque</strong></span> <span class='ocrx_word' id='word_1_103' title='bbox 854 1457 1143 1519; x_wconf 90' lang='lat' dir='ltr'><strong>pergerent</strong></span> <span class='ocrx_word' id='word_1_104' title='bbox 1168 1446 1275 1500; x_wconf 93' lang='lat' dir='ltr'><strong>duo</strong></span> <span class='ocrx_word' id='word_1_105' title='bbox 1302 1446 1484 1512; x_wconf 92' lang='lat' dir='ltr'><strong>simul,</strong></span> <span class='ocrx_word' id='word_1_106' title='bbox 1504 1446 1642 1500; x_wconf 84' lang='lat' dir='ltr'><strong>dixit</strong></span> <span class='ocrx_word' id='word_1_107' title='bbox 1675 1444 1821 1501; x_wconf 90' lang='lat' dir='ltr'><strong>Isaac</strong></span> 
     </span>
    </p>
   </div>
   <div class='ocr_carea' id='block_1_16' title="bbox 212 1538 1820 1611">
    <p class='ocr_par' dir='ltr' id='par_1_16' title="bbox 212 1538 1820 1611">
     <span class='ocr_line' id='line_1_16' title="bbox 212 1538 1820 1611; baseline 0.001 -20"><span class='ocrx_word' id='word_1_108' title='bbox 212 1538 357 1608; x_wconf 80' lang='lat' dir='ltr'><strong>patri</strong></span> <span class='ocrx_word' id='word_1_109' title='bbox 392 1556 494 1593; x_wconf 87' lang='lat' dir='ltr'><strong>suo</strong></span> <span class='ocrx_word' id='word_1_110' title='bbox 516 1558 528 1596; x_wconf 92' lang='lat'>:</span> <span class='ocrx_word' id='word_1_111' title='bbox 554 1540 714 1596; x_wconf 86' lang='lat' dir='ltr'><strong>Pater</strong></span> <span class='ocrx_word' id='word_1_112' title='bbox 744 1541 816 1595; x_wconf 90' lang='lat' dir='ltr'><strong>mi</strong></span> <span class='ocrx_word' id='word_1_113' title='bbox 844 1544 942 1595; x_wconf 75' lang='lat' dir='ltr'><strong>lAt</strong></span> <span class='ocrx_word' id='word_1_114' title='bbox 981 1540 1070 1597; x_wconf 92' lang='lat' dir='ltr'><strong>ille</strong></span> <span class='ocrx_word' id='word_1_115' title='bbox 1099 1541 1416 1611; x_wconf 89' lang='lat' dir='ltr'><strong>respondit:</strong></span> <span class='ocrx_word' id='word_1_116' title='bbox 1448 1540 1574 1611; x_wconf 79' lang='lat' dir='ltr'><strong>quid</strong></span> <span class='ocrx_word' id='word_1_117' title='bbox 1596 1540 1696 1607; x_wconf 88' lang='lat' dir='ltr'><strong>vis,</strong></span> <span class='ocrx_word' id='word_1_118' title='bbox 1718 1538 1820 1593; x_wconf 87' lang='lat' dir='ltr'><strong>ﬁli?</strong></span> 
     </span>
    </p>
   </div>
   <div class='ocr_carea' id='block_1_17' title="bbox 213 1631 1820 1707">
    <p class='ocr_par' dir='ltr' id='par_1_17' title="bbox 213 1631 1820 1707">
     <span class='ocr_line' id='line_1_17' title="bbox 213 1631 1820 1707; baseline 0.004 -21"><span class='ocrx_word' id='word_1_119' title='bbox 213 1631 386 1701; x_wconf 84' lang='lat' dir='ltr'><strong>Ecce,</strong></span> <span class='ocrx_word' id='word_1_120' title='bbox 422 1635 631 1704; x_wconf 85' lang='lat' dir='ltr'><strong>inquit,</strong></span> <span class='ocrx_word' id='word_1_121' title='bbox 676 1636 816 1707; x_wconf 83' lang='lat' dir='ltr'><strong>ignis</strong></span> <span class='ocrx_word' id='word_1_122' title='bbox 844 1646 899 1692; x_wconf 91' lang='lat' dir='ltr'><strong>et</strong></span> <span class='ocrx_word' id='word_1_123' title='bbox 930 1637 1071 1707; x_wconf 89' lang='lat' dir='ltr'><strong>ligna</strong></span> <span class='ocrx_word' id='word_1_124' title='bbox 1108 1657 1118 1691; x_wconf 90' lang='lat'>:</span> <span class='ocrx_word' id='word_1_125' title='bbox 1163 1636 1256 1692; x_wconf 92' lang='lat' dir='ltr'><strong>ubi</strong></span> <span class='ocrx_word' id='word_1_126' title='bbox 1288 1648 1369 1692; x_wconf 88' lang='lat' dir='ltr'><strong>est</strong></span> <span class='ocrx_word' id='word_1_127' title='bbox 1412 1639 1630 1691; x_wconf 82' lang='lat' dir='ltr'><strong>victima</strong></span> <span class='ocrx_word' id='word_1_128' title='bbox 1666 1638 1820 1692; x_wconf 92' lang='lat' dir='ltr'><strong>holo-</strong></span> 
     </span>
    </p>
   </div>
   <div class='ocr_carea' id='block_1_18' title="bbox 208 1729 1814 1802">
    <p class='ocr_par' dir='ltr' id='par_1_18' title="bbox 208 1729 1814 1802">
     <span class='ocr_line' id='line_1_18' title="bbox 208 1729 1814 1802; baseline 0.002 -20"><span class='ocrx_word' id='word_1_129' title='bbox 208 1730 431 1783; x_wconf 85' lang='lat' dir='ltr'><strong>causti?</strong></span> <span class='ocrx_word' id='word_1_130' title='bbox 468 1729 614 1784; x_wconf 79' lang='lat' dir='ltr'><strong>Dixit</strong></span> <span class='ocrx_word' id='word_1_131' title='bbox 645 1731 919 1785; x_wconf 78' lang='lat' dir='ltr'><strong>Abraham</strong></span> <span class='ocrx_word' id='word_1_132' title='bbox 947 1749 959 1785; x_wconf 89' lang='lat'><strong>:</strong></span> <span class='ocrx_word' id='word_1_133' title='bbox 1002 1731 1143 1786; x_wconf 79' lang='lat' dir='ltr'><strong>Deus</strong></span> <span class='ocrx_word' id='word_1_134' title='bbox 1175 1733 1478 1802; x_wconf 89' lang='lat' dir='ltr'><strong>providebit</strong></span> <span class='ocrx_word' id='word_1_135' title='bbox 1524 1732 1626 1785; x_wconf 89' lang='lat' dir='ltr'><strong>sibi</strong></span> <span class='ocrx_word' id='word_1_136' title='bbox 1658 1730 1814 1785; x_wconf 91' lang='lat' dir='ltr'><strong>victi-</strong></span> 
     </span>
    </p>
   </div>
   <div class='ocr_carea' id='block_1_19' title="bbox 1930 506 3529 581">
    <p class='ocr_par' dir='ltr' id='par_1_19' title="bbox 1930 506 3529 581">
     <span class='ocr_line' id='line_1_19' title="bbox 1930 506 3529 581; baseline -0.001 -17"><span class='ocrx_word' id='word_1_137' title='bbox 1930 510 2147 565; x_wconf 80' lang='lat' dir='ltr'><strong>fratrem</strong></span> <span class='ocrx_word' id='word_1_138' title='bbox 2184 511 2323 581; x_wconf 85' lang='lat' dir='ltr'><strong>ejus,</strong></span> <span class='ocrx_word' id='word_1_139' title='bbox 2357 517 2411 564; x_wconf 90' lang='lat' dir='ltr'><strong>et</strong></span> <span class='ocrx_word' id='word_1_140' title='bbox 2453 508 2672 565; x_wconf 87' lang='lat' dir='ltr'><strong>Camuel</strong></span> <span class='ocrx_word' id='word_1_141' title='bbox 2724 520 2927 580; x_wconf 87' lang='lat' dir='ltr'><strong>patrem</strong></span> <span class='ocrx_word' id='word_1_142' title='bbox 2984 508 3248 580; x_wconf 87' lang='lat' dir='ltr'><strong>Syrorum</strong></span> <span class='ocrx_word' id='word_1_143' title='bbox 3273 549 3285 572; x_wconf 85' lang='lat'><strong>,</strong></span> <span class='ocrx_word' id='word_1_144' title='bbox 3313 518 3365 562; x_wconf 92' lang='lat' dir='ltr'><strong>et</strong></span> <span class='ocrx_word' id='word_1_145' title='bbox 3388 506 3529 563; x_wconf 79' lang='lat' dir='ltr'><strong>Cha-</strong></span> 
     </span>
    </p>
   </div>
   <div class='ocr_carea' id='block_1_20' title="bbox 1928 598 3523 673">
    <p class='ocr_par' dir='ltr' id='par_1_20' title="bbox 1928 598 3523 673">
     <span class='ocr_line' id='line_1_20' title="bbox 1928 598 3523 673; baseline -0.003 -14"><span class='ocrx_word' id='word_1_146' title='bbox 1928 601 2047 667; x_wconf 85' lang='lat' dir='ltr'><strong>scd,</strong></span> <span class='ocrx_word' id='word_1_147' title='bbox 2079 613 2129 658; x_wconf 92' lang='lat' dir='ltr'><strong>et</strong></span> <span class='ocrx_word' id='word_1_148' title='bbox 2155 602 2573 672; x_wconf 83' lang='lat' dir='ltr'><strong>Azau,Pheldas</strong></span> <span class='ocrx_word' id='word_1_149' title='bbox 2589 616 2801 673; x_wconf 87' lang='lat' dir='ltr'><strong>quoque</strong></span> <span class='ocrx_word' id='word_1_150' title='bbox 2825 601 3147 671; x_wconf 82' lang='lat' dir='ltr'><strong>etJedlaph,</strong></span> <span class='ocrx_word' id='word_1_151' title='bbox 3178 616 3241 657; x_wconf 90' lang='lat' dir='ltr'><strong>ac</strong></span> <span class='ocrx_word' id='word_1_152' title='bbox 3270 598 3523 666; x_wconf 88' lang='lat' dir='ltr'><strong>Bathuel,</strong></span> 
     </span>
    </p>
   </div>
   <div class='ocr_carea' id='block_1_21' title="bbox 1927 694 3517 768">
    <p class='ocr_par' dir='ltr' id='par_1_21' title="bbox 1927 694 3517 768">
     <span class='ocr_line' id='line_1_21' title="bbox 1927 694 3517 768; baseline -0.001 -16"><span class='ocrx_word' id='word_1_153' title='bbox 1927 698 1992 752; x_wconf 92' lang='lat' dir='ltr'><strong>de</strong></span> <span class='ocrx_word' id='word_1_154' title='bbox 2023 713 2128 768; x_wconf 90' lang='lat' dir='ltr'><strong>quo</strong></span> <span class='ocrx_word' id='word_1_155' title='bbox 2160 707 2283 753; x_wconf 88' lang='lat' dir='ltr'><strong>nata</strong></span> <span class='ocrx_word' id='word_1_156' title='bbox 2313 708 2393 753; x_wconf 93' lang='lat' dir='ltr'><strong>est</strong></span> <span class='ocrx_word' id='word_1_157' title='bbox 2424 698 2668 752; x_wconf 80' lang='lat' dir='ltr'><strong>Rebecca</strong></span> <span class='ocrx_word' id='word_1_158' title='bbox 2699 716 2709 749; x_wconf 89' lang='lat'>:</span> <span class='ocrx_word' id='word_1_159' title='bbox 2742 708 2867 752; x_wconf 87' lang='lat' dir='ltr'><strong>octo</strong></span> <span class='ocrx_word' id='word_1_160' title='bbox 2907 697 3040 751; x_wconf 87' lang='lat' dir='ltr'><strong>istos</strong></span> <span class='ocrx_word' id='word_1_161' title='bbox 3068 696 3250 766; x_wconf 82' lang='lat' dir='ltr'><strong>genuit</strong></span> <span class='ocrx_word' id='word_1_162' title='bbox 3280 694 3517 763; x_wconf 86' lang='lat' dir='ltr'><strong>Melcha,</strong></span> 
     </span>
    </p>
   </div>
   <div class='ocr_carea' id='block_1_22' title="bbox 1926 789 3522 848">
    <p class='ocr_par' dir='ltr' id='par_1_22' title="bbox 1926 789 3522 848">
     <span class='ocr_line' id='line_1_22' title="bbox 1926 789 3522 848; baseline -0.002 -1"><span class='ocrx_word' id='word_1_163' title='bbox 1926 790 2108 847; x_wconf 81' lang='lat' dir='ltr'><strong>Nahor</strong></span> <span class='ocrx_word' id='word_1_164' title='bbox 2137 791 2294 847; x_wconf 78' lang='lat' dir='ltr'><strong>fratri</strong></span> <span class='ocrx_word' id='word_1_165' title='bbox 2327 789 2946 848; x_wconf 85' lang='lat' dir='ltr'><strong>Abraham.Concubina</strong></span> <span class='ocrx_word' id='word_1_166' title='bbox 2973 805 3103 846; x_wconf 86' lang='lat' dir='ltr'><strong>vero</strong></span> <span class='ocrx_word' id='word_1_167' title='bbox 3133 791 3273 844; x_wconf 89' lang='lat' dir='ltr'><strong>illius</strong></span> <span class='ocrx_word' id='word_1_168' title='bbox 3304 789 3522 845; x_wconf 85' lang='lat' dir='ltr'><strong>nomine</strong></span> 
     </span>
    </p>
   </div>
   <div class='ocr_carea' id='block_1_23' title="bbox 1926 880 3521 955">
    <p class='ocr_par' dir='ltr' id='par_1_23' title="bbox 1926 880 3521 955">
     <span class='ocr_line' id='line_1_23' title="bbox 1926 880 3521 955; baseline -0.003 -15"><span class='ocrx_word' id='word_1_169' title='bbox 1926 885 2115 949; x_wconf 81' lang='lat' dir='ltr'><strong>Roma,</strong></span> <span class='ocrx_word' id='word_1_170' title='bbox 2153 883 2359 955; x_wconf 84' lang='lat' dir='ltr'><strong>peperit</strong></span> <span class='ocrx_word' id='word_1_171' title='bbox 2387 883 2590 950; x_wconf 86' lang='lat' dir='ltr'><strong>Tabee,</strong></span> <span class='ocrx_word' id='word_1_172' title='bbox 2638 892 2692 939; x_wconf 88' lang='lat' dir='ltr'><strong>et</strong></span> <span class='ocrx_word' id='word_1_173' title='bbox 2724 882 2963 951; x_wconf 89' lang='lat' dir='ltr'><strong>Gaham,</strong></span> <span class='ocrx_word' id='word_1_174' title='bbox 2987 890 3041 938; x_wconf 88' lang='lat' dir='ltr'><strong>et</strong></span> <span class='ocrx_word' id='word_1_175' title='bbox 3072 880 3248 937; x_wconf 87' lang='lat' dir='ltr'><strong>Tabas</strong></span> <span class='ocrx_word' id='word_1_176' title='bbox 3283 888 3339 937; x_wconf 89' lang='lat' dir='ltr'><strong>et</strong></span> <span class='ocrx_word' id='word_1_177' title='bbox 3376 880 3521 937; x_wconf 82' lang='lat' dir='ltr'><strong>Maa-</strong></span> 
     </span>
    </p>
   </div>
   <div class='ocr_carea' id='block_1_24' title="bbox 1927 977 2047 1035">
    <p class='ocr_par' dir='ltr' id='par_1_24' title="bbox 1927 977 2047 1035">
     <span class='ocr_line' id='line_1_24' title="bbox 1927 977 2047 1035; baseline -0.042 0"><span class='ocrx_word' id='word_1_178' title='bbox 1927 977 2047 1035; x_wconf 85' lang='lat' dir='ltr'><strong>Cha.</strong></span> 
     </span>
    </p>
   </div>
   <div class='ocr_carea' id='block_1_25' title="bbox 1999 1068 3523 1143">
    <p class='ocr_par' dir='ltr' id='par_1_25' title="bbox 1999 1068 3523 1143">
     <span class='ocr_line' id='line_1_25' title="bbox 1999 1068 3523 1143; baseline 0.001 -19"><span class='ocrx_word' id='word_1_179' title='bbox 1999 1069 2083 1143; x_wconf 71' lang='lat' dir='ltr'><strong>tr.</strong></span> <span class='ocrx_word' id='word_1_180' title='bbox 2118 1069 2281 1136; x_wconf 87' lang='lat' dir='ltr'><strong>xvn,</strong></span> <span class='ocrx_word' id='word_1_181' title='bbox 2312 1070 2372 1126; x_wconf 88' lang='lat' dir='ltr'><strong>c.</strong></span> <span class='ocrx_word' id='word_1_182' title='bbox 2395 1069 2579 1135; x_wconf 82' lang='lat' dir='ltr'><strong>XLIII,</strong></span> <span class='ocrx_word' id='word_1_183' title='bbox 2601 1068 2729 1141; x_wconf 81' lang='lat' dir='ltr'><strong>Cap.</strong></span> <span class='ocrx_word' id='word_1_184' title='bbox 2757 1069 2943 1125; x_wconf 85' lang='lat' dir='ltr'><strong>XXIII.</strong></span> <span class='ocrx_word' id='word_1_185' title='bbox 2951 1069 2970 1141; x_wconf 81' lang='lat' dir='ltr'>J</span> <span class='ocrx_word' id='word_1_186' title='bbox 3002 1070 3147 1126; x_wconf 81' lang='lat' dir='ltr'><strong>Vixit</strong></span> <span class='ocrx_word' id='word_1_187' title='bbox 3176 1078 3355 1126; x_wconf 90' lang='lat' dir='ltr'><strong>autem</strong></span> <span class='ocrx_word' id='word_1_188' title='bbox 3387 1068 3523 1127; x_wconf 89' lang='lat' dir='ltr'><strong>Sara</strong></span> 
     </span>
    </p>
   </div>
   <div class='ocr_carea' id='block_1_26' title="bbox 1925 1164 3524 1236">
    <p class='ocr_par' dir='ltr' id='par_1_26' title="bbox 1925 1164 3524 1236">
     <span class='ocr_line' id='line_1_26' title="bbox 1925 1164 3524 1236; baseline 0.001 -17"><span class='ocrx_word' id='word_1_189' title='bbox 1925 1174 2139 1219; x_wconf 84' lang='lat' dir='ltr'><strong>centum</strong></span> <span class='ocrx_word' id='word_1_190' title='bbox 2171 1164 2358 1236; x_wconf 85' lang='lat' dir='ltr'><strong>viginti</strong></span> <span class='ocrx_word' id='word_1_191' title='bbox 2392 1176 2596 1235; x_wconf 83' lang='lat' dir='ltr'><strong>septem</strong></span> <span class='ocrx_word' id='word_1_192' title='bbox 2637 1165 2813 1218; x_wconf 86' lang='lat' dir='ltr'><strong>annis.</strong></span> <span class='ocrx_word' id='word_1_193' title='bbox 2849 1164 2913 1218; x_wconf 76' lang='lat' dir='ltr'><strong>Et</strong></span> <span class='ocrx_word' id='word_1_194' title='bbox 2951 1176 3156 1219; x_wconf 90' lang='lat' dir='ltr'><strong>mortua</strong></span> <span class='ocrx_word' id='word_1_195' title='bbox 3188 1172 3272 1219; x_wconf 87' lang='lat' dir='ltr'><strong>est</strong></span> <span class='ocrx_word' id='word_1_196' title='bbox 3300 1166 3352 1220; x_wconf 90' lang='lat' dir='ltr'><strong>in</strong></span> <span class='ocrx_word' id='word_1_197' title='bbox 3389 1165 3524 1220; x_wconf 90' lang='lat' dir='ltr'><strong>civi-</strong></span> 
     </span>
    </p>
   </div>
   <div class='ocr_carea' id='block_1_27' title="bbox 1927 1255 3523 1328">
    <p class='ocr_par' dir='ltr' id='par_1_27' title="bbox 1927 1255 3523 1328">
     <span class='ocr_line' id='line_1_27' title="bbox 1927 1255 3523 1328; baseline 0.001 -17"><span class='ocrx_word' id='word_1_198' title='bbox 1927 1267 2033 1311; x_wconf 90' lang='lat' dir='ltr'><strong>tate</strong></span> <span class='ocrx_word' id='word_1_199' title='bbox 2048 1256 2241 1323; x_wconf 85' lang='lat' dir='ltr'><strong>Arbee,</strong></span> <span class='ocrx_word' id='word_1_200' title='bbox 2275 1274 2393 1328; x_wconf 70' lang='lat' dir='ltr'><strong>qua:</strong></span> <span class='ocrx_word' id='word_1_201' title='bbox 2421 1257 2756 1324; x_wconf 89' lang='lat' dir='ltr'><strong>estllebron,</strong></span> <span class='ocrx_word' id='word_1_202' title='bbox 2788 1256 2839 1311; x_wconf 91' lang='lat' dir='ltr'><strong>in</strong></span> <span class='ocrx_word' id='word_1_203' title='bbox 2860 1268 2999 1312; x_wconf 87' lang='lat' dir='ltr'><strong>terra</strong></span> <span class='ocrx_word' id='word_1_204' title='bbox 3016 1255 3271 1312; x_wconf 79' lang='lat' dir='ltr'><strong>Chanaan</strong></span> <span class='ocrx_word' id='word_1_205' title='bbox 3298 1275 3310 1311; x_wconf 92' lang='lat'><strong>:</strong></span> <span class='ocrx_word' id='word_1_206' title='bbox 3344 1259 3523 1313; x_wconf 87' lang='lat' dir='ltr'><strong>venit-</strong></span> 
     </span>
    </p>
   </div>
   <div class='ocr_carea' id='block_1_28' title="bbox 1923 1349 3520 1423">
    <p class='ocr_par' dir='ltr' id='par_1_28' title="bbox 1923 1349 3520 1423">
     <span class='ocr_line' id='line_1_28' title="bbox 1923 1349 3520 1423; baseline 0.002 -18"><span class='ocrx_word' id='word_1_207' title='bbox 1923 1367 2028 1421; x_wconf 88' lang='lat' dir='ltr'><strong>que</strong></span> <span class='ocrx_word' id='word_1_208' title='bbox 2059 1351 2324 1406; x_wconf 82' lang='lat' dir='ltr'><strong>Abraham</strong></span> <span class='ocrx_word' id='word_1_209' title='bbox 2359 1360 2413 1405; x_wconf 92' lang='lat' dir='ltr'><strong>ut</strong></span> <span class='ocrx_word' id='word_1_210' title='bbox 2460 1353 2744 1422; x_wconf 78' lang='lat' dir='ltr'><strong>plangeret</strong></span> <span class='ocrx_word' id='word_1_211' title='bbox 2791 1360 2843 1406; x_wconf 91' lang='lat' dir='ltr'><strong>ct</strong></span> <span class='ocrx_word' id='word_1_212' title='bbox 2895 1350 3046 1406; x_wconf 83' lang='lat' dir='ltr'><strong>ﬁeret</strong></span> <span class='ocrx_word' id='word_1_213' title='bbox 3099 1366 3240 1407; x_wconf 88' lang='lat' dir='ltr'><strong>eam.</strong></span> <span class='ocrx_word' id='word_1_214' title='bbox 3273 1349 3520 1423; x_wconf 86' lang='lat' dir='ltr'><strong>Cumque</strong></span> 
     </span>
    </p>
   </div>
   <div class='ocr_carea' id='block_1_29' title="bbox 1923 1442 3525 1509">
    <p class='ocr_par' dir='ltr' id='par_1_29' title="bbox 1923 1442 3525 1509">
     <span class='ocr_line' id='line_1_29' title="bbox 1923 1442 3525 1509; baseline 0.001 -10"><span class='ocrx_word' id='word_1_215' title='bbox 1923 1446 2254 1499; x_wconf 83' lang='lat' dir='ltr'><strong>surrexisset</strong></span> <span class='ocrx_word' id='word_1_216' title='bbox 2280 1444 2346 1497; x_wconf 86' lang='lat' dir='ltr'><strong>ab</strong></span> <span class='ocrx_word' id='word_1_217' title='bbox 2378 1442 2559 1497; x_wconf 81' lang='lat' dir='ltr'><strong>ofﬁcio</strong></span> <span class='ocrx_word' id='word_1_218' title='bbox 2604 1445 2830 1509; x_wconf 83' lang='lat' dir='ltr'><strong>timeris,</strong></span> <span class='ocrx_word' id='word_1_219' title='bbox 2888 1445 3097 1500; x_wconf 81' lang='lat' dir='ltr'><strong>locutus</strong></span> <span class='ocrx_word' id='word_1_220' title='bbox 3127 1454 3210 1499; x_wconf 89' lang='lat' dir='ltr'><strong>est</strong></span> <span class='ocrx_word' id='word_1_221' title='bbox 3261 1445 3325 1500; x_wconf 89' lang='lat' dir='ltr'><strong>ad</strong></span> <span class='ocrx_word' id='word_1_222' title='bbox 3381 1444 3525 1502; x_wconf 94' lang='lat' dir='ltr'><strong>ﬁlios</strong></span> 
     </span>
    </p>
   </div>
   <div class='ocr_carea' id='block_1_30' title="bbox 1927 1538 3516 1611">
    <p class='ocr_par' dir='ltr' id='par_1_30' title="bbox 1927 1538 3516 1611">
     <span class='ocr_line' id='line_1_30' title="bbox 1927 1538 3516 1611; baseline 0.001 -18"><span class='ocrx_word' id='word_1_223' title='bbox 1927 1539 2087 1603; x_wconf 83' lang='lat' dir='ltr'><strong>ileth,</strong></span> <span class='ocrx_word' id='word_1_224' title='bbox 2118 1538 2305 1594; x_wconf 75' lang='lat' dir='ltr'><strong>dlCt‘ﬂS</strong></span> <span class='ocrx_word' id='word_1_225' title='bbox 2333 1556 2345 1591; x_wconf 91' lang='lat'>:</span> <span class='ocrx_word' id='word_1_226' title='bbox 2382 1540 2601 1594; x_wconf 81' lang='lat' dir='ltr'><strong>Advena</strong></span> <span class='ocrx_word' id='word_1_227' title='bbox 2627 1554 2745 1594; x_wconf 89' lang='lat' dir='ltr'><strong>sum</strong></span> <span class='ocrx_word' id='word_1_228' title='bbox 2791 1548 2844 1594; x_wconf 91' lang='lat' dir='ltr'><strong>et</strong></span> <span class='ocrx_word' id='word_1_229' title='bbox 2870 1540 3187 1611; x_wconf 87' lang='lat' dir='ltr'><strong>peregrinus</strong></span> <span class='ocrx_word' id='word_1_230' title='bbox 3214 1540 3355 1609; x_wconf 90' lang='lat' dir='ltr'><strong>apud</strong></span> <span class='ocrx_word' id='word_1_231' title='bbox 3384 1556 3516 1595; x_wconf 92' lang='lat' dir='ltr'><strong>vos:</strong></span> 
     </span>
    </p>
   </div>
   <div class='ocr_carea' id='block_1_31' title="bbox 1923 1632 3523 1703">
    <p class='ocr_par' dir='ltr' id='par_1_31' title="bbox 1923 1632 3523 1703">
     <span class='ocr_line' id='line_1_31' title="bbox 1923 1632 3523 1703; baseline 0.001 -16"><span class='ocrx_word' id='word_1_232' title='bbox 1923 1633 2048 1687; x_wconf 88' lang='lat' dir='ltr'><strong>date</strong></span> <span class='ocrx_word' id='word_1_233' title='bbox 2079 1632 2210 1686; x_wconf 74' lang='lat' dir='ltr'><strong>mihi</strong></span> <span class='ocrx_word' id='word_1_234' title='bbox 2237 1632 2325 1703; x_wconf 89' lang='lat' dir='ltr'><strong>jus</strong></span> <span class='ocrx_word' id='word_1_235' title='bbox 2358 1632 2598 1703; x_wconf 87' lang='lat' dir='ltr'><strong>sepulcri</strong></span> <span class='ocrx_word' id='word_1_236' title='bbox 2642 1633 2946 1702; x_wconf 80' lang='lat' dir='ltr'><strong>vobiscum,</strong></span> <span class='ocrx_word' id='word_1_237' title='bbox 2979 1643 3041 1688; x_wconf 90' lang='lat' dir='ltr'><strong>ut</strong></span> <span class='ocrx_word' id='word_1_238' title='bbox 3079 1632 3338 1703; x_wconf 86' lang='lat' dir='ltr'><strong>sepeliam</strong></span> <span class='ocrx_word' id='word_1_239' title='bbox 3375 1650 3523 1688; x_wconf 86' lang='lat' dir='ltr'><strong>tuor-</strong></span> 
     </span>
    </p>
   </div>
   <div class='ocr_carea' id='block_1_32' title="bbox 1926 1725 3627 1797">
    <p class='ocr_par' dir='ltr' id='par_1_32' title="bbox 1926 1725 3627 1797">
     <span class='ocr_line' id='line_1_32' title="bbox 1926 1725 3627 1797; baseline 0.002 -17"><span class='ocrx_word' id='word_1_240' title='bbox 1926 1736 2072 1781; x_wconf 89' lang='lat' dir='ltr'><strong>tuum</strong></span> <span class='ocrx_word' id='word_1_241' title='bbox 2108 1743 2310 1780; x_wconf 83' lang='lat' dir='ltr'><strong>meum.</strong></span> <span class='ocrx_word' id='word_1_242' title='bbox 2347 1725 2875 1797; x_wconf 78' lang='lat' dir='ltr'><strong>ReSponderuntque</strong></span> <span class='ocrx_word' id='word_1_243' title='bbox 2910 1728 3005 1783; x_wconf 88' lang='lat' dir='ltr'><strong>ﬁlii</strong></span> <span class='ocrx_word' id='word_1_244' title='bbox 3041 1726 3201 1793; x_wconf 85' lang='lat' dir='ltr'><strong>Heth,</strong></span> <span class='ocrx_word' id='word_1_245' title='bbox 3247 1728 3522 1783; x_wconf 77' lang='lat' dir='ltr'><strong>dicentes:</strong></span> <span class='ocrx_word' id='word_1_246' title='bbox 3616 1760 3627 1769; x_wconf 85' lang='lat'><strong><em>-</em></strong></span> 
     </span>
    </p>
   </div>
   <div class='ocr_carea' id='block_1_33' title="bbox 206 1819 3520 1895">
    <p class='ocr_par' dir='ltr' id='par_1_33' title="bbox 206 1819 3520 1895">
     <span class='ocr_line' id='line_1_33' title="bbox 206 1819 3520 1895; baseline -0.001 -16"><span class='ocrx_word' id='word_1_247' title='bbox 206 1835 351 1875; x_wconf 73' lang='lat' dir='ltr'><strong>mam</strong></span> <span class='ocrx_word' id='word_1_248' title='bbox 403 1821 735 1890; x_wconf 80' lang='lat' dir='ltr'><strong>holocausti,</strong></span> <span class='ocrx_word' id='word_1_249' title='bbox 783 1824 855 1877; x_wconf 88' lang='lat' dir='ltr'><strong>ﬁli</strong></span> <span class='ocrx_word' id='word_1_250' title='bbox 890 1825 983 1878; x_wconf 90' lang='lat' dir='ltr'><strong>mi.</strong></span> <span class='ocrx_word' id='word_1_251' title='bbox 1032 1824 1343 1893; x_wconf 89' lang='lat' dir='ltr'><strong>Pergebant</strong></span> <span class='ocrx_word' id='word_1_252' title='bbox 1388 1840 1517 1895; x_wconf 83' lang='lat' dir='ltr'><strong>ergo</strong></span> <span class='ocrx_word' id='word_1_253' title='bbox 1562 1823 1765 1893; x_wconf 82' lang='lat' dir='ltr'><strong>pariter</strong></span> <span class='ocrx_word' id='word_1_254' title='bbox 1801 1843 1812 1879; x_wconf 83' lang='lat'>:</span> <span class='ocrx_word' id='word_1_255' title='bbox 1849 1830 1891 1889; x_wconf 75' lang='grc' dir='ltr'><strong>Β</strong></span> <span class='ocrx_word' id='word_1_256' title='bbox 1926 1819 2059 1872; x_wconf 89' lang='lat' dir='ltr'><strong>Audi</strong></span> <span class='ocrx_word' id='word_1_257' title='bbox 2110 1833 2227 1880; x_wconf 89' lang='lat' dir='ltr'><strong>nos,</strong></span> <span class='ocrx_word' id='word_1_258' title='bbox 2275 1819 2514 1884; x_wconf 85' lang='lat' dir='ltr'><strong>domine,</strong></span> <span class='ocrx_word' id='word_1_259' title='bbox 2568 1819 2817 1890; x_wconf 82' lang='lat' dir='ltr'><strong>princeps</strong></span> <span class='ocrx_word' id='word_1_260' title='bbox 2869 1821 2958 1885; x_wconf 79' lang='lat' dir='ltr'><strong>Dei</strong></span> <span class='ocrx_word' id='word_1_261' title='bbox 3007 1836 3068 1875; x_wconf 87' lang='lat' dir='ltr'><strong>es</strong></span> <span class='ocrx_word' id='word_1_262' title='bbox 3119 1820 3256 1889; x_wconf 86' lang='lat' dir='ltr'><strong>apud</strong></span> <span class='ocrx_word' id='word_1_263' title='bbox 3291 1836 3390 1874; x_wconf 91' lang='lat' dir='ltr'><strong>nos</strong></span> <span class='ocrx_word' id='word_1_264' title='bbox 3421 1845 3431 1872; x_wconf 59' lang='grc' dir='ltr'><em>ς</em></span> <span class='ocrx_word' id='word_1_265' title='bbox 3468 1821 3520 1875; x_wconf 92' lang='lat' dir='ltr'><strong>in</strong></span> 
     </span>
    </p>
   </div>
   <div class='ocr_carea' id='block_1_34' title="bbox 209 1915 1814 1985">
    <p class='ocr_par' dir='ltr' id='par_1_34' title="bbox 209 1915 1814 1985">
     <span class='ocr_line' id='line_1_34' title="bbox 209 1915 1814 1985; baseline 0.001 -18"><span class='ocrx_word' id='word_1_266' title='bbox 209 1922 601 1984; x_wconf 75' lang='lat' dir='ltr'><strong>vcneruntque</strong></span> <span class='ocrx_word' id='word_1_267' title='bbox 629 1915 697 1969; x_wconf 90' lang='lat' dir='ltr'><strong>ad</strong></span> <span class='ocrx_word' id='word_1_268' title='bbox 737 1915 912 1970; x_wconf 88' lang='lat' dir='ltr'><strong>locum</strong></span> <span class='ocrx_word' id='word_1_269' title='bbox 944 1931 1105 1985; x_wconf 89' lang='lat' dir='ltr'><strong>quem</strong></span> <span class='ocrx_word' id='word_1_270' title='bbox 1139 1916 1452 1971; x_wconf 71' lang='lat' dir='ltr'><strong>ostenderat</strong></span> <span class='ocrx_word' id='word_1_271' title='bbox 1479 1918 1525 1970; x_wconf 86' lang='lat' dir='ltr'><strong>ci</strong></span> <span class='ocrx_word' id='word_1_272' title='bbox 1564 1919 1723 1981; x_wconf 77' lang='lat' dir='ltr'><strong>licus,</strong></span> <span class='ocrx_word' id='word_1_273' title='bbox 1761 1915 1814 1969; x_wconf 91' lang='lat' dir='ltr'><strong>in</strong></span> 
     </span>
    </p>
   </div>
   <div class='ocr_carea' id='block_1_35' title="bbox 208 2006 1813 2079">
    <p class='ocr_par' dir='ltr' id='par_1_35' title="bbox 208 2006 1813 2079">
     <span class='ocr_line' id='line_1_35' title="bbox 208 2006 1813 2079; baseline 0.005 -24"><span class='ocrx_word' id='word_1_274' title='bbox 208 2021 315 2071; x_wconf 86' lang='lat' dir='ltr'><strong>quo</strong></span> <span class='ocrx_word' id='word_1_275' title='bbox 358 2006 657 2062; x_wconf 80' lang='lat' dir='ltr'><strong>aediﬁcavit</strong></span> <span class='ocrx_word' id='word_1_276' title='bbox 703 2008 894 2075; x_wconf 91' lang='lat' dir='ltr'><strong>altare,</strong></span> <span class='ocrx_word' id='word_1_277' title='bbox 930 2018 985 2063; x_wconf 92' lang='lat' dir='ltr'><strong>et</strong></span> <span class='ocrx_word' id='word_1_278' title='bbox 1010 2010 1248 2078; x_wconf 86' lang='lat' dir='ltr'><strong>desuper</strong></span> <span class='ocrx_word' id='word_1_279' title='bbox 1278 2010 1419 2079; x_wconf 87' lang='lat' dir='ltr'><strong>ligna</strong></span> <span class='ocrx_word' id='word_1_280' title='bbox 1463 2010 1767 2079; x_wconf 86' lang='lat' dir='ltr'><strong>composuit</strong></span> <span class='ocrx_word' id='word_1_281' title='bbox 1801 2026 1813 2063; x_wconf 90' lang='lat'><strong>:</strong></span> 
     </span>
    </p>
   </div>
   <div class='ocr_carea' id='block_1_36' title="bbox 208 2099 1815 2171">
    <p class='ocr_par' dir='ltr' id='par_1_36' title="bbox 208 2099 1815 2171">
     <span class='ocr_line' id='line_1_36' title="bbox 208 2099 1815 2171; baseline 0.002 -18"><span class='ocrx_word' id='word_1_282' title='bbox 208 2113 448 2169; x_wconf 88' lang='lat' dir='ltr'><strong>cumque</strong></span> <span class='ocrx_word' id='word_1_283' title='bbox 480 2099 793 2169; x_wconf 75' lang='lat' dir='ltr'><strong>colligasSet</strong></span> <span class='ocrx_word' id='word_1_284' title='bbox 820 2101 966 2155; x_wconf 89' lang='lat' dir='ltr'><strong>Isaac</strong></span> <span class='ocrx_word' id='word_1_285' title='bbox 996 2101 1163 2155; x_wconf 91' lang='lat' dir='ltr'><strong>ﬁlium</strong></span> <span class='ocrx_word' id='word_1_286' title='bbox 1190 2118 1366 2167; x_wconf 80' lang='lat' dir='ltr'><strong>suum,</strong></span> <span class='ocrx_word' id='word_1_287' title='bbox 1401 2104 1583 2171; x_wconf 81' lang='lat' dir='ltr'><strong>p0suit</strong></span> <span class='ocrx_word' id='word_1_288' title='bbox 1612 2117 1733 2155; x_wconf 90' lang='lat' dir='ltr'><strong>ettm</strong></span> <span class='ocrx_word' id='word_1_289' title='bbox 1764 2103 1815 2157; x_wconf 90' lang='lat' dir='ltr'><strong>in</strong></span> 
     </span>
    </p>
   </div>
   <div class='ocr_carea' id='block_1_37' title="bbox 207 2195 1811 2266">
    <p class='ocr_par' dir='ltr' id='par_1_37' title="bbox 207 2195 1811 2266">
     <span class='ocr_line' id='line_1_37' title="bbox 207 2195 1811 2266; baseline 0.002 -21"><span class='ocrx_word' id='word_1_290' title='bbox 207 2195 373 2248; x_wconf 87' lang='lat' dir='ltr'><strong>altari</strong></span> <span class='ocrx_word' id='word_1_291' title='bbox 406 2208 576 2265; x_wconf 90' lang='lat' dir='ltr'><strong>super</strong></span> <span class='ocrx_word' id='word_1_292' title='bbox 603 2204 806 2250; x_wconf 77' lang='lat' dir='ltr'><strong>struem</strong></span> <span class='ocrx_word' id='word_1_293' title='bbox 844 2196 1134 2266; x_wconf 90' lang='lat' dir='ltr'><strong>lignorum.</strong></span> <span class='ocrx_word' id='word_1_294' title='bbox 1178 2196 1544 2266; x_wconf 83' lang='lat' dir='ltr'><strong>Extenditque</strong></span> <span class='ocrx_word' id='word_1_295' title='bbox 1574 2211 1811 2262; x_wconf 89' lang='lat' dir='ltr'><strong>manum,</strong></span> 
     </span>
    </p>
   </div>
   <div class='ocr_carea' id='block_1_38' title="bbox 206 2288 1817 2359">
    <p class='ocr_par' dir='ltr' id='par_1_38' title="bbox 206 2288 1817 2359">
     <span class='ocr_line' id='line_1_38' title="bbox 206 2288 1817 2359; baseline 0.002 -20"><span class='ocrx_word' id='word_1_296' title='bbox 206 2295 261 2339; x_wconf 86' lang='lat' dir='ltr'><strong>et</strong></span> <span class='ocrx_word' id='word_1_297' title='bbox 292 2288 539 2359; x_wconf 90' lang='lat' dir='ltr'><strong>arripuit</strong></span> <span class='ocrx_word' id='word_1_298' title='bbox 562 2288 823 2359; x_wconf 87' lang='lat' dir='ltr'><strong>gladium,</strong></span> <span class='ocrx_word' id='word_1_299' title='bbox 862 2300 917 2342; x_wconf 90' lang='lat' dir='ltr'><strong>ut</strong></span> <span class='ocrx_word' id='word_1_300' title='bbox 964 2289 1273 2343; x_wconf 89' lang='lat' dir='ltr'><strong>immolaret</strong></span> <span class='ocrx_word' id='word_1_301' title='bbox 1309 2288 1473 2342; x_wconf 88' lang='lat' dir='ltr'><strong>ﬁlium</strong></span> <span class='ocrx_word' id='word_1_302' title='bbox 1528 2304 1708 2343; x_wconf 92' lang='lat' dir='ltr'><strong>suum.</strong></span> <span class='ocrx_word' id='word_1_303' title='bbox 1747 2288 1817 2343; x_wconf 85' lang='lat' dir='ltr'><strong>Et</strong></span> 
     </span>
    </p>
   </div>
   <div class='ocr_carea' id='block_1_39' title="bbox 206 2381 1813 2453">
    <p class='ocr_par' dir='ltr' id='par_1_39' title="bbox 206 2381 1813 2453">
     <span class='ocr_line' id='line_1_39' title="bbox 206 2381 1813 2453; baseline 0.004 -21"><span class='ocrx_word' id='word_1_304' title='bbox 206 2395 336 2435; x_wconf 87' lang='lat' dir='ltr'><strong>ecce</strong></span> <span class='ocrx_word' id='word_1_305' title='bbox 390 2382 623 2453; x_wconf 83' lang='lat' dir='ltr'><strong>angelus</strong></span> <span class='ocrx_word' id='word_1_306' title='bbox 679 2382 890 2437; x_wconf 82' lang='lat' dir='ltr'><strong>homini</strong></span> <span class='ocrx_word' id='word_1_307' title='bbox 939 2381 1006 2438; x_wconf 91' lang='lat' dir='ltr'><strong>de</strong></span> <span class='ocrx_word' id='word_1_308' title='bbox 1067 2383 1207 2439; x_wconf 62' lang='lat' dir='ltr'><strong>caelo</strong></span> <span class='ocrx_word' id='word_1_309' title='bbox 1270 2382 1529 2438; x_wconf 86' lang='lat' dir='ltr'><strong>clamavit</strong></span> <span class='ocrx_word' id='word_1_310' title='bbox 1586 2383 1813 2439; x_wconf 89' lang='lat' dir='ltr'><strong>dicens:</strong></span> 
     </span>
    </p>
   </div>
   <div class='ocr_carea' id='block_1_40' title="bbox 204 2474 1817 2548">
    <p class='ocr_par' dir='ltr' id='par_1_40' title="bbox 204 2474 1817 2548">
     <span class='ocr_line' id='line_1_40' title="bbox 204 2474 1817 2548; baseline 0.002 -19"><span class='ocrx_word' id='word_1_311' title='bbox 204 2474 524 2529; x_wconf 80' lang='lat' dir='ltr'><strong>Abraham!</strong></span> <span class='ocrx_word' id='word_1_312' title='bbox 555 2476 865 2531; x_wconf 82' lang='lat' dir='ltr'><strong>Abraham!</strong></span> <span class='ocrx_word' id='word_1_313' title='bbox 893 2478 991 2544; x_wconf 79' lang='lat' dir='ltr'><strong>Qui</strong></span> <span class='ocrx_word' id='word_1_314' title='bbox 1032 2477 1312 2548; x_wconf 78' lang='lat' dir='ltr'><strong>respondit</strong></span> <span class='ocrx_word' id='word_1_315' title='bbox 1339 2494 1352 2531; x_wconf 92' lang='lat'><strong>:</strong></span> <span class='ocrx_word' id='word_1_316' title='bbox 1385 2477 1611 2533; x_wconf 88' lang='lat' dir='ltr'><strong>Adsum.</strong></span> <span class='ocrx_word' id='word_1_317' title='bbox 1648 2478 1817 2533; x_wconf 82' lang='lat' dir='ltr'><strong>Dixit—</strong></span> 
     </span>
    </p>
   </div>
   <div class='ocr_carea' id='block_1_41' title="bbox 203 2568 1814 2644">
    <p class='ocr_par' dir='ltr' id='par_1_41' title="bbox 203 2568 1814 2644">
     <span class='ocr_line' id='line_1_41' title="bbox 203 2568 1814 2644; baseline 0.004 -26"><span class='ocrx_word' id='word_1_318' title='bbox 203 2584 307 2637; x_wconf 89' lang='lat' dir='ltr'><strong>que</strong></span> <span class='ocrx_word' id='word_1_319' title='bbox 334 2568 388 2623; x_wconf 89' lang='lat' dir='ltr'><strong>ei</strong></span> <span class='ocrx_word' id='word_1_320' title='bbox 420 2586 433 2621; x_wconf 88' lang='lat'><strong>:</strong></span> <span class='ocrx_word' id='word_1_321' title='bbox 468 2586 573 2623; x_wconf 92' lang='lat' dir='ltr'><strong>non</strong></span> <span class='ocrx_word' id='word_1_322' title='bbox 603 2572 864 2626; x_wconf 76' lang='lat' dir='ltr'><strong>extendas</strong></span> <span class='ocrx_word' id='word_1_323' title='bbox 895 2588 1112 2626; x_wconf 86' lang='lat' dir='ltr'><strong>manum</strong></span> <span class='ocrx_word' id='word_1_324' title='bbox 1145 2582 1287 2627; x_wconf 87' lang='lat' dir='ltr'><strong>tuam</strong></span> <span class='ocrx_word' id='word_1_325' title='bbox 1339 2588 1501 2644; x_wconf 89' lang='lat' dir='ltr'><strong>super</strong></span> <span class='ocrx_word' id='word_1_326' title='bbox 1548 2589 1772 2643; x_wconf 88' lang='lat' dir='ltr'><strong>puerum</strong></span> <span class='ocrx_word' id='word_1_327' title='bbox 1799 2616 1814 2640; x_wconf 93' lang='lat'><strong>,</strong></span> 
     </span>
    </p>
   </div>
   <div class='ocr_carea' id='block_1_42' title="bbox 204 2662 1816 2739">
    <p class='ocr_par' dir='ltr' id='par_1_42' title="bbox 204 2662 1816 2739">
     <span class='ocr_line' id='line_1_42' title="bbox 204 2662 1816 2739; baseline 0.003 -23"><span class='ocrx_word' id='word_1_328' title='bbox 204 2678 384 2733; x_wconf 86' lang='lat' dir='ltr'><strong>neque</strong></span> <span class='ocrx_word' id='word_1_329' title='bbox 404 2662 575 2719; x_wconf 78' lang='lat' dir='ltr'><strong>facias</strong></span> <span class='ocrx_word' id='word_1_330' title='bbox 603 2665 982 2738; x_wconf 85' lang='lat' dir='ltr'><strong>illiquidqttam</strong></span> <span class='ocrx_word' id='word_1_331' title='bbox 1014 2689 1024 2722; x_wconf 92' lang='lat'>:</span> <span class='ocrx_word' id='word_1_332' title='bbox 1056 2683 1195 2721; x_wconf 76' lang='lat' dir='ltr'><strong>nunc</strong></span> <span class='ocrx_word' id='word_1_333' title='bbox 1215 2669 1441 2737; x_wconf 86' lang='lat' dir='ltr'><strong>cognovi</strong></span> <span class='ocrx_word' id='word_1_334' title='bbox 1462 2667 1603 2739; x_wconf 88' lang='lat' dir='ltr'><strong>quod</strong></span> <span class='ocrx_word' id='word_1_335' title='bbox 1626 2668 1816 2721; x_wconf 77' lang='lat' dir='ltr'><strong>timeas</strong></span> 
     </span>
    </p>
   </div>
   <div class='ocr_carea' id='block_1_43' title="bbox 208 2754 1817 2833">
    <p class='ocr_par' dir='ltr' id='par_1_43' title="bbox 208 2754 1817 2833">
     <span class='ocr_line' id='line_1_43' title="bbox 208 2754 1817 2833; baseline 0.006 -25"><span class='ocrx_word' id='word_1_336' title='bbox 208 2754 409 2822; x_wconf 88' lang='lat' dir='ltr'><strong>Deum,</strong></span> <span class='ocrx_word' id='word_1_337' title='bbox 450 2768 632 2813; x_wconf 88' lang='lat' dir='ltr'><strong>etnon</strong></span> <span class='ocrx_word' id='word_1_338' title='bbox 674 2762 964 2830; x_wconf 69' lang='lat' dir='ltr'><strong>pepercisti</strong></span> <span class='ocrx_word' id='word_1_339' title='bbox 1004 2762 1280 2831; x_wconf 87' lang='lat' dir='ltr'><strong>unigenito</strong></span> <span class='ocrx_word' id='word_1_340' title='bbox 1327 2762 1440 2816; x_wconf 91' lang='lat' dir='ltr'><strong>ﬁlio</strong></span> <span class='ocrx_word' id='word_1_341' title='bbox 1472 2772 1561 2816; x_wconf 92' lang='lat' dir='ltr'><strong>tuo</strong></span> <span class='ocrx_word' id='word_1_342' title='bbox 1596 2771 1817 2833; x_wconf 78' lang='lat' dir='ltr'><strong>propter</strong></span> 
     </span>
    </p>
   </div>
   <div class='ocr_carea' id='block_1_44' title="bbox 206 2850 1814 2925">
    <p class='ocr_par' dir='ltr' id='par_1_44' title="bbox 206 2850 1814 2925">
     <span class='ocr_line' id='line_1_44' title="bbox 206 2850 1814 2925; baseline 0.004 -22"><span class='ocrx_word' id='word_1_343' title='bbox 206 2865 313 2903; x_wconf 86' lang='lat' dir='ltr'><strong>me.</strong></span> <span class='ocrx_word' id='word_1_344' title='bbox 337 2850 572 2907; x_wconf 84' lang='lat' dir='ltr'><strong>Levavit</strong></span> <span class='ocrx_word' id='word_1_345' title='bbox 596 2853 865 2907; x_wconf 83' lang='lat' dir='ltr'><strong>Abraham</strong></span> <span class='ocrx_word' id='word_1_346' title='bbox 898 2855 1085 2909; x_wconf 91' lang='lat' dir='ltr'><strong>oculos</strong></span> <span class='ocrx_word' id='word_1_347' title='bbox 1116 2870 1265 2917; x_wconf 86' lang='lat' dir='ltr'><strong>suos,</strong></span> <span class='ocrx_word' id='word_1_348' title='bbox 1296 2854 1533 2925; x_wconf 76' lang='lat' dir='ltr'><strong>viditque</strong></span> <span class='ocrx_word' id='word_1_349' title='bbox 1560 2864 1682 2924; x_wconf 89' lang='lat' dir='ltr'><strong>post</strong></span> <span class='ocrx_word' id='word_1_350' title='bbox 1703 2865 1814 2910; x_wconf 90' lang='lat' dir='ltr'><strong>ter-</strong></span> 
     </span>
    </p>
   </div>
   <div class='ocr_carea' id='block_1_45' title="bbox 206 2945 1812 3018">
    <p class='ocr_par' dir='ltr' id='par_1_45' title="bbox 206 2945 1812 3018">
     <span class='ocr_line' id='line_1_45' title="bbox 206 2945 1812 3018; baseline 0.004 -23"><span class='ocrx_word' id='word_1_351' title='bbox 206 2960 326 3011; x_wconf 77' lang='lat' dir='ltr'><strong>gum</strong></span> <span class='ocrx_word' id='word_1_352' title='bbox 342 2947 578 2999; x_wconf 89' lang='lat' dir='ltr'><strong>arietem</strong></span> <span class='ocrx_word' id='word_1_353' title='bbox 604 2945 793 3008; x_wconf 40' lang='lat' dir='ltr'><strong>inter.ﬂ</strong></span> <span class='ocrx_word' id='word_1_354' title='bbox 827 2962 1023 3018; x_wconf 86' lang='lat' dir='ltr'><strong>vepres</strong></span> <span class='ocrx_word' id='word_1_355' title='bbox 1054 2948 1347 3003; x_wconf 61' lang='lat' dir='ltr'><strong>barrentem</strong></span> <span class='ocrx_word' id='word_1_356' title='bbox 1373 2948 1657 3002; x_wconf 83' lang='lat' dir='ltr'><strong>cornibusb</strong></span> <span class='ocrx_word' id='word_1_357' title='bbox 1678 2948 1812 3015; x_wconf 77' lang='lat' dir='ltr'><strong>suis,</strong></span> 
     </span>
    </p>
   </div>
   <div class='ocr_carea' id='block_1_46' title="bbox 208 3039 1811 3111">
    <p class='ocr_par' dir='ltr' id='par_1_46' title="bbox 208 3039 1811 3111">
     <span class='ocr_line' id='line_1_46' title="bbox 208 3039 1811 3111; baseline 0.001 -20"><span class='ocrx_word' id='word_1_358' title='bbox 208 3054 370 3106; x_wconf 87' lang='lat' dir='ltr'><strong>quem</strong></span> <span class='ocrx_word' id='word_1_359' title='bbox 412 3053 699 3095; x_wconf 87' lang='lat' dir='ltr'><strong>assumens</strong></span> <span class='ocrx_word' id='word_1_360' title='bbox 750 3039 948 3094; x_wconf 90' lang='lat' dir='ltr'><strong>obtulit</strong></span> <span class='ocrx_word' id='word_1_361' title='bbox 995 3041 1371 3095; x_wconf 90' lang='lat' dir='ltr'><strong>holocaustum</strong></span> <span class='ocrx_word' id='word_1_362' title='bbox 1422 3056 1518 3111; x_wconf 91' lang='lat' dir='ltr'><strong>pro</strong></span> <span class='ocrx_word' id='word_1_363' title='bbox 1553 3040 1663 3095; x_wconf 86' lang='lat' dir='ltr'><strong>lilio</strong></span> <span class='ocrx_word' id='word_1_364' title='bbox 1694 3056 1811 3095; x_wconf 92' lang='lat' dir='ltr'><strong>suo.</strong></span> 
     </span>
    </p>
   </div>
   <div class='ocr_carea' id='block_1_47' title="bbox 206 3129 1813 3203">
    <p class='ocr_par' dir='ltr' id='par_1_47' title="bbox 206 3129 1813 3203">
     <span class='ocr_line' id='line_1_47' title="bbox 206 3129 1813 3203; baseline 0.002 -19"><span class='ocrx_word' id='word_1_365' title='bbox 206 3129 633 3203; x_wconf 64' lang='lat' dir='ltr'><strong>Appellaritque</strong></span> <span class='ocrx_word' id='word_1_366' title='bbox 688 3148 883 3187; x_wconf 89' lang='lat' dir='ltr'><strong>nomen</strong></span> <span class='ocrx_word' id='word_1_367' title='bbox 937 3132 1038 3188; x_wconf 92' lang='lat' dir='ltr'><strong>loci</strong></span> <span class='ocrx_word' id='word_1_368' title='bbox 1102 3134 1285 3202; x_wconf 91' lang='lat' dir='ltr'><strong>illius,</strong></span> <span class='ocrx_word' id='word_1_369' title='bbox 1337 3132 1598 3187; x_wconf 87' lang='lat' dir='ltr'><strong>Dominus</strong></span> <span class='ocrx_word' id='word_1_370' title='bbox 1642 3134 1813 3187; x_wconf 90' lang='lat' dir='ltr'><strong>videt.</strong></span> 
     </span>
    </p>
   </div>
   <div class='ocr_carea' id='block_1_48' title="bbox 1919 1910 3519 1981">
    <p class='ocr_par' dir='ltr' id='par_1_48' title="bbox 1919 1910 3519 1981">
     <span class='ocr_line' id='line_1_48' title="bbox 1919 1910 3519 1981; baseline 0.001 -16"><span class='ocrx_word' id='word_1_371' title='bbox 1919 1910 2109 1965; x_wconf 89' lang='lat' dir='ltr'><strong>electis</strong></span> <span class='ocrx_word' id='word_1_372' title='bbox 2162 1910 2424 1980; x_wconf 88' lang='lat' dir='ltr'><strong>sepulcris</strong></span> <span class='ocrx_word' id='word_1_373' title='bbox 2492 1912 2692 1965; x_wconf 86' lang='lat' dir='ltr'><strong>nostris</strong></span> <span class='ocrx_word' id='word_1_374' title='bbox 2756 1912 2922 1981; x_wconf 85' lang='lat' dir='ltr'><strong>sepeli</strong></span> <span class='ocrx_word' id='word_1_375' title='bbox 2976 1922 3251 1967; x_wconf 89' lang='lat' dir='ltr'><strong>mortuum</strong></span> <span class='ocrx_word' id='word_1_376' title='bbox 3312 1921 3459 1967; x_wconf 92' lang='lat' dir='ltr'><strong>tuum</strong></span> <span class='ocrx_word' id='word_1_377' title='bbox 3508 1932 3519 1967; x_wconf 90' lang='lat'><strong>:</strong></span> 
     </span>
    </p>
   </div>
   <div class='ocr_carea' id='block_1_49' title="bbox 1921 2002 3513 2077">
    <p class='ocr_par' dir='ltr' id='par_1_49' title="bbox 1921 2002 3513 2077">
     <span class='ocr_line' id='line_1_49' title="bbox 1921 2002 3513 2077; baseline 0.003 -21"><span class='ocrx_word' id='word_1_378' title='bbox 1921 2002 2207 2073; x_wconf 63' lang='lat' dir='ltr'><strong>nullusque</strong></span> <span class='ocrx_word' id='word_1_379' title='bbox 2234 2012 2286 2058; x_wconf 91' lang='lat' dir='ltr'><strong>te</strong></span> <span class='ocrx_word' id='word_1_380' title='bbox 2329 2003 2613 2072; x_wconf 81' lang='lat' dir='ltr'><strong>prohibere</strong></span> <span class='ocrx_word' id='word_1_381' title='bbox 2646 2006 2844 2075; x_wconf 89' lang='lat' dir='ltr'><strong>poterit</strong></span> <span class='ocrx_word' id='word_1_382' title='bbox 2874 2004 3004 2077; x_wconf 92' lang='lat' dir='ltr'><strong>quin</strong></span> <span class='ocrx_word' id='word_1_383' title='bbox 3053 2006 3104 2059; x_wconf 91' lang='lat' dir='ltr'><strong>in</strong></span> <span class='ocrx_word' id='word_1_384' title='bbox 3156 2014 3513 2061; x_wconf 89' lang='lat' dir='ltr'><strong>monumento</strong></span> 
     </span>
    </p>
   </div>
   <div class='ocr_carea' id='block_1_50' title="bbox 1919 2095 3523 2167">
    <p class='ocr_par' dir='ltr' id='par_1_50' title="bbox 1919 2095 3523 2167">
     <span class='ocr_line' id='line_1_50' title="bbox 1919 2095 3523 2167; baseline 0.006 -20"><span class='ocrx_word' id='word_1_385' title='bbox 1919 2097 2037 2164; x_wconf 85' lang='lat' dir='ltr'><strong>ejus</strong></span> <span class='ocrx_word' id='word_1_386' title='bbox 2062 2095 2290 2165; x_wconf 89' lang='lat' dir='ltr'><strong>sepelias</strong></span> <span class='ocrx_word' id='word_1_387' title='bbox 2322 2106 2592 2151; x_wconf 92' lang='lat' dir='ltr'><strong>mortuum</strong></span> <span class='ocrx_word' id='word_1_388' title='bbox 2643 2110 2813 2153; x_wconf 89' lang='lat' dir='ltr'><strong>tutnn.</strong></span> <span class='ocrx_word' id='word_1_389' title='bbox 2860 2098 3109 2153; x_wconf 84' lang='lat' dir='ltr'><strong>Surrexit</strong></span> <span class='ocrx_word' id='word_1_390' title='bbox 3139 2098 3436 2167; x_wconf 89' lang='lat' dir='ltr'><strong>Abraham,</strong></span> <span class='ocrx_word' id='word_1_391' title='bbox 3466 2109 3523 2157; x_wconf 84' lang='lat' dir='ltr'><strong>et</strong></span> 
     </span>
    </p>
   </div>
   <div class='ocr_carea' id='block_1_51' title="bbox 1920 2192 3522 2266">
    <p class='ocr_par' dir='ltr' id='par_1_51' title="bbox 1920 2192 3522 2266">
     <span class='ocr_line' id='line_1_51' title="bbox 1920 2192 3522 2266; baseline 0.006 -24"><span class='ocrx_word' id='word_1_392' title='bbox 1920 2192 2170 2247; x_wconf 85' lang='lat' dir='ltr'><strong>adoravit</strong></span> <span class='ocrx_word' id='word_1_393' title='bbox 2195 2197 2451 2266; x_wconf 90' lang='lat' dir='ltr'><strong>populum</strong></span> <span class='ocrx_word' id='word_1_394' title='bbox 2480 2206 2659 2264; x_wconf 66' lang='lat' dir='ltr'><strong>terraz,</strong></span> <span class='ocrx_word' id='word_1_395' title='bbox 2695 2193 2835 2249; x_wconf 92' lang='lat' dir='ltr'><strong>ﬁlios</strong></span> <span class='ocrx_word' id='word_1_396' title='bbox 2863 2195 3119 2252; x_wconf 84' lang='lat' dir='ltr'><strong>videlicet</strong></span> <span class='ocrx_word' id='word_1_397' title='bbox 3154 2196 3291 2251; x_wconf 87' lang='lat' dir='ltr'><strong>llelh</strong></span> <span class='ocrx_word' id='word_1_398' title='bbox 3325 2196 3522 2252; x_wconf 82' lang='lat' dir='ltr'><strong>:dixit-</strong></span> 
     </span>
    </p>
   </div>
   <div class='ocr_carea' id='block_1_52' title="bbox 1920 2289 3518 2363">
    <p class='ocr_par' dir='ltr' id='par_1_52' title="bbox 1920 2289 3518 2363">
     <span class='ocr_line' id='line_1_52' title="bbox 1920 2289 3518 2363; baseline 0.006 -23"><span class='ocrx_word' id='word_1_399' title='bbox 1920 2303 2023 2355; x_wconf 91' lang='lat' dir='ltr'><strong>que</strong></span> <span class='ocrx_word' id='word_1_400' title='bbox 2075 2289 2141 2343; x_wconf 87' lang='lat' dir='ltr'><strong>ad</strong></span> <span class='ocrx_word' id='word_1_401' title='bbox 2188 2306 2315 2345; x_wconf 87' lang='lat' dir='ltr'><strong>eos:</strong></span> <span class='ocrx_word' id='word_1_402' title='bbox 2351 2290 2407 2346; x_wconf 89' lang='lat' dir='ltr'><strong>Si</strong></span> <span class='ocrx_word' id='word_1_403' title='bbox 2461 2292 2633 2360; x_wconf 88' lang='lat' dir='ltr'><strong>placet</strong></span> <span class='ocrx_word' id='word_1_404' title='bbox 2679 2292 2878 2345; x_wconf 62' lang='lat' dir='ltr'><strong>animae</strong></span> <span class='ocrx_word' id='word_1_405' title='bbox 2908 2300 3105 2346; x_wconf 72' lang='lat' dir='ltr'><strong>vestra:</strong></span> <span class='ocrx_word' id='word_1_406' title='bbox 3156 2303 3211 2345; x_wconf 92' lang='lat' dir='ltr'><strong>ut</strong></span> <span class='ocrx_word' id='word_1_407' title='bbox 3258 2293 3518 2363; x_wconf 79' lang='lat' dir='ltr'><strong>sepeliant</strong></span> 
     </span>
    </p>
   </div>
   <div class='ocr_carea' id='block_1_53' title="bbox 1922 2384 3519 2456">
    <p class='ocr_par' dir='ltr' id='par_1_53' title="bbox 1922 2384 3519 2456">
     <span class='ocr_line' id='line_1_53' title="bbox 1922 2384 3519 2456; baseline 0.005 -23"><span class='ocrx_word' id='word_1_408' title='bbox 1922 2391 2191 2437; x_wconf 90' lang='lat' dir='ltr'><strong>mortuum</strong></span> <span class='ocrx_word' id='word_1_409' title='bbox 2236 2400 2436 2450; x_wconf 90' lang='lat' dir='ltr'><strong>meum,</strong></span> <span class='ocrx_word' id='word_1_410' title='bbox 2485 2384 2665 2439; x_wconf 84' lang='lat' dir='ltr'><strong>audite</strong></span> <span class='ocrx_word' id='word_1_411' title='bbox 2710 2400 2816 2448; x_wconf 87' lang='lat' dir='ltr'><strong>me,</strong></span> <span class='ocrx_word' id='word_1_412' title='bbox 2850 2392 2905 2439; x_wconf 90' lang='lat' dir='ltr'><strong>et</strong></span> <span class='ocrx_word' id='word_1_413' title='bbox 2935 2384 3254 2440; x_wconf 89' lang='lat' dir='ltr'><strong>intercedite</strong></span> <span class='ocrx_word' id='word_1_414' title='bbox 3302 2402 3399 2456; x_wconf 90' lang='lat' dir='ltr'><strong>pro</strong></span> <span class='ocrx_word' id='word_1_415' title='bbox 3432 2400 3519 2441; x_wconf 89' lang='lat' dir='ltr'><strong>me</strong></span> 
     </span>
    </p>
   </div>
   <div class='ocr_carea' id='block_1_54' title="bbox 1919 2475 3515 2549">
    <p class='ocr_par' dir='ltr' id='par_1_54' title="bbox 1919 2475 3515 2549">
     <span class='ocr_line' id='line_1_54' title="bbox 1919 2475 3515 2549; baseline 0.004 -23"><span class='ocrx_word' id='word_1_416' title='bbox 1919 2475 2057 2543; x_wconf 87' lang='lat' dir='ltr'><strong>apud</strong></span> <span class='ocrx_word' id='word_1_417' title='bbox 2085 2476 2342 2545; x_wconf 86' lang='lat' dir='ltr'><strong>Ephrom,</strong></span> <span class='ocrx_word' id='word_1_418' title='bbox 2375 2476 2540 2532; x_wconf 83' lang='lat' dir='ltr'><strong>lilium</strong></span> <span class='ocrx_word' id='word_1_419' title='bbox 2567 2476 2744 2533; x_wconf 87' lang='lat' dir='ltr'><strong>Sohar</strong></span> <span class='ocrx_word' id='word_1_420' title='bbox 2765 2476 2954 2549; x_wconf 85' lang='lat' dir='ltr'><strong>[Vulg.</strong></span> <span class='ocrx_word' id='word_1_421' title='bbox 2984 2476 3163 2549; x_wconf 89' lang='lat' dir='ltr'><strong>Seor],</strong></span> <span class='ocrx_word' id='word_1_422' title='bbox 3190 2488 3246 2533; x_wconf 92' lang='lat' dir='ltr'><strong>ut</strong></span> <span class='ocrx_word' id='word_1_423' title='bbox 3272 2479 3363 2533; x_wconf 87' lang='lat' dir='ltr'><strong>det</strong></span> <span class='ocrx_word' id='word_1_424' title='bbox 3386 2478 3515 2533; x_wconf 92' lang='lat' dir='ltr'><strong>tnihi</strong></span> 
     </span>
    </p>
   </div>
   <div class='ocr_carea' id='block_1_55' title="bbox 1919 2568 3505 2641">
    <p class='ocr_par' dir='ltr' id='par_1_55' title="bbox 1919 2568 3505 2641">
     <span class='ocr_line' id='line_1_55' title="bbox 1919 2568 3505 2641; baseline 0.003 -20"><span class='ocrx_word' id='word_1_425' title='bbox 1919 2568 2231 2637; x_wconf 82' lang='lat' dir='ltr'><strong>speluncam</strong></span> <span class='ocrx_word' id='word_1_426' title='bbox 2278 2570 2569 2640; x_wconf 87' lang='lat' dir='ltr'><strong>duplicem,</strong></span> <span class='ocrx_word' id='word_1_427' title='bbox 2606 2586 2765 2640; x_wconf 92' lang='lat' dir='ltr'><strong>quam</strong></span> <span class='ocrx_word' id='word_1_428' title='bbox 2800 2571 2964 2625; x_wconf 85' lang='lat' dir='ltr'><strong>habet</strong></span> <span class='ocrx_word' id='word_1_429' title='bbox 2998 2570 3053 2625; x_wconf 90' lang='lat' dir='ltr'><strong>in</strong></span> <span class='ocrx_word' id='word_1_430' title='bbox 3081 2580 3322 2625; x_wconf 78' lang='lat' dir='ltr'><strong>extrema</strong></span> <span class='ocrx_word' id='word_1_431' title='bbox 3354 2582 3505 2641; x_wconf 89' lang='lat' dir='ltr'><strong>parte</strong></span> 
     </span>
    </p>
   </div>
   <div class='ocr_carea' id='block_1_56' title="bbox 1920 2661 3517 2733">
    <p class='ocr_par' dir='ltr' id='par_1_56' title="bbox 1920 2661 3517 2733">
     <span class='ocr_line' id='line_1_56' title="bbox 1920 2661 3517 2733; baseline 0.004 -20"><span class='ocrx_word' id='word_1_432' title='bbox 1920 2661 2033 2730; x_wconf 87' lang='lat' dir='ltr'><strong>agri</strong></span> <span class='ocrx_word' id='word_1_433' title='bbox 2098 2663 2179 2715; x_wconf 88' lang='lat' dir='ltr'><strong>sui</strong></span> <span class='ocrx_word' id='word_1_434' title='bbox 2221 2664 2487 2733; x_wconf 88' lang='lat' dir='ltr'><strong>:pecunia</strong></span> <span class='ocrx_word' id='word_1_435' title='bbox 2538 2664 2695 2733; x_wconf 85' lang='lat' dir='ltr'><strong>digna</strong></span> <span class='ocrx_word' id='word_1_436' title='bbox 2765 2664 2936 2718; x_wconf 81' lang='lat' dir='ltr'><strong>tradat</strong></span> <span class='ocrx_word' id='word_1_437' title='bbox 2991 2662 3120 2718; x_wconf 90' lang='lat' dir='ltr'><strong>mihi</strong></span> <span class='ocrx_word' id='word_1_438' title='bbox 3174 2680 3291 2719; x_wconf 88' lang='lat' dir='ltr'><strong>eam</strong></span> <span class='ocrx_word' id='word_1_439' title='bbox 3335 2679 3517 2719; x_wconf 91' lang='lat' dir='ltr'><strong>coram</strong></span> 
     </span>
    </p>
   </div>
   <div class='ocr_carea' id='block_1_57' title="bbox 1924 2754 3517 2825">
    <p class='ocr_par' dir='ltr' id='par_1_57' title="bbox 1924 2754 3517 2825">
     <span class='ocr_line' id='line_1_57' title="bbox 1924 2754 3517 2825; baseline 0.003 -19"><span class='ocrx_word' id='word_1_440' title='bbox 1924 2754 2071 2807; x_wconf 82' lang='lat' dir='ltr'><strong>vobis</strong></span> <span class='ocrx_word' id='word_1_441' title='bbox 2120 2756 2170 2808; x_wconf 89' lang='lat' dir='ltr'><strong>in</strong></span> <span class='ocrx_word' id='word_1_442' title='bbox 2228 2757 2626 2825; x_wconf 90' lang='lat' dir='ltr'><strong>possessionem</strong></span> <span class='ocrx_word' id='word_1_443' title='bbox 2672 2756 2927 2824; x_wconf 91' lang='lat' dir='ltr'><strong>sepulcri.</strong></span> <span class='ocrx_word' id='word_1_444' title='bbox 3002 2756 3286 2811; x_wconf 89' lang='lat' dir='ltr'><strong>llabitabat</strong></span> <span class='ocrx_word' id='word_1_445' title='bbox 3336 2766 3517 2811; x_wconf 91' lang='lat' dir='ltr'><strong>autem</strong></span> 
     </span>
    </p>
   </div>
   <div class='ocr_carea' id='block_1_58' title="bbox 1922 2847 3515 2921">
    <p class='ocr_par' dir='ltr' id='par_1_58' title="bbox 1922 2847 3515 2921">
     <span class='ocr_line' id='line_1_58' title="bbox 1922 2847 3515 2921; baseline 0.004 -20"><span class='ocrx_word' id='word_1_446' title='bbox 1922 2847 2142 2916; x_wconf 76' lang='lat' dir='ltr'><strong>Ephron</strong></span> <span class='ocrx_word' id='word_1_447' title='bbox 2161 2848 2211 2901; x_wconf 93' lang='lat' dir='ltr'><strong>in</strong></span> <span class='ocrx_word' id='word_1_448' title='bbox 2236 2850 2413 2903; x_wconf 89' lang='lat' dir='ltr'><strong>medio</strong></span> <span class='ocrx_word' id='word_1_449' title='bbox 2436 2849 2665 2904; x_wconf 89' lang='lat' dir='ltr'><strong>ﬁliorum</strong></span> <span class='ocrx_word' id='word_1_450' title='bbox 2697 2850 2852 2905; x_wconf 90' lang='lat' dir='ltr'><strong>lleth.</strong></span> <span class='ocrx_word' id='word_1_451' title='bbox 2873 2850 3280 2921; x_wconf 79' lang='lat' dir='ltr'><strong>Responditque</strong></span> <span class='ocrx_word' id='word_1_452' title='bbox 3299 2851 3515 2921; x_wconf 89' lang='lat' dir='ltr'><strong>Ephron</strong></span> 
     </span>
    </p>
   </div>
   <div class='ocr_carea' id='block_1_59' title="bbox 1925 2928 3519 3016">
    <p class='ocr_par' dir='ltr' id='par_1_59' title="bbox 1925 2928 3519 3016">
     <span class='ocr_line' id='line_1_59' title="bbox 1925 2928 3519 3016; baseline 0.003 -21"><span class='ocrx_word' id='word_1_453' title='bbox 1925 2953 1947 2978; x_wconf 72' lang='grc' dir='ltr'><strong>ο</strong></span> <span class='ocrx_word' id='word_1_454' title='bbox 1998 2944 2271 2997; x_wconf 68' lang='lat' dir='ltr'><strong>llettht-us</strong></span> <span class='ocrx_word' id='word_1_455' title='bbox 2326 2944 2390 2998; x_wconf 90' lang='lat' dir='ltr'><strong>ad</strong></span> <span class='ocrx_word' id='word_1_456' title='bbox 2452 2943 2723 2999; x_wconf 77' lang='lat' dir='ltr'><strong>Abraham</strong></span> <span class='ocrx_word' id='word_1_457' title='bbox 2775 2928 2983 3000; x_wconf 74' lang='lat' dir='ltr'><strong>cuneus</strong></span> <span class='ocrx_word' id='word_1_458' title='bbox 3038 2944 3383 3000; x_wconf 86' lang='lat' dir='ltr'><strong>audientibus</strong></span> <span class='ocrx_word' id='word_1_459' title='bbox 3426 2945 3519 3016; x_wconf 90' lang='lat' dir='ltr'><strong>qui</strong></span> 
     </span>
    </p>
   </div>
   <div class='ocr_carea' id='block_1_60' title="bbox 1921 3038 3511 3108">
    <p class='ocr_par' dir='ltr' id='par_1_60' title="bbox 1921 3038 3511 3108">
     <span class='ocr_line' id='line_1_60' title="bbox 1921 3038 3511 3108; baseline 0.002 -18"><span class='ocrx_word' id='word_1_460' title='bbox 1921 3038 2358 3107; x_wconf 70' lang='lat' dir='ltr'><strong>ingrediebantur</strong></span> <span class='ocrx_word' id='word_1_461' title='bbox 2412 3049 2616 3108; x_wconf 88' lang='lat' dir='ltr'><strong>portam</strong></span> <span class='ocrx_word' id='word_1_462' title='bbox 2652 3040 2887 3095; x_wconf 88' lang='lat' dir='ltr'><strong>civitatis</strong></span> <span class='ocrx_word' id='word_1_463' title='bbox 2935 3040 3101 3105; x_wconf 92' lang='lat' dir='ltr'><strong>illius,</strong></span> <span class='ocrx_word' id='word_1_464' title='bbox 3149 3039 3375 3095; x_wconf 85' lang='lat' dir='ltr'><strong>dicens:</strong></span> <span class='ocrx_word' id='word_1_465' title='bbox 3409 3039 3511 3093; x_wconf 84' lang='lat' dir='ltr'><strong>Ne-</strong></span> 
     </span>
    </p>
   </div>
   <div class='ocr_carea' id='block_1_61' title="bbox 1921 3132 3516 3205">
    <p class='ocr_par' dir='ltr' id='par_1_61' title="bbox 1921 3132 3516 3205">
     <span class='ocr_line' id='line_1_61' title="bbox 1921 3132 3516 3205; baseline 0.001 -22"><span class='ocrx_word' id='word_1_466' title='bbox 1921 3148 2184 3200; x_wconf 69' lang='lat' dir='ltr'><strong>quiquam</strong></span> <span class='ocrx_word' id='word_1_467' title='bbox 2220 3133 2291 3186; x_wconf 84' lang='lat' dir='ltr'><strong>ita</strong></span> <span class='ocrx_word' id='word_1_468' title='bbox 2324 3134 2442 3199; x_wconf 83' lang='lat' dir='ltr'><strong>liat,</strong></span> <span class='ocrx_word' id='word_1_469' title='bbox 2496 3133 2714 3188; x_wconf 88' lang='lat' dir='ltr'><strong>domine</strong></span> <span class='ocrx_word' id='word_1_470' title='bbox 2752 3134 2845 3201; x_wconf 87' lang='lat' dir='ltr'><strong>mi,</strong></span> <span class='ocrx_word' id='word_1_471' title='bbox 2880 3133 2972 3188; x_wconf 91' lang='lat' dir='ltr'><strong>scd</strong></span> <span class='ocrx_word' id='word_1_472' title='bbox 3029 3132 3217 3205; x_wconf 74' lang='lat' dir='ltr'><strong>[Vit/g.</strong></span> <span class='ocrx_word' id='word_1_473' title='bbox 3253 3132 3381 3189; x_wconf 85' lang='lat' dir='ltr'><strong>add.</strong></span> <span class='ocrx_word' id='word_1_474' title='bbox 3439 3132 3516 3204; x_wconf 75' lang='lat' dir='ltr'><strong>tu]</strong></span> 
     </span>
    </p>
   </div>
   <div class='ocr_carea' id='block_1_62' title="bbox 209 3221 3521 3295">
    <p class='ocr_par' dir='ltr' id='par_1_62' title="bbox 209 3221 3521 3295">
     <span class='ocr_line' id='line_1_62' title="bbox 209 3221 3521 3295; baseline -0 -18"><span class='ocrx_word' id='word_1_475' title='bbox 209 3222 365 3279; x_wconf 84' lang='lat' dir='ltr'><strong>Unde</strong></span> <span class='ocrx_word' id='word_1_476' title='bbox 399 3240 571 3293; x_wconf 91' lang='lat' dir='ltr'><strong>usque</strong></span> <span class='ocrx_word' id='word_1_477' title='bbox 603 3224 763 3279; x_wconf 87' lang='lat' dir='ltr'><strong>hodie</strong></span> <span class='ocrx_word' id='word_1_478' title='bbox 794 3225 1025 3280; x_wconf 89' lang='lat' dir='ltr'><strong>dicitur:</strong></span> <span class='ocrx_word' id='word_1_479' title='bbox 1058 3226 1116 3281; x_wconf 87' lang='lat' dir='ltr'><strong>In</strong></span> <span class='ocrx_word' id='word_1_480' title='bbox 1155 3238 1339 3283; x_wconf 90' lang='lat' dir='ltr'><strong>monte</strong></span> <span class='ocrx_word' id='word_1_481' title='bbox 1364 3227 1627 3282; x_wconf 89' lang='lat' dir='ltr'><strong>Dominus</strong></span> <span class='ocrx_word' id='word_1_482' title='bbox 1663 3239 1685 3267; x_wconf 79' lang='grc' dir='ltr'><strong>ο</strong></span> <span class='ocrx_word' id='word_1_483' title='bbox 1732 3230 1817 3283; x_wconf 90' lang='lat' dir='ltr'><strong>vi-</strong></span> <span class='ocrx_word' id='word_1_484' title='bbox 1845 3221 1889 3283; x_wconf 92' lang='lat' dir='ltr'><strong>C</strong></span> <span class='ocrx_word' id='word_1_485' title='bbox 1928 3226 2093 3293; x_wconf 84' lang='lat' dir='ltr'><strong>magis</strong></span> <span class='ocrx_word' id='word_1_486' title='bbox 2124 3226 2362 3279; x_wconf 84' lang='lat' dir='ltr'><strong>ausculta</strong></span> <span class='ocrx_word' id='word_1_487' title='bbox 2416 3226 2557 3295; x_wconf 90' lang='lat' dir='ltr'><strong>quod</strong></span> <span class='ocrx_word' id='word_1_488' title='bbox 2602 3226 2828 3295; x_wconf 91' lang='lat' dir='ltr'><strong>loquor:</strong></span> <span class='ocrx_word' id='word_1_489' title='bbox 2863 3224 3064 3295; x_wconf 89' lang='lat' dir='ltr'><strong>Agrum</strong></span> <span class='ocrx_word' id='word_1_490' title='bbox 3121 3224 3276 3279; x_wconf 87' lang='lat' dir='ltr'><strong>trado</strong></span> <span class='ocrx_word' id='word_1_491' title='bbox 3320 3224 3416 3279; x_wconf 88' lang='lat' dir='ltr'><strong>tibi</strong></span> <span class='ocrx_word' id='word_1_492' title='bbox 3467 3233 3521 3278; x_wconf 89' lang='lat' dir='ltr'><strong>et</strong></span> 
     </span>
    </p>
   </div>
   <div class='ocr_carea' id='block_1_63' title="bbox 208 3317 1811 3389">
    <p class='ocr_par' dir='ltr' id='par_1_63' title="bbox 208 3317 1811 3389">
     <span class='ocr_line' id='line_1_63' title="bbox 208 3317 1811 3389; baseline 0.002 -18"><span class='ocrx_word' id='word_1_493' title='bbox 208 3317 381 3372; x_wconf 82' lang='lat' dir='ltr'><strong>debit.</strong></span> <span class='ocrx_word' id='word_1_494' title='bbox 422 3318 649 3374; x_wconf 67' lang='lat' dir='ltr'><strong>Vicavit</strong></span> <span class='ocrx_word' id='word_1_495' title='bbox 679 3332 857 3374; x_wconf 80' lang='lat' dir='ltr'><strong>autem</strong></span> <span class='ocrx_word' id='word_1_496' title='bbox 892 3320 1114 3389; x_wconf 78' lang='lat' dir='ltr'><strong>angelus</strong></span> <span class='ocrx_word' id='word_1_497' title='bbox 1163 3322 1373 3375; x_wconf 89' lang='lat' dir='ltr'><strong>Domini</strong></span> <span class='ocrx_word' id='word_1_498' title='bbox 1415 3322 1689 3377; x_wconf 84' lang='lat' dir='ltr'><strong>Abraham</strong></span> <span class='ocrx_word' id='word_1_499' title='bbox 1725 3338 1811 3376; x_wconf 83' lang='lat' dir='ltr'><strong>se-</strong></span> 
     </span>
    </p>
   </div>
   <div class='ocr_carea' id='block_1_64' title="bbox 206 3409 1818 3483">
    <p class='ocr_par' dir='ltr' id='par_1_64' title="bbox 206 3409 1818 3483">
     <span class='ocr_line' id='line_1_64' title="bbox 206 3409 1818 3483; baseline 0.003 -19"><span class='ocrx_word' id='word_1_500' title='bbox 206 3409 394 3465; x_wconf 88' lang='lat' dir='ltr'><strong>cundo</strong></span> <span class='ocrx_word' id='word_1_501' title='bbox 417 3410 483 3465; x_wconf 88' lang='lat' dir='ltr'><strong>de</strong></span> <span class='ocrx_word' id='word_1_502' title='bbox 514 3411 675 3479; x_wconf 71' lang='lat' dir='ltr'><strong>cmlo,</strong></span> <span class='ocrx_word' id='word_1_503' title='bbox 702 3410 918 3467; x_wconf 84' lang='lat' dir='ltr'><strong>dicens:</strong></span> <span class='ocrx_word' id='word_1_504' title='bbox 947 3411 1443 3483; x_wconf 88' lang='lat' dir='ltr'><strong>Permentetipsum</strong></span> <span class='ocrx_word' id='word_1_505' title='bbox 1469 3414 1663 3483; x_wconf 90' lang='lat' dir='ltr'><strong>juravi,</strong></span> <span class='ocrx_word' id='word_1_506' title='bbox 1687 3414 1818 3469; x_wconf 89' lang='lat' dir='ltr'><strong>dicit</strong></span> 
     </span>
    </p>
   </div>
   <div class='ocr_carea' id='block_1_65' title="bbox 209 3502 1810 3579">
    <p class='ocr_par' dir='ltr' id='par_1_65' title="bbox 209 3502 1810 3579">
     <span class='ocr_line' id='line_1_65' title="bbox 209 3502 1810 3579; baseline 0.003 -22"><span class='ocrx_word' id='word_1_507' title='bbox 209 3502 513 3559; x_wconf 87' lang='lat' dir='ltr'><strong>Dominus:</strong></span> <span class='ocrx_word' id='word_1_508' title='bbox 565 3509 689 3575; x_wconf 81' lang='lat' dir='ltr'><strong>quia</strong></span> <span class='ocrx_word' id='word_1_509' title='bbox 724 3505 900 3561; x_wconf 83' lang='lat' dir='ltr'><strong>fecisti</strong></span> <span class='ocrx_word' id='word_1_510' title='bbox 945 3522 1059 3561; x_wconf 94' lang='lat' dir='ltr'><strong>rem</strong></span> <span class='ocrx_word' id='word_1_511' title='bbox 1099 3506 1259 3574; x_wconf 89' lang='lat' dir='ltr'><strong>hanc,</strong></span> <span class='ocrx_word' id='word_1_512' title='bbox 1292 3514 1347 3561; x_wconf 86' lang='lat' dir='ltr'><strong>et</strong></span> <span class='ocrx_word' id='word_1_513' title='bbox 1378 3524 1483 3561; x_wconf 91' lang='lat' dir='ltr'><strong>non</strong></span> <span class='ocrx_word' id='word_1_514' title='bbox 1527 3507 1810 3579; x_wconf 85' lang='lat' dir='ltr'><strong>pepercisti</strong></span> 
     </span>
    </p>
   </div>
   <div class='ocr_carea' id='block_1_66' title="bbox 207 3594 1817 3671">
    <p class='ocr_par' dir='ltr' id='par_1_66' title="bbox 207 3594 1817 3671">
     <span class='ocr_line' id='line_1_66' title="bbox 207 3594 1817 3671; baseline 0.006 -23"><span class='ocrx_word' id='word_1_515' title='bbox 207 3595 321 3649; x_wconf 81' lang='lat' dir='ltr'><strong>ﬁlio</strong></span> <span class='ocrx_word' id='word_1_516' title='bbox 354 3606 451 3649; x_wconf 90' lang='lat' dir='ltr'><strong>tuo</strong></span> <span class='ocrx_word' id='word_1_517' title='bbox 475 3597 755 3667; x_wconf 89' lang='lat' dir='ltr'><strong>unigenito</strong></span> <span class='ocrx_word' id='word_1_518' title='bbox 777 3594 803 3634; x_wconf 74' lang='grc' dir='ltr'>ἀ</span> <span class='ocrx_word' id='word_1_519' title='bbox 832 3617 843 3651; x_wconf 91' lang='lat'><strong>:</strong></span> <span class='ocrx_word' id='word_1_520' title='bbox 871 3597 1186 3654; x_wconf 88' lang='lat' dir='ltr'><strong>benedieam</strong></span> <span class='ocrx_word' id='word_1_521' title='bbox 1218 3599 1334 3665; x_wconf 89' lang='lat' dir='ltr'><strong>tibi,</strong></span> <span class='ocrx_word' id='word_1_522' title='bbox 1364 3610 1419 3655; x_wconf 91' lang='lat' dir='ltr'><strong>et</strong></span> <span class='ocrx_word' id='word_1_523' title='bbox 1441 3601 1817 3671; x_wconf 89' lang='lat' dir='ltr'><strong>multiplicabo</strong></span> 
     </span>
    </p>
   </div>
   <div class='ocr_carea' id='block_1_67' title="bbox 208 3692 1814 3766">
    <p class='ocr_par' dir='ltr' id='par_1_67' title="bbox 208 3692 1814 3766">
     <span class='ocr_line' id='line_1_67' title="bbox 208 3692 1814 3766; baseline 0.004 -23"><span class='ocrx_word' id='word_1_524' title='bbox 208 3705 407 3746; x_wconf 80' lang='lat' dir='ltr'><strong>semen</strong></span> <span class='ocrx_word' id='word_1_525' title='bbox 440 3699 586 3745; x_wconf 92' lang='lat' dir='ltr'><strong>tuum</strong></span> <span class='ocrx_word' id='word_1_526' title='bbox 620 3693 755 3747; x_wconf 90' lang='lat' dir='ltr'><strong>sicut</strong></span> <span class='ocrx_word' id='word_1_527' title='bbox 787 3692 979 3747; x_wconf 78' lang='lat' dir='ltr'><strong>stellas</strong></span> <span class='ocrx_word' id='word_1_528' title='bbox 1009 3694 1156 3759; x_wconf 75' lang='lat' dir='ltr'><strong>cteli,</strong></span> <span class='ocrx_word' id='word_1_529' title='bbox 1190 3705 1239 3749; x_wconf 92' lang='lat' dir='ltr'><strong>et</strong></span> <span class='ocrx_word' id='word_1_530' title='bbox 1275 3694 1420 3748; x_wconf 89' lang='lat' dir='ltr'><strong>velut</strong></span> <span class='ocrx_word' id='word_1_531' title='bbox 1451 3710 1668 3749; x_wconf 80' lang='lat' dir='ltr'><strong>arenam</strong></span> <span class='ocrx_word' id='word_1_532' title='bbox 1694 3709 1814 3766; x_wconf 69' lang='lat' dir='ltr'><strong>qua:</strong></span> 
     </span>
    </p>
   </div>
   <div class='ocr_carea' id='block_1_68' title="bbox 208 3786 1820 3858">
    <p class='ocr_par' dir='ltr' id='par_1_68' title="bbox 208 3786 1820 3858">
     <span class='ocr_line' id='line_1_68' title="bbox 208 3786 1820 3858; baseline 0.003 -20"><span class='ocrx_word' id='word_1_533' title='bbox 208 3794 286 3839; x_wconf 88' lang='lat' dir='ltr'><strong>est</strong></span> <span class='ocrx_word' id='word_1_534' title='bbox 324 3787 383 3839; x_wconf 89' lang='lat' dir='ltr'><strong>in</strong></span> <span class='ocrx_word' id='word_1_535' title='bbox 421 3786 607 3841; x_wconf 89' lang='lat' dir='ltr'><strong>littore</strong></span> <span class='ocrx_word' id='word_1_536' title='bbox 655 3786 858 3841; x_wconf 90' lang='lat' dir='ltr'><strong>maris:</strong></span> <span class='ocrx_word' id='word_1_537' title='bbox 894 3788 1193 3858; x_wconf 86' lang='lat' dir='ltr'><strong>possidebit</strong></span> <span class='ocrx_word' id='word_1_538' title='bbox 1226 3802 1414 3843; x_wconf 91' lang='lat' dir='ltr'><strong>semen</strong></span> <span class='ocrx_word' id='word_1_539' title='bbox 1457 3797 1604 3843; x_wconf 88' lang='lat' dir='ltr'><strong>tuum</strong></span> <span class='ocrx_word' id='word_1_540' title='bbox 1630 3800 1820 3857; x_wconf 85' lang='lat' dir='ltr'><strong>portas</strong></span> 
     </span>
    </p>
   </div>
   <div class='ocr_carea' id='block_1_69' title="bbox 206 3876 1811 3947">
    <p class='ocr_par' dir='ltr' id='par_1_69' title="bbox 206 3876 1811 3947">
     <span class='ocr_line' id='line_1_69' title="bbox 206 3876 1811 3947; baseline 0.004 -16"><span class='ocrx_word' id='word_1_541' title='bbox 206 3876 565 3933; x_wconf 88' lang='lat' dir='ltr'><strong>inimicorum</strong></span> <span class='ocrx_word' id='word_1_542' title='bbox 596 3895 842 3947; x_wconf 89' lang='lat' dir='ltr'><strong>suorum,</strong></span> <span class='ocrx_word' id='word_1_543' title='bbox 876 3891 928 3935; x_wconf 90' lang='lat' dir='ltr'><strong>et</strong></span> <span class='ocrx_word' id='word_1_544' title='bbox 956 3881 1346 3937; x_wconf 89' lang='lat' dir='ltr'><strong>benedicentur</strong></span> <span class='ocrx_word' id='word_1_545' title='bbox 1372 3883 1424 3936; x_wconf 92' lang='lat' dir='ltr'><strong>in</strong></span> <span class='ocrx_word' id='word_1_546' title='bbox 1473 3884 1679 3939; x_wconf 89' lang='lat' dir='ltr'><strong>semine</strong></span> <span class='ocrx_word' id='word_1_547' title='bbox 1719 3894 1811 3938; x_wconf 87' lang='lat' dir='ltr'><strong>tuo</strong></span> 
     </span>
    </p>
   </div>
   <div class='ocr_carea' id='block_1_70' title="bbox 206 3977 1813 4049">
    <p class='ocr_par' dir='ltr' id='par_1_70' title="bbox 206 3977 1813 4049">
     <span class='ocr_line' id='line_1_70' title="bbox 206 3977 1813 4049; baseline 0.005 -22"><span class='ocrx_word' id='word_1_548' title='bbox 206 3988 410 4029; x_wconf 85' lang='lat' dir='ltr'><strong>omnes</strong></span> <span class='ocrx_word' id='word_1_549' title='bbox 439 3988 631 4046; x_wconf 82' lang='lat' dir='ltr'><strong>gentes</strong></span> <span class='ocrx_word' id='word_1_550' title='bbox 678 3986 859 4043; x_wconf 67' lang='lat' dir='ltr'><strong>terras,</strong></span> <span class='ocrx_word' id='word_1_551' title='bbox 893 3978 1018 4049; x_wconf 89' lang='lat' dir='ltr'><strong>quia</strong></span> <span class='ocrx_word' id='word_1_552' title='bbox 1063 3977 1299 4033; x_wconf 88' lang='lat' dir='ltr'><strong>obedisti</strong></span> <span class='ocrx_word' id='word_1_553' title='bbox 1346 3978 1469 4033; x_wconf 88' lang='lat' dir='ltr'><strong>voci</strong></span> <span class='ocrx_word' id='word_1_554' title='bbox 1504 3994 1660 4033; x_wconf 62' lang='lat' dir='ltr'><strong>meae.</strong></span> <span class='ocrx_word' id='word_1_555' title='bbox 1706 3979 1813 4035; x_wconf 79' lang='lat' dir='ltr'><strong>Re-</strong></span> 
     </span>
    </p>
   </div>
   <div class='ocr_carea' id='block_1_71' title="bbox 206 4069 1816 4143">
    <p class='ocr_par' dir='ltr' id='par_1_71' title="bbox 206 4069 1816 4143">
     <span class='ocr_line' id='line_1_71' title="bbox 206 4069 1816 4143; baseline 0.004 -22"><span class='ocrx_word' id='word_1_556' title='bbox 206 4082 414 4123; x_wconf 75' lang='lat' dir='ltr'><strong>versus</strong></span> <span class='ocrx_word' id='word_1_557' title='bbox 465 4078 548 4124; x_wconf 90' lang='lat' dir='ltr'><strong>est</strong></span> <span class='ocrx_word' id='word_1_558' title='bbox 595 4069 871 4125; x_wconf 88' lang='lat' dir='ltr'><strong>Abraham</strong></span> <span class='ocrx_word' id='word_1_559' title='bbox 919 4071 982 4124; x_wconf 91' lang='lat' dir='ltr'><strong>ad</strong></span> <span class='ocrx_word' id='word_1_560' title='bbox 1015 4087 1213 4142; x_wconf 90' lang='lat' dir='ltr'><strong>pueros</strong></span> <span class='ocrx_word' id='word_1_561' title='bbox 1255 4086 1418 4138; x_wconf 92' lang='lat' dir='ltr'><strong>suos,</strong></span> <span class='ocrx_word' id='word_1_562' title='bbox 1459 4072 1816 4143; x_wconf 86' lang='lat' dir='ltr'><strong>abieruntque</strong></span> 
     </span>
    </p>
   </div>
   <div class='ocr_carea' id='block_1_72' title="bbox 207 4158 1815 4235">
    <p class='ocr_par' dir='ltr' id='par_1_72' title="bbox 207 4158 1815 4235">
     <span class='ocr_line' id='line_1_72' title="bbox 207 4158 1815 4235; baseline 0.004 -22"><span class='ocrx_word' id='word_1_563' title='bbox 207 4158 497 4217; x_wconf 84' lang='lat' dir='ltr'><strong>Bersabee</strong></span> <span class='ocrx_word' id='word_1_564' title='bbox 527 4162 709 4230; x_wconf 90' lang='lat' dir='ltr'><strong>simul,</strong></span> <span class='ocrx_word' id='word_1_565' title='bbox 735 4174 787 4218; x_wconf 91' lang='lat' dir='ltr'><strong>et</strong></span> <span class='ocrx_word' id='word_1_566' title='bbox 816 4162 1080 4219; x_wconf 87' lang='lat' dir='ltr'><strong>habitavit</strong></span> <span class='ocrx_word' id='word_1_567' title='bbox 1111 4164 1199 4220; x_wconf 91' lang='lat' dir='ltr'><strong>ibi.</strong></span> <span class='ocrx_word' id='word_1_568' title='bbox 1237 4165 1331 4219; x_wconf 91' lang='lat' dir='ltr'><strong>llis</strong></span> <span class='ocrx_word' id='word_1_569' title='bbox 1362 4166 1429 4219; x_wconf 91' lang='lat' dir='ltr'><strong>ita</strong></span> <span class='ocrx_word' id='word_1_570' title='bbox 1453 4164 1643 4235; x_wconf 84' lang='lat' dir='ltr'><strong>gestis,</strong></span> <span class='ocrx_word' id='word_1_571' title='bbox 1679 4181 1815 4220; x_wconf 86' lang='lat' dir='ltr'><strong>nun-</strong></span> 
     </span>
    </p>
   </div>
   <div class='ocr_carea' id='block_1_73' title="bbox 205 4254 1817 4331">
    <p class='ocr_par' dir='ltr' id='par_1_73' title="bbox 205 4254 1817 4331">
     <span class='ocr_line' id='line_1_73' title="bbox 205 4254 1817 4331; baseline 0.006 -25"><span class='ocrx_word' id='word_1_572' title='bbox 205 4254 410 4309; x_wconf 84' lang='lat' dir='ltr'><strong>tiatum</strong></span> <span class='ocrx_word' id='word_1_573' title='bbox 441 4263 525 4310; x_wconf 89' lang='lat' dir='ltr'><strong>est</strong></span> <span class='ocrx_word' id='word_1_574' title='bbox 552 4255 825 4312; x_wconf 90' lang='lat' dir='ltr'><strong>Abraham</strong></span> <span class='ocrx_word' id='word_1_575' title='bbox 872 4259 1015 4329; x_wconf 93' lang='lat' dir='ltr'><strong>quod</strong></span> <span class='ocrx_word' id='word_1_576' title='bbox 1046 4258 1253 4315; x_wconf 85' lang='lat' dir='ltr'><strong>Melcha</strong></span> <span class='ocrx_word' id='word_1_577' title='bbox 1290 4276 1503 4331; x_wconf 86' lang='lat' dir='ltr'><strong>quoque</strong></span> <span class='ocrx_word' id='word_1_578' title='bbox 1534 4260 1817 4330; x_wconf 88' lang='lat' dir='ltr'><strong>genuisset</strong></span> 
     </span>
    </p>
   </div>
   <div class='ocr_carea' id='block_1_74' title="bbox 207 4390 1808 4464">
    <p class='ocr_par' dir='ltr' id='par_1_74' title="bbox 207 4390 1808 4464">
     <span class='ocr_line' id='line_1_74' title="bbox 207 4390 1808 4464; baseline 0.006 -24"><span class='ocrx_word' id='word_1_579' title='bbox 207 4390 257 4464; x_wconf 86' lang='lat' dir='ltr'><strong>i_n</strong></span> <span class='ocrx_word' id='word_1_580' title='bbox 287 4405 411 4460; x_wconf 90' lang='lat' dir='ltr'><strong>quo</strong></span> <span class='ocrx_word' id='word_1_581' title='bbox 433 4399 616 4464; x_wconf 73' lang='lat' dir='ltr'><strong>postea</strong></span> <span class='ocrx_word' id='word_1_582' title='bbox 634 4393 900 4464; x_wconf 76' lang='lat' dir='ltr'><strong>templum</strong></span> <span class='ocrx_word' id='word_1_583' title='bbox 930 4394 1206 4451; x_wconf 90' lang='lat' dir='ltr'><strong>conditum</strong></span> <span class='ocrx_word' id='word_1_584' title='bbox 1234 4404 1339 4452; x_wconf 88' lang='lat' dir='ltr'><strong>est.</strong></span> <span class='ocrx_word' id='word_1_585' title='bbox 1372 4394 1485 4450; x_wconf 89' lang='lat' dir='ltr'><strong>Non</strong></span> <span class='ocrx_word' id='word_1_586' title='bbox 1508 4395 1628 4451; x_wconf 88' lang='lat' dir='ltr'><strong>sine</strong></span> <span class='ocrx_word' id='word_1_587' title='bbox 1647 4410 1808 4451; x_wconf 88' lang='lat' dir='ltr'><strong>causa</strong></span> 
     </span>
    </p>
   </div>
   <div class='ocr_carea' id='block_1_75' title="bbox 205 4460 1810 4537">
    <p class='ocr_par' dir='ltr' id='par_1_75' title="bbox 205 4460 1810 4537">
     <span class='ocr_line' id='line_1_75' title="bbox 205 4460 1810 4537; baseline 0.004 -23"><span class='ocrx_word' id='word_1_588' title='bbox 205 4460 416 4537; x_wconf 70' lang='lat' dir='ltr'><strong>fatetur</strong></span> <span class='ocrx_word' id='word_1_589' title='bbox 439 4460 523 4537; x_wconf 80' lang='lat' dir='ltr'><strong>hic</strong></span> <span class='ocrx_word' id='word_1_590' title='bbox 546 4460 1012 4537; x_wconf 75' lang='lat' dir='ltr'><strong>S._Hierbuymus,</strong></span> <span class='ocrx_word' id='word_1_591' title='bbox 1037 4467 1253 4535; x_wconf 73' lang='lat' dir='ltr'><strong>difﬁcile</strong></span> <span class='ocrx_word' id='word_1_592' title='bbox 1270 4484 1377 4521; x_wconf 85' lang='lat' dir='ltr'><strong>esse</strong></span> <span class='ocrx_word' id='word_1_593' title='bbox 1398 4468 1590 4519; x_wconf 81' lang='lat' dir='ltr'><strong>idioma</strong></span> <span class='ocrx_word' id='word_1_594' title='bbox 1619 4467 1810 4537; x_wconf 70' lang='lat' dir='ltr'><strong>lingua</strong></span> 
     </span>
    </p>
   </div>
   <div class='ocr_carea' id='block_1_76' title="bbox 208 4532 1811 4594">
    <p class='ocr_par' dir='ltr' id='par_1_76' title="bbox 208 4532 1811 4594">
     <span class='ocr_line' id='line_1_76' title="bbox 208 4532 1811 4594; baseline 0.004 -10"><span class='ocrx_word' id='word_1_595' title='bbox 208 4532 459 4587; x_wconf 72' lang='lat' dir='ltr'><strong>IIebra&#39;te</strong></span> <span class='ocrx_word' id='word_1_596' title='bbox 506 4534 559 4586; x_wconf 87' lang='lat' dir='ltr'><strong>in</strong></span> <span class='ocrx_word' id='word_1_597' title='bbox 601 4532 851 4590; x_wconf 71' lang='lat' dir='ltr'><strong>Latinum</strong></span> <span class='ocrx_word' id='word_1_598' title='bbox 874 4532 1158 4592; x_wconf 75' lang='lat' dir='ltr'><strong>sermonem</strong></span> <span class='ocrx_word' id='word_1_599' title='bbox 1199 4548 1407 4593; x_wconf 78' lang='lat' dir='ltr'><strong>vertere.</strong></span> <span class='ocrx_word' id='word_1_600' title='bbox 1465 4538 1628 4594; x_wconf 81' lang='lat' dir='ltr'><strong>Certe</strong></span> <span class='ocrx_word' id='word_1_601' title='bbox 1675 4532 1811 4592; x_wconf 72' lang='lat' dir='ltr'><strong>lianc</strong></span> 
     </span>
    </p>
   </div>
   <div class='ocr_carea' id='block_1_77' title="bbox 1923 3314 3519 3390">
    <p class='ocr_par' dir='ltr' id='par_1_77' title="bbox 1923 3314 3519 3390">
     <span class='ocr_line' id='line_1_77' title="bbox 1923 3314 3519 3390; baseline -0.001 -19"><span class='ocrx_word' id='word_1_602' title='bbox 1923 3320 2233 3387; x_wconf 74' lang='lat' dir='ltr'><strong>Speluncam</strong></span> <span class='ocrx_word' id='word_1_603' title='bbox 2279 3335 2398 3390; x_wconf 70' lang='lat' dir='ltr'><strong>qua:</strong></span> <span class='ocrx_word' id='word_1_604' title='bbox 2452 3320 2503 3372; x_wconf 91' lang='lat' dir='ltr'><strong>in</strong></span> <span class='ocrx_word' id='word_1_605' title='bbox 2534 3333 2600 3373; x_wconf 92' lang='lat' dir='ltr'><strong>eo</strong></span> <span class='ocrx_word' id='word_1_606' title='bbox 2644 3316 3146 3387; x_wconf 73' lang='lat' dir='ltr'><strong>est;pra-sentibus</strong></span> <span class='ocrx_word' id='word_1_607' title='bbox 3178 3317 3303 3371; x_wconf 87' lang='lat' dir='ltr'><strong>ﬁliis</strong></span> <span class='ocrx_word' id='word_1_608' title='bbox 3336 3314 3519 3386; x_wconf 91' lang='lat' dir='ltr'><strong>populi</strong></span> 
     </span>
    </p>
   </div>
   <div class='ocr_carea' id='block_1_78' title="bbox 1925 3407 3515 3479">
    <p class='ocr_par' dir='ltr' id='par_1_78' title="bbox 1925 3407 3515 3479">
     <span class='ocr_line' id='line_1_78' title="bbox 1925 3407 3515 3479; baseline -0.001 -16"><span class='ocrx_word' id='word_1_609' title='bbox 1925 3412 2053 3477; x_wconf 88' lang='lat' dir='ltr'><strong>mei,</strong></span> <span class='ocrx_word' id='word_1_610' title='bbox 2104 3410 2274 3479; x_wconf 87' lang='lat' dir='ltr'><strong>sepeli</strong></span> <span class='ocrx_word' id='word_1_611' title='bbox 2308 3420 2579 3464; x_wconf 90' lang='lat' dir='ltr'><strong>mortuum</strong></span> <span class='ocrx_word' id='word_1_612' title='bbox 2626 3419 2797 3463; x_wconf 92' lang='lat' dir='ltr'><strong>tuum.</strong></span> <span class='ocrx_word' id='word_1_613' title='bbox 2837 3407 3395 3463; x_wconf 78' lang='lat' dir='ltr'><strong>AdoravitAbrahatn</strong></span> <span class='ocrx_word' id='word_1_614' title='bbox 3424 3421 3515 3462; x_wconf 86' lang='lat' dir='ltr'><strong>co-</strong></span> 
     </span>
    </p>
   </div>
   <div class='ocr_carea' id='block_1_79' title="bbox 1923 3499 3520 3575">
    <p class='ocr_par' dir='ltr' id='par_1_79' title="bbox 1923 3499 3520 3575">
     <span class='ocr_line' id='line_1_79' title="bbox 1923 3499 3520 3575; baseline -0.003 -16"><span class='ocrx_word' id='word_1_615' title='bbox 1923 3522 2033 3559; x_wconf 89' lang='lat' dir='ltr'><strong>ram</strong></span> <span class='ocrx_word' id='word_1_616' title='bbox 2078 3506 2278 3575; x_wconf 91' lang='lat' dir='ltr'><strong>populo</strong></span> <span class='ocrx_word' id='word_1_617' title='bbox 2327 3513 2506 3559; x_wconf 61' lang='lat' dir='ltr'><strong>terrae.</strong></span> <span class='ocrx_word' id='word_1_618' title='bbox 2565 3504 2631 3559; x_wconf 87' lang='lat' dir='ltr'><strong>Et</strong></span> <span class='ocrx_word' id='word_1_619' title='bbox 2663 3504 2873 3558; x_wconf 89' lang='lat' dir='ltr'><strong>locutus</strong></span> <span class='ocrx_word' id='word_1_620' title='bbox 2900 3511 2983 3557; x_wconf 90' lang='lat' dir='ltr'><strong>est</strong></span> <span class='ocrx_word' id='word_1_621' title='bbox 3014 3503 3077 3556; x_wconf 89' lang='lat' dir='ltr'><strong>ad</strong></span> <span class='ocrx_word' id='word_1_622' title='bbox 3124 3502 3369 3572; x_wconf 86' lang='lat' dir='ltr'><strong>Ephron,</strong></span> <span class='ocrx_word' id='word_1_623' title='bbox 3414 3499 3520 3555; x_wconf 86' lang='lat' dir='ltr'><strong>cir-</strong></span> 
     </span>
    </p>
   </div>
   <div class='ocr_carea' id='block_1_80' title="bbox 1923 3593 3518 3665">
    <p class='ocr_par' dir='ltr' id='par_1_80' title="bbox 1923 3593 3518 3665">
     <span class='ocr_line' id='line_1_80' title="bbox 1923 3593 3518 3665; baseline -0.004 -12"><span class='ocrx_word' id='word_1_624' title='bbox 1923 3606 2229 3653; x_wconf 72' lang='lat' dir='ltr'><strong>cumstante</strong></span> <span class='ocrx_word' id='word_1_625' title='bbox 2263 3598 2418 3665; x_wconf 86' lang='lat' dir='ltr'><strong>plebe</strong></span> <span class='ocrx_word' id='word_1_626' title='bbox 2445 3614 2457 3650; x_wconf 88' lang='lat'><strong>:</strong></span> <span class='ocrx_word' id='word_1_627' title='bbox 2489 3599 2781 3663; x_wconf 63' lang='lat' dir='ltr'><strong>Qua‘so,ut</strong></span> <span class='ocrx_word' id='word_1_628' title='bbox 2812 3596 2999 3649; x_wconf 84' lang='lat' dir='ltr'><strong>audias</strong></span> <span class='ocrx_word' id='word_1_629' title='bbox 3022 3610 3145 3651; x_wconf 89' lang='lat' dir='ltr'><strong>me:</strong></span> <span class='ocrx_word' id='word_1_630' title='bbox 3170 3593 3318 3647; x_wconf 85' lang='lat' dir='ltr'><strong>Dabo</strong></span> <span class='ocrx_word' id='word_1_631' title='bbox 3350 3608 3518 3665; x_wconf 88' lang='lat' dir='ltr'><strong>pecu-</strong></span> 
     </span>
    </p>
   </div>
   <div class='ocr_carea' id='block_1_81' title="bbox 1926 3688 3524 3765">
    <p class='ocr_par' dir='ltr' id='par_1_81' title="bbox 1926 3688 3524 3765">
     <span class='ocr_line' id='line_1_81' title="bbox 1926 3688 3524 3765; baseline -0.004 -18"><span class='ocrx_word' id='word_1_632' title='bbox 1926 3693 2067 3747; x_wconf 86' lang='lat' dir='ltr'><strong>niam</strong></span> <span class='ocrx_word' id='word_1_633' title='bbox 2102 3708 2198 3763; x_wconf 89' lang='lat' dir='ltr'><strong>pro</strong></span> <span class='ocrx_word' id='word_1_634' title='bbox 2229 3707 2393 3765; x_wconf 83' lang='lat' dir='ltr'><strong>agro:</strong></span> <span class='ocrx_word' id='word_1_635' title='bbox 2422 3694 2636 3762; x_wconf 82' lang='lat' dir='ltr'><strong>suscipe</strong></span> <span class='ocrx_word' id='word_1_636' title='bbox 2665 3706 2808 3759; x_wconf 90' lang='lat' dir='ltr'><strong>eam,</strong></span> <span class='ocrx_word' id='word_1_637' title='bbox 2842 3700 2895 3745; x_wconf 91' lang='lat' dir='ltr'><strong>et</strong></span> <span class='ocrx_word' id='word_1_638' title='bbox 2944 3691 3022 3744; x_wconf 89' lang='lat' dir='ltr'><strong>sic</strong></span> <span class='ocrx_word' id='word_1_639' title='bbox 3068 3688 3329 3758; x_wconf 83' lang='lat' dir='ltr'><strong>sepeliant</strong></span> <span class='ocrx_word' id='word_1_640' title='bbox 3378 3702 3524 3742; x_wconf 91' lang='lat' dir='ltr'><strong>mor-</strong></span> 
     </span>
    </p>
   </div>
   <div class='ocr_carea' id='block_1_82' title="bbox 1931 3779 3518 3855">
    <p class='ocr_par' dir='ltr' id='par_1_82' title="bbox 1931 3779 3518 3855">
     <span class='ocr_line' id='line_1_82' title="bbox 1931 3779 3518 3855; baseline -0.006 -13"><span class='ocrx_word' id='word_1_641' title='bbox 1931 3797 2080 3842; x_wconf 91' lang='lat' dir='ltr'><strong>tuum</strong></span> <span class='ocrx_word' id='word_1_642' title='bbox 2113 3803 2288 3841; x_wconf 86' lang='lat' dir='ltr'><strong>meum</strong></span> <span class='ocrx_word' id='word_1_643' title='bbox 2320 3787 2372 3840; x_wconf 93' lang='lat' dir='ltr'><strong>in</strong></span> <span class='ocrx_word' id='word_1_644' title='bbox 2395 3801 2480 3841; x_wconf 92' lang='lat' dir='ltr'><strong>eo.</strong></span> <span class='ocrx_word' id='word_1_645' title='bbox 2517 3785 2815 3855; x_wconf 69' lang='lat' dir='ltr'><strong>Respondit</strong></span> <span class='ocrx_word' id='word_1_646' title='bbox 2865 3784 3081 3853; x_wconf 74' lang='lat' dir='ltr'><strong>Ephron</strong></span> <span class='ocrx_word' id='word_1_647' title='bbox 3108 3797 3121 3834; x_wconf 89' lang='lat'><strong>:</strong></span> <span class='ocrx_word' id='word_1_648' title='bbox 3153 3781 3381 3835; x_wconf 88' lang='lat' dir='ltr'><strong>Domine</strong></span> <span class='ocrx_word' id='word_1_649' title='bbox 3409 3779 3479 3834; x_wconf 93' lang='lat' dir='ltr'><strong>mi</strong></span> <span class='ocrx_word' id='word_1_650' title='bbox 3503 3820 3518 3844; x_wconf 86' lang='lat'><em>.</em></span> 
     </span>
    </p>
   </div>
   <div class='ocr_carea' id='block_1_83' title="bbox 1917 3873 3519 3950">
    <p class='ocr_par' dir='ltr' id='par_1_83' title="bbox 1917 3873 3519 3950">
     <span class='ocr_line' id='line_1_83' title="bbox 1917 3873 3519 3950; baseline -0.007 -10"><span class='ocrx_word' id='word_1_651' title='bbox 1917 3884 2071 3941; x_wconf 89' lang='lat' dir='ltr'><strong>audi:</strong></span> <span class='ocrx_word' id='word_1_652' title='bbox 2098 3882 2319 3936; x_wconf 86' lang='lat' dir='ltr'><strong>’l‘erram</strong></span> <span class='ocrx_word' id='word_1_653' title='bbox 2343 3895 2503 3950; x_wconf 90' lang='lat' dir='ltr'><strong>quam</strong></span> <span class='ocrx_word' id='word_1_654' title='bbox 2534 3879 2775 3949; x_wconf 86' lang='lat' dir='ltr'><strong>postulas</strong></span> <span class='ocrx_word' id='word_1_655' title='bbox 2796 3920 2809 3943; x_wconf 93' lang='lat'><strong>,</strong></span> <span class='ocrx_word' id='word_1_656' title='bbox 2858 3877 3281 3947; x_wconf 84' lang='lat' dir='ltr'><strong>quadringentos</strong></span> <span class='ocrx_word' id='word_1_657' title='bbox 3312 3873 3519 3943; x_wconf 78' lang='lat' dir='ltr'><strong>argenti</strong></span> 
     </span>
    </p>
   </div>
   <div class='ocr_carea' id='block_1_84' title="bbox 1915 3966 3513 4043">
    <p class='ocr_par' dir='ltr' id='par_1_84' title="bbox 1915 3966 3513 4043">
     <span class='ocr_line' id='line_1_84' title="bbox 1915 3966 3513 4043; baseline -0.008 -8"><span class='ocrx_word' id='word_1_658' title='bbox 1915 3980 2078 4035; x_wconf 89' lang='lat' dir='ltr'><strong>siclos</strong></span> <span class='ocrx_word' id='word_1_659' title='bbox 2109 3979 2289 4032; x_wconf 89' lang='lat' dir='ltr'><strong>valet:</strong></span> <span class='ocrx_word' id='word_1_660' title='bbox 2321 3973 2460 4029; x_wconf 90' lang='lat' dir='ltr'><strong>istud</strong></span> <span class='ocrx_word' id='word_1_661' title='bbox 2500 3982 2584 4028; x_wconf 76' lang='lat' dir='ltr'><strong>est</strong></span> <span class='ocrx_word' id='word_1_662' title='bbox 2635 3972 2861 4043; x_wconf 90' lang='lat' dir='ltr'><strong>pretium</strong></span> <span class='ocrx_word' id='word_1_663' title='bbox 2891 3975 3031 4025; x_wconf 91' lang='lat' dir='ltr'><strong>inter</strong></span> <span class='ocrx_word' id='word_1_664' title='bbox 3067 3985 3152 4024; x_wconf 91' lang='lat' dir='ltr'><strong>me</strong></span> <span class='ocrx_word' id='word_1_665' title='bbox 3181 3978 3235 4024; x_wconf 88' lang='lat' dir='ltr'><strong>et</strong></span> <span class='ocrx_word' id='word_1_666' title='bbox 3278 3977 3370 4023; x_wconf 89' lang='lat' dir='ltr'><strong>te:</strong></span> <span class='ocrx_word' id='word_1_667' title='bbox 3418 3966 3513 4023; x_wconf 89' lang='lat' dir='ltr'><strong>sed</strong></span> 
     </span>
    </p>
   </div>
   <div class='ocr_carea' id='block_1_85' title="bbox 1918 4061 3518 4143">
    <p class='ocr_par' dir='ltr' id='par_1_85' title="bbox 1918 4061 3518 4143">
     <span class='ocr_line' id='line_1_85' title="bbox 1918 4061 3518 4143; baseline -0.008 -17"><span class='ocrx_word' id='word_1_668' title='bbox 1918 4080 2178 4143; x_wconf 91' lang='lat' dir='ltr'><strong>quantum</strong></span> <span class='ocrx_word' id='word_1_669' title='bbox 2209 4067 2463 4123; x_wconf 87' lang='lat' dir='ltr'><strong>esthoc?</strong></span> <span class='ocrx_word' id='word_1_670' title='bbox 2492 4068 2658 4137; x_wconf 86' lang='lat' dir='ltr'><strong>sepeli</strong></span> <span class='ocrx_word' id='word_1_671' title='bbox 2694 4074 2964 4119; x_wconf 88' lang='lat' dir='ltr'><strong>mortuum</strong></span> <span class='ocrx_word' id='word_1_672' title='bbox 2996 4074 3165 4117; x_wconf 92' lang='lat' dir='ltr'><strong>tuum.</strong></span> <span class='ocrx_word' id='word_1_673' title='bbox 3208 4061 3361 4129; x_wconf 88' lang='lat' dir='ltr'><strong>Quod</strong></span> <span class='ocrx_word' id='word_1_674' title='bbox 3397 4074 3518 4116; x_wconf 91' lang='lat' dir='ltr'><strong>cum</strong></span> 
     </span>
    </p>
   </div>
   <div class='ocr_carea' id='block_1_86' title="bbox 1920 4151 3519 4228">
    <p class='ocr_par' dir='ltr' id='par_1_86' title="bbox 1920 4151 3519 4228">
     <span class='ocr_line' id='line_1_86' title="bbox 1920 4151 3519 4228; baseline -0.007 -11"><span class='ocrx_word' id='word_1_675' title='bbox 1920 4160 2468 4227; x_wconf 83' lang='lat' dir='ltr'><strong>audissetAbraham,</strong></span> <span class='ocrx_word' id='word_1_676' title='bbox 2486 4158 2743 4228; x_wconf 87' lang='lat' dir='ltr'><strong>appendit</strong></span> <span class='ocrx_word' id='word_1_677' title='bbox 2765 4156 3236 4227; x_wconf 85' lang='lat' dir='ltr'><strong>pecuniam,quam</strong></span> <span class='ocrx_word' id='word_1_678' title='bbox 3260 4152 3277 4190; x_wconf 70' lang='grc' dir='ltr'><strong>ί</strong></span> <span class='ocrx_word' id='word_1_679' title='bbox 3300 4151 3519 4223; x_wconf 88' lang='lat' dir='ltr'><strong>Ephron</strong></span> 
     </span>
    </p>
   </div>
   <div class='ocr_carea' id='block_1_87' title="bbox 1923 4246 3523 4327">
    <p class='ocr_par' dir='ltr' id='par_1_87' title="bbox 1923 4246 3523 4327">
     <span class='ocr_line' id='line_1_87' title="bbox 1923 4246 3523 4327; baseline -0.006 -17"><span class='ocrx_word' id='word_1_680' title='bbox 1923 4256 2313 4327; x_wconf 87' lang='lat' dir='ltr'><strong>postulaverat,</strong></span> <span class='ocrx_word' id='word_1_681' title='bbox 2371 4251 2715 4307; x_wconf 86' lang='lat' dir='ltr'><strong>audientibus</strong></span> <span class='ocrx_word' id='word_1_682' title='bbox 2740 4250 2865 4305; x_wconf 87' lang='lat' dir='ltr'><strong>ﬁliis</strong></span> <span class='ocrx_word' id='word_1_683' title='bbox 2898 4246 3061 4315; x_wconf 84' lang='lat' dir='ltr'><strong>lleth,</strong></span> <span class='ocrx_word' id='word_1_684' title='bbox 3097 4247 3523 4317; x_wconf 86' lang='lat' dir='ltr'><strong>quadringentos</strong></span> 
     </span>
    </p>
   </div>
   <div class='ocr_carea' id='block_1_88' title="bbox 1991 4384 3524 4459">
    <p class='ocr_par' dir='ltr' id='par_1_88' title="bbox 1991 4384 3524 4459">
     <span class='ocr_line' id='line_1_88' title="bbox 1991 4384 3524 4459; baseline -0.004 -12"><span class='ocrx_word' id='word_1_685' title='bbox 1991 4392 2017 4430; x_wconf 70' lang='grc'><strong>1»</strong></span> <span class='ocrx_word' id='word_1_686' title='bbox 2046 4391 2293 4449; x_wconf 80' lang='lat' dir='ltr'><strong>Palatin.</strong></span> <span class='ocrx_word' id='word_1_687' title='bbox 2314 4405 2418 4447; x_wconf 86' lang='lat' dir='ltr'><strong>ms.</strong></span> <span class='ocrx_word' id='word_1_688' title='bbox 2451 4405 2574 4447; x_wconf 91' lang='lat' dir='ltr'><strong>cum</strong></span> <span class='ocrx_word' id='word_1_689' title='bbox 2594 4388 2758 4459; x_wconf 82' lang='lat' dir='ltr'><strong>Vulg.</strong></span> <span class='ocrx_word' id='word_1_690' title='bbox 2788 4389 3083 4459; x_wconf 89' lang='lat' dir='ltr'><strong>interprete</strong></span> <span class='ocrx_word' id='word_1_691' title='bbox 3106 4384 3195 4441; x_wconf 91' lang='lat' dir='ltr'><strong>hic</strong></span> <span class='ocrx_word' id='word_1_692' title='bbox 3216 4386 3325 4459; x_wconf 73' lang='lat' dir='ltr'><strong>suis</strong></span> <span class='ocrx_word' id='word_1_693' title='bbox 3354 4391 3524 4459; x_wconf 81' lang='lat' dir='ltr'><strong>tacet,</strong></span> 
     </span>
    </p>
   </div>
   <div class='ocr_carea' id='block_1_89' title="bbox 1919 4456 3526 4534">
    <p class='ocr_par' dir='ltr' id='par_1_89' title="bbox 1919 4456 3526 4534">
     <span class='ocr_line' id='line_1_89' title="bbox 1919 4456 3526 4534; baseline -0.007 -16"><span class='ocrx_word' id='word_1_694' title='bbox 1919 4465 2061 4534; x_wconf 88' lang='lat' dir='ltr'><strong>quod</strong></span> <span class='ocrx_word' id='word_1_695' title='bbox 2095 4474 2149 4519; x_wconf 89' lang='lat' dir='ltr'><strong>et</strong></span> <span class='ocrx_word' id='word_1_696' title='bbox 2172 4465 2226 4519; x_wconf 93' lang='lat' dir='ltr'><strong>in</strong></span> <span class='ocrx_word' id='word_1_697' title='bbox 2256 4463 2503 4533; x_wconf 87' lang='lat' dir='ltr'><strong>sequenti</strong></span> <span class='ocrx_word' id='word_1_698' title='bbox 2530 4456 2848 4534; x_wconf 59' lang='lat' dir='ltr'><strong>versu&#39;facit</strong></span> <span class='ocrx_word' id='word_1_699' title='bbox 2879 4456 2999 4529; x_wconf 67' lang='lat' dir='ltr'><strong>post</strong></span> <span class='ocrx_word' id='word_1_700' title='bbox 3028 4472 3217 4534; x_wconf 82' lang='lat' dir='ltr'><strong>vocem</strong></span> <span class='ocrx_word' id='word_1_701' title='bbox 3245 4456 3357 4525; x_wconf 80' lang='lat' dir='ltr'><strong>ﬁlio</strong></span> <span class='ocrx_word' id='word_1_702' title='bbox 3385 4457 3526 4534; x_wconf 77' lang='lat' dir='ltr'><strong>:_ha-</strong></span> 
     </span>
    </p>
   </div>
   <div class='ocr_carea' id='block_1_90' title="bbox 1920 4526 3526 4593">
    <p class='ocr_par' dir='ltr' id='par_1_90' title="bbox 1920 4526 3526 4593">
     <span class='ocr_line' id='line_1_90' title="bbox 1920 4526 3526 4593; baseline -0.006 -3"><span class='ocrx_word' id='word_1_703' title='bbox 1920 4526 2013 4591; x_wconf 78' lang='lat' dir='ltr'><strong>bet</strong></span> <span class='ocrx_word' id='word_1_704' title='bbox 2035 4526 2349 4592; x_wconf 79' lang='lat' dir='ltr'><strong>econtrario</strong></span> <span class='ocrx_word' id='word_1_705' title='bbox 2378 4535 2659 4589; x_wconf 67' lang='lat' dir='ltr'><strong>llebrzeus.</strong></span> <span class='ocrx_word' id='word_1_706' title='bbox 2709 4526 2980 4587; x_wconf 71' lang='lat' dir='ltr'><strong>Cteterttm</strong></span> <span class='ocrx_word' id='word_1_707' title='bbox 3014 4529 3139 4584; x_wconf 91' lang='lat' dir='ltr'><strong>vide</strong></span> <span class='ocrx_word' id='word_1_708' title='bbox 3179 4529 3382 4593; x_wconf 59' lang='lat' dir='ltr'><strong>Quaest.</strong></span> <span class='ocrx_word' id='word_1_709' title='bbox 3417 4526 3526 4580; x_wconf 85' lang='lat' dir='ltr'><strong>lle-</strong></span> 
     </span>
    </p>
   </div>
   <div class='ocr_carea' id='block_1_91' title="bbox 204 4597 3482 4687">
    <p class='ocr_par' dir='ltr' id='par_1_91' title="bbox 204 4597 3482 4687">
     <span class='ocr_line' id='line_1_91' title="bbox 204 4597 3482 4687; baseline -0.002 -25"><span class='ocrx_word' id='word_1_710' title='bbox 204 4604 607 4687; x_wconf 34' lang='lat' dir='ltr'><strong>dil’ﬁgultatem.</strong></span> <span class='ocrx_word' id='word_1_711' title='bbox 635 4610 864 4675; x_wconf 82' lang='lat' dir='ltr'><strong>probant</strong></span> <span class='ocrx_word' id='word_1_712' title='bbox 919 4618 1031 4687; x_wconf 79' lang='lat' dir='ltr'><strong>tam</strong></span> <span class='ocrx_word' id='word_1_713' title='bbox 1082 4610 1313 4687; x_wconf 70' lang='lat' dir='ltr'><strong>diversae</strong></span> <span class='ocrx_word' id='word_1_714' title='bbox 1362 4610 1608 4679; x_wconf 87' lang='lat' dir='ltr'><strong>ejusdem</strong></span> <span class='ocrx_word' id='word_1_715' title='bbox 1661 4611 1808 4667; x_wconf 89' lang='lat' dir='ltr'><strong>verbi</strong></span> <span class='ocrx_word' id='word_1_716' title='bbox 1838 4616 1890 4687; x_wconf 74' lang='grc' dir='ltr'><strong>ι)</strong></span> <span class='ocrx_word' id='word_1_717' title='bbox 1920 4610 2088 4687; x_wconf 80' lang='lat' dir='ltr'><strong>braic.</strong></span> <span class='ocrx_word' id='word_1_718' title='bbox 2128 4606 2582 4687; x_wconf 41' lang='lat' dir='ltr'><strong>in-hu_nc_l.ocum,_</strong></span> <span class='ocrx_word' id='word_1_719' title='bbox 2592 4612 2951 4687; x_wconf 42' lang='lat' dir='ltr'><strong>_etquae.nos</strong></span> <span class='ocrx_word' id='word_1_720' title='bbox 2974 4602 3045 4656; x_wconf 87' lang='lat' dir='ltr'><strong>ibi</strong></span> <span class='ocrx_word' id='word_1_721' title='bbox 3074 4597 3482 4687; x_wconf 36' lang='lat' dir='ltr'><strong>saturavimus.</strong></span> 
     </span>
    </p>
   </div>
   <div class='ocr_carea' id='block_1_92' title="bbox 206 4675 1299 4749">
    <p class='ocr_par' dir='ltr' id='par_1_92' title="bbox 206 4675 1299 4749">
     <span class='ocr_line' id='line_1_92' title="bbox 206 4675 1299 4749; baseline 0.003 -16"><span class='ocrx_word' id='word_1_722' title='bbox 206 4675 569 4749; x_wconf 16' lang='grc' dir='ltr'><strong>ΠτέὩγΜρνὶα</strong></span> <span class='ocrx_word' id='word_1_723' title='bbox 597 4679 1089 4749; x_wconf 86' lang='lat' dir='ltr'><strong>interpretationes.</strong></span> <span class='ocrx_word' id='word_1_724' title='bbox 1122 4681 1299 4737; x_wconf 63' lang='lat' dir='ltr'><strong>Mser.</strong></span> 
     </span>
    </p>
   </div>
   <div class='ocr_carea' id='block_1_93' title="bbox 276 4747 1813 4825">
    <p class='ocr_par' dir='ltr' id='par_1_93' title="bbox 276 4747 1813 4825">
     <span class='ocr_line' id='line_1_93' title="bbox 276 4747 1813 4825; baseline 0.004 -23"><span class='ocrx_word' id='word_1_725' title='bbox 276 4778 363 4789; x_wconf 91' lang='lat'><strong>-—</strong></span> <span class='ocrx_word' id='word_1_726' title='bbox 382 4747 540 4803; x_wconf 88' lang='lat' dir='ltr'><strong>llebr.</strong></span> <span class='ocrx_word' id='word_1_727' title='bbox 562 4751 614 4805; x_wconf 87' lang='lat' dir='ltr'><strong>in</strong></span> <span class='ocrx_word' id='word_1_728' title='bbox 627 4747 818 4807; x_wconf 75' lang='lat' dir='ltr'><strong>tert&#39;um</strong></span> <span class='ocrx_word' id='word_1_729' title='bbox 831 4761 1027 4814; x_wconf 57' lang='lat' dir='ltr'><strong>mam</strong></span> <span class='ocrx_word' id='word_1_730' title='bbox 1051 4752 1242 4807; x_wconf 78' lang='lat' dir='ltr'><strong>Morio.</strong></span> <span class='ocrx_word' id='word_1_731' title='bbox 1269 4752 1324 4807; x_wconf 80' lang='lat' dir='ltr'><strong>S.</strong></span> <span class='ocrx_word' id='word_1_732' title='bbox 1349 4751 1505 4808; x_wconf 85' lang='lat' dir='ltr'><strong>Pater</strong></span> <span class='ocrx_word' id='word_1_733' title='bbox 1519 4769 1637 4808; x_wconf 88' lang='lat' dir='ltr'><strong>cum</strong></span> <span class='ocrx_word' id='word_1_734' title='bbox 1655 4752 1813 4825; x_wconf 88' lang='lat' dir='ltr'><strong>Sym-</strong></span> 
     </span>
    </p>
   </div>
   <div class='ocr_carea' id='block_1_94' title="bbox 204 4842 1811 4915">
    <p class='ocr_par' dir='ltr' id='par_1_94' title="bbox 204 4842 1811 4915">
     <span class='ocr_line' id='line_1_94' title="bbox 204 4842 1811 4915; baseline 0.005 -21"><span class='ocrx_word' id='word_1_735' title='bbox 204 4842 416 4915; x_wconf 53' lang='lat' dir='ltr'><strong>macho</strong></span> <span class='ocrx_word' id='word_1_736' title='bbox 456 4842 602 4910; x_wconf 78' lang='lat' dir='ltr'><strong>facit,</strong></span> <span class='ocrx_word' id='word_1_737' title='bbox 648 4845 737 4914; x_wconf 90' lang='lat' dir='ltr'><strong>qui</strong></span> <span class='ocrx_word' id='word_1_738' title='bbox 785 4846 984 4911; x_wconf 88' lang='lat' dir='ltr'><strong>vertit,</strong></span> <span class='ocrx_word' id='word_1_739' title='bbox 1032 4856 1125 4909; x_wconf 84' lang='grc' dir='ltr'><strong>τῆς</strong></span> <span class='ocrx_word' id='word_1_740' title='bbox 1171 4848 1444 4907; x_wconf 79' lang='grc' dir='ltr'><strong>ὀπτασίας.</strong></span> <span class='ocrx_word' id='word_1_741' title='bbox 1498 4846 1599 4915; x_wconf 88' lang='lat' dir='ltr'><strong>Ipsi</strong></span> <span class='ocrx_word' id='word_1_742' title='bbox 1649 4847 1811 4902; x_wconf 86' lang='lat' dir='ltr'><strong>etiam</strong></span> 
     </span>
    </p>
   </div>
   <div class='ocr_carea' id='block_1_95' title="bbox 206 4912 1813 4988">
    <p class='ocr_par' dir='ltr' id='par_1_95' title="bbox 206 4912 1813 4988">
     <span class='ocr_line' id='line_1_95' title="bbox 206 4912 1813 4988; baseline 0.002 -20"><span class='ocrx_word' id='word_1_743' title='bbox 206 4912 388 4988; x_wconf 70' lang='lat' dir='ltr'><strong>LXX,</strong></span> <span class='ocrx_word' id='word_1_744' title='bbox 410 4916 498 4983; x_wconf 89' lang='lat' dir='ltr'><strong>qui</strong></span> <span class='ocrx_word' id='word_1_745' title='bbox 523 4912 711 4970; x_wconf 84' lang='lat' dir='ltr'><strong>terram</strong></span> <span class='ocrx_word' id='word_1_746' title='bbox 731 4919 987 4973; x_wconf 76' lang='lat' dir='ltr'><strong>excelsam</strong></span> <span class='ocrx_word' id='word_1_747' title='bbox 1028 4918 1369 4988; x_wconf 87' lang='lat' dir='ltr'><strong>interpretati</strong></span> <span class='ocrx_word' id='word_1_748' title='bbox 1398 4912 1545 4983; x_wconf 75' lang='lat' dir='ltr'><strong>sunt,</strong></span> <span class='ocrx_word' id='word_1_749' title='bbox 1573 4919 1624 4973; x_wconf 91' lang='lat' dir='ltr'><strong>in</strong></span> <span class='ocrx_word' id='word_1_750' title='bbox 1654 4933 1813 4973; x_wconf 84' lang='lat' dir='ltr'><strong>eum-</strong></span> 
     </span>
    </p>
   </div>
   <div class='ocr_carea' id='block_1_96' title="bbox 206 4986 1812 5057">
    <p class='ocr_par' dir='ltr' id='par_1_96' title="bbox 206 4986 1812 5057">
     <span class='ocr_line' id='line_1_96' title="bbox 206 4986 1812 5057; baseline 0.006 -18"><span class='ocrx_word' id='word_1_751' title='bbox 206 4986 340 5040; x_wconf 88' lang='lat' dir='ltr'><strong>dem</strong></span> <span class='ocrx_word' id='word_1_752' title='bbox 380 4989 667 5041; x_wconf 90' lang='lat' dir='ltr'><strong>concinunt</strong></span> <span class='ocrx_word' id='word_1_753' title='bbox 698 5004 942 5054; x_wconf 88' lang='lat' dir='ltr'><strong>sensum,</strong></span> <span class='ocrx_word' id='word_1_754' title='bbox 965 4986 1191 5045; x_wconf 80' lang='lat' dir='ltr'><strong>deducta</strong></span> <span class='ocrx_word' id='word_1_755' title='bbox 1226 5006 1359 5043; x_wconf 91' lang='lat' dir='ltr'><strong>voce</strong></span> <span class='ocrx_word' id='word_1_756' title='bbox 1406 5004 1437 5042; x_wconf 89' lang='lat' dir='ltr'><strong>a</strong></span> <span class='ocrx_word' id='word_1_757' title='bbox 1466 4992 1634 5044; x_wconf 89' lang='lat' dir='ltr'><strong>verbo</strong></span> <span class='ocrx_word' id='word_1_758' title='bbox 1663 5000 1812 5057; x_wconf 68' lang='lat' dir='ltr'><strong>nm,</strong></span> 
     </span>
    </p>
   </div>
   <div class='ocr_carea' id='block_1_97' title="bbox 206 5058 1813 5132">
    <p class='ocr_par' dir='ltr' id='par_1_97' title="bbox 206 5058 1813 5132">
     <span class='ocr_line' id='line_1_97' title="bbox 206 5058 1813 5132; baseline 0.004 -22"><span class='ocrx_word' id='word_1_759' title='bbox 206 5058 257 5110; x_wconf 89' lang='lat' dir='ltr'><strong>id</strong></span> <span class='ocrx_word' id='word_1_760' title='bbox 292 5064 411 5123; x_wconf 76' lang='lat' dir='ltr'><strong>est,</strong></span> <span class='ocrx_word' id='word_1_761' title='bbox 444 5073 725 5126; x_wconf 87' lang='lat' dir='ltr'><strong>apparere,</strong></span> <span class='ocrx_word' id='word_1_762' title='bbox 750 5071 805 5115; x_wconf 87' lang='lat' dir='ltr'><strong>et</strong></span> <span class='ocrx_word' id='word_1_763' title='bbox 830 5062 1020 5132; x_wconf 84' lang='lat' dir='ltr'><strong>procul</strong></span> <span class='ocrx_word' id='word_1_764' title='bbox 1047 5064 1195 5117; x_wconf 93' lang='lat' dir='ltr'><strong>cerni</strong></span> <span class='ocrx_word' id='word_1_765' title='bbox 1224 5061 1293 5117; x_wconf 90' lang='lat' dir='ltr'><strong>ob</strong></span> <span class='ocrx_word' id='word_1_766' title='bbox 1316 5061 1422 5116; x_wconf 87' lang='lat' dir='ltr'><strong>loci</strong></span> <span class='ocrx_word' id='word_1_767' title='bbox 1445 5063 1813 5128; x_wconf 79' lang='lat' dir='ltr'><strong>eminentiam,</strong></span> 
     </span>
    </p>
   </div>
   <div class='ocr_carea' id='block_1_98' title="bbox 206 5132 1199 5202">
    <p class='ocr_par' dir='ltr' id='par_1_98' title="bbox 206 5132 1199 5202">
     <span class='ocr_line' id='line_1_98' title="bbox 206 5132 1199 5202; baseline 0.004 -21"><span class='ocrx_word' id='word_1_768' title='bbox 206 5143 317 5183; x_wconf 90' lang='lat' dir='ltr'><strong>non</strong></span> <span class='ocrx_word' id='word_1_769' title='bbox 356 5144 384 5202; x_wconf 59' lang='grc' dir='ltr'><strong>ξς</strong></span> <span class='ocrx_word' id='word_1_770' title='bbox 404 5138 534 5198; x_wconf 69' lang='grc' dir='ltr'><strong>ΠἾἿ,</strong></span> <span class='ocrx_word' id='word_1_771' title='bbox 567 5143 623 5185; x_wconf 93' lang='lat' dir='ltr'><strong>ut</strong></span> <span class='ocrx_word' id='word_1_772' title='bbox 655 5132 999 5187; x_wconf 77' lang='lat' dir='ltr'><strong>Martianaeus</strong></span> <span class='ocrx_word' id='word_1_773' title='bbox 1030 5142 1199 5202; x_wconf 86' lang='lat' dir='ltr'><strong>putat.</strong></span> 
     </span>
    </p>
   </div>
   <div class='ocr_carea' id='block_1_99' title="bbox 281 5200 1815 5288">
    <p class='ocr_par' dir='ltr' id='par_1_99' title="bbox 281 5200 1815 5288">
     <span class='ocr_line' id='line_1_99' title="bbox 281 5200 1815 5288; baseline 0.006 -36"><span class='ocrx_word' id='word_1_774' title='bbox 281 5211 312 5240; x_wconf 71' lang='grc' dir='ltr'><strong>α</strong></span> <span class='ocrx_word' id='word_1_775' title='bbox 354 5200 615 5258; x_wconf 85' lang='lat' dir='ltr'><strong>liebraice</strong></span> <span class='ocrx_word' id='word_1_776' title='bbox 639 5203 819 5270; x_wconf 91' lang='lat' dir='ltr'><strong>habet,</strong></span> <span class='ocrx_word' id='word_1_777' title='bbox 845 5214 1001 5288; x_wconf 64' lang='grc' dir='ltr'><strong>’μοι</strong></span> <span class='ocrx_word' id='word_1_778' title='bbox 1025 5200 1327 5260; x_wconf 78' lang='lat' dir='ltr'><strong>bassabech.</strong></span> <span class='ocrx_word' id='word_1_779' title='bbox 1357 5204 1421 5262; x_wconf 88' lang='lat' dir='ltr'><strong>Ut</strong></span> <span class='ocrx_word' id='word_1_780' title='bbox 1457 5206 1600 5260; x_wconf 88' lang='lat' dir='ltr'><strong>vocis</strong></span> <span class='ocrx_word' id='word_1_781' title='bbox 1633 5204 1815 5260; x_wconf 79' lang='lat' dir='ltr'><strong>sabcclt</strong></span> 
     </span>
    </p>
   </div>
   <div class='ocr_carea' id='block_1_100' title="bbox 208 5297 1815 5373">
    <p class='ocr_par' dir='ltr' id='par_1_100' title="bbox 208 5297 1815 5373">
     <span class='ocr_line' id='line_1_100' title="bbox 208 5297 1815 5373; baseline 0.006 -25"><span class='ocrx_word' id='word_1_782' title='bbox 208 5297 324 5373; x_wconf 71' lang='lat' dir='ltr'><strong>vim</strong></span> <span class='ocrx_word' id='word_1_783' title='bbox 347 5298 828 5373; x_wconf 73' lang='lat' dir='ltr'><strong>_i_nt_erp_retaretur</strong></span> <span class='ocrx_word' id='word_1_784' title='bbox 852 5300 1210 5373; x_wconf 58' lang='lat' dir='ltr'><strong>Hieronymus</strong></span> <span class='ocrx_word' id='word_1_785' title='bbox 1258 5302 1309 5356; x_wconf 95' lang='lat' dir='ltr'><strong>in</strong></span> <span class='ocrx_word' id='word_1_786' title='bbox 1343 5301 1456 5355; x_wconf 92' lang='lat' dir='ltr'><strong>suis</strong></span> <span class='ocrx_word' id='word_1_787' title='bbox 1488 5300 1815 5367; x_wconf 73' lang='lat' dir='ltr'><strong>Quzestioni-</strong></span> 
     </span>
    </p>
   </div>
   <div class='ocr_carea' id='block_1_101' title="bbox 211 5368 1811 5440">
    <p class='ocr_par' dir='ltr' id='par_1_101' title="bbox 211 5368 1811 5440">
     <span class='ocr_line' id='line_1_101' title="bbox 211 5368 1811 5440; baseline 0.004 -17"><span class='ocrx_word' id='word_1_788' title='bbox 211 5370 313 5423; x_wconf 91' lang='lat' dir='ltr'><strong>bus</strong></span> <span class='ocrx_word' id='word_1_789' title='bbox 346 5368 651 5435; x_wconf 81' lang='lat' dir='ltr'><strong>Hebraicis,</strong></span> <span class='ocrx_word' id='word_1_790' title='bbox 686 5371 915 5440; x_wconf 88' lang='lat' dir='ltr'><strong>longiori</strong></span> <span class='ocrx_word' id='word_1_791' title='bbox 951 5368 1079 5425; x_wconf 70' lang='lat' dir='ltr'><strong>usus</strong></span> <span class='ocrx_word' id='word_1_792' title='bbox 1111 5381 1195 5427; x_wconf 81' lang='lat' dir='ltr'><strong>est</strong></span> <span class='ocrx_word' id='word_1_793' title='bbox 1222 5373 1450 5428; x_wconf 88' lang='lat' dir='ltr'><strong>circuitu</strong></span> <span class='ocrx_word' id='word_1_794' title='bbox 1482 5373 1769 5426; x_wconf 87' lang='lat' dir='ltr'><strong>verborum</strong></span> <span class='ocrx_word' id='word_1_795' title='bbox 1797 5390 1811 5429; x_wconf 90' lang='lat'><strong>:</strong></span> 
     </span>
    </p>
   </div>
   <div class='ocr_carea' id='block_1_102' title="bbox 211 5440 1813 5513">
    <p class='ocr_par' dir='ltr' id='par_1_102' title="bbox 211 5440 1813 5513">
     <span class='ocr_line' id='line_1_102' title="bbox 211 5440 1813 5513; baseline 0.002 -18"><span class='ocrx_word' id='word_1_796' title='bbox 211 5440 308 5513; x_wconf 84' lang='lat' dir='ltr'><strong>sed</strong></span> <span class='ocrx_word' id='word_1_797' title='bbox 343 5449 619 5513; x_wconf 83' lang='lat' dir='ltr'><strong>nostrates</strong></span> <span class='ocrx_word' id='word_1_798' title='bbox 646 5443 839 5513; x_wconf 84' lang='lat' dir='ltr'><strong>sancti</strong></span> <span class='ocrx_word' id='word_1_799' title='bbox 874 5444 1059 5499; x_wconf 81' lang='lat' dir='ltr'><strong>Severi</strong></span> <span class='ocrx_word' id='word_1_800' title='bbox 1109 5444 1163 5499; x_wconf 92' lang='lat' dir='ltr'><strong>in</strong></span> <span class='ocrx_word' id='word_1_801' title='bbox 1208 5446 1386 5513; x_wconf 89' lang='lat' dir='ltr'><strong>capite</strong></span> <span class='ocrx_word' id='word_1_802' title='bbox 1428 5443 1705 5499; x_wconf 85' lang='lat' dir='ltr'><strong>Vasc0niae</strong></span> <span class='ocrx_word' id='word_1_803' title='bbox 1736 5445 1813 5499; x_wconf 85' lang='lat' dir='ltr'><strong>si-</strong></span> 
     </span>
    </p>
   </div>
   <div class='ocr_carea' id='block_1_103' title="bbox 211 5511 1810 5588">
    <p class='ocr_par' dir='ltr' id='par_1_103' title="bbox 211 5511 1810 5588">
     <span class='ocr_line' id='line_1_103' title="bbox 211 5511 1810 5588; baseline 0.004 -23"><span class='ocrx_word' id='word_1_804' title='bbox 211 5511 586 5588; x_wconf 78' lang='lat' dir='ltr'><strong>gniﬁcandam</strong></span> <span class='ocrx_word' id='word_1_805' title='bbox 625 5512 879 5570; x_wconf 81' lang='lat' dir='ltr'><strong>dictionis</strong></span> <span class='ocrx_word' id='word_1_806' title='bbox 928 5516 1133 5583; x_wconf 84' lang='lat' dir='ltr'><strong>sabec/t,</strong></span> <span class='ocrx_word' id='word_1_807' title='bbox 1177 5525 1230 5571; x_wconf 91' lang='lat' dir='ltr'><strong>et</strong></span> <span class='ocrx_word' id='word_1_808' title='bbox 1274 5511 1441 5570; x_wconf 85' lang='lat' dir='ltr'><strong>totam</strong></span> <span class='ocrx_word' id='word_1_809' title='bbox 1494 5516 1810 5588; x_wconf 82' lang='lat' dir='ltr'><strong>Hieronymi</strong></span> 
     </span>
    </p>
   </div>
   <div class='ocr_carea' id='block_1_104' title="bbox 212 5582 1808 5657">
    <p class='ocr_par' dir='ltr' id='par_1_104' title="bbox 212 5582 1808 5657">
     <span class='ocr_line' id='line_1_104' title="bbox 212 5582 1808 5657; baseline 0.005 -20"><span class='ocrx_word' id='word_1_810' title='bbox 212 5582 752 5657; x_wconf 81' lang='lat' dir='ltr'><strong>circutnlocutionem</strong></span> <span class='ocrx_word' id='word_1_811' title='bbox 786 5602 892 5641; x_wconf 88' lang='lat' dir='ltr'><strong>uno</strong></span> <span class='ocrx_word' id='word_1_812' title='bbox 942 5582 1125 5641; x_wconf 84' lang='lat' dir='ltr'><strong>verbo</strong></span> <span class='ocrx_word' id='word_1_813' title='bbox 1150 5589 1489 5655; x_wconf 74' lang='lat' dir='ltr'><strong>esprimunt,</strong></span> <span class='ocrx_word' id='word_1_814' title='bbox 1526 5582 1808 5657; x_wconf 64' lang='lat' dir='ltr'><strong>vepret&#39;unt</strong></span> 
     </span>
    </p>
   </div>
   <div class='ocr_carea' id='block_1_105' title="bbox 213 5652 1810 5729">
    <p class='ocr_par' dir='ltr' id='par_1_105' title="bbox 213 5652 1810 5729">
     <span class='ocr_line' id='line_1_105' title="bbox 213 5652 1810 5729; baseline 0.004 -21"><span class='ocrx_word' id='word_1_815' title='bbox 213 5656 361 5729; x_wconf 84' lang='lat' dir='ltr'><strong>enim</strong></span> <span class='ocrx_word' id='word_1_816' title='bbox 391 5657 470 5707; x_wconf 90' lang='lat' dir='ltr'><strong>vel</strong></span> <span class='ocrx_word' id='word_1_817' title='bbox 495 5652 781 5723; x_wconf 89' lang='lat' dir='ltr'><strong>spinetum,</strong></span> <span class='ocrx_word' id='word_1_818' title='bbox 807 5658 1085 5713; x_wconf 85' lang='lat' dir='ltr'><strong>condensa</strong></span> <span class='ocrx_word' id='word_1_819' title='bbox 1107 5668 1159 5715; x_wconf 93' lang='lat' dir='ltr'><strong>et</strong></span> <span class='ocrx_word' id='word_1_820' title='bbox 1188 5652 1329 5713; x_wconf 85' lang='lat' dir='ltr'><strong>inter</strong></span> <span class='ocrx_word' id='word_1_821' title='bbox 1354 5674 1411 5714; x_wconf 90' lang='lat' dir='ltr'><strong>se</strong></span> <span class='ocrx_word' id='word_1_822' title='bbox 1441 5652 1672 5729; x_wconf 77' lang='lat' dir='ltr'><strong>implexa</strong></span> <span class='ocrx_word' id='word_1_823' title='bbox 1703 5661 1810 5714; x_wconf 87' lang='lat' dir='ltr'><strong>vir-</strong></span> 
     </span>
    </p>
   </div>
   <div class='ocr_carea' id='block_1_106' title="bbox 214 5728 1805 5802">
    <p class='ocr_par' dir='ltr' id='par_1_106' title="bbox 214 5728 1805 5802">
     <span class='ocr_line' id='line_1_106' title="bbox 214 5728 1805 5802; baseline 0.004 -24"><span class='ocrx_word' id='word_1_824' title='bbox 214 5728 383 5802; x_wconf 80' lang='lat' dir='ltr'><strong>gulta,</strong></span> <span class='ocrx_word' id='word_1_825' title='bbox 400 5736 601 5802; x_wconf 70' lang='lat' dir='ltr'><strong>vocant</strong></span> <span class='ocrx_word' id='word_1_826' title='bbox 620 5730 780 5802; x_wconf 68' lang='lat' dir='ltr'><strong>pleias,</strong></span> <span class='ocrx_word' id='word_1_827' title='bbox 806 5730 956 5800; x_wconf 90' lang='lat' dir='ltr'><strong>quasi</strong></span> <span class='ocrx_word' id='word_1_828' title='bbox 979 5730 1129 5787; x_wconf 90' lang='lat' dir='ltr'><strong>dicas</strong></span> <span class='ocrx_word' id='word_1_829' title='bbox 1160 5730 1369 5802; x_wconf 71' lang='lat' dir='ltr'><strong>plerum</strong></span> <span class='ocrx_word' id='word_1_830' title='bbox 1392 5739 1485 5785; x_wconf 88' lang='lat' dir='ltr'><strong>aut</strong></span> <span class='ocrx_word' id='word_1_831' title='bbox 1504 5728 1805 5802; x_wconf 57' lang='lat' dir='ltr'><strong>impletum.</strong></span> 
     </span>
    </p>
   </div>
   <div class='ocr_carea' id='block_1_107' title="bbox 220 5798 1810 5876">
    <p class='ocr_par' dir='ltr' id='par_1_107' title="bbox 220 5798 1810 5876">
     <span class='ocr_line' id='line_1_107' title="bbox 220 5798 1810 5876; baseline 0.006 -27"><span class='ocrx_word' id='word_1_832' title='bbox 220 5798 423 5876; x_wconf 59' lang='grc' dir='ltr'><strong>ξαίνεεή</strong></span> <span class='ocrx_word' id='word_1_833' title='bbox 454 5798 983 5876; x_wconf 63' lang='lat' dir='ltr'><strong>igitarllebraaorum</strong></span> <span class='ocrx_word' id='word_1_834' title='bbox 1018 5798 1194 5875; x_wconf 80' lang='lat' dir='ltr'><strong>ipsum</strong></span> <span class='ocrx_word' id='word_1_835' title='bbox 1209 5812 1294 5859; x_wconf 88' lang='lat' dir='ltr'><strong>est</strong></span> <span class='ocrx_word' id='word_1_836' title='bbox 1315 5802 1477 5876; x_wconf 74' lang='lat' dir='ltr'><strong>pleix,</strong></span> <span class='ocrx_word' id='word_1_837' title='bbox 1508 5801 1623 5859; x_wconf 89' lang='lat' dir='ltr'><strong>sive</strong></span> <span class='ocrx_word' id='word_1_838' title='bbox 1642 5802 1810 5875; x_wconf 86' lang='lat' dir='ltr'><strong>pteigs</strong></span> 
     </span>
    </p>
   </div>
   <div class='ocr_carea' id='block_1_108' title="bbox 224 5868 766 5927">
    <p class='ocr_par' dir='ltr' id='par_1_108' title="bbox 224 5868 766 5927">
     <span class='ocr_line' id='line_1_108' title="bbox 224 5868 766 5927; baseline 0.011 -6"><span class='ocrx_word' id='word_1_839' title='bbox 224 5868 546 5925; x_wconf 77' lang='lat' dir='ltr'><strong>Vasconum.</strong></span> <span class='ocrx_word' id='word_1_840' title='bbox 580 5871 766 5927; x_wconf 76' lang='lat' dir='ltr'><strong>Msn&#39;r.</strong></span> 
     </span>
    </p>
   </div>
   <div class='ocr_carea' id='block_1_109' title="bbox 2001 4670 3517 4752">
    <p class='ocr_par' dir='ltr' id='par_1_109' title="bbox 2001 4670 3517 4752">
     <span class='ocr_line' id='line_1_109' title="bbox 2001 4670 3517 4752; baseline -0.009 -17"><span class='ocrx_word' id='word_1_841' title='bbox 2001 4690 2024 4717; x_wconf 75' lang='grc' dir='ltr'><strong><em>ο</em></strong></span> <span class='ocrx_word' id='word_1_842' title='bbox 2059 4678 2241 4752; x_wconf 83' lang='lat' dir='ltr'><strong>Lectio</strong></span> <span class='ocrx_word' id='word_1_843' title='bbox 2274 4677 2535 4752; x_wconf 85' lang='lat' dir='ltr'><strong>hodierna</strong></span> <span class='ocrx_word' id='word_1_844' title='bbox 2564 4670 3018 4752; x_wconf 79' lang='lat' dir='ltr'><strong>Massoretharum</strong></span> <span class='ocrx_word' id='word_1_845' title='bbox 3070 4682 3150 4752; x_wconf 83' lang='lat' dir='ltr'><strong>est</strong></span> <span class='ocrx_word' id='word_1_846' title='bbox 3173 4678 3315 4752; x_wconf 57' lang='grc' dir='ltr'><strong>Πκπν</strong></span> <span class='ocrx_word' id='word_1_847' title='bbox 3341 4670 3517 4752; x_wconf 40' lang='lat' dir='ltr'><strong>‘jorae,</strong></span> 
     </span>
    </p>
   </div>
   <div class='ocr_carea' id='block_1_110' title="bbox 1924 4740 3524 4819">
    <p class='ocr_par' dir='ltr' id='par_1_110' title="bbox 1924 4740 3524 4819">
     <span class='ocr_line' id='line_1_110' title="bbox 1924 4740 3524 4819; baseline -0.008 -10"><span class='ocrx_word' id='word_1_848' title='bbox 1924 4753 1975 4809; x_wconf 89' lang='lat' dir='ltr'><strong>id</strong></span> <span class='ocrx_word' id='word_1_849' title='bbox 2016 4761 2119 4814; x_wconf 85' lang='lat' dir='ltr'><strong>est.</strong></span> <span class='ocrx_word' id='word_1_850' title='bbox 2154 4750 2426 4815; x_wconf 77' lang='lat' dir='ltr'><strong>videbitur,</strong></span> <span class='ocrx_word' id='word_1_851' title='bbox 2474 4765 2571 4819; x_wconf 89' lang='lat' dir='ltr'><strong>pro</strong></span> <span class='ocrx_word' id='word_1_852' title='bbox 2593 4755 2768 4818; x_wconf 57' lang='lat' dir='ltr'><strong>rimi,</strong></span> <span class='ocrx_word' id='word_1_853' title='bbox 2793 4747 2889 4811; x_wconf 82' lang='lat' dir='ltr'><strong>ire,</strong></span> <span class='ocrx_word' id='word_1_854' title='bbox 2939 4743 3040 4799; x_wconf 89' lang='lat' dir='ltr'><strong>hoc</strong></span> <span class='ocrx_word' id='word_1_855' title='bbox 3070 4750 3171 4809; x_wconf 88' lang='lat' dir='ltr'><strong>est,</strong></span> <span class='ocrx_word' id='word_1_856' title='bbox 3216 4740 3424 4807; x_wconf 81' lang='lat' dir='ltr'><strong>videbit,</strong></span> <span class='ocrx_word' id='word_1_857' title='bbox 3463 4744 3524 4796; x_wconf 81' lang='lat' dir='ltr'><strong>ul</strong></span> 
     </span>
    </p>
   </div>
   <div class='ocr_carea' id='block_1_111' title="bbox 1928 4820 3458 4897">
    <p class='ocr_par' dir='ltr' id='par_1_111' title="bbox 1928 4820 3458 4897">
     <span class='ocr_line' id='line_1_111' title="bbox 1928 4820 3458 4897; baseline 0.005 -18"><span class='ocrx_word' id='word_1_858' title='bbox 1928 4824 2288 4897; x_wconf 66' lang='lat' dir='ltr'><strong>Hieronymus</strong></span> <span class='ocrx_word' id='word_1_859' title='bbox 2320 4822 2468 4891; x_wconf 86' lang='lat' dir='ltr'><strong>legit.</strong></span> <span class='ocrx_word' id='word_1_860' title='bbox 2495 4820 2674 4897; x_wconf 62' lang='lat' dir='ltr'><strong>Mans.</strong></span> <span class='ocrx_word' id='word_1_861' title='bbox 2954 4888 3020 4897; x_wconf 25' lang='grc' dir='ltr'><strong>,Α</strong></span> <span class='ocrx_word' id='word_1_862' title='bbox 3106 4893 3113 4897; x_wconf 92' lang='lat'><em>_</em></span> <span class='ocrx_word' id='word_1_863' title='bbox 3286 4884 3343 4897; x_wconf 31' lang='lat'><strong>‘_</strong></span> <span class='ocrx_word' id='word_1_864' title='bbox 3444 4882 3458 4896; x_wconf 88' lang='grc'><em>,</em></span> 
     </span>
    </p>
   </div>
   <div class='ocr_carea' id='block_1_112' title="bbox 1922 4884 3517 4969">
    <p class='ocr_par' dir='ltr' id='par_1_112' title="bbox 1922 4884 3517 4969">
     <span class='ocr_line' id='line_1_112' title="bbox 1922 4884 3517 4969; baseline -0.007 -20"><span class='ocrx_word' id='word_1_865' title='bbox 1922 4926 1993 4937; x_wconf 88' lang='grc'><strong><em>--</em></strong></span> <span class='ocrx_word' id='word_1_866' title='bbox 2017 4884 2216 4969; x_wconf 72' lang='lat' dir='ltr'><strong>Eadém</strong></span> <span class='ocrx_word' id='word_1_867' title='bbox 2244 4884 2474 4969; x_wconf 74' lang='lat' dir='ltr'><strong>utroque</strong></span> <span class='ocrx_word' id='word_1_868' title='bbox 2505 4893 2570 4969; x_wconf 84' lang='lat' dir='ltr'><strong>_i_n</strong></span> <span class='ocrx_word' id='word_1_869' title='bbox 2601 4893 2719 4947; x_wconf 89' lang='lat' dir='ltr'><strong>loco</strong></span> <span class='ocrx_word' id='word_1_870' title='bbox 2755 4888 2966 4969; x_wconf 68' lang='lat' dir='ltr'><strong>ilebrtei</strong></span> <span class='ocrx_word' id='word_1_871' title='bbox 3008 4893 3189 4969; x_wconf 79' lang='lat' dir='ltr'><strong>textus</strong></span> <span class='ocrx_word' id='word_1_872' title='bbox 3218 4892 3301 4969; x_wconf 77' lang='lat' dir='ltr'><strong>est</strong></span> <span class='ocrx_word' id='word_1_873' title='bbox 3330 4884 3517 4969; x_wconf 76' lang='lat' dir='ltr'><strong>lectio,</strong></span> 
     </span>
    </p>
   </div>
   <div class='ocr_carea' id='block_1_113' title="bbox 1927 4956 3516 5026">
    <p class='ocr_par' dir='ltr' id='par_1_113' title="bbox 1927 4956 3516 5026">
     <span class='ocr_line' id='line_1_113' title="bbox 1927 4956 3516 5026; baseline -0.004 -4"><span class='ocrx_word' id='word_1_874' title='bbox 1927 4965 2141 5022; x_wconf 88' lang='lat' dir='ltr'><strong>tametsi</strong></span> <span class='ocrx_word' id='word_1_875' title='bbox 2166 4964 2313 5020; x_wconf 86' lang='lat' dir='ltr'><strong>varie</strong></span> <span class='ocrx_word' id='word_1_876' title='bbox 2334 4956 2477 5020; x_wconf 79' lang='lat' dir='ltr'><strong>nunc</strong></span> <span class='ocrx_word' id='word_1_877' title='bbox 2502 4961 2961 5019; x_wconf 78' lang='lat' dir='ltr'><strong>Massoretharutn</strong></span> <span class='ocrx_word' id='word_1_878' title='bbox 2994 4958 3208 5026; x_wconf 87' lang='lat' dir='ltr'><strong>punctis</strong></span> <span class='ocrx_word' id='word_1_879' title='bbox 3235 4956 3516 5015; x_wconf 89' lang='lat' dir='ltr'><strong>distincta.</strong></span> 
     </span>
    </p>
   </div>
   <div class='ocr_carea' id='block_1_114' title="bbox 1928 5025 3522 5107">
    <p class='ocr_par' dir='ltr' id='par_1_114' title="bbox 1928 5025 3522 5107">
     <span class='ocr_line' id='line_1_114' title="bbox 1928 5025 3522 5107; baseline -0.006 -14"><span class='ocrx_word' id='word_1_880' title='bbox 1928 5037 2099 5093; x_wconf 81' lang='lat' dir='ltr'><strong>Reddi</strong></span> <span class='ocrx_word' id='word_1_881' title='bbox 2132 5046 2331 5107; x_wconf 91' lang='lat' dir='ltr'><strong>potest,</strong></span> <span class='ocrx_word' id='word_1_882' title='bbox 2367 5036 2618 5091; x_wconf 86' lang='lat' dir='ltr'><strong>Dominus</strong></span> <span class='ocrx_word' id='word_1_883' title='bbox 2648 5032 2919 5100; x_wconf 83' lang='lat' dir='ltr'><strong>videbitur,</strong></span> <span class='ocrx_word' id='word_1_884' title='bbox 2954 5025 3039 5084; x_wconf 82' lang='lat' dir='ltr'><strong>vel</strong></span> <span class='ocrx_word' id='word_1_885' title='bbox 3060 5025 3318 5084; x_wconf 79' lang='lat' dir='ltr'><strong>Dominus</strong></span> <span class='ocrx_word' id='word_1_886' title='bbox 3348 5026 3522 5100; x_wconf 85' lang='lat' dir='ltr'><strong>provi-</strong></span> 
     </span>
    </p>
   </div>
   <div class='ocr_carea' id='block_1_115' title="bbox 1922 5110 2081 5165">
    <p class='ocr_par' dir='ltr' id='par_1_115' title="bbox 1922 5110 2081 5165">
     <span class='ocr_line' id='line_1_115' title="bbox 1922 5110 2081 5165; baseline -0.006 -1"><span class='ocrx_word' id='word_1_887' title='bbox 1922 5110 2081 5165; x_wconf 83' lang='lat' dir='ltr'><strong>debit.</strong></span> 
     </span>
    </p>
   </div>
   <div class='ocr_carea' id='block_1_116' title="bbox 1995 5178 3278 5251">
    <p class='ocr_par' dir='ltr' id='par_1_116' title="bbox 1995 5178 3278 5251">
     <span class='ocr_line' id='line_1_116' title="bbox 1995 5178 3278 5251; baseline -0.005 -14"><span class='ocrx_word' id='word_1_888' title='bbox 1995 5179 2021 5219; x_wconf 76' lang='grc' dir='ltr'><strong>ἀ</strong></span> <span class='ocrx_word' id='word_1_889' title='bbox 2063 5180 2225 5237; x_wconf 88' lang='lat' dir='ltr'><strong>Addit</strong></span> <span class='ocrx_word' id='word_1_890' title='bbox 2258 5180 2417 5251; x_wconf 84' lang='lat' dir='ltr'><strong>Vulg.</strong></span> <span class='ocrx_word' id='word_1_891' title='bbox 2455 5190 2663 5250; x_wconf 83' lang='lat' dir='ltr'><strong>prapter</strong></span> <span class='ocrx_word' id='word_1_892' title='bbox 2695 5194 2794 5241; x_wconf 85' lang='lat' dir='ltr'><strong>me,</strong></span> <span class='ocrx_word' id='word_1_893' title='bbox 2824 5178 2978 5249; x_wconf 86' lang='lat' dir='ltr'><strong>juxta</strong></span> <span class='ocrx_word' id='word_1_894' title='bbox 3008 5178 3278 5251; x_wconf 58' lang='lat' dir='ltr'><strong>Grtecum:</strong></span> 
     </span>
    </p>
   </div>
   <div class='ocr_carea' id='block_1_117' title="bbox 1997 5245 3518 5323">
    <p class='ocr_par' dir='ltr' id='par_1_117' title="bbox 1997 5245 3518 5323">
     <span class='ocr_line' id='line_1_117' title="bbox 1997 5245 3518 5323; baseline -0.005 -14"><span class='ocrx_word' id='word_1_895' title='bbox 1997 5264 2019 5291; x_wconf 73' lang='grc' dir='ltr'><strong>θ</strong></span> <span class='ocrx_word' id='word_1_896' title='bbox 2051 5254 2218 5309; x_wconf 87' lang='lat' dir='ltr'><strong>Tacet</strong></span> <span class='ocrx_word' id='word_1_897' title='bbox 2246 5245 2395 5323; x_wconf 40' lang='lat' dir='ltr'><strong>Vulg:</strong></span> <span class='ocrx_word' id='word_1_898' title='bbox 2426 5245 2717 5317; x_wconf 64' lang='lat' dir='ltr'><strong>Hennaeas,</strong></span> <span class='ocrx_word' id='word_1_899' title='bbox 2741 5245 2862 5320; x_wconf 47' lang='lat' dir='ltr'><strong>quin</strong></span> <span class='ocrx_word' id='word_1_900' title='bbox 2883 5259 2965 5305; x_wconf 83' lang='lat' dir='ltr'><strong>est</strong></span> <span class='ocrx_word' id='word_1_901' title='bbox 2990 5258 3167 5305; x_wconf 88' lang='lat' dir='ltr'><strong>tamen</strong></span> <span class='ocrx_word' id='word_1_902' title='bbox 3191 5250 3241 5303; x_wconf 90' lang='lat' dir='ltr'><strong>itt</strong></span> <span class='ocrx_word' id='word_1_903' title='bbox 3265 5245 3518 5313; x_wconf 71' lang='lat' dir='ltr'><strong>Hebrmo,</strong></span> 
     </span>
    </p>
   </div>
   <div class='ocr_carea' id='block_1_118' title="bbox 1922 5325 2484 5395">
    <p class='ocr_par' dir='ltr' id='par_1_118' title="bbox 1922 5325 2484 5395">
     <span class='ocr_line' id='line_1_118' title="bbox 1922 5325 2484 5395; baseline 0.002 -14"><span class='ocrx_word' id='word_1_904' title='bbox 1922 5325 2117 5382; x_wconf 69' lang='lat' dir='ltr'><strong>Graeco</strong></span> <span class='ocrx_word' id='word_1_905' title='bbox 2143 5333 2308 5395; x_wconf 90' lang='lat' dir='ltr'><strong>atque</strong></span> <span class='ocrx_word' id='word_1_906' title='bbox 2338 5325 2484 5382; x_wconf 90' lang='lat' dir='ltr'><strong>aliis.</strong></span> 
     </span>
    </p>
   </div>
   <div class='ocr_carea' id='block_1_119' title="bbox 2000 5418 3526 5504">
    <p class='ocr_par' dir='ltr' id='par_1_119' title="bbox 2000 5418 3526 5504">
     <span class='ocr_line' id='line_1_119' title="bbox 2000 5418 3526 5504; baseline -0.004 -27"><span class='ocrx_word' id='word_1_907' title='bbox 2000 5421 2017 5460; x_wconf 74' lang='grc' dir='ltr'><strong>ί</strong></span> <span class='ocrx_word' id='word_1_908' title='bbox 2053 5422 2232 5478; x_wconf 88' lang='lat' dir='ltr'><strong>Nostri</strong></span> <span class='ocrx_word' id='word_1_909' title='bbox 2266 5437 2397 5478; x_wconf 86' lang='lat' dir='ltr'><strong>mss.</strong></span> <span class='ocrx_word' id='word_1_910' title='bbox 2430 5420 2667 5492; x_wconf 84' lang='lat' dir='ltr'><strong>Ephron.</strong></span> <span class='ocrx_word' id='word_1_911' title='bbox 2718 5420 2833 5477; x_wconf 88' lang='lat' dir='ltr'><strong>Vid.</strong></span> <span class='ocrx_word' id='word_1_912' title='bbox 2862 5421 3069 5489; x_wconf 69' lang='lat' dir='ltr'><strong>Quaest.</strong></span> <span class='ocrx_word' id='word_1_913' title='bbox 3096 5418 3351 5475; x_wconf 85' lang='lat' dir='ltr'><strong>Hebraic.</strong></span> <span class='ocrx_word' id='word_1_914' title='bbox 3382 5426 3526 5504; x_wconf 46' lang='lat' dir='ltr'><strong>tam</strong></span> 
     </span>
    </p>
   </div>
   <div class='ocr_carea' id='block_1_120' title="bbox 1921 5514 3521 5593">
    <p class='ocr_par' dir='ltr' id='par_1_120' title="bbox 1921 5514 3521 5593">
     <span class='ocr_line' id='line_1_120' title="bbox 1921 5514 3521 5593; baseline -0.003 -25"><span class='ocrx_word' id='word_1_915' title='bbox 1921 5516 2158 5593; x_wconf 61' lang='lat' dir='ltr'><strong>Ephron,</strong></span> <span class='ocrx_word' id='word_1_916' title='bbox 2193 5533 2300 5593; x_wconf 80' lang='lat' dir='ltr'><strong>non</strong></span> <span class='ocrx_word' id='word_1_917' title='bbox 2336 5514 2583 5593; x_wconf 74' lang='lat' dir='ltr'><strong>Ephron,</strong></span> <span class='ocrx_word' id='word_1_918' title='bbox 2630 5525 2688 5571; x_wconf 89' lang='lat' dir='ltr'><strong>ut</strong></span> <span class='ocrx_word' id='word_1_919' title='bbox 2738 5515 2927 5593; x_wconf 70' lang='lat' dir='ltr'><strong>hodie,</strong></span> <span class='ocrx_word' id='word_1_920' title='bbox 2971 5514 3222 5593; x_wconf 81' lang='lat' dir='ltr'><strong>legebant</strong></span> <span class='ocrx_word' id='word_1_921' title='bbox 3273 5521 3521 5593; x_wconf 70' lang='lat' dir='ltr'><strong>tempore</strong></span> 
     </span>
    </p>
   </div>
   <div class='ocr_carea' id='block_1_121' title="bbox 1922 5582 3521 5661">
    <p class='ocr_par' dir='ltr' id='par_1_121' title="bbox 1922 5582 3521 5661">
     <span class='ocr_line' id='line_1_121' title="bbox 1922 5582 3521 5661; baseline -0.004 -18"><span class='ocrx_word' id='word_1_922' title='bbox 1922 5582 2235 5661; x_wconf 80' lang='lat' dir='ltr'><strong>Hieronymi</strong></span> <span class='ocrx_word' id='word_1_923' title='bbox 2273 5582 2461 5661; x_wconf 33' lang='lat' dir='ltr'><strong>{quod</strong></span> <span class='ocrx_word' id='word_1_924' title='bbox 2510 5582 2623 5661; x_wconf 84' lang='lat' dir='ltr'><strong>ipse</strong></span> <span class='ocrx_word' id='word_1_925' title='bbox 2659 5582 3101 5661; x_wconf 79' lang='lat' dir='ltr'><strong>manifestissime</strong></span> <span class='ocrx_word' id='word_1_926' title='bbox 3157 5593 3387 5661; x_wconf 75' lang='lat' dir='ltr'><strong>testatur</strong></span> <span class='ocrx_word' id='word_1_927' title='bbox 3438 5582 3521 5633; x_wconf 81' lang='lat' dir='ltr'><strong>bis</strong></span> 
     </span>
    </p>
   </div>
   <div class='ocr_carea' id='block_1_122' title="bbox 1922 5656 3521 5727">
    <p class='ocr_par' dir='ltr' id='par_1_122' title="bbox 1922 5656 3521 5727">
     <span class='ocr_line' id='line_1_122' title="bbox 1922 5656 3521 5727; baseline -0.007 -13"><span class='ocrx_word' id='word_1_928' title='bbox 1922 5656 2147 5716; x_wconf 60' lang='lat' dir='ltr'><strong>verbis?</strong></span> <span class='ocrx_word' id='word_1_929' title='bbox 2180 5660 2235 5714; x_wconf 86' lang='lat' dir='ltr'><strong>in</strong></span> <span class='ocrx_word' id='word_1_930' title='bbox 2272 5656 2506 5725; x_wconf 72' lang='lat' dir='ltr'><strong>Hebrum,</strong></span> <span class='ocrx_word' id='word_1_931' title='bbox 2530 5656 2676 5713; x_wconf 79' lang='lat' dir='ltr'><strong>sicut</strong></span> <span class='ocrx_word' id='word_1_932' title='bbox 2723 5660 2805 5713; x_wconf 81' lang='lat' dir='ltr'><strong>hic</strong></span> <span class='ocrx_word' id='word_1_933' title='bbox 2844 5660 3129 5727; x_wconf 77' lang='lat' dir='ltr'><strong>posuimus,</strong></span> <span class='ocrx_word' id='word_1_934' title='bbox 3166 5656 3402 5727; x_wconf 61' lang='lat' dir='ltr'><strong>primum</strong></span> <span class='ocrx_word' id='word_1_935' title='bbox 3426 5666 3521 5704; x_wconf 88' lang='lat' dir='ltr'><strong>no-</strong></span> 
     </span>
    </p>
   </div>
   <div class='ocr_carea' id='block_1_123' title="bbox 1921 5723 3519 5800">
    <p class='ocr_par' dir='ltr' id='par_1_123' title="bbox 1921 5723 3519 5800">
     <span class='ocr_line' id='line_1_123' title="bbox 1921 5723 3519 5800; baseline -0.007 -15"><span class='ocrx_word' id='word_1_936' title='bbox 1921 5749 2032 5786; x_wconf 87' lang='lat' dir='ltr'><strong>men</strong></span> <span class='ocrx_word' id='word_1_937' title='bbox 2074 5735 2185 5800; x_wconf 86' lang='lat' dir='ltr'><strong>ejus</strong></span> <span class='ocrx_word' id='word_1_938' title='bbox 2213 5733 2453 5786; x_wconf 81' lang='lat' dir='ltr'><strong>scribitur</strong></span> <span class='ocrx_word' id='word_1_939' title='bbox 2482 5723 2723 5799; x_wconf 84' lang='lat' dir='ltr'><strong>Ephron,</strong></span> <span class='ocrx_word' id='word_1_940' title='bbox 2761 5723 3043 5786; x_wconf 79' lang='lat' dir='ltr'><strong>secundum</strong></span> <span class='ocrx_word' id='word_1_941' title='bbox 3077 5729 3313 5797; x_wconf 76' lang='lat' dir='ltr'><strong>Ephron.</strong></span> <span class='ocrx_word' id='word_1_942' title='bbox 3364 5723 3519 5800; x_wconf 79' lang='lat' dir='ltr'><strong>Post-</strong></span> 
     </span>
    </p>
   </div>
   <div class='ocr_carea' id='block_1_124' title="bbox 1919 5795 3523 5877">
    <p class='ocr_par' dir='ltr' id='par_1_124' title="bbox 1919 5795 3523 5877">
     <span class='ocr_line' id='line_1_124' title="bbox 1919 5795 3523 5877; baseline -0.005 -20"><span class='ocrx_word' id='word_1_943' title='bbox 1919 5821 2073 5873; x_wconf 83' lang='lat' dir='ltr'><strong>quam</strong></span> <span class='ocrx_word' id='word_1_944' title='bbox 2098 5795 2237 5859; x_wconf 70' lang='lat' dir='ltr'><strong>enim</strong></span> <span class='ocrx_word' id='word_1_945' title='bbox 2276 5803 2444 5877; x_wconf 81' lang='lat' dir='ltr'><strong>pretio</strong></span> <span class='ocrx_word' id='word_1_946' title='bbox 2492 5795 2654 5877; x_wconf 78' lang='lat' dir='ltr'><strong>victus</strong></span> <span class='ocrx_word' id='word_1_947' title='bbox 2698 5795 2801 5877; x_wconf 79' lang='lat' dir='ltr'><strong>est,</strong></span> <span class='ocrx_word' id='word_1_948' title='bbox 2860 5813 2913 5877; x_wconf 67' lang='lat' dir='ltr'><strong>ut</strong></span> <span class='ocrx_word' id='word_1_949' title='bbox 2949 5795 3241 5877; x_wconf 71' lang='lat' dir='ltr'><strong>sepulcrum</strong></span> <span class='ocrx_word' id='word_1_950' title='bbox 3282 5795 3523 5877; x_wconf 54' lang='lat' dir='ltr'><strong>cendere!</strong></span> 
     </span>
    </p>
   </div>
   <div class='ocr_carea' id='block_1_125' title="bbox 1921 5866 3519 5948">
    <p class='ocr_par' dir='ltr' id='par_1_125' title="bbox 1921 5866 3519 5948">
     <span class='ocr_line' id='line_1_125' title="bbox 1921 5866 3519 5948; baseline -0.006 -18"><span class='ocrx_word' id='word_1_951' title='bbox 1921 5866 2153 5947; x_wconf 68' lang='lat' dir='ltr'><strong>argento,</strong></span> <span class='ocrx_word' id='word_1_952' title='bbox 2181 5866 2296 5930; x_wconf 68' lang='lat' dir='ltr'><strong>licet</strong></span> <span class='ocrx_word' id='word_1_953' title='bbox 2332 5886 2539 5948; x_wconf 75' lang='lat' dir='ltr'><strong>cogente</strong></span> <span class='ocrx_word' id='word_1_954' title='bbox 2560 5866 2838 5941; x_wconf 81' lang='lat' dir='ltr'><strong>Abraham,</strong></span> <span class='ocrx_word' id='word_1_955' title='bbox 2862 5873 2977 5929; x_wconf 84' lang='lat' dir='ltr'><strong>Vau</strong></span> <span class='ocrx_word' id='word_1_956' title='bbox 3004 5866 3202 5939; x_wconf 60' lang='lat' dir='ltr'><strong>&#39;littera,</strong></span> <span class='ocrx_word' id='word_1_957' title='bbox 3234 5884 3351 5940; x_wconf 75' lang='lat' dir='ltr'><strong>qua:</strong></span> <span class='ocrx_word' id='word_1_958' title='bbox 3375 5866 3519 5939; x_wconf 80' lang='lat' dir='ltr'><strong>apud</strong></span> 
     </span>
    </p>
   </div>
  </div>
