4044 6360
548 250 655 309 191

1552 263 1610 321 S.
1656 265 2041 328 IllERONYMl
2085 266 2318 327 DIVINA
2358 267 2832 338 BIBLIOTHECA.

3738 286 3851 345 I92

549 367 715 476 siclos
746 369 958 476 argenti
979 378 1035 428 et
1063 370 1250 446 [Vulg.
1281 381 1385 431 (ac.
1415 379 1490 450 et]
1517 380 1756 450 probatae
1787 394 2020 441 monetae
2043 401 2143 456 pu-
2173 390 2222 451 Α
2254 395 2339 443 tur
2369 387 2434 443 ad
2482 388 2838 448 hauriendam
2875 406 3091 464 aquam.
3142 393 3310 476 Igitur
3351 398 3550 469 puella,
3605 404 3694 458 cui
3748 418 3855 472 ego

562 463 738 521 hlieae.
773 465 1244 541 Conﬁrmatusque
1277 480 1361 527 est
1389 487 1517 544 ager
1545 475 1814 544 quondam
1860 477 2150 548 Ephronis,

560 558 614 615 in
651 575 760 631 quo
787 570 906 616 erat
931 562 1191 632 spelunca
1218 563 1437 636 duplex,
1466 569 1764 637 reSpiciens
1794 569 2016 639 Mamre,
2038 581 2150 628 tam

553 653 670 722 ipse
717 669 878 724 quam
929 656 1212 726 spelunca,
1262 665 1318 714 et
1339 673 1528 715 omnes
1551 662 1775 718 arbores
1798 662 1917 734 ejus
1939 665 1991 720 in
2020 680 2154 721 cun-

551 745 654 800 etis
681 745 927 801 terminis
961 755 987 784 λ
1043 764 1137 818 per
1179 749 1484 814 circuitum,
1514 751 1748 808 Abrahae
1770 754 1822 808 in
1850 757 2153 826 possessio-

553 852 698 902 nem,
733 837 1040 894 videntibus
1093 841 1216 896 ﬁliis
1242 841 1381 897 Heth
1406 851 1461 898 et
1489 847 1699 902 cunctis
1730 849 1821 919 qui
1874 849 2152 907 intrabant

553 941 766 1001 portam
811 933 1046 988 civitatis
1091 935 1256 990 illius.
1282 935 1464 1007 Atque
1494 939 1568 994 ita
1595 941 1847 1011 sepelivit
1876 944 2149 1004 Abraham

555 1023 744 1080 Saram
778 1042 1004 1084 uxorem
1036 1045 1186 1085 suam
1216 1030 1268 1086 in
1300 1033 1560 1102 spelunca
1588 1037 1702 1108 agri
1733 1037 1760 1076 ι)
1787 1039 2150 1113 ἀειριίοἱ,ᾳιιω

553 1119 882 1190 respiciebat
912 1121 1136 1178 Mamre.
1187 1123 1315 1180 llaec
1362 1138 1444 1182 εει
1487 1127 1702 1186 Hebron
1752 1133 1977 1191 interra
2008 1136 2150 1192 Cha-

555 1223 717 1266 naan.
751 1211 820 1267 Et
847 1213 1198 1270 conﬁrmatus
1226 1225 1314 1272 est
1335 1233 1488 1289 ager,
1527 1231 1581 1278 et
1609 1233 1828 1281 antrum
1857 1229 2000 1298 quod
2033 1240 2151 1287 erat

553 1303 608 1359 in
637 1319 722 1372 eo,
755 1306 994 1363 Abraha:
1043 1308 1095 1365 in
1138 1313 1540 1381 possessionem
1583 1323 1919 1377 monumenti
1965 1339 1995 1378 a
2025 1322 2148 1381 ﬁliis

554 1395 696 1452 Hcth
712 1439 728 1454 .

623 1490 710 1563 [Τ.
763 1492 954 1562 XVIII,
1000 1495 1064 1552 B.
1112 1498 1354 1571 XXVIII,
1400 1502 1463 1560 C.
1515 1505 1701 1576 XLIV,
1732 1509 1878 1582 Cap.‘
1916 1511 2146 1589 XXIV.]

553 1584 686 1641 Erat
711 1597 890 1644 autem
917 1590 1190 1650 Abraham
1219 1611 1408 1665 senex,
1442 1598 1764 1675 dierumque
1807 1605 2100 1662 multorum
2127 1584 2144 1662 ξ

550 1691 603 1736 et
654 1682 918 1740 Dominus
951 1686 1006 1741 in
1035 1691 1245 1745 cunctis
1286 1690 1649 1752 benedixerat
1676 1699 1748 1752 ei.
1785 1698 2035 1771 Dixitque
2075 1701 2144 1757 ad

2256 480 2482 538 dixero:
2515 483 2715 538 lnclina
2747 484 2992 557 hydriam
3021 496 3164 543 tuam
3199 499 3258 545 ut
3287 491 3466 548 bibam
3494 513 3505 548 :
3540 502 3595 550 et
3633 497 3718 552 illa
3761 512 3856 554 rc-

2253 572 2555 642 sponderil,
2586 574 2744 642 bibe;
2777 579 2904 648 quin
2935 586 2989 634 et
3032 580 3258 636 camelis
3290 583 3396 638 tuis
3432 583 3571 642 dabo
3616 597 3801 656 potum
3836 604 3853 642 :

2255 666 2368 737 ipsa
2398 679 2502 735 est,
2546 685 2706 738 quam
2740 673 3058 741 praeparasti
3095 688 3255 729 servo
3301 686 3394 730 tuo
3443 676 3590 734 lsaac
3617 697 3631 734 :
3657 690 3713 738 et
3749 696 3858 748 per

2257 763 2358 818 hoc
2386 761 2687 834 intelligam
2718 765 2861 834 quod
2902 764 3100 821 feceris
3129 767 3559 825 misericordiam
3590 786 3710 827 eum
3753 773 3859 828 do-

2255 856 2402 910 mino
2432 871 2574 912 meo.
2618 855 2854 912 Necdum
2889 859 3031 914 intra
3072 874 3133 915 se
3161 861 3326 917 verba
3365 863 3758 934 compleverat,
3796 872 3858 921 et

2255 961 2380 1003 ecce
2411 947 2657 1006 Rebecca
2689 949 3094 1021 egrediebatur,
3143 953 3250 1007 ﬁlia
3285 953 3535 1020 Bathnel,
3583 954 3680 1012 ﬁlii
3719 957 3859 1012 Me!-

2253 1039 2390 1105 chaa,
2409 1042 2592 1097 uxoris
2609 1041 2810 1111 Nahor,
2836 1043 3021 1099 fratris
3038 1043 3334 1112 Abraham,
3365 1046 3574 1104 habens
3597 1048 3856 1121 hydriam

2255 1131 2308 1188 in
2333 1135 2546 1206 scapula
2572 1135 2582 1208 [
2613 1135 2769 1208 Vulg.
2797 1138 2925 1191 add.
2957 1154 3053 1194 sua
3085 1140 3240 1209 juxta
3271 1140 3472 1215 Hebr.]
3503 1163 3516 1198 :
3546 1144 3723 1214 puella
3753 1145 3858 1200 deo

2253 1242 2381 1284 cora
2407 1230 2594 1297 nimis,
2627 1230 2885 1302 virgoque
2906 1231 3296 1302 pulcherrima,
3329 1244 3385 1290 et
3411 1236 3683 1308 incognita
3707 1239 3862 1293 viro:

2253 1321 2610 1378 descenderat
2646 1334 2829 1380 autem
2881 1325 2947 1379 ad
2993 1324 3220 1392 fontem,
3278 1337 3331 1383 et
3383 1328 3699 1410 impleverat
3749 1330 3856 1403 hy-

2253 1415 2446 1482 driam,
2469 1432 2532 1472 ac
2551 1417 2944 1474 revertebatur.
2969 1417 3325 1491 Occurritque
3347 1422 3394 1476 ei
3413 1437 3622 1491 servus,
3655 1435 3708 1480 et
3733 1425 3849 1479 ait:

2252 1509 2556 1566 Pauxillum
2589 1511 2720 1567 mihi
2754 1511 2822 1567 ad
2865 1512 3195 1569 sorbendum
3239 1515 3422 1585 praebe
3463 1531 3620 1588 aquae
3648 1517 3714 1574 de
3747 1518 3856 1590 hy-

2251 1601 2370 1658 dria
2404 1615 2513 1659 tua.
2547 1604 2676 1673 Quae
2707 1607 2988 1677 respondit
3016 1625 3028 1661 :
3059 1607 3210 1674 Bibe,
3244 1609 3461 1666 domine
3493 1611 3600 1679 mi;
3647 1614 3854 1669 celeri-

2254 1705 2444 1766 terque
2466 1695 2720 1768 deposuit
2747 1698 2992 1772 hydriam
3016 1716 3182 1772 super
3208 1702 3386 1758 ulnam
3411 1719 3583 1771 suam,
3614 1714 3668 1762 et
3695 1705 3854 1763 dedit

552 1787 769 1830 servum
816 1778 1089 1835 seniorem
1133 1781 1328 1838 domus
1359 1801 1472 1842 suae
1502 1789 1596 1859 qui
1639 1803 1870 1860 praeerat
1892 1793 2144 1851 omnibus
2176 1792 2224 1852 B
2249 1792 2298 1846 ei
2328 1801 2537 1862 polum.
2567 1793 2808 1865 Cumque
2834 1795 2924 1851 ille
2955 1795 3206 1864 bibisset.
3231 1797 3431 1867 adjeCil
3457 1815 3471 1858 :
3499 1799 3641 1866 Quin
3673 1800 3845 1856 etiam

549 1883 669 1938 quae
719 1869 952 1926 habebat
1001 1890 1014 1926 :
1065 1873 1217 1932 Poue
1269 1893 1487 1936 manum
1545 1892 1690 1938 tuam
1737 1884 1924 1940 subter
1970 1885 2147 1944 femur

551 1978 753 2031 meum,
788 1973 846 2019 ut
889 1965 1136 2038 adjurem
1186 1977 1238 2026 te
1290 1987 1386 2043 per
1415 1974 1700 2032 Dominum
1733 1977 1904 2035 Deum
1933 1980 2059 2037 coeli
2090 1991 2147 2039 et

549 2062 731 2124 terra),
768 2063 955 2113 utnon
988 2061 1226 2132 accipias
1267 2079 1492 2122 uxorem
1532 2067 1640 2124 ﬁlio
1679 2085 1803 2126 meo
1832 2071 1900 2128 de
1929 2073 2144 2129 filiabus

546 2143 1002 2219 Chananmornm,
1049 2153 1190 2211 inter
1234 2170 1371 2226 quos
1420 2155 1648 2214 habito:
1679 2160 1776 2217 sed
1820 2161 1886 2218 ad
1938 2171 2142 2220 terram

555 2249 577 2275 ο
613 2255 787 2297 meam
836 2253 891 2298 et
919 2244 985 2300 ad
1036 2249 1412 2318 cognationem
1445 2268 1618 2309 meam
1659 2256 2015 2326 proﬁciscaris
2040 2300 2056 2328 ,
2088 2269 2143 2316 et

547 2332 675 2390 inde
701 2337 934 2408 accipias
963 2356 1184 2399 uxorem
1210 2343 1319 2400 ﬁlio
1349 2361 1472 2403 meo
1505 2349 1670 2406 Isaac.
1697 2351 1997 2424 Respondit
2022 2370 2138 2411 ser-

545 2441 685 2483 vus:
728 2428 785 2486 Si
831 2434 1066 2491 noluerit
1116 2437 1312 2494 mulier
1340 2443 1527 2499 venire
1574 2459 1786 2501 meeum
1833 2447 1887 2502 in
1937 2457 2137 2505 terram

547 2523 706 2591 hanc,
755 2543 882 2582 num
915 2530 1177 2590 reducere
1223 2535 1395 2592 debeo
1425 2538 1593 2595 ﬁlium
1638 2549 1784 2596 tuum
1814 2542 1882 2597 ad
1928 2543 2133 2614 locum,

543 2615 612 2673 de
641 2635 749 2689 quo
773 2635 1026 2693 egressus
1053 2625 1153 2681 es?
1177 2625 1320 2684 Dixit
1341 2630 1613 2688 Abraham
1641 2651 1656 2688 :
1680 2635 1824 2690 Cave
1852 2636 2140 2705 nequando

542 2709 770 2768 reducas
815 2714 938 2771 illuc
993 2717 1162 2775 ﬁlium
1220 2736 1440 2780 meum:
1476 2725 1736 2784 Dominus
1787 2729 1930 2786 Deus
1975 2731 2134 2798 coeli,

539 2808 629 2876 qui
652 2808 774 2864 tulit
823 2826 910 2866 me
967 2813 1038 2870 de
1080 2815 1241 2872 domo
1293 2821 1462 2890 patris
1515 2822 1641 2889 mei,
1678 2823 1827 2880 etde
1860 2833 2003 2881 terra
2043 2841 2138 2882 na-

542 2898 766 2990 tivitatis
814 2918 971 2974 mete,
1023 2908 1114 2977 qui
1164 2909 1373 2966 locutus
1426 2923 1509 2968 est
1557 2912 1707 2984 mihi,
1745 2928 1799 2973 et
1832 2917 2084 2990 jnravitd
2116 2964 2131 2986 ,

540 2988 730 3047 dicens
779 3013 789 3047 :
839 2995 1045 3055 Semini
1070 3009 1160 3057 tuo
1197 3004 1336 3062 dabo
1376 3015 1576 3063 terram
1606 3007 1744 3066 hanc
1774 3030 1787 3065 :
1817 2988 1931 3082 ipse
1958 3012 2138 3069 mittet

539 3085 789 3157 angelum
836 3105 992 3147 suum
1023 3109 1208 3154 coram
1256 3106 1330 3168 te,
1373 3110 1428 3162 et
1470 3103 1706 3173 accipies
1749 3103 1875 3161 inde
1906 3122 2132 3162 uxorem

2249 1893 2306 1940 et
2331 1886 2555 1941 camelis
2577 1886 2682 1942 tuis
2710 1886 2957 1944 hauriam
2979 1905 3197 1961 aquam,
3229 1890 3404 1946 donec
3428 1894 3611 1948 cuncti
3631 1893 3846 1950 bibant.

2247 1976 2658 2051 Etl‘uudensque
2685 1979 2936 2054 hydriam
2968 1982 3020 2036 in
3051 1983 3352 2052 canalibus,
3381 1986 3615 2040 reettrrit
3647 1987 3712 2041 ad
3747 2003 3854 2058 puc

2247 2081 2390 2128 teutn
2418 2084 2477 2128 ut
2502 2072 2747 2131 hauriret
2773 2091 3000 2148 aquam:
3027 2086 3082 2133 et
3111 2078 3362 2134 haustam
3393 2078 3642 2136 omnibus
3672 2096 3856 2137 cante-

2245 2164 2310 2221 lis
2349 2165 2514 2222 dedit.
2561 2166 2654 2224 llle
2701 2179 2882 2224 autem
2931 2171 3410 2242 contemplabatur
3459 2187 3581 2228 eam
3625 2175 3848 2240 tacitus,

2243 2260 2382 2316 scire
2407 2262 2597 2318 volens
2635 2272 2819 2318 utrum
2852 2279 3174 2334 prosperum
3204 2265 3418 2320 fecisset
3450 2265 3708 2321 Dominus
3741 2266 3854 2322 iter

2243 2367 2421 2420 suum,
2455 2369 2523 2408 an
2555 2371 2682 2410 non.
2713 2354 3011 2428 Postquam
3044 2371 3174 2427 ergo
3198 2355 3218 2430 [
3241 2355 3397 2428 Vulg.
3432 2356 3652 2431 autem]
3683 2357 3851 2414 bibe-

2244 2454 2370 2500 runt
2398 2447 2616 2516 cameli,
2662 2448 2888 2518 protulit
2934 2448 3018 2503 vir
3062 2447 3282 2505 inaures
3327 2464 3541 2517 aureas,
3579 2460 3602 2487 ~‘
3641 2465 3854 2521 appen-

2242 2539 2436 2597 dentes
2468 2543 2636 2598 siclos
2663 2542 2824 2610 duos,
2853 2553 2908 2599 et
2938 2543 3184 2598 armillas
3217 2543 3442 2600 totidem
3475 2543 3656 2616 pondo
3679 2544 3855 2600 siclo—

2241 2651 2364 2692 rum
2413 2637 2624 2693 decem.
2661 2639 2916 2710 Dixitque
2963 2637 3030 2693 ad
3069 2653 3188 2694 eam
3223 2654 3237 2693 :
3266 2638 3431 2708 Cujus
3477 2653 3536 2694 es
3568 2637 3724 2693 lilia?
3759 2639 3852 2694 in-

2239 2729 2360 2786 dica
2385 2731 2516 2786 mihi
2538 2748 2552 2786 :
2572 2743 2652 2787 est
2675 2733 2728 2787 in
2751 2732 2913 2788 domo
2933 2733 3102 2804 patris
3126 2733 3199 2787 tui
3225 2734 3378 2788 locus
3399 2731 3465 2788 ad
3488 2731 3850 2788 manendum?

2239 2823 2370 2892 Quae
2402 2825 2726 2895 respondit:
2759 2826 2897 2881 Filia
2945 2825 3226 2882 Bathuelis
3269 2842 3389 2881 sum
3439 2828 3535 2882 ﬁlii
3583 2826 3840 2896 Melchrc,

2239 2933 2399 2988 quem
2426 2920 2634 2990 peperit
2657 2918 2677 2991 [
2705 2919 2854 2990 Vulg.
2881 2920 3007 2974 add.
3032 2918 3387 2992 ipsi]Nahor.
3423 2919 3732 2985 Etaddidit,
3759 2919 3850 2975 di-

2238 3024 2396 3065 cens:
2419 3010 2700 3068 Palearnm
2718 3009 3006 3083 quoque’et
3020 3011 3124 3067 feni
3146 3012 3438 3093 plurimum
3457 3023 3539 3069 est
3558 3013 3695 3083 apud
3711 3029 3844 3081 nos,

2237 3103 2458 3159 etlocus
2477 3105 2747 3175 Spatiosus
2772 3106 2841 3161 ad
2864 3106 3214 3172 manendum,
3242 3106 3540 3163 lnelinavit
3567 3123 3626 3164 se
3647 3106 3842 3177 homo,

541 3177 652 3234 ﬁlio
683 3197 836 3251 meo;
879 3186 962 3242 sin
1003 3197 1184 3245 autem
1220 3193 1416 3250 mulier
1445 3197 1594 3266 sequi
1641 3207 1692 3254 te
1733 3199 1990 3267 noluerit,
2025 3216 2131 3256 non
2159 3199 2204 3263 C
2238 3206 2291 3251 et
2318 3197 2566 3251 adoravit
2591 3197 2899 3267 Dominum,
2931 3199 3116 3255 dicens
3149 3217 3162 3253 :
3207 3199 3536 3256 Benedictus
3575 3199 3846 3255 Dominus

538 3277 814 3334 teneberis
834 3279 1177 3352 juramento:
1213 3287 1381 3344 ﬁlium
1414 3297 1624 3347 tantum
1660 3308 1838 3350 meum
1873 3309 1940 3350 ne
1970 3299 2133 3351 redu-

536 3380 629 3422 cas
661 3369 810 3426 illuc.
865 3373 1052 3431 Posuit
1098 3393 1228 3449 ergo
1277 3396 1472 3437 servus
1517 3399 1737 3440 manum
1783 3386 1884 3444 sub
1926 3386 2132 3444 femore

459 3512 462 3513 ν
535 3461 813 3520 Abraham
844 3466 1053 3525 domini
1083 3472 1188 3540 sui,
1222 3475 1506 3545 etjuravit
1547 3478 1624 3534 illi
1668 3495 1835 3550 super
1877 3485 2132 3538 sermone

537 3550 662 3608 hoc.
696 3555 946 3629 Tulitque
989 3561 1179 3619 decem
1226 3569 1465 3624 camelos
1503 3569 1573 3626 de
1625 3573 1879 3643 gregibus
1924 3574 2131 3631 domini

536 3647 620 3701 sui
651 3657 708 3703 et
758 3650 914 3719 abiit,
942 3669 1006 3710 ex
1039 3658 1288 3716 omnibus
1317 3659 1472 3717 bonis
1517 3664 1635 3734 ejus
1665 3675 1888 3734 portans
1917 3682 2125 3737 secum,

543 3741 934 3818 profectusque
991 3753 1232 3820 perrexit
1291 3755 1733 3828 Mesopotamiam
1801 3761 1867 3816 ad
1939 3763 2128 3819 urbem

540 3835 746 3894 Nahor.
783 3838 1027 3915 Cumque
1063 3849 1305 3906 camelos
1358 3850 1578 3910 fecisset
1620 3856 1944 3912 accumbere
1971 3869 2122 3913 extra

533 3927 794 3998 oppidum
837 3932 984 4002 justa
1035 3949 1256 4007 puteum
1303 3957 1461 4013 aquae
1491 3961 1740 4017 vespere,
1779 3962 1845 4004 eo
1885 3957 2128 4020 tempore

531 4033 641 4116 quo
671 4023 850 4079 solent
895 4028 1156 4087 mulieres
1184 4035 1366 4104 egredi
1397 4037 1464 4092 ad
1497 4037 1854 4097 hauriendam
1903 4057 2122 4116 aquam,

531 4110 702 4207 dixit:
741 4117 965 4177 Domine
997 4124 1139 4182 Deus
1168 4127 1371 4186 domini
1399 4133 1501 4188 mei
1536 4134 1835 4206 Abraham,
1869 4151 2117 4207 occurre,

506 4205 782 4279 "obsecro,
815 4215 945 4270 mihi
988 4217 1168 4287 hodie,
1201 4230 1255 4278 et
1279 4222 1364 4279 fac
1393 4205 1831 4285 misericordiam
1857 4245 1982 4286 cum
2025 4205 2124 4287 do-

527 4299 675 4354 mino
720 4319 844 4360 meo
872 4307 1168 4368 Abraham.
1202 4315 1342 4372 Ecce
1383 4333 1484 4390 ego
1531 4331 1616 4376 sto
1660 4331 1885 4393 propter
1912 4323 2122 4381 fontem

526 4403 700 4465 aquae,
733 4405 788 4454 et
817 4397 938 4456 lilia:
967 4401 1335 4466 habitatorum
1376 4410 1535 4484 hujus
1556 4414 1790 4472 civitatis
1834 4417 2121 4489 egredien-

2241 3293 2386 3348 Deus
2423 3289 2627 3348 domini
2671 3294 2776 3350 mei
2824 3293 3123 3360 Abraham,
3156 3293 3246 3364 qui
3279 3310 3384 3348 non
3413 3293 3635 3348 abstulit
3674 3293 3848 3348 mise-

2239 3387 2530 3443 ricordiam
2561 3396 2615 3442 et
2639 3388 2922 3443 veritatem
2949 3403 3102 3443 suam
3125 3403 3153 3442 a
3182 3388 3404 3444 domino
3435 3403 3578 3452 meo,
3599 3397 3652 3443 et
3682 3396 3845 3444 recto

2237 3481 2432 3538 itinere
2453 3498 2540 3538 me
2559 3483 2812 3554 perduxit
2833 3484 2885 3538 in
2909 3483 3130 3540 domum
3153 3483 3338 3538 fratris
3359 3481 3565 3539 domini
3584 3481 3707 3538 mei.
3729 3480 3844 3537 Cu-

2235 3575 2404 3630 currit
2435 3576 2618 3647 itaque
2663 3577 2864 3646 puella,
2895 3587 2950 3633 et
2995 3576 3260 3632 nuntiavit
3303 3575 3355 3630 in
3387 3575 3608 3631 domum
3640 3575 3843 3630 matris

2234 3683 2347 3725 suae
2387 3672 2570 3726 omnia
2600 3687 2723 3742 quae
2759 3671 3032 3728 audierat.
3071 3670 3312 3727 Habebat
3354 3680 3534 3726 autem
3584 3669 3842 3725 Rebecca

2234 3763 2462 3820 fratrem
2485 3766 2707 3822 nomine
2736 3764 2942 3831 Laban,
2972 3765 3063 3836 qui
3111 3763 3343 3820 festinus
3371 3775 3624 3834 egressus
3651 3772 3734 3816 est
3761 3761 3838 3816 ad

2235 3858 2533 3924 hominem,
2582 3859 2672 3915 ubi
2701 3868 2820 3915 erat
2856 3859 3000 3916 fons.
3056 3859 3301 3928 Cumque
3343 3856 3565 3912 vidisset
3611 3856 3840 3912 inaures

2233 3961 2288 4008 et
2335 3951 2575 4008 armillas
2626 3952 2682 4007 in
2728 3951 2979 4008 manibus
3030 3952 3238 4008 sororis
3287 3965 3423 4015 sum,
3480 3959 3533 4005 et
3583 3948 3840 4005 audisset

2229 4055 2423 4100 cuncta
2467 4045 2628 4100 verba
2680 4044 2964 4100 referentis
3026 4062 3038 4098 :
3103 4043 3232 4099 llaec
3281 4042 3497 4098 locutus
3555 4050 3639 4097 est
3691 4039 3837 4096 mihi

2231 4138 2396 4195 homo
2422 4157 2435 4194 :
2468 4139 2617 4195 venit
2643 4139 2709 4194 ad
2745 4140 2943 4208 virum,
2974 4139 3064 4210 qui
3091 4139 3267 4194 stabat
3302 4137 3458 4208 juxta
3486 4134 3742 4200 camelos,
3773 4141 3843 4190 et

2232 4249 2400 4306 prope
2432 4234 2636 4290 fontem
2669 4233 2853 4308 [Vulg.
2878 4235 3002 4288 add.
3032 4231 3208 4306 aquae]
3235 4251 3248 4286 :
3281 4231 3530 4302 dixitque
3559 4228 3625 4284 ad
3653 4244 3776 4284 eum
3809 4243 3835 4283 :

2231 4326 2539 4398 Ingredere,
2565 4326 2854 4382 benedicte
2890 4326 3150 4382 Domini:
3177 4339 3273 4380 cur
3312 4323 3444 4379 loris
3486 4319 3634 4376 stas?
3681 4334 3832 4389 prae-

2231 4421 2414 4491 paravi
2446 4421 2666 4476 domum
2697 4429 2751 4476 et
2781 4420 2958 4476 locum
2989 4417 3232 4475 camelis.
3263 4415 3331 4472 Et
3373 4411 3670 4472 introduxit
3698 4425 3836 4467 eum

516 4603 636 4696 ξίφξ
667 4626 760 4678 Pro
788 4628 820 4667 0
851 4615 1056 4696 legitur,
1089 4616 1276 4696 ablata
1303 4619 1367 4674 de
1395 4624 1508 4696 ejus
1541 4620 1748 4676 nomine
1786 4632 1858 4676 est
1903 4632 1992 4688 ;et
2023 4640 2116 4696 pro
2144 4627 2200 4688 D
2225 4640 2314 4681 res
2345 4625 2466 4681 diue
2497 4640 2602 4680 non
2644 4623 3032 4696 appendebant
3054 4621 3190 4696 duas
3222 4619 3429 4696 uncias,
3463 4618 3514 4674 id
3539 4627 3646 4696 est,
3684 4619 3838 4677 duos

521 4675 743 4762 Epllr'ou
769 4675 1061 4762 appellatus
1082 4700 1153 4742 est
1184 4675 1437 4762 Ephran.’
1455 4692 1632 4748 Manr.

516 4753 1009 4884 νὴαήιέἓίῗίϊγυιε.
1041 4763 1174 4834 ejus,
1207 4753 1348 4834 quod
1387 4764 1610 4819 afﬁxnm
1639 4773 1694 4821 et
1721 4763 1982 4822 Hebraaus
2015 4781 2111 4821 no-

561 4837 597 4874 Ιῑ
623 4837 773 4882 1723.

591 4895 618 4934 δ
647 4899 702 4954 In
743 4903 1264 4981 canoaehllebraicaz
1299 4907 1546 4981 veritatis
1569 4909 1806 4981 legimus
1840 4925 1855 4964 :
1891 4908 1954 4964 In
1985 4928 2108 4981 spe-

515 4966 670 5050 lunca
691 4975 804 5043 agri
828 4977 1069 5048 duplicis,
1104 4981 1190 5048 qui
1223 4980 1527 5050 respiciebat
1557 4966 1782 5034 Mamre.
1813 4981 1969 5050 Quod
1999 4966 2105 5038 non

516 5041 741 5098 multum
776 5041 977 5102 recedit
999 5041 1067 5104 ab
1097 5041 1347 5106 Hebraeo.
1381 5051 1560 5106 Man'r.

585 5113 835 5197 :—_l"alat.
865 5121 990 5174 cod.
1023 5121 1268 5182 duplicis.
1292 5124 1521 5197 Urbinas
1550 5138 1705 5187 vero,
1739 5125 1831 5197 qui
1858 5139 1959 5194 pro
1979 5144 2107 5197 qua.

586 5194 608 5221 ο
655 5185 862 5259 angat.
899 5201 1040 5246 tacet
1066 5209 1256 5261 meam,
1282 5196 1428 5265 quod
1459 5203 1640 5251 tamen
1681 5185 1766 5250 est
1793 5185 2112 5255 in'lleb'rtco

511 5267 654 5318 ’κ’-ηδε
674 5299 687 5312 .

579 5272 746 5410 ἓζᾝίὶο
775 5334 1266 5410 qttoqne‘llcbraic.
1295 5347 1349 5392 et
1382 5337 1537 5410 Vulg.
1573 5336 1776 5393 addunt
1804 5339 1932 5394 mihi
1957 5325 2034 5399 ‘5.

581 5417 604 5444 ο
633 5407 737 5461 Pro
760 5405 1146 5479 ,appendenles
1172 5408 1325 5462 siclos
1356 5405 1512 5475 duos,
1544 5410 1826 5476 legendum
1864 5411 2094 5478 \idetur,

502 5479 785 5534 semisiclos
815 5481 945 5533 duo:
968 5493 987 5531 :
1011 5493 1135 5531 nam
1161 5481 1285 5548 quid
1317 5480 1460 5534 aliud
1493 5495 1591 5533 nos
1616 5482 1814 5536 docent
1839 5484 1938 5536 ista
1966 5483 2100 5537 llie-

503 5552 712 5634 ronymi
762 5551 930 5634 ipsius
970 5550 1131 5605 verba
1182 5552 1234 5604 in
1281 5551 1840 5634 QllmSl.-!l‘el)l‘€ii6l5?
1871 5553 1936 5608 Et
1971 5557 2086 5634 tulit

2221 4697 2422 4762 sielos;
2453 4697 2548 4752 sed
2589 4691 2924 4767 unaquaeque
2954 4694 3184 4749 habebat
3224 4693 3446 4767 pondus
3471 4691 3789 4767 sentiuncim
3809 4739 3828 4761 ,

2220 4772 2340 4824 sive
2367 4761 2650 4824 dimidium
2681 4761 2819 4836 sicli,
2840 4761 2908 4821 ex
2935 4767 3288 4836 Hieronymo.
3315 4761 3601 4818 Chaldmus
3627 4774 3682 4836 et
3711 4761 3787 4833 Sy
3805 4795 3833 4807 -

2219 4855 2311 4895 rus
2335 4841 2515 4910 legunt
2547 4840 2599 4894 in
2626 4833 2886 4908 singulari
2916 4833 3186 4892 :iuaurem
3209 4851 3426 4910 auream
3445 4833 3833 4910 appendeutem

2217 4905 2425 4980 sicluni,
2468 4912 2573 4980 vel,
2614 4905 2785 4976 ponito
2816 4910 2932 4964 sicli
2981 4925 3154 4963 unius.
3194 4907 3348 4976 Quod
3391 4908 3540 4962 lavet
3587 4905 3820 4962 lcetioni

2218 4982 2556 5039 Latinorum.
2582 4984 2761 5038 MART.

2288 5053 2676 5124 —Legendum
2728 5052 2942 5108 videtur
2991 5051 3356 5124 Martianmo,_
3380 5049 3681 5124 semisiclos
3710 5066 3823 5118 pro

2215 5126 2392 5194 αἰσίοις,
2426 5119 2490 5182 ei:
2525 5141 2589 5179 eo
2611 5124 2754 5194 quod
2783 5123 2960 5178 tradat
2992 5123 3213 5194 lliyron.
3244 5124 3295 5176 in
3327 5122 3534 5190 Quasst.
3571 5119 3638 5194 ad
3669 5119 3824 5194 hunc

2219 5192 2418 5264 locum,
2457 5199 2508 5252 in
2537 5192 2768 5251 Hebraeo
2791 5196 3006 5264 haberi,
3039 5193 3192 5254 Baee.
3221 5196 3358 5263 quod
3381 5210 3476 5262 pro
3503 5192 3818 5264 didrachmo

2213 5263 2473 5334 scribitur,
2504 5277 2549 5322 et
2577 5269 2864 5322 sentiuncia
2891 5263 2999 5334 est;
3027 5265 3176 5321 Secel
3206 5281 3343 5330 vero,
3371 5265 3458 5334 qui
3488 5263 3676 5317 Latino
3704 5281 3826 5318 ser-

2215 5356 2364 5395 mone
2385 5341 2544 5394 siclus
2567 5349 2805 5408 corrupte
2830 5339 3148 5408 appellatur,
3173 5338 3341 5391 uncia:
3366 5336 3568 5407 pondus
3596 5335 3820 5408 habere.

2212 5411 2568 5485 Ostendimus
2598 5407 2927 5485 autem_uos
2959 5409 3071 5485 ubi,
3120 5409 3294 5485 ipsius
3328 5408 3447 5485 sigli
3481 5407 3691 5485 pondus
3722 5422 3826 5461 se-

2217 5484 2508 5538 minnciatn
2547 5482 2736 5548 fuisse,
2763 5481 2925 5552 idque
2953 5497 3017 5536 ex
3061 5481 3343 5550 ipsiusntet
3386 5479 3695 5552 Hieronymi
3732 5489 3822 5534 le-

2215 5555 2496 5627 stimunio,
2527 5559 2615 5627 qui
2644 5549 3097 5622 siclum'quatuor
3121 5552 3406 5627 dracltrnas
3434 5549 3674 5627 pendere
3705 5566 3821 5627 non

2199 5621 2508 5692 .inﬁeiatur,
2544 5621 2671 5683 octo
2701 5642 2830 5682 vero
2866 5621 3157 5681 drachmas
3189 5622 3401 5677 unciam
3431 5621 3724 5677 conﬁcere.
3759 5622 3818 5675 In

2194 5698 2611 5755 Commentario
2639 5701 2689 5754 in
2727 5699 2974 5753 Ezechiel
3003 5713 3122 5766 cap.
3153 5695 3187 5749 4
3216 5713 3227 5749 :
3262 5694 3408 5750 Siclu
3424 5710 3478 5766 δε
3505 5693 3712 5761 inquit,
3761 5695 3820 5749 id

2193 5782 2290 5838 est,
2335 5781 2498 5827 stater
2526 5780 2748 5843 quatuor
2791 5765 3286 5843 draclunasqhabet,
3318 5765 3590 5837 ,draclume
3638 5774 3818 5822 autem

2193 5854 2305 5899 octo
2334 5841 2577 5899 Latinam
2603 5844 2810 5898 unciam
2845 5841 3072 5914 faciunt.

495 5621 816 5696 vir,'inqnit
847 5662 863 5687 ,
911 5623 1145 5696 inaurem
1193 5640 1438 5696 auream,
1482 5624 1845 5681 didrachmum
1886 5627 2087 5696 pondus

493 5695 625 5764 ejus.
675 5695 799 5750 BACI
827 5696 965 5765 quod
1002 5695 1058 5748 in
1091 5696 1184 5748 hoc
1211 5693 1324 5750 loco
1350 5712 1442 5765 pro
1473 5696 1790 5753 didraclttno
1820 5693 2080 5766 scribitur,

489 5767 773 5819 seruiuneia
801 5774 874 5821 est
902 5782 927 5839 :_
948 5781 1110 5822 secer.
1147 5783 1287 5836 vero,
1319 5769 1406 5839 qui
1441 5767 1624 5839 Latino
1654 5785 1882 5825 sermone
1918 5773 2084 5827 siclus

489 5847 725 5906 corrupte
753 5837 1071 5909 appellatur,
1103 5841 1271 5894 uncia:
1297 5837 1500 5911 pondus
1521 5837 1689 5895 habet.
1733 5841 1898 5912 Igitur
1925 5844 2080 5898 inan-
