4044 6360
223 370 317 427 I93

1582 376 1781 434 LIBER
1823 378 2140 437 GEAESIS.

3404 380 3506 436 I94

213 488 267 542 in
299 485 587 555 hospitium
615 504 625 537 :
660 501 723 542 ac
754 487 1013 543 destravit
1041 488 1304 554 camelos,
1335 487 1586 562 deditque
1620 495 1805 563 paleas
1834 498 1880 556 Α
1909 510 2052 560 eam,
2084 503 2138 549 et
2161 492 2531 563 proﬁciscere,
2555 500 2611 548 et
2634 492 2703 549 sit
2727 506 2861 547 uxor
2890 493 2984 547 ﬁlii
3008 492 3211 547 domini
3242 493 3340 559 tni,
3374 494 3515 548 sicut

212 593 267 637 et
293 582 470 637 lentim
502 584 734 639 camelis
778 583 961 657 [Vulg.
992 594 1093 639 (ac.
1124 586 1396 658 camelis],
1425 596 1478 643 et
1520 603 1710 659 aquam
1742 590 1810 645 ad

210 676 474 731 lavandos
500 677 668 746 pedes
700 677 840 747 ejus,
881 687 933 733 et
961 679 1202 734 virorum
1244 680 1334 750 qui
1385 691 1646 737 venerant
1686 698 1806 738 cum

208 784 297 826 eo.
331 769 401 825 Et
452 772 733 840 appositus
774 780 858 827 est
898 772 949 827 in
1003 783 1305 842 cormpectu
1335 772 1451 844 ejus
1498 776 1673 846 panis.
1706 776 1808 845 Qui

206 864 284 918 ait
318 881 332 916 :
368 862 481 918 Non
518 863 828 931 comedam,
852 864 1027 921 donec
1062 866 1255 937 loquar
1306 881 1587 923 sermones
1639 884 1807 926 meos.

204 957 514 1027 Respondit
556 960 607 1015 ei
653 978 664 1012 :
716 959 982 1030 Loquere.
1031 960 1103 1017 At
1147 962 1239 1017 ille
1279 979 1292 1016 ε
1337 962 1560 1030 Servus,
1612 964 1807 1036 inquit,

202 1052 487 1108 Abraham
515 1066 634 1106 sum
668 1070 682 1107 :
713 1062 768 1108 et
799 1054 1055 1109 Dominus
1094 1054 1373 1109 benedixit
1420 1056 1642 1112 domino
1687 1074 1810 1115 meo

126 1195 141 1207 ,
203 1144 387 1211 valde,
420 1143 909 1216 magniﬁcatttsqne
954 1153 1040 1201 est
1078 1164 1090 1200 :
1120 1156 1170 1202 et
1202 1146 1351 1202 dedit
1374 1148 1423 1203 ei
1471 1164 1606 1205 oves
1636 1160 1688 1205 et
1714 1151 1810 1207 bo-

201 1254 327 1305 ves,
362 1249 637 1309 argentum
666 1248 721 1294 et
745 1254 959 1307 aurum,
993 1254 1183 1296 servos
1209 1249 1263 1296 et
1287 1241 1538 1310 ancillas,
1568 1245 1809 1300 camelos

200 1338 260 1387 et
299 1332 506 1387 asinos.
541 1331 611 1386 Et
642 1331 855 1403 peperit
882 1330 1037 1399 Sara,
1072 1347 1208 1386 uxor
1240 1332 1441 1388 domini
1477 1335 1606 1401 mei,
1637 1335 1805 1390 ﬁlium

199 1424 432 1480 domino
461 1439 584 1479 meo
628 1423 683 1478 in
725 1432 1008 1481 senectute
1055 1438 1173 1490 sua,
1213 1422 1469 1495 deditque
1518 1425 1595 1481 illi
1626 1429 1806 1481 omnia

197 1533 330 1589 qum
364 1516 648 1573 habuerat.
683 1516 752 1571 Et
783 1515 1053 1586 adjnravit
1084 1530 1169 1570 me
1212 1515 1463 1574 dominus
1510 1534 1685 1585 meus,
1719 1517 1803 1572 di-

196 1625 338 1667 cens
367 1632 377 1664 :
409 1610 531 1666 Non
577 1611 813 1682 accipies
870 1624 1097 1665 uxorem
1148 1609 1256 1665 ﬁlio
1313 1627 1436 1667 meo
1480 1612 1547 1668 de
1592 1612 1807 1668 ﬁliabus

195 1703 667 1772 Chananmorum,
698 1707 749 1759 in
786 1721 1012 1776 quorum
1044 1716 1188 1763 terra
1222 1705 1407 1760 habito
1437 1723 1450 1760 :
1482 1705 1574 1760 sed
1606 1705 1672 1759 ad
1710 1705 1806 1758 do-

194 1814 353 1854 mum
385 1798 554 1867 patris
589 1800 693 1854 mei
728 1814 941 1869 perges,
980 1810 1036 1857 et
1064 1801 1132 1856 de
1159 1800 1481 1869 cognatione
1512 1812 1628 1853 mea
1661 1799 1805 1853 acci-

1918 586 2130 642 Iocutus
2156 594 2241 641 est
2268 586 2550 640 Dominus.
2575 585 2729 653 Quod
2759 602 2879 641 cum
2908 585 3152 641 audisset
3176 603 3310 655 puer
3339 588 3515 642 Abra-

1914 678 2060 748 ham,
2101 679 2285 751 (Vulg.
2333 679 2459 733 add.
2495 678 2805 751 procidens]
2846 679 3091 736 adoravit
3129 679 3183 735 in
3227 690 3368 735 terra
3406 681 3515 735 Do-

1913 774 2147 828 minum.
2202 771 2541 842 ProlatiSque
2589 772 2732 826 vasis
2770 770 3065 843 argenteis,
3106 782 3161 827 et
3197 772 3400 836 aureis,
3448 788 3513 829 ac

1910 866 2179 934 vestibus,
2220 864 2370 919 dedit
2396 881 2460 921 ea
2504 864 2771 921 Rebecca}
2804 881 2901 937 pro
2953 881 3200 934 munere,
3252 865 3513 922 fratribus

1911 974 2125 1030 quoque
2155 958 2269 1028 ejus
2311 966 2366 1012 ct
2406 959 2565 1012 matri
2597 958 2739 1014 dona
2787 958 3004 1013 obtulit.
3046 958 3295 1030 Initoque
3324 958 3509 1014 convi-

1911 1053 2022 1117 vio,
2070 1059 2353 1106 vescentes
2404 1053 2609 1121 pariter
2652 1060 2707 1106 et
2754 1050 2998 1107 bibentes
3048 1060 3362 1106 manserunt
3405 1051 3503 1107 ibi.

1912 1144 2154 1215 Surgens
2205 1152 2384 1199 autem
2436 1158 2615 1211 mane,
2675 1144 2884 1198 locutus
2936 1152 3019 1199 est
3067 1159 3248 1217 puer:
3283 1143 3506 1199 Dimitte

1910 1253 2017 1302 me,
2052 1248 2110 1292 ut
2141 1235 2331 1291 vatiam
2382 1235 2451 1291 ad
2501 1235 2782 1291 dominum
2836 1251 3038 1291 meum.
3092 1234 3511 1305 Responderunt

1909 1329 2107 1386 fratres
2155 1332 2270 1399 ejus
2329 1340 2383 1385 et
2431 1340 2605 1385 mater
2638 1347 2652 1383 :
2685 1330 2899 1385 Maneat
2944 1329 3121 1400 puella
3169 1330 3361 1385 saltem
3412 1331 3509 1386 de-

1908 1438 2026 1479 cem
2060 1423 2178 1479 dies
2204 1422 2347 1493 apud
2377 1439 2497 1490 nos,
2554 1432 2608 1477 et
2638 1432 2821 1491 postea
2854 1422 3257 1492 proﬁciscetur.
3302 1418 3507 1489 Nolite,

1912 1518 2005 1585 ait,
2046 1534 2131 1573 me
2154 1518 2413 1584 retinere,
2445 1517 2569 1587 quia
2601 1517 2862 1572 Dominus
2884 1516 3080 1572 direxit
3105 1517 3246 1571 viam
3277 1531 3453 1572 meam
3491 1534 3505 1572 :

1912 1613 2170 1669 ditnititte
2209 1629 2295 1669 me
2332 1623 2390 1669 ut
2430 1628 2647 1684 pergam
2682 1612 2749 1669 ad
2776 1614 3052 1669 dominum
3102 1629 3305 1668 meum.
3346 1613 3508 1669 Dixe-

1908 1718 2033 1763 runt
2064 1728 2081 1762 :
2113 1708 2385 1764 Vocemus
2418 1709 2675 1779 puellam,
2704 1718 2759 1764 et
2780 1723 3088 1779 quaeramus
3118 1708 3290 1777 ipsius
3318 1708 3509 1764 volun-

1908 1810 2096 1858 tatem.
2121 1799 2366 1871 Cumque
2396 1811 2585 1857 vocata
2610 1802 2874 1868 venisset,
2908 1799 3168 1857 sciscitati
3206 1810 3330 1856 sunt
3366 1819 3376 1853 :
3412 1801 3505 1858 Vis

194 1894 322 1964 pies
363 1909 588 1949 uxorem
621 1894 733 1948 ﬁlio
766 1910 887 1951 meo
924 1912 937 1950 :
986 1912 1086 1967 ego
1115 1911 1245 1950 vero
1293 1894 1547 1964 reSpondi
1588 1895 1807 1951 domino
1839 1885 1884 1945 B
1913 1896 1988 1950 ire
2018 1911 2139 1951 cum
2169 1895 2389 1951 homine
2416 1894 2560 1951 isto?
2590 1897 2723 1963 Qua:
2763 1896 2841 1949 ait
2878 1895 3141 1950 :Vadam.
3181 1896 3511 1951 Dimiserunt

194 2003 329 2043 meo
363 2006 377 2043 :
407 1988 550 2056 Quid
588 1987 635 2045 si
677 1989 911 2045 noluerit
946 1991 1134 2046 venire
1175 2004 1386 2045 mecum
1429 1988 1658 2044 mulier?
1705 1991 1807 2046 Do-

193 2084 402 2148 minus,
434 2083 533 2149 ait,
575 2085 626 2138 in
670 2084 824 2153 cujus
865 2092 1163 2155 conSpectu
1206 2084 1446 2151 ambulo,
1491 2084 1668 2139 mittet
1711 2100 1806 2140 an-

192 2177 383 2247 gelum
438 2193 595 2231 suum
640 2186 859 2241 tecum,
904 2187 958 2233 et
1001 2178 1195 2249 diriget
1236 2178 1376 2232 viam
1429 2188 1612 2237 tuam:
1662 2180 1807 2234 acci-

193 2271 429 2343 piesque
459 2288 685 2328 uxorem
718 2273 829 2327 ﬁlio
875 2287 997 2327 meo
1024 2271 1092 2328 de
1117 2273 1439 2343 cognatione
1470 2288 1609 2339 mea,
1644 2280 1698 2327 et
1737 2272 1805 2328 de

193 2365 368 2419 domo
414 2366 588 2435 patris
623 2366 752 2423 mei.
781 2366 1042 2422 lnnocens
1075 2368 1186 2423 eris
1216 2382 1245 2422 a
1278 2366 1655 2422 maledictione
1687 2382 1804 2421 mea

192 2473 327 2515 cum
348 2460 561 2515 veneris
580 2460 645 2514 ad
666 2461 1003 2531 propinquos
1025 2474 1198 2526 meos,
1214 2470 1267 2515 et
1288 2476 1392 2514 non
1412 2459 1659 2515 dederint
1684 2460 1801 2515 tibi.

193 2551 345 2607 Veni
364 2569 495 2624 ergo
515 2553 677 2609 hodie
698 2553 763 2607 ad
786 2553 986 2608 fontem
1012 2553 1200 2626 [Vulg.
1222 2553 1349 2608 add.
1367 2552 1761 2625 aqum],etdixi
1786 2570 1803 2609 :

190 2644 435 2701 Domine
460 2646 601 2701 Deus
624 2644 829 2700 domini
864 2649 969 2702 mei
995 2645 1291 2714 Abraham,
1331 2646 1375 2701 si
1399 2645 1641 2701 direxisti
1665 2647 1804 2701 viam

190 2752 405 2801 meam,
435 2737 487 2790 in
528 2753 634 2808 qua
664 2752 811 2794 nunc
840 2738 1080 2801 ambulo,
1115 2754 1244 2794 ecce
1279 2750 1365 2793 sto
1408 2740 1563 2809 juxta
1600 2738 1802 2795 fontem

189 2847 392 2901 aquai;
435 2840 533 2885 etll
584 2832 759 2901 virgo,
800 2848 920 2900 qum
970 2832 1283 2903 egredietur
1329 2832 1398 2888 ad
1449 2832 1802 2889 hauriendam

190 2937 424 2995 aquam,
459 2924 695 2979 audierit
721 2940 751 2979 a
782 2940 870 2980 me
913 2942 925 2978 :
976 2925 1050 2981 Da
1078 2926 1205 2979 mihi
1238 2925 1530 2996 pauxillum
1557 2941 1710 2997 aquae
1737 2925 1805 2982 ad

182 3014 504 3072 bibendum
529 3032 597 3071 ex
621 3016 809 3089 hydria
841 3026 959 3085 tua,
985 3027 1041 3073 et
1061 3017 1263 3073 dixerit
1289 3018 1419 3072 mihi
1444 3036 1455 3071 :
1482 3015 1550 3073 Et
1573 3026 1627 3073 tu
1656 3017 1802 3085 bibe,

194 3119 250 3167 et
264 3111 503 3165 camelis
526 3110 635 3165 tuis
657 3110 926 3178 hauriam,
949 3112 1067 3182 ipsa
1090 3120 1173 3166 est
1196 3110 1390 3166 mulier
1409 3126 1570 3181 quam
1595 3126 1807 3181 praepa-

192 3203 630 3259 ravitDnminus
650 3203 762 3259 ﬁlio
778 3204 981 3260 domini
1000 3204 1126 3259 mei.
1152 3203 1285 3258 Dum
1309 3203 1425 3259 hmc
1444 3219 1654 3259 mecum
1678 3202 1807 3258 taci-

1909 2004 2039 2059 ergo
2067 2003 2211 2054 eam,
2249 1996 2302 2042 et
2342 1988 2606 2043 nutricem
2646 1988 2814 2056 illius,
2846 2003 3174 2060 servumque
3207 1988 3504 2055 Abraham,

1907 2082 2133 2139 comites
2195 2081 2333 2150 ejus,
2409 2084 2768 2153 imprecantes
2820 2096 3079 2153 prospera
3128 2083 3306 2138 sorori
3366 2098 3502 2149 suae,

1911 2185 2075 2245 atque
2096 2174 2342 2229 dicentes
2368 2190 2381 2229 :
2407 2175 2571 2230 Soror
2594 2185 2801 2241 nostra,
2828 2190 3045 2231 erescas
3067 2176 3117 2230 in
3142 2175 3291 2230 mille
3313 2174 3507 2241 millia,

1907 2277 1963 2322 et
2006 2266 2281 2337 possideat
2328 2281 2517 2322 semen
2570 2275 2718 2323 tuum
2769 2276 2950 2337 portas
2983 2267 3330 2322 inimicorum
3380 2281 3507 2323 suo-

1908 2374 2049 2414 rum.
2102 2360 2267 2431 lgitur
2313 2358 2556 2415 Rebecca
2594 2370 2648 2414 et
2688 2359 2884 2429 puellae
2915 2359 3083 2427 illius,
3133 2362 3373 2415 ascensis
3416 2374 3509 2415 ca-

1916 2456 2096 2522 melis,
2134 2463 2339 2510 secuta:
2365 2464 2491 2509 sunt
2521 2457 2698 2509 virum
2734 2472 2747 2508 :
2782 2455 2871 2525 qui
2927 2453 3155 2510 festinus
3195 2455 3508 2511 reverteba-

1910 2565 1996 2610 tur
2025 2554 2093 2609 ad
2123 2555 2401 2611 dominum
2445 2570 2626 2610 suum.
2674 2556 2751 2610 Eo
2791 2564 3037 2626 tempore
3066 2555 3215 2613 Isaac
3245 2556 3509 2613 deambu-

1906 2649 2052 2705 labat
2080 2666 2173 2719 per
2202 2651 2341 2705 viam
2374 2665 2494 2722 quae
2523 2649 2673 2705 ducit
2719 2649 2784 2705 ad
2815 2649 3067 2719 Puteum,
3110 2650 3268 2721 cujus
3306 2666 3504 2707 nomen

1907 2754 1989 2800 est
2033 2742 2278 2798 Viventis
2335 2740 2523 2815 [γυις.
2575 2741 2704 2796 add.
2752 2741 2828 2815 et]
2883 2742 3115 2799 videntis
3166 2759 3180 2797 :
3229 2743 3511 2799 habitabat

1908 2837 2052 2893 enim
2085 2837 2137 2891 in
2172 2846 2315 2891 terra
2357 2835 2603 2901 australi,
2641 2843 2699 2891 et
2742 2850 2997 2906 egressus
3048 2834 3225 2891 fuerat
3274 2836 3341 2891 ad
3393 2852 3513 2891 me-

1907 2931 2186 2988 ditandum
2216 2932 2268 2987 in
2294 2946 2447 3003 agro,
2475 2931 2733 2986 inclinata
2758 2931 2872 3000 jam
2900 2929 2990 2985 die
3022 2946 3036 2983 :
3070 2945 3305 3002 cumque
3335 2930 3509 2986 levas-

1909 3038 1993 3082 set
2033 3026 2221 3082 oculos
2272 3040 2441 3095 suos,
2476 3024 2630 3080 .vidit
2677 3024 2917 3080 camelos
2970 3023 3250 3080 venientes
3296 3023 3512 3094 procul.

1910 3119 2158 3176 Rebecca
2186 3135 2425 3191 quoque,
2461 3125 2759 3186 conspecto
2803 3116 2973 3184 Isaac,
3008 3116 3290 3172 descendit
3331 3117 3400 3172 de
3424 3132 3515 3172 ca-

1911 3214 2075 3281 melo,
2107 3223 2159 3269 et
2183 3215 2255 3268 ait
2284 3212 2349 3268 ad
2380 3229 2606 3284 puerum
2636 3231 2646 3266 :
2685 3212 2817 3281 Quis
2842 3221 2928 3267 est
2955 3210 3049 3267 ille
3077 3210 3239 3265 homo
3278 3212 3370 3282 qui
3414 3227 3514 3268 ve-

193 3308 299 3354 ιιιε
326 3298 621 3365 νυινῦτεῐηυ
646 3298 895 3368 apparuit
919 3297 1166 3354 Rebecca
1197 3298 1418 3354 veniens
1439 3313 1560 3353 cum
1590 3296 1801 3369 hydria.
1834 3277 1880 3342 C
1913 3308 1989 3363 nit
2016 3322 2108 3377 per
2140 3321 2327 3377 agrum
2355 3307 2408 3361 in
2434 3321 2720 3362 occursum
2755 3304 2945 3361 nobis?
2974 3304 3226 3375 Dixitque
3255 3305 3304 3361 ei
3347 3322 3362 3361 :
3397 3305 3517 3377 Ipse

192 3407 375 3464 quam
405 3392 655 3461 portabat
684 3390 737 3446 in
784 3392 1031 3461 scapula,
1063 3390 1451 3462 descenditque
1480 3392 1546 3445 ad
1575 3390 1805 3457 fontem,

194 3494 251 3540 et
305 3484 487 3539 hausit
514 3498 729 3555 aquam.
763 3483 827 3537 Et
857 3483 946 3538 aio
975 3482 1043 3537 ad
1073 3498 1191 3537 eam
1223 3500 1236 3536 :
1267 3483 1341 3538 Da
1375 3483 1503 3537 mihi
1530 3482 1807 3553 paululum

197 3576 422 3633 bibere.
476 3576 608 3644 Quae
668 3575 934 3631 festinans
984 3575 1242 3647 deposuit
1292 3575 1542 3648 bydriam
1592 3576 1659 3633 de
1711 3576 1811 3632 bu-

198 3684 383 3731 mero.
427 3681 479 3724 et
507 3668 645 3724 dixit
692 3670 823 3724 mihi
857 3687 870 3724 :
907 3670 974 3726 Et
1022 3678 1076 3724 ιιι
1117 3669 1263 3739 bibe,
1324 3679 1379 3726 et
1426 3670 1647 3725 camelis
1704 3672 1813 3728 tuis

199 3774 399 3835 potum
442 3763 695 3818 tribuam.
728 3762 864 3829 Bibi,
907 3772 963 3818 et
1004 3762 1298 3835 adaquavit
1337 3764 1600 3821 camelos.
1636 3766 1809 3822 Inter-

201 3860 511 3931 rogaviqnc
537 3876 676 3929 eam,
710 3870 763 3915 et
790 3860 903 3916 dixi
937 3880 948 3914 :
978 3859 1145 3931 Cujus
1171 3877 1231 3918 es
1259 3861 1407 3917 ﬁlia?
1434 3862 1565 3930 Qua:
1587 3880 1815 3935 I‘CSpttn-

200 3954 328 4009 dit:
368 3954 508 4009 Filia
549 3955 826 4011 Balhttelis
874 3970 1024 4022 sum,
1057 3956 1153 4013 ﬁlii
1190 3956 1395 4024 Nabor,
1445 3973 1603 4029 quem
1646 3974 1813 4030 pepe-

200 4050 275 4105 rit
304 4052 359 4104 ei
394 4050 624 4104 Stelclta.
652 4050 921 4121 Suspendi
949 4051 1133 4122 itaque
1156 4052 1375 4107 inaures
1402 4052 1469 4108 ad
1514 4054 1813 4109 ornandam

201 4142 410 4199 faciem
437 4144 574 4213 ejus,
600 4154 652 4200 et
682 4145 927 4200 armillas
955 4147 1106 4217 posui
1137 4145 1188 4201 in
1225 4148 1473 4202 manibus
1502 4147 1639 4218 ejus.
1678 4147 1813 4202 Pro-

201 4250 431 4305 nusquc
460 4237 679 4291 adoravi
728 4237 1034 4305 Dominum,
1072 4239 1401 4296 benedicens
1435 4241 1666 4295 Domino
1704 4240 1815 4296 Deo

203 4327 425 4383 domini
458 4329 561 4383 mei
592 4329 888 4398 Abraham,
918 4330 1010 4402 qui
1035 4331 1291 4401 perduxit
1313 4350 1399 4389 me
1421 4344 1573 4389 recto
1599 4333 1813 4401 itinere,

203 4431 566 4479 ntsumerem
584 4423 747 4479 ﬁliam
763 4424 949 4481 fratris
976 4426 1179 4481 domini
1203 4429 1308 4484 mei
1331 4428 1440 4483 ﬁlio
1454 4429 1591 4499 ejus.
1616 4428 1817 4496 Quam-

205 4516 413 4572 obrem
455 4518 501 4571 si
554 4516 727 4573 facitis
777 4518 1213 4575 misericordiam
1255 4532 1308 4576 et
1363 4522 1648 4577 veritatem
1692 4536 1813 4577 cum

206 4609 447 4666 domino
474 4625 620 4677 meo,
651 4611 889 4668 indicate
918 4611 1049 4668 mihi
1076 4631 1090 4669 :
1119 4614 1203 4668 sin
1232 4620 1412 4668 autem
1441 4613 1585 4669 aliud
1617 4614 1810 4684 placet,

1918 3411 2000 3457 est
2026 3401 2281 3457 dominus
2308 3414 2482 3457 meus.
2522 3401 2590 3455 At
2622 3400 2709 3455 illa
2744 3399 2939 3454 tollens
2968 3398 3080 3453 cito
3109 3397 3355 3468 pallium,
3383 3414 3518 3470 ope-

1914 3496 2023 3551 ruit
2049 3510 2129 3550 se.
2164 3494 2370 3551 Servus
2398 3503 2577 3548 autem
2611 3501 2833 3560 cuncta,
2876 3508 2997 3562 qua:
3020 3500 3292 3564 gesserat,
3330 3508 3521 3549 narra-

1914 3589 1993 3643 vit
2024 3588 2193 3643 Isaac.
2225 3586 2329 3655 Qui
2358 3586 2663 3642 introduxit
2688 3600 2808 3641 eam
2830 3585 2883 3639 in
2918 3584 3322 3640 tabernaculum
3344 3586 3517 3652 Sarae,

1914 3682 2105 3738 matris
2134 3696 2269 3745 sum,
2311 3689 2367 3736 et
2405 3680 2614 3751 accepit
2644 3694 2762 3734 eam
2805 3694 3054 3744 uxorem,
3102 3688 3157 3735 et
3205 3679 3260 3734 in
3312 3688 3517 3735 tantum

1916 3775 2106 3831 dilexit
2142 3790 2283 3839 eam,
2316 3781 2375 3829 ut
2406 3773 2676 3840 dolorem,
2723 3772 2813 3844 qui
2842 3787 2913 3828 ex
2960 3781 3141 3829 morte
3180 3772 3372 3829 matris
3400 3773 3519 3844 ejus

1915 3870 2216 3935 acciderat,
2254 3876 2603 3939 temperaret.

1990 3964 2075 4037 [T.
2121 3963 2311 4029 XVIII,
2356 3963 2416 4017 Β.
2448 3961 2639 4030 XXIV,
2674 3960 2805 4032 Cap.
2838 3961 3037 4035 XXX.]
3070 3961 3346 4018 Abraham
3386 3977 3520 4019 vero

1916 4057 2077 4113 aliam
2109 4055 2266 4112 duxit
2314 4070 2539 4111 uxorem
2582 4055 2800 4111 nomine
2828 4055 3107 4121 Ceturam,
3139 4070 3260 4126 quae
3304 4056 3519 4126 peperit

1919 4151 1968 4207 ei
2000 4150 2234 4205 Zamran
2268 4158 2324 4205 et
2352 4148 2568 4215 Jecsan,
2601 4158 2656 4204 et
2698 4147 2914 4213 Madan,
2960 4156 3017 4204 et
3045 4148 3281 4216 Madian,
3315 4156 3371 4203 et
3396 4149 3518 4204 Jes-

1917 4244 2046 4314 hoc,
2071 4254 2126 4298 et
2155 4245 2284 4300 Sue.
2326 4244 2517 4299 Jecsan
2551 4256 2764 4312 quoque
2791 4240 2980 4313 genuit
3019 4241 3183 4305 Saba,
3214 4250 3270 4297 et
3310 4240 3514 4297 Dadan.

1919 4336 2045 4393 Filii
2070 4336 2252 4393 Dadan
2283 4335 2519 4403 fuerunt,
2546 4334 2783 4402 Asurim,
2813 4346 2866 4390 et
2886 4333 3223 4401 Latusim,et
3245 4332 3513 4388 Laomim.

1893 4425 1991 4486 'At
2014 4446 2151 4487 vero
2182 4446 2247 4486 ex
2275 4427 2487 4484 Madian
2514 4436 2668 4482 ortus
2709 4435 2795 4483 est
2824 4425 2997 4495 Epha,
3030 4435 3085 4482 et
3115 4425 3295 4497 Epher
3324 4424 3511 4497 [Vulg.

1919 4522 2147 4597 Opher],
2179 4535 2233 4579 et
2262 4520 2471 4587 Enoch,
2496 4531 2549 4577 et
2583 4520 2775 4588 Abida,
2802 4529 2857 4576 et
2881 4520 3049 4575 Eldaa
3081 4536 3094 4573 :
3126 4516 3318 4575 omnes
3343 4518 3399 4573 hi
3425 4518 3519 4575 ﬁlii

1920 4616 2129 4674 Ccurae.
2166 4615 2429 4687 Deditque
2471 4612 2747 4670 Abraham
2792 4622 2988 4668 cuneta
3020 4627 3139 4682 quae
3174 4610 3511 4683 possederat,

207 4712 263 4758 et
295 4702 416 4758 hoc
441 4702 603 4759 dicite
632 4702 818 4776 [Vulg.
853 4704 980 4759 add.
1032 4704 1187 4776 mihi]
1223 4715 1279 4760 ut
1310 4705 1501 4761 vadam
1532 4704 1599 4761 ad
1618 4679 1817 4761 'dexte-
1843 4679 1895 4742 D
1922 4711 2069 4767 Isaac
2098 4727 2112 4765 :
2162 4710 2287 4764 ﬁliis
2330 4679 2513 4763 autem
2546 4706 2967 4762 concubinarum
3008 4679 3239 4775 largitus
3281 4713 3367 4759 est
3404 4720 3520 4759 mu-

209 4813 332 4853 ram
366 4797 489 4852 sive
513 4797 578 4852 ad
606 4799 903 4854 sinistram.
929 4799 1453 4871 Responderuntque
1480 4799 1559 4873 [h.
1594 4816 1822 4872 respon-

207 4887 317 4961 dit]
384 4887 567 4943 Laban
614 4900 670 4945 et
720 4890 995 4947 Bathuel:
1055 4892 1101 4946 A
1146 4892 1381 4947 Domino
1434 4907 1686 4963 egressus
1738 4904 1822 4949 est

211 4996 435 5050 sermo,
468 4999 573 5037 non
600 4998 888 5054 possumus
909 4995 1065 5042 extra
1092 4986 1351 5057 placitum
1380 4986 1498 5058 ejus
1527 4988 1823 5058 quidquam

214 5076 387 5131 aliud
419 5086 591 5133 tecum
631 5079 804 5150 loqui.
835 5080 915 5135 En
962 5080 1211 5138 Rebecca
1245 5096 1432 5139 coram
1477 5091 1530 5139 te
1561 5092 1667 5151 est,
1698 5083 1827 5141 tolle

292 5268 323 5296 ιι
362 5258 513 5313 llunc
534 5256 709 5314 locum
734 5258 995 5316 adversus
1023 5258 1241 5316 Judazos
1269 5271 1419 5330 urget
1444 5268 1662 5316 sanctus
1693 5260 1822 5316 Ilie-

214 5346 490 5401 ronymus
518 5332 570 5385 in
602 5330 754 5386 libris
782 5331 988 5400 Quazst.
1039 5332 1448 5399 Hebraicarum,
1480 5333 1825 5401 ostenditque

217 5403 273 5459 in
334 5401 601 5465 Hebraeo,
638 5417 736 5471 pro
773 5404 971 5469 virgine
1000 5402 1260 5471 scriptum
1291 5419 1413 5460 esse
1445 5405 1637 5459 anlma.
1669 5403 1825 5469 Quod

215 5473 448 5545 quidem
477 5484 530 5529 et
562 5475 612 5528 in
646 5475 779 5528 Isaia
816 5475 1082 5539 habetur;
1130 5490 1253 5529 nam
1306 5475 1359 5529 in
1403 5491 1468 5529 eo
1499 5477 1619 5530 loco
1647 5476 1738 5530 ubi
1771 5477 1822 5530 in

217 5546 434 5601 nostris
456 5546 731 5602 codicibus
764 5547 960 5609 legitur
990 5565 1003 5599 :
1038 5546 1174 5599 Ecce
1200 5548 1341 5618 virgo
1370 5547 1624 5617 concipiet
1665 5558 1710 5601 et
1734 5565 1826 5618 pa-

216 5619 321 5672 τίει
344 5661 358 5683 ,
391 5629 445 5671 et
466 5618 662 5684 Aquila
690 5618 915 5675 subdole
944 5618 1221 5673 transtulit
1247 5634 1259 5670 :
1282 5616 1418 5671 Ecce
1442 5616 1829 5672 adulescentula

222 5691 486 5760 concipiet
520 5702 570 5742 et
594 5690 777 5760 pariet,
813 5692 864 5743 in
898 5689 1127 5745 Ilebrteo
1157 5691 1416 5759 scriptum
1450 5691 1613 5744 habet
1642 5708 1654 5742 :
1694 5690 1827 5745 Ecce
1898 5750 1899 5753 η

225 5763 405 5833 aalma
428 5762 681 5831 concipiet
707 5770 754 5815 et
776 5764 961 5833 pariet.
993 5761 1297 5817 Notandum
1328 5773 1507 5816 autem
1541 5776 1609 5815 ex
1633 5761 1825 5817 eodem

228 5831 569 5903 lIierOnymo
594 5878 608 5900 ,
661 5831 801 5903 quod
832 5834 1056 5888 verbum
1101 5834 1277 5888 aalma
1308 5848 1599 5899 numquam
1642 5833 1742 5887 nisi
1773 5833 1825 5887 in

232 5903 447 5975 virgine
477 5904 738 5961 scribitur
768 5922 780 5958 :
816 5904 956 5963 unde
982 5905 1404 5978 disputationem
1447 5904 1606 5977 hujus
1629 5904 1729 5961 loci
1758 5904 1830 5961 ita

1925 4818 2078 4870 nera,
2106 4810 2160 4857 et
2185 4799 2459 4871 separavit
2486 4814 2580 4854 eos
2594 4798 2662 4854 ab
2683 4798 2853 4863 Isaac,
2888 4796 3004 4851 ﬁlio
3033 4812 3155 4866 suo,
3185 4796 3311 4851 dum
3342 4796 3521 4853 adhuc

1926 4896 2044 4966 ipse
2074 4896 2300 4959 viveret,
2327 4890 2395 4947 ad
2426 4891 2636 4962 plagam
2681 4889 3025 4946 orientalem.
3056 4887 3142 4961 [Ο.
3168 4888 3357 4961 XLV.]
3386 4890 3524 4947 Fue-

1928 4997 2053 5043 runt
2095 4994 2278 5042 autem
2318 4982 2437 5039 dies
2468 4982 2592 5037 vita:
2632 4981 2890 5050 Abrahae,
2920 4991 3145 5038 centum
3188 4982 3527 5055 septuaginta

1930 5080 2171 5152 quinque
2212 5077 2364 5134 anni.
2413 5075 2440 5115 δ
2492 5075 2561 5132 Et
2600 5074 2858 5133 deﬁciens
2906 5084 3156 5135 mortuus
3206 5087 3289 5133 est
3338 5078 3392 5134 in
3443 5093 3527 5135 se-

1933 5258 2212 5315 concludit
2245 5277 2256 5310 :
2291 5256 2595 5329 Ostendam
2618 5255 2775 5329 igitur
2803 5255 3061 5329 Judaziin
3091 5258 3380 5329 Scripturis
3427 5258 3531 5312 ali-

1934 5331 2049 5386 cubi
2067 5335 2290 5403 positum
2317 5329 2514 5393 aalma,
2542 5328 2627 5381 ubi
2644 5328 3081 5403 adolescentulam
3105 5328 3326 5403 tantum,
3350 5338 3525 5403 et_non

1932 5400 2181 5474 virginem
2212 5412 2378 5474 sonet,
2408 5410 2453 5455 et
2484 5400 2813 5474 concedimus
2835 5401 2908 5456 eis
2948 5402 3114 5474 illud,
3138 5402 3353 5472 quodin
3382 5400 3528 5455 Isaia

1933 5471 2074 5545 apud
2108 5490 2208 5545 nos
2258 5472 2448 5545 dicitur
2486 5487 2506 5545 ς
2552 5472 2693 5545 Ecce
2724 5472 2880 5545 virgo
2907 5471 3178 5545 concipiet
3216 5481 3271 5528 et
3313 5474 3525 5545 pariet;

1935 5542 2039 5600 non
2064 5544 2422 5598 absconditam
2448 5542 2714 5613 virginem,
2742 5542 2833 5600 sed
2857 5542 3304 5600 adolescentulam
3324 5544 3528 5615 signi/i-

1936 5633 2057 5688 care
2074 5619 2193 5688 jam
2213 5624 2447 5688 nuptam.
2478 5614 2663 5688 illam.

2006 5687 2035 5727 ι)
2063 5686 2420 5758 Hieronymus
2435 5686 2572 5741 libro
2590 5687 2791 5753 Quaast.
2819 5686 3364 5754 llebraicarum,dicit
3386 5687 3531 5744 male

1936 5760 1991 5817 in
2030 5759 2383 5829 Septuaginta
2431 5759 2818 5828 interpretibus
2865 5759 3144 5816 additum:
3174 5759 3235 5814 Et
3280 5760 3527 5828 deﬁciens

1937 5831 2199 5887 Abraham
2220 5841 2454 5886 mortuus
2484 5840 2580 5895 est,
2603 5832 2727 5899 quia
2754 5846 2859 5885 non
2891 5832 3146 5888 convenit
3174 5830 3409 5887 Abraha:
3434 5832 3532 5887 de-

1940 5906 2102 5963 ﬁcere
2124 5912 2180 5960 et
2202 5902 2467 5962 imminui.
2494 5901 2603 5959 Sed
2626 5909 2754 5959 tunc
2782 5902 2917 5959 ludit
2938 5904 2991 5960 in
3019 5903 3312 5977 allegoriis,
3338 5914 3392 5961 et
3414 5919 3539 5961 ana-
