3912 6348
525 328 630 389 103

1514 332 1573 389 8.
1621 322 1995 391 lllERONYlll
2035 328 2269 399 DIVINA
2311 330 2787 393 BIBLIOTHECA.

3696 350 3788 413 lM

520 456 741 505 nectute
790 448 953 518 bona,
1005 456 1395 520 provecueque
1421 448 1621 517 aetatis,
1649 457 1707 505 et
1754 448 1947 520 plenus
1990 446 2081 503 die
2135 452 2192 515 Α
2216 445 2301 521 [Β.
2335 448 2532 523 XXX]
2560 448 2921 507 Coxitantem
2947 450 3119 507 Jacob
3161 450 3513 524 pulmentum,
3543 458 3607 515 ad
3634 476 3776 533 quem

518 556 640 597 rum
670 548 1174 613 :congregatusque
1199 549 1287 597 est
1315 540 1385 597 ad
1413 541 1671 613 pupulum
1707 554 1888 597 suum.
1922 538 1995 596 Et
2025 554 2111 597 se-

521 634 795 705 pelierunt
823 649 947 690 eum
979 631 1128 691 Isaac
1156 642 1213 692 et
1240 633 1457 701 Ismael,
1489 631 1586 688 ﬁlii
1616 633 1722 701 sui,
1770 631 1822 689 in
1853 632 2113 705 spelunca

517 727 744 798 duplici,
773 743 896 798 qum
937 727 1044 789 sita
1083 738 1170 786 est
1212 728 1268 785 in
1314 743 1449 799 agro
1491 726 1741 798 prron,
1796 725 1903 791 lilii,
1938 726 2115 785 Sohar

514 818 705 894 [Vulg].
755 819 919 894 Scor]
974 820 1239 889 lletthtei,
1294 836 1328 877 e
1374 820 1604 891 regione
1658 820 1899 887 Mamre,
1948 833 2112 890 quem

514 923 728 972 emerat
761 929 793 970 a
823 914 955 972 ﬁliis
986 913 1125 971 lletb
1153 928 1171 970 :
1203 912 1275 969 ibi
1325 913 1576 984 sepultus
1602 922 1689 970 est
1722 914 1862 986 ipse,
1893 922 1950 968 et
1977 912 2113 969 Sara

516 1021 656 1066 uxor
703 1010 845 1080 ejus.
899 1010 966 1064 Et
1015 1018 1141 1080 post
1185 1008 1398 1066 obitum
1449 1008 1596 1065 illius
1649 1007 1930 1066 benedixit
1969 1007 2115 1064 Deus

518 1102 691 1170 Isaac,
716 1102 828 1158 ﬁlio
854 1103 994 1173 ejus,
1027 1102 1117 1173 qui
1150 1100 1430 1158 habitabat
1454 1101 1612 1173 juxta
1642 1103 1862 1174 puteum
1892 1103 2116 1159 nomine

523 1194 770 1253 Viventis
807 1194 991 1269 [Vulg.
1038 1195 1164 1250 add.
1215 1194 1292 1269 et]
1341 1196 1576 1253 videntis
1618 1195 1706 1269 [(2.
1756 1194 1967 1269 XLVI.]
2023 1194 2116 1255 liae

514 1296 643 1345 sunt
663 1288 1051 1359 generationes
1077 1286 1296 1357 lsmael,
1322 1286 1417 1345 ﬁlii
1440 1286 1698 1355 Abrahae,
1719 1304 1880 1359 quem
1900 1289 2117 1360 peperit

515 1382 568 1441 ei
612 1382 756 1454 Agar
792 1381 1074 1455 Egyptia,
1114 1382 1315 1439 lainula
1352 1382 1529 1449 Sam,
1563 1391 1621 1440 et
1650 1382 1767 1439 haec
1801 1383 2020 1441 nornina
2052 1380 2118 1437 ﬁ-

516 1474 714 1531 liorum
759 1474 879 1546 ejus
918 1476 973 1532 in
1028 1475 1313 1533 vocabulis
1364 1485 1423 1534 et
1476 1475 1930 1548 generationibus
1978 1478 2115 1533 suis.

516 1568 916 1641 Primogenitus
960 1569 1207 1627 lsmaelis
1256 1554 1555 1639 Nabajoth,
1594 1568 1797 1626 deinde
1824 1566 2023 1637 Cedar,
2060 1577 2118 1625 et

2219 556 2345 599 cum
2375 544 2616 602 venisset
2662 544 2806 601 Esau
2833 544 2905 601 de
2943 559 3074 616 agro
3104 546 3301 615 lassus,
3331 550 3441 605 ait:
3475 551 3547 608 Da
3575 555 3698 611 mihi
3724 558 3784 616 de

2219 636 2473 695 coctione
2495 635 2596 693 hac
2621 638 2766 705 rufa,
2796 638 2923 708 quia
2954 639 3155 709 oppido
3184 639 3357 696 lassus
3382 657 3521 701 sum.
3545 644 3703 714 Quam
3721 651 3784 709 ob

2219 741 2440 785 causam
2481 739 2731 788 vocatum
2769 743 2861 789 est
2909 748 3111 789 nomen
3153 734 3273 805 ejus
3313 735 3507 795 Edoni.
3544 738 3642 799 Cui
3665 743 3790 803 dixit
3851 724 3859 732 ’

2219 819 2387 878 Jacob
2415 839 2429 876 :
2462 821 2647 879 Vende
2673 824 2809 879 mihi
2832 824 3192 897 primogenita
3222 836 3335 884 tua.
3361 828 3459 887 llle
3482 835 3745 904 respondit
3771 854 3786 894 :

2222 914 2303 971 En
2336 918 2564 988 morior,
2606 917 2735 988 quid
2778 918 2913 974 mihi
2946 920 3252 990 proderunt
3290 922 3675 996 primogenita?
3711 926 3793 987 Ait

2218 1006 2426 1075 Jacob:
2453 1008 2586 1066 Jura
2623 1026 2755 1083 ergo
2782 1011 2940 1069 mihi.
2975 1018 2999 1048 ο
3028 1012 3250 1070 Juravit
3287 1015 3450 1081 Esau,
3479 1026 3535 1075 et
3575 1021 3792 1079 vendidit

2220 1104 2608 1177 primogenita.
2642 1105 2712 1165 Et
2734 1107 2814 1163 sic
2850 1121 3079 1179 accepto
3107 1124 3245 1180 pane
3264 1119 3320 1166 et
3348 1109 3510 1171 lentis
3537 1111 3723 1179 edulio.
3746 1124 3794 1173 et

2218 1198 2481 1268 comedit,
2524 1208 2580 1255 et
2610 1199 2768 1268 bibit,
2799 1209 2859 1258 et
2892 1200 3050 1271 abiit,
3094 1203 3499 1275 parvipendens
3530 1206 3668 1278 quod
3695 1210 3795 1281 pri-

2219 1294 2494 1362 mogenita
2516 1291 2872 1349 vendidisset.

2289 1380 2375 1455 [(2.
2417 1379 2657 1449 XLVIII,
2696 1382 2829 1458 Cap.
2864 1384 3084 1459 1111111.)
3113 1387 3245 1445 Orta
3275 1394 3461 1446 autem
3486 1388 3625 1449 fama
3652 1404 3798 1464 super

2220 1482 2442 1543 terram,
2472 1484 2600 1546 post
2641 1492 2761 1534 eam
2792 1480 3141 1538 sterilitatem
3170 1496 3293 1552 quae
3322 1482 3595 1540 acciderat
3621 1485 3672 1541 in
3698 1484 3801 1545 die-

2220 1566 2325 1625 bus
2350 1568 2651 1640 Abraham,
2684 1570 2819 1626 abiit
2841 1569 2992 1627 lsaac
3019 1571 3088 1629 ad
3121 1574 3443 1632 Abimelcch
3476 1591 3659 1648 regem
3684 1577 3798 1637 Phi—

512 1662 743 1731 Adbeel,
778 1673 836 1720 et
878 1662 1141 1731 Mabsam,
1185 1662 1389 1719 llasma
1426 1677 1669 1734 quoque.
1718 1672 1775 1719 et
1814 1661 2009 1728 Dum:t,
2060 1669 2119 1716 et
2217 1660 2535 1721 listinorum
2569 1665 2622 1720 in
2647 1664 3124 1738 Gerara.[T.XX,
3146 1668 3210 1724 Β.
3240 1667 3439 1742 XXX.)
3457 1672 3805 1743 Apparuitquc

516 1755 686 1826 Ilasa,
714 1755 917 1825 Hadar,
964 1763 1022 1813 et
1049 1754 1280 1823 Thema,
1316 1764 1375 1812 et
1403 1754 1517 1812 ltur
1544 1753 1737 1828 [Vulg.
1784 1752 2026 1826 Jethur],
2058 1760 2116 1809 et
2219 1755 2269 1811 ei
2297 1755 2580 1825 Dominus,
2608 1766 2667 1813 et
2689 1757 2765 1813 ait
2795 1777 2808 1809 :
2841 1757 2922 1815 Ne
2951 1758 3255 1817 descendas
3295 1762 3350 1817 in
3379 1760 3693 1836 Egyptum,
3717 1761 3803 1820 sed

517 1849 746 1922 Naphis,
782 1859 841 1908 et
868 1849 1095 1907 Cedma.
1128 1848 1219 1909 lsti
1241 1858 1372 1907 sunt
1405 1848 1502 1906 lilii
1536 1848 1754 1914 Ismael,
1782 1861 1836 1906 et
1878 1851 1995 1905 haec
2019 1866 2117 1904 1111·-
2149 1856 2195 1916 B
2220 1850 2441 1920 quiesce
2471 1850 2524 1906 in
2555 1859 2724 1922 terra,
2754 1867 2917 1922 quam
2947 1852 3136 1908 dixero
3161 1853 3278 1909 tibi.
3303 1853 3376 1910 Et
3398 1854 3739 1925 peregrinare
3755 1855 3803 1911 in

516 1944 661 2003 mina
692 1961 789 2015 per
826 1945 1049 2002 castella
1076 1954 1135 2001 et
1161 1944 1365 2015 oppida
1392 1958 1580 2002 eorum
1625 1942 1919 2000 duodecim
1970 1942 2121 2013 prin-
2220 1954 2308 2008 ca,
2349 1956 2555 2013 croque
2598 1952 2802 2013 tecum,
2839 1953 2894 2001 et
2924 1945 3242 2005 benedicam
3278 1947 3379 2002 tibi
3412 1965 3426 2003 :
3467 1947 3562 2005 tibi
3589 1948 3726 2005 enim
3757 1956 3807 2009 et

513 2038 668 2109 cipes
695 2038 935 2094 tribuum
964 2054 1215 2096 suarum.
1250 2046 1276 2075 ι
1304 2039 1447 2094 Anni
1476 2038 1601 2095 vitae
1633 2037 1875 2094 lsmaelis
1899 2044 2118 2092 centum
2221 2037 2414 2093 semini
2445 2049 2538 2093 tuo
2581 2038 2721 2094 dabo
2771 2037 3058 2096 universas
3102 2041 3361 2111 regiones
3390 2040 3512 2112 has,
3541 2041 3807 2113 complens

517 2133 735 2204 triginta
761 2143 999 2202 septem,
1034 2144 1092 2189 et
1116 2120 1378 2189 deﬁciens
1404 2142 1653 2188 mortuus
1676 2140 1783 2196 est,
1812 2140 1868 2188 et
1902 2130 2121 2202 apposi-
2214 2127 2584 2198 juramentum
2609 2131 2754 2202 quod
2789 2131 3059 2202 spopondi
3086 2132 3364 2189 Abraham
3415 2135 3553 2206 patri
3599 2145 3705 2190 tuo.
3749 2133 3809 2190 Et

508 2210 607 2281 ~tus
648 2225 716 2280 ad
746 2224 1008 2298 populum
1057 2241 1236 2283 suum.
1296 2224 1575 2281 llabitavit
1613 2234 1795 2283 autem
1844 2223 1915 2279 ab
1966 2223 2118 2280 Evila
2223 2224 2599 2294 multiplicabo
2628 2239 2815 2281 semen
2848 2237 3019 2297 tuum,
3050 2225 3191 2283 sicut
3231 2228 3425 2284 stellas
3468 2228 3628 2296 coeli;
3658 2228 3806 2284 dabo-

518 2333 689 2389 ttsqne
730 2318 859 2388 Snr,
907 2334 1030 2390 quae
1098 2319 1319 2390 respicit
1367 2317 1664 2392 IEgyptum
1717 2317 2120 2375 introeuntibus

516 2410 795 2484 Assyrios.
844 2410 872 2451 ι’
903 2410 1102 2468 Coram
1148 2414 1359 2471 cunctis
1387 2410 1648 2468 fratribus
1676 2410 1792 2466 suis
1838 2409 1975 2465 obiit
2025 2407 2114 2481 [ϐ.

515 2504 752 2578 XLVll.]
812 2505 906 2563 lla
941 2520 1159 2576 quoque
1196 2514 1324 2561 sunt
1363 2506 1752 2576 generationes
1802 2501 1981 2570 lsaac,
2016 2501 2117 2557 lilii

516 2598 790 2655 Abraham
825 2617 840 2652 :
887 2597 1161 2654 Abraham
1201 2597 1396 2670 genuit
1432 2597 1582 2653 Isaac
1614 2614 1628 2654 :
1672 2596 1765 2668 qui
1806 2610 1930 2652 cum
1983 2610 2118 2665 qna-

513 2691 763 2763 draginta
806 2699 955 2748 esset
995 2706 1285 2756 annorum,
1318 2691 1479 2747 duxit
1510 2705 1741 2746 uxorem
1785 2688 2112 2755 Rebeccam,

512 2787 677 2843 ﬁliam
719 2786 948 2842 Bathuel
992 2785 1120 2857 Syri
1159 2784 1231 2842 de
1271 2784 1693 2857 Mesopotamia,
1725 2796 1973 2837 sororem
2006 2780 2117 2835 La-

510 2880 641 2937 ban.
687 2880 1132 2950 Deprecatusque
1173 2888 1261 2935 est
1305 2878 1460 2934 Isaac
1487 2877 1778 2933 Dominum
1808 2890 1907 2945 pro
1945 2888 2115 2930 uxore

508 2987 631 3039 sua,
670 2987 740 3029 eo
769 2971 912 3043 quod
958 2981 1107 3028 esset
1134 2970 1386 3026 sterilis:
1431 2968 1843 3042 qui'exaudivit
1881 2983 2025 3031 cum,
2060 2975 2116 3023 ct

508 3065 660 3122 dedit
709 3075 1035 3137 conceptum
1084 3064 1370 3121 Rebeccae.
1439 3064 1547 3120 Sed
1601 3062 1998 3119 collidcbantur
2059 3063 2112 3119 in

506 3166 662 3216 utero
690 3157 810 3229 ejus
854 3157 1093 3230 parvuli;
1134 3174 1260 3230 qua;
1305 3158 1380 3212 ait
1414 3175 1427 3211 :
1465 3156 1523 3214 Si
1560 3156 1642 3213 sic
1687 3156 1821 3211 mihi
1867 3155 2107 3211 futurum

2221 2332 2331 2388 que
2358 2318 2592 2388 posteris
2622 2319 2730 2374 tuis
2760 2318 3047 2375 universas
3075 2319 3329 2391 regiones
3356 2321 3479 2386 has,
3510 2330 3566 2376 et
3599 2318 3807 2376 benedi-

2219 2422 2414 2467 centur
2442 2412 2495 2467 in
2526 2411 2741 2467 semine
2773 2418 2866 2467 tuo
2897 2429 3089 2470 omnes
3134 2422 3330 2486 gentes
3361 2419 3547 2482 terra,
3576 2428 3643 2472 eo
3681 2411 3811 2485 quod

2218 2504 2493 2561 obedierit
2529 2504 2811 2560 Abraham
2844 2507 2966 2561 voci
3013 2523 3176 2575 mete,
3219 2518 3275 2563 et
3317 2507 3648 2564 custodierit
3683 2521 3812 2578 pra:-

2217 2608 2374 2669 cepta
2406 2607 2463 2653 et
2490 2598 2745 2653 mandata
2773 2613 2915 2668 mea,
2946 2609 3000 2654 et
3024 2600 3393 2656 caeremonias
3427 2600 3682 2672 legesque
3707 2612 3813 2655 ser-

2218 2691 2449 2748 vaverit.
2508 2692 2707 2747 Mansit
2746 2694 2929 2763 itaque
2973 2692 3127 2749 Isaac
3166 2692 3221 2748 in
3264 2693 3518 2750 Geraris.
3551 2693 3650 2762 Qui
3702 2704 3814 2749 cum

2220 2781 2653 2855 interrogaretur
2700 2799 2732 2838 a
2770 2783 2901 2858 viris
2946 2784 3052 2841 loci
3086 2784 3235 2841 illius
3280 2800 3457 2858 super
3503 2799 3671 2841 uxore
3704 2796 3813 2850 sua,

2223 2876 2510 2947 respondit
2538 2896 2553 2930 ς
2583 2876 2756 2932 Soror
2781 2856 2901 2932 mea
2929 2886 3050 2944 est;
3096 2856 3531 2935 timueratvenim
3580 2872 3815 2932 conﬁteri

2216 2970 2361 3041 quod
2416 2969 2518 3025 sibi
2573 2980 2722 3026 esset
2772 2971 2979 3025 sociata
3058 2969 3365 3041 conjugio,
3426 2979 3687 3041 reputans
3749 2980 3811 3022 ne

2213 3064 2355 3120 forte
2377 3064 2747 3121 interﬁcerent
2764 3079 2887 3120 eum
2920 3073 3142 3135 propter
3158 3064 3306 3120 illius
3327 3062 3807 3136 pulchritudinem.

2216 3158 2460 3229 Cumque
2489 3157 2915 3229 pertransissent
2945 3155 3065 3213 dies
3093 3155 3343 3229 plurimi,
3382 3164 3441 3212 et
3468 3155 3671 3213 ibidem
3711 3166 3817 3209 mo-

506 3261 651 3320 crat.
676 3251 810 3324 quid
855 3266 1087 3309 necesse
1130 3251 1231 3307 luit
1265 3250 1600 3322 concipere?
1645 3248 2005 3319 Perrexitque
2053 3255 2112 3304 ut
2137 3246 2184 3312 C
2215 3262 2468 3319 rarctur;
2511 3253 2853 3324 prospiciens
2883 3252 3227 3318 Abitnclech,
3258 3250 3682 3308 Philistiuorum
3704 3264 3814 3321 rex,

506 3348 821 3404 consuleret
863 3346 1173 3402 Dominum.
1219 3345 1325 3414 Qui
1374 3344 1736 3426 respondens,
1780 3344 1856 3400 ait
1903 3361 1917 3398 :
1976 3344 2108 3399 Duae

506 3450 697 3511 gentes
727 3439 781 3494 in
827 3450 984 3496 utero
1017 3447 1112 3497 tuo
1161 3448 1310 3510 sunt,
1348 3449 1403 3496 et
1431 3439 1541 3522 duo
1572 3438 1758 3510 populi
1800 3454 1866 3495 ex
1918 3446 2110 3494 ventre

508 3536 618 3595 duo
646 3534 985 3605 dividentur,
1040 3536 1385 3606 populusque
1433 3533 1692 3607 populum
1725 3533 2024 3603 superabit,
2055 3540 2112 3587 ct

509 3627 684 3697 major
721 3628 927 3684 serviet
957 3627 1176 3684 minori.
1205 3626 1325 3684 lam
1352 3637 1565 3698 tempus
1597 3624 1845 3696 pariendi
1874 3624 2111 3683 advene-

504 3730 610 3786 rat,
641 3730 698 3776 et
721 3735 855 3778 ecce
898 3720 1111 3792 gemini
1149 3722 1203 3777 in
1237 3729 1394 3777 utero
1422 3720 1543 3791 ejus
1571 3721 1775 3791 reperti
1825 3728 1973 3776 sunt.
2004 3719 2112 3785 Qui

510 3812 660 3883 prior
694 3828 951 3884 egressus
992 3826 1098 3882 est,
1138 3811 1290 3869 rufus
1341 3821 1480 3882 erat,
1510 3823 1569 3869 et
1606 3821 1756 3869 totus
1805 3812 1863 3868 in
1897 3828 2111 3868 morem

510 3907 671 3977 pellis
703 3906 988 3978 hispidus:
1023 3915 1393 3978 veratumquc
1435 3917 1522 3962 est
1559 3921 1759 3961 nomen
1794 3905 1913 3977 ejus
1941 3906 2109 3961 Esau.

509 3998 766 4057 Protinus
807 3999 953 4055 alter
1006 3999 1325 4072 egrediens,
1372 4000 1613 4071 plantam
1660 4001 1849 4056 fratris
1894 3999 2117 4057 tenebat

506 4107 696 4161 manu,
725 4101 783 4149 et
815 4093 1026 4150 idcirco
1053 4093 1355 4165 appellavit
1393 4109 1520 4150 eum
1548 4092 1742 4150 Jacob.
1797 4097 2111 4166 Sexagena-

505 4187 624 4245 rius
649 4198 771 4244 erat
799 4187 973 4256 Isaac,
1002 4188 1225 4259 quando
1258 4191 1367 4243 nati
1391 4198 1525 4244 sunt
1564 4190 1610 4245 ei
1641 4189 1874 4261 parvuli.
1902 4188 2107 4256 Quibus

504 4280 729 4348 adultis,
757 4279 935 4337 lactus
963 4292 1049 4339 est
1081 4281 1225 4337 Esau
1255 4282 1338 4337 vir
1364 4296 1567 4353 gnarus
1594 4282 1849 4350 venandi,
1872 4292 1927 4339 et
1942 4282 2108 4340 homo

502 4376 745 4448 agricola
778 4392 792 4430 :
823 4374 997 4432 Jacob
1028 4383 1208 4431 autem
1240 4376 1322 4430 vir
1351 4375 1582 4446 simplex
1615 4374 1898 4431 habitabat
1925 4376 1982 4432 in
2029 4387 2111 4431 ta-

500 4467 830 4525 bernaculis.
863 4467 1013 4523 lsaac
1041 4468 1449 4531 amabatEsau,
1482 4482 1551 4524 eo
1574 4466 1718 4539 quod
1754 4468 1827 4524 de
1863 4468 2107 4526 venatio-

499 4559 661 4617 nibus
694 4560 842 4616 illius
877 4568 1222 4627 vesceretnr;
1258 4567 1315 4616 et
1335 4558 1585 4616 Rebecca
1614 4558 1877 4632 diligebat
1912 4559 2109 4617 Iacob.

2215 3361 2310 3416 per
2332 3346 2626 3401 fenestram
2655 3387 2672 3415 ,
2719 3344 2855 3399 vidit
2906 3359 3029 3399 eum
3068 3344 3353 3414 jocantem
3388 3361 3517 3399 cum
3560 3344 3813 3410 Rebecca,

2215 3454 2387 3494 uxore
2416 3452 2536 3494 sua.
2586 3436 2655 3492 Et
2682 3438 2970 3503 accersito,
3004 3437 3083 3492 ait
3115 3454 3129 3491 :
3166 3437 3536 3508 Persiiicuum
3569 3444 3658 3493 est
3686 3430 3818 3507 quod

2215 3547 2349 3591 uxor
2381 3532 2607 3596 tua-sit,
2638 3546 2736 3587 cur
2768 3532 3029 3587 mentitus
3086 3547 3147 3588 es
3198 3547 3322 3587 eam
3377 3546 3628 3588 sororem
3684 3538 3817 3584 tuam

2213 3627 2370 3687 esse?
2400 3625 2740 3696 Respondit:
2783 3624 2937 3682 timui
2973 3620 3042 3682 ne
3093 3641 3345 3683 morerer
3404 3632 3640 3698 propter
3685 3637 3819 3680 eam.

2218 3720 2473 3791 Dixitque
2496 3718 2814 3776 Abimelech
2846 3738 2858 3773 :
2890 3718 3070 3788 Quare
3114 3719 3427 3790 imposuisti
3478 3716 3681 3775 nobis?
3725 3728 3814 3787 po-

2219 3812 2319 3867 tuit
2342 3813 2493 3868 coire
2512 3810 2775 3883 quispiam
2801 3811 2870 3866 de
2908 3811 3110 3883 populo
3137 3826 3261 3868 cum
3296 3825 3476 3867 uxore
3505 3818 3621 3877 tua,
3668 3816 3720 3863 ct
3747 3807 3825 3861 in-

2218 3904 2460 3961 duxeras
2488 3917 2654 3975 super
2696 3918 2798 3959 nus
2844 3902 3053 3974 grande
3095 3912 3407 3974 peccatum.
3455 3899 3823 3971 Pratcepitqne

2217 3998 2371 4055 omni
2413 3997 2637 4070 populo,
2669 3997 2893 4054 diCt‘ﬂS:
2943 3995 3046 4067 Qui
3089 3997 3330 4070 tetigerit
3373 3996 3624 4054 hominis
3675 3992 3824 4064 hujus

2220 4110 2466 4164 uxorem,
2500 4105 2677 4151 morte
2700 4093 2984 4150 morietur.
3018 4092 3175 4150 Sevit
3198 4100 3387 4147 autem
3420 4092 3582 4148 Isaac
3605 4091 3660 4146 in
3690 4098 3823 4143 terra

2218 4190 2334 4259 illa,
2368 4200 2424 4244 et
2452 4187 2663 4244 invenit
2687 4188 2740 4244 in
2771 4186 2891 4259 ipso
2928 4202 3073 4243 anno
3120 4188 3447 4258 centuplum
3476 4205 3492 4243 :
3524 4182 3826 4242 benedixit-

2211 4297 2317 4353 que
2359 4282 2411 4338 ei
2446 4281 2726 4337 Dominus.
2760 4279 2829 4335 Et
2872 4280 3238 4351 locupletatus
3267 4288 3355 4335 est
3389 4280 3586 4347 homo,
3628 4288 3684 4332 et
3722 4274 3825 4331 ibat

2210 4376 2505 4445 proﬁciens
2549 4381 2711 4445 atque
2742 4387 3120 4442 succrescens,
3169 4373 3349 4429 donec
3397 4385 3639 4445 magnus
3666 4366 3827 4425 velte-

2214 4478 2431 4533 menter
2477 4466 2710 4524 eﬂ‘ectus
2759 4475 2881 4523 est:
2931 4466 3126 4522 habuit
3172 4481 3395 4537 quoque
3444 4464 3826 4539 possessiones

2215 4563 2398 4619 ovium
2421 4571 2475 4618 et
2505 4570 2902 4629 armentorum,
2935 4568 2990 4615 et
3020 4558 3238 4616 familia:
3265 4559 3599 4631 plurimum.
3620 4556 3703 4615 Ob
3729 4554 3830 4611 hoc

502 4718 724 4791 gngicos
744 4733 963 4791 sensus
980 4716 1326 4789 prosequitur
1361 4734 1374 4771 :
1408 4715 1498 4791 hic
1526 4723 1707 4771 autem
1737 4715 1901 4772 verba
1950 4717 2095 4791 51111-
2128 4722 2177 4783 1)
2204 4719 2387 4783 detur,
2420 4731 2570 4791 quas!
2594 4716 2647 4772 in
2682 4718 2783 4771 hoc
2815 4729 2979 4785 opere
3020 4731 3051 4771 e
3078 4731 3209 4791 mss.
3242 4716 3404 4791 libris
3454 4716 3824 4774 exhibemus:

503 4787 675 4861 ptume
705 4790 864 4860 plena
897 4787 1024 4856 llde,
1077 4798 1138 4844 ut
1164 4787 1415 4859 ’optimus
1454 4788 1757 4857 interpres,
1805 4790 2095 4859 expressit.

500 4862 682 4935 Quare
706 4870 846 4922 nam
877 4869 1019 4928 put:
1042 4863 1249 4935 oajigva
1296 4861 1780 4935 caijamoytpquod
1831 4861 1992 4915 hodie
2044 4863 2101 4916 in

502 4934 737 5004 llebrteo
757 4934 1007 5004 legimus,
1037 4931 1429 5002 interpretatur
1466 4951 1477 4986 :
1509 4931 1579 4988 Et
1598 4932 1842 5003 deﬁciens
1863 4941 2104 5004 mortuus

500 5013 594 5075 cal.
626 5003 789 5060 Addit
818 5002 1071 5060 similiter
1091 5049 1105 5073 ,
1150 5004 1385 5075 dierum,
1414 5003 1482 5075 ad
1514 5002 1701 5060 vocem
1749 5006 1970 5075 plenus;
2002 5002 2104 5058 etsi

498 5072 556 5130 in
587 5083 754 5141 textu,
778 5084 908 5139 nam
929 5072 1341 5140 sabea’tantnm,
1362 5072 1428 5130 id
1458 5083 1563 5141 est,
1585 5085 1731 5130 satur
1750 5072 1846 5130 'vel
1891 5074 2101 5145 pimus,

505 5148 733 5217 legatur.
761 5145 959 5217 Confer
984 5147 1086 5201 ista
1117 5162 1241 5202 eum
1272 5147 1584 5217 Hieronymi
1616 5147 2025 5202 commentariis
2048 5146 2102 5217 in

501 5216 625 5287 cap.
658 5216 1013 5286 tSophonire,
1041 5218 1129 5273 ubi
1156 5219 1323 5275 verba
1344 5219 1433 5274 illa
1458 5216 1675 5288 probat,
1696 5234 1822 5289 qua:
1844 5217 1932 5273 hic
1963 5216 2106 5274 male

501 5289 687 5347 addita
715 5288 865 5345 dicit.
898 5288 1075 5344 Man.
1359 5340 1363 5344 .

614 5305 687 5345 III
715 5305 865 5345 111011.
898 5305 1075 5344 MART.
1359 5340 1363 5344 .

570 5361 925 5435 ﬁﬂehraius
950 5359 1172 5435 proprie
1199 5360 1398 5435 habet,
1782 5369 1843 5435 et
1868 5368 2106 5435 mortuus

502 5443 601 5491 est.
632 5434 769 5490 Vide
792 5432 1002 5500 Quaest.
1030 5432 1284 5489 Holxaic.
1330 5442 1389 5489 et
1430 5432 1559 5505 qusi
1584 5449 1685 5489 111111
1714 5433 1790 5489 1111
1830 5433 2103 5490 observa-

584 5587 609 5616 ιι
648 5576 706 5634 111
735 5575 966 5647 Vulgata
1000 5573 1264 5640 editione,
1296 5585 1342 5630 et
1370 5574 1495 5647 facti
1514 5586 1638 5633 sunt
1672 5578 1819 5641 anni,
1858 5587 1967 5634 etc.
2000 5573 2106 5633 lle-

509 5672 690 5729 brrcus
731 5645 998 5731 eum
1026 5678 1075 5723 el
1104 5666 1160 5721 hi
1188 5670 1344 5736 anni,
1372 5645 1485 5724 etc.

574 5742 605 5782 δ
634 5742 811 5799 [neos
832 5740 927 5799 hic
958 5741 1192 5811 insignis
1222 5741 1365 5809 apud
1394 5739 1785 5810 Hieronymum
1821 5744 1873 5798 in
1899 5742 2106 5811 Qua-st.

504 5814 814 5878 Hebraicis,
836 5813 929 5868 ubi
964 5820 1138 5868 totum
1166 5812 1279 5868 fere
1310 5812 1609 5883 capitulum
1636 5814 1782 5869 istud
1811 5829 1937 5871 xui
1970 5814 2112 5870 reci—

500 5891 659 5957 tansy
676 5884 897 5944 easdem
927 5884 1068 5942 sacri
1108 5892 1402 5942 contextus
1437 5884 1737 5943 divisiones
1779 5895 2002 5943 secutus
2026 5884 2109 5943 vl-

2211 4790 2459 4858 agnoscit
2487 4789 2631 4843 enim
2657 4798 2898 4843 extrema
2930 4802 3057 4843 esse
3082 4786 3306 4857 capituli
3330 4791 3535 4857 verba,
3560 4806 3687 4860 quae
3709 4801 3830 4844 vere

2210 4862 2317 4917 hoc
2340 4861 2463 4915 loco
2488 4870 2732 4915 extrema
2756 4869 2902 4914 sunt.
2936 4860 3026 4914 Ait
3048 4859 3211 4930 igitur
3242 4877 3254 4912 :
3290 4860 3454 4925 Quod
3470 4859 3725 4917 1111111οηί11
3743 4874 3829 4916 εω-

2211 4944 2374 4989 tremo
2406 4932 2570 5004 huius
2592 4931 2809 4999 capituli
2830 4931 2991 5002 juxta
3016 4930 3361 5004 septuaginta
3384 4932 3619 5004 legimus
3646 4949 3664 4988 :
3695 4930 3832 5004 Con:

2214 5016 2296 5061 tra
2326 5004 2516 5057 faciem
2549 5000 2775 5074 fratrum
2809 5000 3028 5055 suorum
3049 5000 3341 5074 habitavit,
3382 5000 3564 5059 verius
3598 5014 3673 5059 est
3698 5002 3831 5074 quod

2211 5092 2306 5130 nos
2338 5075 2600 5146 posuimus
2630 5070 3170 5146 :‘Coramgomnlhus
3202 5072 3475 5146 fratribus
3519 5074 3639 5131 suis
3666 5070 3828 5129 occu-

2213 5144 2364 5211 111111⁷,
2420 5146 2474 5198 id
2529 5154 2625 5209 est,
2658 5144 2712 5197 in
2742 5144 2977 5198 manibus
3026 5145 3254 5199 omnium
3306 5144 3554 5212 ﬁliorum
3592 5159 3832 5201 mortuus

2211 5226 2310 5283 est,
2344 5227 2448 5271 etc.
2474 5214 2583 5272 Sed
2610 5230 2680 5271 ne
2707 5215 2887 5270 fucum
2920 5215 3180 5271 faciamus
3204 5214 3454 5273 candido
3488 5219 3713 5284 lectori,
3749 5219 3833 5272 in-

2213 5305 2396 5362 genue
2417 5287 2649 5343 fatemur
2670 5288 2904 5358 capitula
2951 5285 3325 5344 indiﬁ'ercnter
3369 5288 3449 5345 ab
3490 5287 3834 5362 Hieronymo

2213 5360 2423 5425 vocari,
2451 5374 2804 5430 quotcumque
2837 5373 3090 5414 versuum
3111 5363 3251 5428 cola,
3283 5368 3336 5430 et
3363 5374 3657 5417 commata
3682 5360 3836 5419 Scri-

2215 5428 2516 5502 plurarum,
2539 5447 2661 5501 quae
2686 5428 2801 5486 suis
2827 5428 3435 5501 ipselucubrationibus
3458 5434 3831 5499 intermiscet,

2208 5519 2279 5560 ac
2324 5502 2734 5561 commentariis
2776 5503 3029 5575 illustrat,
3063 5512 3122 5559 ut
3165 5504 3301 5575 infra
3326 5504 3387 5559 in
3424 5504 3595 5562 libris
3623 5505 3833 5575 Qnmst.

2212 5575 2600 5647 Hebraicarum
2623 5585 2782 5632 vocat
2808 5574 3126 5647 capitulum,
3152 5574 3495 5632 versiculum
3524 5577 3600 5633 ‘24
3636 5574 3832 5647 capitis

2214 5664 2381 5705 sttle
2411 5648 2534 5704 libri
2562 5646 2814 5704 Genesis.
2847 5647 3082 5705 Consule
3106 5646 3306 5702 locum.
3334 5647 3535 5704 MART.

2290 5754 2314 5783 ο
2350 5742 2605 5798 Nonnihil
2630 5740 2703 5795 ab
2728 5739 2998 5813 Hebraico
3028 5749 3180 5796 textu
3213 5740 3455 5811 abludit,
3492 5743 3549 5797 in
3582 5759 3699 5813 quo
3726 5753 3831 5807 est,

2209 5812 2344 5869 Iura
2391 5813 2518 5868 mihi
2549 5815 2709 5885 juxta
2754 5811 2895 5867 hunc
2925 5811 3059 5885 diem
3081 5822 3174 5885 ;_et
3208 5814 3414 5885 iuravit
3445 5814 3495 5868 ei
3522 5831 3536 5868 :
3566 5811 3618 5868 et
3645 5815 3830 5870 Gaudio

2212 5886 2288 5943 dit
2320 5881 2774 5957 primogeitituram
2799 5899 2944 5940 11111111
2971 5881 3154 5939 Iacob.
