4044 6360
245 277 322 340 I97
891 274 899 283 ’
1533 263 1735 322 LIBER
1772 263 1842 320 Gl

1871 262 2088 323 NESIS.
3365 256 3468 322 19.

242 388 499 445 invidentes
527 384 572 438 ei
604 379 887 446 Phillstini,
937 394 1130 436 omnes
1178 389 1391 449 puteos,
1438 391 1574 447 quos
1617 377 1768 432 fotle-
1799 380 1853 440 Α
1876 385 1964 432 cat
1996 375 2092 431 tibi
2121 377 2299 430 anima
2327 391 2445 431 mea
2484 385 2770 447 antequam
2806 377 3030 432 moriar.
3052 373 3208 443 Quod
3239 389 3358 430 cum
3379 390 3477 429 au-

243 493 336 542 rant
354 480 479 537 servi
501 477 659 548 patris
683 475 827 531 illius
854 474 1150 540 Abraham,
1180 473 1277 528 illo
1295 480 1541 542 tempore
1561 469 1776 526 obstru-
1877 468 2047 524 disset
2074 469 2337 538 Rebecca,
2364 479 2418 525 et
2448 470 2539 526 ille
2558 471 2782 526 abiisset
2810 471 2862 524 iu
2889 487 3076 540 agrum
3100 480 3158 524 ut
3175 471 3476 538 jussioucm

242 583 416 642 xerunt,
442 571 716 642 intplentes
753 569 939 636 humo,
970 569 1024 623 ln
1052 569 1287 631 tantum,
1321 574 1378 620 ut
1405 565 1522 635 ipse
1560 562 1778 619 Abime—
1882 560 2051 629 patris
2080 559 2356 631 expleret,
2393 561 2529 616 dixit
2563 561 2794 618 filiosuo
2815 560 3236 618 Jacob:Audivi
3272 571 3479 629 patrem

241 668 335 726 teclt
361 666 546 720 diceret
564 661 626 717 ad
656 663 802 716 Isaac
836 678 848 714 :
879 659 1100 716 Recede
1131 675 1164 714 a
1188 659 1368 725 nobis,
1401 653 1660 727 quoniam
1683 669 1781 725 po-
1881 664 2029 710 tuum
2073 655 2124 710 lo
2145 663 2384 724 tuentem
2409 669 2532 710 cum
2581 656 2746 727 Esau,
2793 657 2957 712 fratre
2987 666 3098 724 tuo,
3129 664 3185 710 et
3209 654 3480 710 dicentem

241 760 400 818 lentior
421 754 573 812 nostri
619 753 802 826 (Vulg.
834 752 1015 824 nobis]
1048 752 1226 807 factus
1273 765 1334 804 cs
1378 748 1556 803 valde.
1591 747 1655 802 Et
1689 746 1783 801 ille
1880 750 1960 803 ei:
1995 747 2142 804 Aller
2170 747 2302 803 tttihi
2333 747 2401 804 de
2449 749 2738 805 venatione
2776 759 2885 813 tua,
2917 758 2973 803 et
3000 749 3085 803 fac
3113 747 3267 802 cibos
3301 755 3358 800 ut
3386 760 3482 801 co-

241 853 495 916 discedens,
523 860 578 904 ut
619 848 830 903 veniret
859 848 922 902 ad
955 855 1260 905 torrentem
1304 844 1548 907 Geraraa,
1581 841 1786 896 habita-
1885 843 2117 909 medam,
2148 851 2204 898 et
2237 843 2551 900 benedicam
2581 845 2678 900 tibi
2710 859 2893 900 coram
2926 844 3159 900 Domino
3189 852 3481 914 antequam

241 960 390 1018 reique
415 945 478 1000 ibi
508 961 519 996 :
551 955 870 1010 rursumque
893 939 1030 995 fodit
1055 939 1198 994 alios
1230 945 1446 1007 puteus,
1471 949 1609 1006 quos
1630 932 1784 989 fode-
1886 937 2110 993 moriar.
2132 935 2283 992 Nunc
2305 952 2459 1010 ergo,
2496 940 2566 994 lili
2599 940 2693 1004 mi,
2720 940 3013 1010 acquiesce
3041 937 3287 994 consiliis
3311 938 3487 993 meis:

241 1049 332 1096 rant
355 1035 476 1108 servi
499 1036 658 1106 patris
687 1035 770 1089 sui
807 1033 1108 1096 Abraham,
1141 1040 1196 1086 et
1225 1044 1386 1100 quos,
1422 1028 1513 1082 illo
1539 1034 1780 1092 mortuo,
1886 1041 1941 1086 et
1965 1045 2200 1102 pergens
2242 1032 2306 1086 ad
2334 1048 2580 1104 gregem,
2615 1032 2750 1088 alfer
2782 1034 2916 1088 mihi
2948 1031 3090 1088 duos
3122 1033 3306 1088 haedos
3346 1030 3491 1102 opti-

238 1136 336 1190 olim
379 1130 747 1185 obstruxerant
797 1125 1130 1182 Philisthiim
1175 1141 1188 1178 :
1239 1121 1648 1192 appellavitque
1691 1131 1788 1173 e08
1888 1139 2029 1188 mos,
2061 1134 2122 1179 ut
2141 1123 2338 1181 faciam
2365 1140 2431 1182 ex
2459 1129 2705 1181 elsescas
2733 1127 2873 1197 patri
2897 1126 3494 1196 tuo,quibuslihcuter

237 1225 387 1282 iisdem
416 1220 711 1276 nominibus
739 1219 938 1289 quibus
965 1227 1091 1272 ante
1125 1225 1282 1286 pater
1327 1220 1640 1268 vocaverat.
1682 1209 1788 1266 Fo—
1888 1216 2147 1282 vescitur,
2177 1228 2314 1286 quas
2339 1230 2463 1272 cum
2499 1216 2754 1272 intuleris
2791 1262 2804 1286 ,
2830 1226 2888 1272 et
2913 1216 3238 1284 mmederit,
3271 1215 3496 1272 benedi-

236 1320 488 1385 deruutque
515 1315 565 1368 iu
597 1310 870 1368 Torrente
895 1320 952 1367 et
976 1316 1304 1381 repererunt
1339 1323 1537 1379 aquam
1581 1305 1786 1360 vivam.
1888 1316 1976 1361 cat
2012 1307 2106 1361 tibi
2164 1321 2482 1378 priusquam
2531 1307 2820 1363 moriatur.
2869 1309 2967 1363 Cui
3023 1309 3113 1364 ille
3161 1307 3494 1378 respondit:

237 1411 388 1468 Sedet
415 1409 480 1462 ibi
505 1405 739 1478 jurgium
782 1404 888 1460 fuit
929 1413 1214 1475 pastorum
1243 1402 1466 1457 Gerarae
1493 1399 1784 1454 adversum
1891 1401 2040 1458 Nosti
2063 1400 2208 1472 quod
2244 1402 2409 1469 Esau,
2454 1402 2624 1458 frater
2657 1417 2832 1468 meus,
2866 1403 3030 1457 ltomo
3073 1401 3286 1474 pilosus
3315 1402 3410 1470 sit,
3437 1409 3497 1458 et

238 1514 434 1575 pastores
463 1501 628 1563 Isaac,
672 1497 975 1556 dicentium
1014 1515 1026 1551 :
1065 1496 1260 1552 Nostra
1296 1503 1380 1550 est
1418 1507 1554 1565 aqua
1583 1510 1594 1546 :
1625 1506 1788 1564 quam
1889 1507 1991 1564 ego
2018 1491 2158 1550 leuis
2187 1509 2202 1548 :
2227 1494 2273 1548 si
2303 1496 2673 1550 attrectaverit
2697 1511 2784 1550 me
2815 1503 2971 1565 pater
3002 1509 3185 1564 meus,
3220 1506 3278 1550 et
3302 1509 3496 1575 sense:

237 1572 289 1656 ob
321 1613 417 1652 rem
460 1609 651 1651 nomen
694 1593 845 1666 putei
872 1607 939 1649 ex
968 1607 1035 1648 eo
1078 1590 1224 1662 quod
1253 1589 1550 1653 acciderat,
1575 1585 1793 1641 vocavit
1893 1587 1983 1654 rit,
2015 1589 2180 1643 timeo
2212 1603 2280 1644 ne
2309 1601 2464 1660 putet
2495 1602 2584 1645 me
2612 1591 2712 1645 sibi
2738 1591 2986 1646 voluisse
3028 1590 3289 1658 illudere,
3325 1572 3459 1646 etin

236 1692 541 1751 Calumniam.
574 1688 848 1744 Fuderunt
881 1697 938 1742 et
963 1686 1154 1753 alium,
1188 1692 1242 1739 et
1283 1697 1387 1753 pro
1433 1681 1530 1736 illo
1571 1693 1792 1750 quoque
1894 1683 2087 1738 ducam
2127 1698 2294 1754 super
2338 1698 2428 1740 me
2481 1683 2923 1740 maledirtioncm
2957 1701 3056 1756 pro
3087 1685 3496 1741 benedictione.

237 1788 361 1842 rixati
397 1794 534 1851 sunt,
564 1781 974 1854 appellavitque
999 1793 1150 1845 eum,
1182 1786 1207 1813 λ
1241 1774 1576 1832 Inimicitias.
1608 1770 1790 1827 Profe-
1824 1787 1864 1846 ῃ
1899 1773 1981 1828 Ad
2016 1785 2174 1842 quem
2211 1784 2386 1830 mater
2417 1793 2429 1828 :
2459 1776 2516 1831 ltt
2547 1792 2632 1830 me
2661 1776 2753 1840 sit,
2801 1777 2896 1840 ait,
2931 1777 3031 1830 ista
3061 1775 3393 1844 maledictio,
3427 1777 3501 1834 liii

235 1890 326 1935 ctus
350 1877 458 1933 inde
485 1871 620 1930 fodit
649 1873 816 1928 alium
851 1885 1098 1942 puteum,
1133 1882 1233 1941 pro
1261 1882 1373 1938 quo
1410 1881 1520 1921 non
1557 1874 1788 1919 conteu-
1897 1869 1994 1934 mi,
2031 1877 2240 1923 tantum
2272 1867 2398 1924 audi
2425 1881 2613 1924 vocem
2647 1884 2844 1928 meam,
2869 1879 2920 1923 et
2957 1883 3191 1940 pergens
3221 1867 3356 1924 affer
3379 1883 3502 1938 qua:

239 1976 606 2041 derunt,itaque
629 1970 846 2025 vocavit
874 1983 1070 2022 nomen
1095 1967 1237 2035 ejus.
1265 1963 1542 2027 Latitudo,
1561 1961 1786 2016 dicens:
1890 1961 2026 2016 dixi.
2054 1963 2224 2031 Abiit,
2262 1973 2315 2016 et
2358 1963 2568 2026 attulit,
2621 1961 2878 2032 deditque
2927 1961 3109 2017 matri.
3156 1962 3375 2018 Paravit
3411 1962 3502 2017 illa

239 2066 354 2121 Nunc
375 2062 603 2119 dilatavit
639 2075 740 2116 nos
772 2059 1054 2119 Domini“,
1089 2067 1145 2112 et
1189 2055 1319 2111 fecit
1343 2067 1597 2110 crescere
1627 2065 1793 2122 super
1889 2055 2067 2119 cibos,
2097 2054 2235 2110 sicut
2277 2064 2505 2111 noverat
2535 2055 2678 2110 velle
2707 2067 2916 2126 patrem
2945 2057 3112 2111 illius.
3151 2056 3217 2112 Et
3249 2054 3495 2112 veStibus

239 2169 415 2214 terram.
447 2156 529 2231 [Τ.
561 2153 738 2225 XXH
787 2150 1050 2208 Ascendit
1097 2157 1280 2204 autem
1327 2164 1394 2203 ex
1447 2147 1542 2202 illo
1579 2147 1698 2201 loco
1739 2143 1791 2198 in
1897 2148 2036 2202 Esau
2068 2148 2226 2203 valde
2248 2149 2424 2216 bonis,
2449 2164 2584 2220 quas
2612 2149 2757 2219 apud
2785 2165 2844 2204 se
2875 2150 3113 2205 habebat
3141 2150 3286 2205 domi
3318 2149 3497 2205 induit

241 2251 478 2317 Bersabee,
511 2248 601 2303 tibi
634 2247 888 2320 apparuit
918 2247 969 2301 ei
1025 2243 1288 2299 Dominus
1333 2242 1389 2296 in
1441 2239 1555 2310 ipsa
1609 2247 1792 2303 nocte,
1896 2256 2059 2297 eum:
2089 2240 2486 2312 pelliculasque
2517 2240 2798 2297 beatiorum
2825 2241 3185 2298 circumdedit
3228 2242 3509 2311 manibus,

241 2347 426 2401 dicens:
457 2343 567 2413 Ego
617 2355 743 2397 sum
779 2339 926 2394 Deus
971 2336 1244 2392 Abraham
1303 2333 1473 2402 patris
1524 2331 1622 2397 tui,
1685 2328 1797 2384 noli
1893 2343 1952 2390 et
1981 2332 2108 2389 colli
2135 2333 2278 2388 unda
2308 2335 2564 2404 protexit.
2601 2334 2764 2390 Dedit
2810 2336 3265 2404 pulmentum;et
3317 2350 3510 2406 panes,

241 2449 455 2500 metuere,
506 2436 634 2506 quia
683 2444 863 2487 tecum
915 2446 1058 2498 sum,
1106 2440 1164 2485 et
1208 2428 1528 2484 benedicam
1577 2425 1695 2489 tibi,
1745 2432 1800 2479 et
1899 2440 2038 2497 quos
2059 2437 2309 2492 coxerat,
2346 2427 2588 2483 tradidit.
2621 2428 2825 2496 Quibus
2866 2429 3074 2495 illatis,
3125 2431 3307 2485 dixit:
3352 2431 3514 2491 Pater

241 2529 558 2600 multiplicabo
609 2541 802 2582 semen
862 2535 1012 2579 tuum
1061 2531 1297 2592 propter
1342 2535 1560 2574 servum
1617 2531 1800 2572 meum
1903 2517 2115 2574 milAt
2145 2519 2236 2574 ille
2278 2521 2612 2590 respondit:
2648 2521 2848 2577 Audio.
2899 2523 3038 2590 Quis
3065 2539 3126 2578 es
3170 2533 3250 2590 tu,
3285 2523 3358 2577 fili
3394 2519 3514 2577 uti?

243 2624 485 2682 Abraham.
517 2623 712 2692 Itaque
762 2618 1054 2675 tedilieavit
1093 2617 1173 2672 ibi
1203 2617 1397 2677 altare,
1447 2622 1502 2668 et
1547 2613 1800 2666 invocato
1903 2613 2159 2682 Dixitque
2187 2613 2392 2671 Iacob:
2428 2614 2547 2684 Ego
2573 2629 2691 2670 sum
2725 2616 2864 2670 Esau
2913 2615 3315 2687 primogenitus
3348 2625 3510 2684 tuus;

241 2720 415 2773 nomine
447 2715 688 2778 Domini,
728 2711 979 2769 extendit
1011 2707 1428 2765 tabernaculum
1462 2725 1472 2758 :
1517 2703 1804 2776 praecepit-
1908 2705 2008 2760 feci
2041 2705 2182 2762 sicut
2243 2707 2554 2778 praecepisti
2601 2707 2734 2762 mihi
2767 2725 2779 2761 :
2814 2725 3000 2779 surge,
3046 2709 3176 2765 sede
3204 2721 3256 2764 et
3289 2711 3521 2767 comede

241 2825 320 2883 que
338 2812 493 2866 servis
519 2809 639 2864 suis
679 2819 739 2862 ut
770 2804 1018 2860 foderent
1055 2810 1301 2872 puteum.
1329 2799 1410 2854 Ad
1433 2813 1594 2869 quem
1625 2797 1801 2851 locum
1904 2797 1977 2854 de
2013 2798 2307 2854 venatione
2337 2813 2480 2865 mea,
2533 2807 2592 2854 ut
2641 2801 2933 2856 benedicat
2981 2801 3116 2856 mihi
3171 2802 3350 2857 anima
3404 2813 3518 2858 tua.

242 2917 336 2959 cum
357 2903 581 2958 venisset
621 2903 694 2955 de
745 2897 989 2963 Geraris,
1042 2893 1390 2958 Altimelech,
1445 2902 1504 2946 et
1557 2888 1803 2944 Ohuzatlt
1909 2892 2146 2948 Rursum
2188 2893 2338 2949 Isaac
2371 2893 2437 2949 ad
2484 2895 2653 2949 tilium
2701 2910 2857 2948 suum
2896 2913 2908 2949 :
2954 2896 3270 2964 Quomodo,
3320 2897 3522 2968 inquit,

245 2994 393 3068 [Vah].
417 2989 682 3050 Ohozatltl
725 2990 935 3045 amicus
980 2987 1149 3052 illius,
1181 2996 1234 3041 et
1265 2984 1510 3051 Phicbol,
1531 2982 1643 3038 dux
1667 2981 1808 3036 mili—
1908 2998 2016 3042 tam
2038 2987 2146 3043 cito
2179 2988 2424 3044 invenire
2456 2989 2704 3059 potuisti,
2763 2989 2840 3045 ﬁli
2873 2991 2986 3045 uti?
3023 2993 3128 3058 Qui
3177 2993 3465 3062 τθειιοηιιίι
3496 3007 3513 3048 :

243 3097 351 3152 tum,
377 3088 576 3142 locutos
601 3091 693 3140 ert
719 3083 799 3137 Bis
831 3081 1020 3136 [$3303
1053 3077 1194 3146 Quid
1227 3076 1459 3132 venistis
1481 3074 1548 3130 ad
1572 3089 1680 3141 "Ie.
1710 3073 1808 3127 hO-
1914 3080 2178 3136 Voluntas
2206 3080 2302 3137 Dei
2331 3080 2433 3135 fuit
2475 3091 2532 3136 ut
2569 3081 2680 3137 cito
2722 3083 2854 3136 mitti
2899 3094 3220 3140 occurreret
3253 3086 3394 3155 quod
3429 3097 3524 3142 vo-

245 3180 402 3234 trtincm
429 3194 582 3249 quem
608 3177 847 3244 odistis,
881 3184 936 3230 et
957 3171 1254 3242 eXpulistis
1280 3187 1310 3226 a
1342 3170 1542 3226 vobis?
1581 3169 1684 3236 Qui
1719 3183 1806 3223 re-
1832 3187 1881 3254 ρ
1911 3173 2108 3229 lebam.
2143 3174 2393 3245 Dixitque
2434 3174 2584 3231 Isaac
2619 3194 2631 3227 :
2664 3176 2877 3231 Accede
2904 3177 3035 3244 huc,
3071 3185 3129 3232 ut
3174 3187 3386 3248 tangant
3424 3188 3475 3234 te
3499 3218 3515 3245 ,

247 3273 532 3343 Sponderunt
562 3289 576 3326 :
629 3270 876 3325 Vidimus
925 3277 1104 3323 tecum
1128 3280 1250 3320 esse
1282 3263 1599 3329 Dominum,
1635 3270 1691 3316 et
1736 3260 1812 3315 ld-
1910 3271 1986 3325 ﬁli
2009 3271 2105 3338 mi,
2135 3281 2189 3324 el
2217 3271 2441 3341 probem
2477 3281 2660 3326 utrum
2687 3280 2746 3326 tu
2783 3272 2857 3327 gis
2885 3271 3031 3328 ﬁlius
3063 3287 3218 3329 meus
3249 3271 3418 3336 Esau,
3449 3285 3522 3327 an

247 3364 364 3418 circo
387 3381 520 3420 nttnc
561 3362 760 3438 [ναις.
807 3361 933 3432 nos]
987 3360 1266 3415 diximus:
1319 3357 1402 3414 Sit
1443 3359 1808 3426 jurameutum
1913 3379 2044 3418 non.
2089 3363 2336 3419 Accessit
2377 3364 2472 3420 ille
2513 3363 2580 3418 ad
2615 3375 2850 3434 patrem,
2903 3374 2959 3420 et
2989 3365 3207 3437 palpate
3248 3381 3343 3433 eo,
3389 3364 3530 3420 dixit

245 3457 362 3511 inter
398 3473 509 3524 nos,
539 3468 599 3513 et
631 3459 882 3511 ineamus
925 3453 1128 3519 ftedus,
1167 3461 1224 3506 ιιι
1273 3468 1382 3506 non
1440 3451 1606 3505 facias
1659 3447 1812 3504 nobis
1913 3456 2064 3512 Isaac
2099 3475 2112 3512 :
2147 3457 2260 3512 Vox
2308 3456 2556 3527 quidem,
2595 3473 2707 3512 vox
2754 3457 2927 3514 Iacob
2975 3467 3095 3525 est;
3147 3459 3244 3514 sed
3301 3472 3524 3527 manus,

247 3551 490 3621 quidquam
517 3551 676 3616 mali,
707 3548 847 3604 sicut
871 3560 923 3603 et
954 3564 1054 3602 nos
1086 3545 1216 3600 nihil
1249 3555 1474 3599 tuorum
1505 3543 1810 3614 attigimus,
1915 3565 2112 3605 manus
2138 3561 2268 3606 sunt
2303 3551 2466 3606 Esau,
2500 3551 2567 3605 Et
2598 3567 2707 3605 non
2747 3553 3002 3622 ουεηονίι
3043 3568 3192 3620 eum,
3224 3551 3350 3624 qui.
3380 3551 3522 3622 ρηο-

246 3660 328 3700 nec
346 3644 561 3701 fecimus
595 3643 747 3715 quod
776 3652 828 3696 te
859 3641 1078 3696 laederet
1113 3658 1128 3694 ε
1163 3637 1259 3694 sed
1281 3651 1407 3692 cum
1443 3650 1576 3706 pace
1605 3635 1814 3689 dimisi-

1924 3658 1992 3698 εει)
2015 3655 2211 3698 manus
2243 3643 2654 3698 similitudinem
2699 3643 2922 3714 majoris
2952 3652 3365 3715 expresserant.
3418 3644 3521 3700 Be-

247 3753 344 3793 nnts
380 3747 589 3794 auctum
641 3736 1020 3793 benedictione
1068 3733 1310 3788 Domini.
1363 3729 1516 3785 Fecit
1561 3745 1694 3800 ergo
1734 3727 1814 3783 cis
1919 3735 2177 3790 “dicens
2199 3749 2331 3805 ergo
2363 3735 2460 3798 illi,
2497 3733 2608 3790 ait;
2639 3735 2719 3790 Tu
2746 3749 2811 3790 es
2839 3735 2986 3790 mins
3012 3752 3168 3791 mens
3201 3735 3385 3791 Esau?
3412 3734 3528 3792 Re.

248 3832 536 3898 convivium,
560 3840 620 3887 et
645 3840 766 3900 post
794 3829 973 3884 cibum
993 3835 1053 3883 et
1083 3836 1292 3896 potum,
1317 3830 1602 3893 surgentes
1629 3835 1814 3888 mane,
1918 3829 2154 3900 spondit,
2188 3828 2301 3900 Ego
2327 3845 2467 3884 sum.
2497 3830 2564 3884 At
2601 3830 2693 3886 ille
2718 3848 2732 3884 :
2780 3830 2928 3886 Ali‘er
2957 3831 3117 3899 mihi,
3147 3832 3342 3902 inquit,
3371 3831 3524 3886 cibos

246 3923 519 3992 juraverunt
540 3925 652 3979 sibi
695 3932 899 3987 mutuo,
933 3919 1252 3989 dimisitque
1281 3933 1377 3973 eos
1409 3917 1558 3972 Isaac
1593 3911 1817 3985 pacilice
1919 3922 1987 3977 de
2028 3922 2319 3977 venatione
2351 3932 2460 3987 tua,
2503 3921 2577 3976 ﬁli
2629 3925 2722 4000 mi,
2759 3932 2820 3977 ut
2875 3921 3165 3977 benedicat
3209 3921 3300 3978 tibi
3351 3922 3534 3977 anima

249 4018 291 4070 in
313 4018 468 4073 locum
492 4033 680 4073 suum.
719 4016 858 4070 Ecce
913 4023 1094 4069 autem
1142 4019 1415 4067 venerunt
1467 4011 1521 4064 in
1572 4010 1691 4079 ipso
1729 4007 1818 4063 die
1921 4033 2061 4074 mea,
2086 4018 2232 4086 Quos
2257 4032 2377 4072 cum
2405 4017 2622 4073 oblatos
2665 4017 3017 4084 comedisset,
3050 4016 3250 4072 obtulit,
3275 4018 3327 4072 ei
3361 4017 3527 4073 etiam

247 4110 364 4164 servi
386 4111 549 4177 Isaac,
575 4109 970 4164 annuntiantes
1000 4106 1050 4161 ei
1075 4104 1143 4161 de
1165 4116 1329 4176 puteo
1349 4120 1508 4175 quem
1537 4101 1815 4170 foderant,
1921 4111 2128 4176 vinum,
2160 4125 2266 4181 quo
2298 4113 2514 4174 hausto,
2553 4109 2695 4164 dixit
2725 4109 2793 4165 ad
2823 4125 2949 4166 eum
2981 4127 2996 4164 :
3033 4110 3250 4166 Accede
3295 4109 3364 4165 ad
3412 4124 3523 4178 me,

248 4211 380 4273 atque
403 4203 650 4259 dicentes
681 4221 693 4256 :
728 4199 1052 4256 Invenimus
1083 4213 1302 4268 acuant.
1345 4195 1499 4252 Unde
1525 4196 1821 4266 appellavit
1921 4216 1977 4260 ct
2006 4204 2072 4259 da
2115 4203 2251 4258 ntihi
2297 4203 2574 4269 osculum,
2606 4204 2681 4258 ﬁli
2715 4205 2812 4258 mi.
2847 4204 3119 4275 Accessit,
3169 4213 3225 4260 et
3259 4203 3537 4260 osculatus

249 4309 370 4361 ευτυ»
398 4294 829 4359 Abundallliam,
862 4301 917 4346 et
945 4306 1146 4347 nomen
1194 4289 1320 4346 urbi
1369 4290 1684 4360 impositum
1733 4298 1821 4344 est
1923 4306 2010 4351 est
2057 4311 2205 4351 eum.
2255 4294 2563 4365 Statimque
2610 4302 2673 4348 ut
2701 4295 2876 4350 sensit
2907 4296 3364 4350 vestimentorum
3397 4293 3541 4349 illius

251 4384 508 4456 Bersabee,
542 4402 721 4457 usque
753 4387 805 4440 in
835 4395 1165 4456 prementem
1183 4383 1348 4439 diem.
1373 4383 1517 4438 Esau
1538 4397 1673 4438 vero
1691 4397 1824 4453 qua-
1923 4389 2305 4460 fragrantiaru,
2347 4388 2684 4444 benedicens
2719 4387 2908 4459 [Vulg.
2937 4388 3061 4441 add.
3095 4387 3218 4461 illi],
3246 4388 3325 4442 ait
3357 4405 3369 4441 :
3400 4387 3545 4444 Ecce

252 4481 576 4552 drageuarius
619 4480 776 4536 duxit
804 4493 1029 4544 uxores,
1058 4477 1272 4547 Judith,
1301 4477 1469 4532 tiliam
1503 4477 1659 4532 Bceri
1694 4476 1821 4531 Het-

1950 4481 2063 4537 tdor
2095 4480 2193 4536 lilii
2235 4482 2341 4536 mei
2386 4482 2529 4536 sicut
2555 4481 2693 4536 odor
2738 4481 2856 4551 agri
2907 4481 3077 4550 pleni,
3131 4479 3221 4536 cui
3267 4479 3547 4538 benedixit

253 4573 376 4643 threi,
399 4587 456 4630 et
488 4574 804 4638 Basetnatlt,
849 4574 1023 4627 tiliam
1076 4571 1208 4626 Elou
1252 4570 1494 4641 ejusdem
1532 4570 1657 4637 loci,
1703 4585 1826 4640 qua:

1950 4577 2214 4632 )outinus.
2251 4576 2355 4632 Det
2383 4576 2480 4630 tibi
2514 4576 2660 4630 Deus
2687 4575 2755 4629 de
2801 4588 2927 4628 rore
2957 4575 3104 4640 coeli,
3137 4583 3191 4628 et
3213 4573 3287 4630 de
3320 4575 3547 4644 pingue-

253 4668 395 4724 amitte
419 4669 763 4725 adtenderent
791 4667 1036 4721 animum
1065 4664 1219 4720 Isaac
1243 4674 1298 4720 el
1319 4664 1602 4720 Rebeccw-
1929 4670 2063 4727 dine
2093 4681 2280 4736 terrm,
2333 4669 2722 4724 abundantiam
2757 4668 3012 4723 frumenti
3043 4675 3097 4722 et
3123 4668 3257 4723 vini.
3307 4668 3376 4723 Et
3424 4681 3548 4724 ser-

305 4760 386 4834 {T.
419 4763 595 4829 XXII,
630 4764 693 4819 B.
730 4760 957 4829 XXXII,
983 4760 1048 4818 C.
1107 4759 1316 4816 XLVIII
1339 4801 1354 4826 ,
1396 4758 1533 4832 Cap.
1585 4758 1829 4833 XXVII.]
1933 4765 2086 4819 viant
2117 4764 2213 4818 tibi
2267 4763 2473 4833 populi,
2503 4771 2564 4818 et
2607 4761 2835 4826 adorent
2867 4773 2921 4818 te
2967 4761 3143 4816 tribus
3178 4779 3188 4813 :
3223 4771 3346 4817 esto
3372 4761 3548 4816 doui-

254 4852 418 4910 Seattit
455 4867 637 4912 autem
669 4856 840 4923 Isaae,
889 4865 948 4910 et
991 4853 1362 4925 caligavcrunt
1399 4853 1537 4908 oculi
1591 4853 1728 4923 ejus,
1779 4861 1835 4909 et
1937 4871 2040 4911 aus
2066 4857 2296 4910 fratrum
2349 4865 2592 4923 tuorum,
2652 4866 2708 4910 et
2763 4855 3121 4910 incurventur
3172 4865 3297 4909 ante
3350 4861 3403 4908 te
3449 4851 3550 4909 εἰΒὶ

255 4947 416 5005 videte
439 4963 552 5005 non
587 4959 798 5020 poterat
829 4967 840 5002 :
896 4950 1211 5018 vocavitque
1262 4948 1401 5002 Esau
1455 4947 1622 5002 lilium
1675 4963 1832 5002 suunt
1935 4949 2130 5004 matris
2151 4959 2264 5002 tum
2292 4966 2303 5000 :
2335 4948 2432 5019 qui
2464 4947 2808 5002 maledixcrit
2845 4946 2965 5015 tibi,
3001 4948 3073 5002 sit
3099 4945 3424 5002 maledictus
3451 4953 3548 5011 ;et

255 5041 514 5111 majorem,
543 5053 604 5098 et
632 5041 772 5097 dixit
799 5041 849 5097 ei
882 5039 1022 5096 :Fiti
1067 5041 1142 5093 mi
1168 5039 1180 5094 Ξ
1209 5037 1316 5106 Qui
1365 5039 1692 5109 respondit:
1727 5038 1837 5094 Ad-
1937 5040 2032 5113 qui
2053 5041 2391 5098 bettedixerit
2429 5041 2550 5110 tibi,
2588 5042 3064 5100 benedictionibus
3103 5045 3400 5116 repieatur.
3443 5043 3546 5102 Vix

255 5150 375 5189 tum.
395 5135 498 5192 Cui
559 5146 709 5208 pater
743 5155 756 5191 :
792 5135 977 5202 Vides,
1029 5136 1221 5205 inquit,
1249 5134 1394 5203 quod
1443 5135 1740 5201 sentiet-itu,
1781 5143 1839 5191 ct
1941 5134 2091 5190 Isaac
2115 5148 2427 5190 sermonem
2457 5136 2821 5207 impleverat:
2855 5147 2910 5193 et
2937 5153 3160 5209 egresso
3178 5137 3353 5195 Iacob
3375 5138 3548 5207 fores,

259 5227 476 5297 ignorem
505 5231 650 5286 diem
681 5230 873 5286 mortis
895 5244 1056 5286 meae.
1093 5231 1255 5286 Sume
1304 5246 1452 5284 arma
1491 5239 1606 5297 tua,
1641 5229 1840 5296 phare-
1943 5231 2093 5285 venit
2117 5229 2282 5298 Esau,
2301 5240 2601 5302 coetusque
2631 5233 2699 5287 de
2731 5233 3020 5290 venatione
3049 5236 3202 5290 cibos
3245 5235 3428 5290 intulit
3460 5245 3553 5306 pa-

263 5330 377 5376 trata
404 5335 459 5378 et
487 5339 696 5390 arcum,
735 5331 791 5378 et
827 5327 1092 5394 egredere
1123 5323 1306 5378 foras:
1346 5323 1587 5392 (limique
1644 5331 1843 5378 venatu
1943 5326 2037 5393 tri,
2069 5325 2258 5380 «licens
2288 5344 2298 5376 :
2337 5324 2535 5394 Surge,
2577 5337 2734 5395 pater
2765 5328 2860 5396 mi,
2888 5336 2953 5382 et
2982 5327 3209 5384 comede
3251 5328 3320 5383 de
3377 5342 3549 5384 vena-

261 5415 438 5485 aliquid
463 5417 908 5487 appreltcuderis,
939 5416 1020 5471 fac
1045 5417 1176 5470 mihi
1201 5414 1325 5470 inde
1361 5414 1696 5483 pulmentum
1729 5416 1838 5470 sic-
1952 5419 2096 5474 tione
2129 5418 2222 5474 ﬁlii
2258 5420 2330 5472 tui
2368 5438 2380 5472 :
2417 5429 2475 5473 ut
2516 5419 2802 5476 benedicat
2837 5421 2967 5476 mihi
3000 5423 3177 5476 anima
3235 5434 3345 5478 tua.
3382 5422 3559 5478 Dixit-

263 5519 310 5564 ut
341 5513 472 5567 velle
512 5529 598 5568 me
626 5513 786 5578 neSti,
816 5520 872 5567 et
900 5509 1053 5577 affer,
1098 5520 1153 5565 ut
1180 5509 1483 5579 conectunt,
1533 5517 1589 5564 et
1617 5507 1843 5564 benedi-
1943 5526 2054 5582 que
2107 5509 2186 5565 illi
2218 5511 2369 5566 Isaac
2406 5531 2415 5564 :
2467 5509 2601 5579 Quis
2633 5515 2780 5568 enim
2831 5527 2894 5570 es
2943 5515 3042 5569 tu?
3079 5515 3183 5583 Qui
3231 5514 3558 5585 reslmndit:

325 5663 348 5688 λ
379 5653 482 5709 Pro
525 5657 849 5716 iuitnicitiis.
878 5654 1026 5725 «quod
1063 5653 1258 5725 Aquila
1289 5662 1340 5706 ct
1373 5647 1737 5725 Symmachus
1764 5651 1856 5706 τήν
1969 5659 2108 5699 tuna.
2145 5648 2350 5725 I£x_qtto
2379 5648 2728 5720 intelligimus
2758 5652 3010 5705 Saturium
3027 5651 3361 5704 «intrarint:
3387 5652 3559 5706 inteb-

268 5724 610 5799 ἀντικειμένην,
635 5742 686 5782 et
717 5718 1010 5784 ἐναντὶὧσιν
1031 5718 1441 5799 transtulerunt,
1470 5723 1520 5776 id
1539 5731 1640 5784 cst,
1669 5720 1859 5799 adver-

1669 5720 1859 5799 :td\'§r-
1961 5718 2393 5799 pl‘ctaﬂi._MA_lt1‘.
2562 5718 2608 5799 Ἀ
2839 5791 2875 5799 ῃ
2924 5793 2932 5799 μ
3231 5758 3239 5770 .

269 5808 368 5849 sunt
402 5789 568 5868 aique
594 5789 958 5861 contrarium;
997 5800 1052 5854 in
1081 5797 1316 5851 IIebt'tuo
1349 5789 1511 5849 habet
1552 5799 1724 5852 nauta
1754 5789 1855 5845 Sa-
2039 5789 2554 5852 -—Ilcbraic.mm
2571 5792 2796 5848 Salano.
2839 5791 2957 5846 για.
3001 5794 3204 5861 Quaest.
3236 5793 3554 5854 Ilcbtuitnl.
