3912 6348
506 266 613 324 199

1496 267 1556 326 S.
1598 267 1982 327 HIERONYMI
2025 265 2256 324 DIVINA
2300 265 2780 325 BIBLIOTIIECA.

3678 279 3768 342 200

506 383 625 454 Ego
670 397 788 439 smn
847 382 988 440 ﬁlius
1031 391 1155 439 tuus
1205 384 1595 456 primogenitus
1645 386 1806 440 Esau.
1873 383 2786 455 ExpavitAsopotatniamSyria',
2815 391 2869 438 ut
2895 381 3020 438 inde
3042 397 3268 442 uxorem
3291 385 3619 454 duceret;et
3645 395 3766 462 quod

500 474 652 530 Isaae
680 485 902 546 stupore
926 476 1257 542 vehementi,
1281 487 1332 532 et
1365 477 1500 532 ultra
1519 492 1680 548 quam
1707 474 1857 530 credi
1890 483 2098 545 potest,

502 568 784 625 admirans
811 569 886 624 ait
920 570 1094 636 :Quis
1139 570 1304 642 igitur
1354 570 1444 625 ille
1488 579 1573 625 est
1619 568 1706 638 qui
1737 567 1944 623 dudum
1974 583 2102 637 cap-

503 671 608 718 tam
639 665 984 720 venationem
1011 665 1197 720 attulit
1225 663 1377 730 mihi,
1407 671 1462 718 et
1489 663 1701 718 comedi
1729 677 1795 718 ex
1827 663 2097 728 omnibus,

499 757 813 831 priusquam
846 768 899 815 ιιι
935 760 1191 816 venires?
1229 757 1591 829 benedixiqne
1617 756 1692 821 ei.
1725 769 1776 812 et
1806 757 1910 812 erit
1935 757 2101 812 bene-

497 851 701 908 dictus.
744 851 956 907 Auditis
1004 852 1144 906 Esau
1173 849 1520 907 sermonibus
1553 848 1720 918 patris
1752 848 1966 918 irrugiit
1989 847 2099 903 cla-

497 961 650 1003 more
703 961 920 1017 magno,
968 954 1023 1001 et
1067 954 1453 1000 conSIernatus
1498 943 1620 996 ait:
1656 941 1893 996 Benedic
1931 942 2096 996 etiam

495 1038 653 1103 mihi,
678 1049 831 1109 pater
858 1037 949 1092 mi.
982 1037 1083 1105 Qui
1111 1037 1186 1091 ait
1215 1053 1229 1090 :
1268 1035 1427 1091 Venit
1453 1050 1747 1107 germanus
1795 1043 1920 1089 tuus
1953 1033 2098 1088 frau-

495 1130 782 1199 dulenter,
836 1141 891 1187 et
921 1130 1136 1200 accepit
1186 1127 1624 1184 benedictionem
1675 1139 1843 1182 tuam.
1894 1131 1964 1182 At
2008 1125 2098 1181 ille

495 1225 821 1294 subjunxit:
869 1223 1025 1280 Juste
1056 1233 1308 1278 vocatum
1355 1233 1437 1279 est
1484 1237 1685 1278 nomen
1732 1221 1851 1292 ejus
1879 1219 2046 1276 Jacob
2083 1237 2094 1272 :

491 1317 866 1388 supplantavit
896 1317 1045 1372 enim
1087 1331 1176 1372 me
1213 1316 1265 1370 in
1315 1317 1484 1371 altera
1533 1316 1674 1384 vice,
1735 1315 2096 1385 primogenita

491 1426 609 1466 mea
640 1420 766 1466 ante
789 1411 926 1476 tulit,
951 1421 1006 1464 et
1029 1425 1171 1466 nunc
1201 1409 1442 1466 secundo
1468 1410 1733 1479 surripuit
1752 1408 2093 1464 benedictio-

488 1521 612 1560 nem
650 1519 848 1560 meam.
880 1503 1229 1574 Rursumque
1259 1503 1326 1558 ad
1361 1511 1568 1572 patrem
1602 1519 1616 1557 :
1665 1499 1939 1570 Numquid
1988 1515 2093 1555 non

487 1597 814 1660 reservasti,
855 1597 951 1662 ait,
996 1605 1050 1651 et
1098 1595 1228 1650 mihi
1280 1594 1764 1650 benediCtionem?
1799 1591 2098 1662 ReSpondit

484 1692 679 1748 Isaac;
739 1691 1025 1746 Dominum
1084 1699 1231 1744 tuum
1289 1689 1440 1744 illum
1491 1686 1774 1754 constitui,
1825 1694 1881 1741 et
1906 1700 2096 1740 omnes

2210 485 2329 544 post
2360 476 2794 532 benedictionem
2828 477 3178 546 praecepisset
3201 480 3274 544 ei,
3307 480 3493 548 dicens
3520 499 3532 536 :
3557 482 3661 537 Non
3689 501 3767 540 ac-

2206 570 2380 641 cipias
2410 571 2699 640 conjngem
2731 569 2798 625 de
2829 569 3040 625 filiabus
3069 570 3323 626 Chanaan
3360 591 3370 624 :
3397 572 3635 644 quodque
3659 576 3772 630 obc-

2204 663 2361 718 dicns
2395 663 2564 720 Jacob
2610 663 2927 734 parentibus
2948 662 2976 702 b
3006 665 3141 721 isset
3185 665 3238 720 in
3275 666 3485 736 Syriam
3517 684 3529 720 :
3561 668 3769 737 probans

2203 773 2420 829 quoque
2450 757 2595 828 quod
2643 773 2751 814 non
2794 759 3029 814 libenter
3076 760 3348 830 aspiceret
3379 759 3514 816 filias
3541 759 3769 818 Chanaan

2205 861 2354 921 pater
2384 866 2546 907 suus:
2573 852 2674 906 ivit
2699 853 2764 908 ad
2795 852 3100 919 Ismaelem,
3129 863 3182 908 et
3208 853 3368 907 duxit
3398 869 3635 918 uxorem,
3663 855 3771 916 abse

2202 961 2309 1013 que
2339 945 2402 998 iis
2431 961 2568 1016 quas
2598 944 2747 1014 prius
2779 945 3032 1012 habebat,
3063 945 3358 1015 Mahelath,
3389 946 3546 1001 filiam
3580 947 3772 1013 lsmael.

2201 1037 2293 1091 lilii
2329 1036 2630 1105 Abraham,
2659 1052 2902 1093 sororem
2936 1037 3223 1109 Nabajoth.
3255 1038 3339 1111 IT.
3375 1038 3558 1108 XXIV,
3587 1040 3774 1111 C.’LI.]

2200 1129 2368 1201 Igitur
2398 1147 2656 1201 egressus
2696 1131 2869 1186 Jacoh
2909 1131 2976 1188 de
3011 1131 3280 1188 Bersabee
3311 1133 3565 1203 pergebat
3593 1133 3771 1189 llaran.

2197 1224 2443 1294 Cumque
2473 1225 2717 1280 venisset
2739 1224 2806 1279 ad
2839 1223 3132 1296 quemdam
3159 1224 3356 1294 locum,
3383 1235 3437 1279 et
3464 1225 3622 1280 vellet
3645 1228 3690 1280 in
3717 1242 3774 1282 eo

2199 1316 2554 1386 requiescere
2585 1324 2711 1387 post
2739 1316 2870 1373 solis
2899 1316 3205 1372 oecubitum
3229 1361 3244 1384 ,
3282 1315 3405 1371 tulit
3432 1315 3500 1372 de
3530 1316 3778 1387 lapidibus

2197 1411 2285 1479 qui
2314 1410 2602 1480 jacehant,
2644 1420 2699 1466 et
2729 1425 3047 1482 supponens
3088 1410 3250 1482 capiti
3291 1425 3410 1476 suo,
3459 1409 3773 1466 dormivitin

2196 1504 2386 1559 eodem
2418 1505 2559 1560 loco.
2591 1503 2849 1575 Viditqne
2885 1505 2935 1558 in
2966 1504 3174 1558 somnis
3212 1503 3413 1557 scalam
3445 1511 3670 1558 stantem
3701 1518 3780 1558 su-

2198 1612 2294 1668 per
2325 1607 2554 1661 terram,
2591 1608 2645 1654 et
2673 1613 2932 1654 cacumen
2974 1598 3118 1653 illius
3149 1605 3380 1669 tangens
3409 1599 3604 1654 coelum
3639 1613 3653 1654 :
3683 1613 3768 1651 an-

2198 1690 2352 1759 gelos
2395 1706 2608 1762 quoque
2651 1692 2746 1746 Dei
2792 1691 3147 1747 ascendentes
3176 1700 3232 1746 et
3271 1689 3670 1746 descendentes
3697 1705 3782 1761 per

479 1797 680 1856 fratres
703 1787 822 1858 ejus
851 1786 1096 1842 servituti
1125 1785 1270 1840 illius
1295 1783 1600 1854 subjugavi,
1635 1783 1912 1837 frumento
1934 1789 1989 1836 et
2015 1781 2098 1834 vi-
2126 1768 2174 1829 Β
2203 1799 2347 1850 eam,
2371 1793 2424 1838 et
2451 1783 2742 1839 Dominum
2770 1784 3014 1838 innixum
3042 1785 3202 1839 scalm
3225 1782 3499 1838 dicentem
3521 1783 3620 1840 sibi
3651 1801 3660 1834 :
3684 1783 3781 1855 Ego

481 1896 553 1936 no
574 1879 810 1934 stabilivi
835 1894 980 1946 eum,
1009 1885 1066 1933 et
1093 1877 1186 1932 tibi
1219 1887 1338 1948 post
1364 1875 1503 1944 hate,
1535 1875 1607 1929 fili
1643 1875 1737 1943 mi,
1770 1874 1910 1929 ultra
1957 1873 2090 1944 quid

482 1971 719 2028 faciam?
748 1972 844 2027 Cui
871 1971 1014 2026 Esau
1042 1989 1056 2030 :
1109 1969 1246 2026 Nutn
1279 1985 1474 2037 unam,
1527 1969 1722 2040 inquit,
1755 1978 1962 2022 tantum
1993 1967 2094 2024 be-

481 2063 848 2120 nedictionem
892 2063 1080 2127 habes,
1113 2063 1307 2133 pater?
1357 2062 1488 2116 mihi
1533 2077 1747 2133 quoque
1778 2061 2008 2116 obsecro
2038 2069 2097 2115 nt

480 2157 794 2214 benedieas.
858 2156 1104 2228 Cumque
1160 2156 1362 2227 ejulatu
1415 2171 1612 2224 magno
1665 2154 1857 2220 fleret,
1913 2162 2092 2209 motus

479 2251 650 2318 Isaac,
683 2249 819 2306 dixit
846 2249 913 2304 ad
937 2265 1061 2304 eum
1096 2265 1110 2303 :
1137 2247 1192 2303 In
1224 2247 1548 2319 pinguedine
1582 2254 1743 2301 terra:
1775 2253 1831 2301 et
1857 2245 1912 2299 in
1967 2260 2091 2300 rore

475 2342 601 2400 coeli
631 2341 886 2412 desuper,
915 2341 1028 2395 erit
1052 2339 1363 2396 benedictio
1387 2347 1500 2393 tua.
1531 2337 1696 2393 Vives
1726 2338 1777 2392 in
1801 2337 2005 2408 gladio,
2032 2345 2087 2392 et

479 2433 632 2491 fratri
667 2445 759 2490 tuo
800 2432 1007 2489 servies
1043 2451 1057 2487 :
1090 2442 1415 2504 tempusque
1443 2424 1650 2498 veniet,
1688 2447 1809 2486 cum
1844 2430 2088 2486 excutias

478 2535 536 2584 et
558 2525 741 2582 solvas
761 2523 952 2596 jugum
976 2527 1094 2594 ejus
1118 2522 1187 2580 de
1208 2523 1518 2580 cervicibus
1539 2523 1668 2578 tuis.
1696 2522 1784 2596 [Β.
1817 2519 2086 2595 XXXIII].

476 2622 681 2678 Oderat
730 2633 862 2690 ergo
889 2633 1106 2689 semper
1143 2617 1286 2673 Esau
1329 2617 1497 2674 Jacob
1545 2633 1645 2690 pro
1701 2616 2086 2672 benedictione

475 2732 581 2788 qua
608 2715 963 2771 benedixerat
1005 2713 1056 2768 ei
1101 2721 1295 2784 pater:
1349 2712 1595 2783 dixitque
1641 2712 1693 2766 in
1727 2710 1896 2766 corde
1937 2725 2079 2766 suo:

482 2810 717 2868 Venient
749 2809 868 2864 dies
909 2808 1083 2863 luctus
1113 2807 1285 2874 patris
1312 2807 1442 2873 mei,
1483 2814 1508 2843 ⁸
1541 2815 1594 2861 et
1615 2804 1858 2861 occidam
1889 2803 2082 2871 Jacob,

483 2901 708 2956 fratrem
731 2914 934 2954 meum.
957 2897 1208 2953 Nuntiata
1239 2908 1361 2953 sunt
1393 2899 1505 2952 hare
1519 2897 1804 2964 Rebeccae,
1833 2898 2085 2966 quarmit-

483 3011 605 3060 tens
635 3012 689 3058 et
706 3016 908 3058 vocans
933 3000 1120 3069 Jacob,
1147 2999 1314 3054 filium
1334 2996 1738 3064 suum,dixitad
1753 3012 1874 3052 eum
1898 3014 1910 3050 :
1939 2996 2080 3052 Ecce

473 3093 617 3151 Esau
649 3097 815 3150 frater
845 3104 968 3150 tuus
1011 3093 1251 3148 minatur
1288 3101 1345 3147 ut
1372 3090 1579 3148 occidat
1608 3099 1681 3147 te.
1729 3089 1882 3146 Nunc
1923 3105 2075 3160 ergo,

2203 1889 2320 1929 sum
2350 1877 2610 1931 Dominus
2626 1876 2767 1932 Deus
2784 1876 3056 1932 Abraham
3080 1875 3252 1948 patris
3271 1875 3375 1941 tui,
3389 1883 3447 1932 et
3463 1875 3606 1931 Deus
3623 1877 3782 1932 Isaac:

2201 1965 2451 2033 Terram,
2478 1967 2532 2022 in
2560 1982 2668 2038 qua
2693 1967 2924 2033 dormis,
2950 1967 3048 2023 tibi
3074 1967 3214 2022 dabo
3239 1979 3294 2022 et
3315 1967 3512 2023 semini
3535 1977 3642 2022 tuo.
3661 1968 3783 2021 Erit-

2198 2075 2305 2130 que
2331 2071 2352 2098 ε
2378 2075 2565 2117 semen
2598 2073 2745 2117 tuum
2777 2065 2928 2132 quasi
2957 2063 3130 2133 pulvis
3154 2070 3318 2119 terra:
3351 2082 3366 2119 :
3397 2061 3705 2120 dilataberis
3726 2063 3784 2118 ad

2197 2151 2551 2209 Occidentem
2573 2195 2587 2220 ,
2621 2165 2676 2210 et
2707 2154 2981 2211 Orientem
3000 2198 3014 2222 ,
3047 2157 3499 2226 Septentrionem
3519 2199 3533 2224 ,
3563 2166 3617 2212 et
3642 2155 3786 2212 Meri-

2195 2245 2340 2302 diem
2377 2265 2388 2299 :
2419 2258 2473 2303 et
2504 2249 2898 2305 benedicentur
2931 2250 2984 2303 in
3017 2259 3065 2304 te
3093 2260 3146 2304 et
3191 2249 3244 2303 in
3285 2249 3498 2305 semine
3543 2262 3632 2304 ttto
3666 2264 3785 2304 cun-

2194 2349 2297 2395 cta:
2332 2341 2505 2397 tribus
2532 2350 2712 2397 terrae.
2739 2341 2801 2395 Et
2825 2357 2921 2397 ero
2947 2350 3128 2397 custos
3153 2350 3277 2396 tuus
3308 2356 3652 2412 quocumque
3675 2357 3784 2412 per-

2192 2435 2430 2502 rexeris,
2457 2442 2512 2490 et
2535 2434 2789 2490 reducam
2815 2442 2867 2490 te
2893 2433 2948 2489 itt
2975 2445 3175 2489 terram
3205 2435 3350 2490 hanc
3370 2451 3384 2489 :
3407 2449 3512 2492 nec
3531 2435 3784 2490 dimittant

2193 2527 2296 2582 nisi
2324 2529 2676 2598 complevere
2704 2528 2956 2585 universa
2997 2543 3120 2599 quae
3163 2527 3297 2584 dixi.
3333 2527 3584 2600 Cumque
3625 2528 3782 2601 erigi-

2190 2611 2358 2677 lasset
2381 2621 2551 2678 .Incob
2580 2622 2648 2678 de
2689 2637 2914 2686 somno,
2956 2625 3031 2676 ait
3063 2639 3076 2676 :
3105 2621 3244 2678 Vere
3288 2621 3562 2678 Dominus
3613 2632 3694 2679 est
3735 2621 3782 2677 in

2188 2717 2308 2773 Ioco
2341 2718 2476 2784 isto,
2511 2726 2568 2772 et
2597 2732 2697 2788 ego
2726 2717 3066 2773 nesciebam.
3098 2716 3448 2788 Pavensqtte,
3472 2717 3644 2786 Quam
3682 2725 3785 2772 ter-

2187 2809 2384 2877 ribilis,
2412 2809 2620 2881 inquit,
2649 2818 2735 2866 est
2767 2811 2919 2865 locus
2955 2811 3098 2865 iste!
3131 2825 3238 2865 non
3271 2820 3361 2867 est
3400 2810 3490 2867 hic
3519 2811 3662 2866 aliud
3690 2810 3782 2866 nisi

2183 2901 2380 2958 domus
2428 2902 2525 2957 Dei
2555 2912 2605 2958 et
2639 2913 2797 2972 porta
2823 2901 2976 2958 cmli.
3000 2903 3242 2972 Surgens
3270 2918 3410 2972 ergo
3432 2904 3604 2960 Jacoh
3635 2917 3783 2958 mane

2185 2992 2301 3054 tulit
2333 2998 2566 3070 lapidem
2593 3013 2753 3068 quem
2785 3007 3150 3068 supposuerat
3182 2998 3352 3068 capiti
3383 3013 3508 3066 suo,
3532 3009 3586 3055 et
3615 2998 3782 3054 erexit

2184 3095 2237 3149 in
2281 3094 2517 3159 titulum,
2567 3093 2802 3148 fundens
2829 3093 3008 3148 oleum
3053 3091 3312 3162 desuper.
3370 3093 3783 3162 Appellavitque

474 3189 661 3262 [Vulg.
681 3190 810 3244 add.
840 3189 933 3261 mi]
969 3189 1068 3256 fili,
1092 3187 1217 3245 audi
1242 3203 1427 3245 vocem
1458 3203 1655 3257 meam,
1674 3196 2078 3259 etconsnrgens
2105 3164 2153 3230 Ο
2187 3205 2384 3247 nomen
2413 3188 2566 3244 urbis
2596 3186 2807 3254 Bethel,
2837 3202 2956 3253 qua:
2985 3187 3135 3257 prius
3164 3185 3314 3241 Luza
3344 3186 3666 3242 vocabatur.
3689 3183 3785 3240 Vo-

471 3283 597 3356 fuge
611 3284 674 3340 ad
697 3283 905 3352 Laban,
938 3283 1162 3340 fratrem
1186 3299 1364 3340 meum
1395 3282 1448 3338 in
1473 3283 1650 3338 Haran
1674 3301 1686 3336 :
1706 3283 2079 3354 Itahitabisque

471 3394 592 3435 cum
616 3394 685 3435 eo
713 3377 829 3435 dies
856 3393 1078 3449 paucos,
1106 3377 1281 3434 donec
1307 3377 1554 3448 quiescat
1584 3377 1736 3433 furor
1763 3375 1948 3433 fratris
1973 3377 2074 3444 tui,

468 3481 524 3530 et
546 3481 721 3529 cesset
751 3473 1052 3543 indignatio
1075 3473 1215 3543 ejus,
1243 3471 1713 3543 obliviscaturque
1735 3487 1924 3528 eorum
1947 3487 2069 3542 quae

465 3567 644 3624 fecisti
676 3568 727 3622 in
763 3583 888 3623 eum
917 3584 930 3622 :
961 3575 1152 3637 postea
1182 3567 1415 3631 mittam,
1444 3575 1494 3622 et
1539 3565 1804 3621 adducam
1851 3575 1903 3620 te
1949 3566 2076 3622 inde

471 3658 598 3716 huc.
632 3659 743 3715 Cur
787 3668 1021 3729 utroque
1064 3657 1298 3714 orbabor
1330 3657 1444 3713 filio
1495 3659 1546 3713 in
1595 3674 1707 3713 uno
1753 3658 1880 3714 die?
1933 3659 2074 3714 Dixit

466 3768 684 3825 quoque
712 3751 957 3807 Rebecca
982 3750 1050 3807 ad
1080 3751 1229 3807 Isaac
1261 3769 1272 3806 :
1307 3750 1495 3807 Tredet
1525 3766 1611 3806 me
1639 3750 1764 3806 vita:
1786 3767 1921 3807 mea:
1951 3767 2073 3822 pro-

467 3855 590 3917 pter
623 3845 766 3901 filias
799 3843 969 3912 Ileth;
1001 3845 1048 3899 si
1089 3843 1366 3915 acceperit
1391 3843 1562 3900 Jacob
1593 3860 1818 3899 uxorem
1847 3845 1913 3900 dc
1940 3846 2068 3900 stir-

466 3953 538 4010 pe
579 3937 740 4008 hujus
773 3949 957 4004 terrae,
990 3937 1118 3993 nolo
1148 3935 1355 3992 vivere.

539 4030 623 4102 [Τ.
658 4028 860 4096 XXIII,
906 4027 969 4086 C.
1000 4028 1092 4096 L.,
1138 4026 1271 4100 Cap.
1302 4025 1569 4100 XXVIIM
1611 4028 1840 4085 Vocavit
1889 4029 2068 4101 itaque

464 4121 616 4178 Isaac
635 4120 828 4189 Jacob,
861 4130 914 4175 et
943 4118 1222 4175 benedixit
1249 4121 1322 4188 ei,
1359 4120 1730 4191 praecepitque
1760 4121 1809 4174 ei
1843 4119 2062 4176 dicens:

465 4211 590 4269 Noli
633 4213 886 4283 accipere
915 4213 1206 4282 eonjugem
1239 4210 1308 4266 de
1358 4226 1558 4282 genere
1601 4211 1860 4267 Chanaan
1898 4229 1912 4266 :
1963 4212 2062 4268 sed

463 4304 602 4361 vade
639 4315 695 4360 et
743 4292 1093 4374 proficiscere
1133 4303 1190 4358 in
1239 4302 1685 4373 Mesopotamiam
1742 4305 1941 4376 Syriae,
1996 4305 2062 4360 ad

462 4397 684 4453 domum
711 4395 938 4451 Bathuel
969 4397 1136 4466 patris
1159 4396 1350 4450 matris
1371 4401 1498 4463 ture,
1529 4395 1791 4465 etaccipe
1815 4393 1908 4450 tibi
1935 4396 2063 4453 inde

461 4505 684 4548 uxorem
707 4489 776 4546 de
803 4488 1020 4544 filiabus
1052 4489 1236 4545 Laban
1277 4487 1532 4543 avunculi
1561 4488 1660 4544 tui.
1705 4490 1845 4544 Deus
1882 4502 2059 4546 autem

2186 3285 2261 3340 vit
2293 3285 2458 3340 etiam
2488 3291 2695 3346 votum,
2727 3279 2916 3335 dicens
2951 3297 2964 3333 :
2992 3278 3046 3334 Si
3081 3278 3244 3334 fuerit
3276 3279 3427 3335 Deus
3459 3293 3670 3336 mecum
3691 3319 3706 3346 ,
3736 3286 3784 3332 et

2181 3376 2505 3435 Custodierit
2547 3391 2632 3430 me
2674 3373 2729 3428 in
2772 3374 2898 3448 via,
2935 3388 3032 3443 per
3075 3389 3238 3444 quam
3273 3371 3474 3446 [Vulg.
3504 3373 3634 3426 add.
3667 3368 3783 3442 ego]

2183 3469 2429 3535 ambulo,
2462 3478 2516 3524 et
2547 3467 2762 3522 dederit
2805 3466 2937 3521 mihi
2981 3481 3178 3537 panem
3217 3466 3284 3521 ad
3326 3465 3706 3531 vescendum,
3735 3470 3786 3521 et

2180 3564 2564 3620 vestimentum
2590 3561 2657 3617 ad
2685 3560 3044 3629 induendmn,
3077 3575 3453 3633 reversusque
3479 3561 3636 3617 fuero
3663 3575 3784 3632 pro-

2177 3673 2337 3730 spere
2379 3657 2446 3713 ad
2483 3658 2704 3712 domum
2739 3657 2909 3728 patris
2939 3659 3042 3712 mei
3080 3678 3093 3714 :
3126 3659 3231 3713 erit
3260 3657 3398 3713 mihi
3436 3657 3707 3714 Dominus
3736 3656 3785 3710 in

2179 3751 2365 3819 Deum,
2398 3760 2452 3806 et
2485 3750 2619 3819 lapis
2650 3750 2775 3818 isto,
2799 3765 2963 3819 quem
2994 3752 3154 3806 erexi
3186 3751 3237 3805 in
3267 3752 3498 3807 titulum
3520 3794 3534 3820 ,
3566 3750 3782 3807 vocabi-

2177 3851 2262 3898 tur
2309 3841 2511 3896 Domus
2547 3841 2641 3895 Dei
2674 3858 2688 3895 :
2719 3851 3157 3913 cunctorumque
3201 3857 3326 3912 quae
3358 3842 3592 3900 dederis
3623 3842 3781 3909 mihi,

2174 3936 2418 3992 decimas
2441 3935 2666 3991 offeram
2701 3936 2820 3991 tibi.

2244 4031 2329 4102 [Β.
2372 4029 2614 4098 XXXIV,
2645 4029 2706 4086 C.
2749 4027 2835 4084 LII
2860 4071 2873 4094 ,
2915 4029 3044 4102 Cap.
3074 4028 3298 4104 XXIX.]
3332 4031 3633 4088 Profectus
3662 4046 3787 4103 ergo

2170 4124 2337 4181 Jacob
2365 4124 2516 4180 venit
2546 4123 2612 4179 ad
2647 4134 2851 4178 terram
2882 4120 3246 4180 Orientalem.
3279 4123 3352 4179 Et
3384 4125 3530 4181 vidit
3570 4133 3785 4195 puteum

2168 4219 2221 4274 in
2248 4233 2396 4289 agro,
2431 4226 2543 4273 tres
2581 4231 2801 4288 quoque
2830 4231 3023 4288 greges
3053 4217 3234 4272 cvium
3261 4219 3614 4274 accubantes
3641 4218 3788 4287 juxta

2167 4326 2290 4368 eum
2320 4329 2333 4366 :
2361 4326 2482 4366 nam
2520 4326 2589 4366 ex
2625 4309 2723 4366 illo
2767 4309 3184 4380 adaquabantur
3215 4325 3422 4379 pecora
3444 4355 3459 4379 ,
3499 4322 3560 4366 et
3584 4325 3648 4365 os
3676 4309 3790 4379 ejus

2168 4405 2360 4478 grandi
2393 4405 2569 4476 lapide
2598 4403 2979 4461 claudebatur.
3012 4403 3285 4476 Morisque
3312 4416 3465 4474 erat,
3496 4415 3557 4461 ut
3584 4404 3791 4461 eunetis

2168 4501 2359 4556 ovibus
2386 4501 2751 4571 congregatis,
2785 4499 3140 4554 devolverent
3168 4497 3443 4569 lapidem,
3481 4511 3540 4555 et
3570 4497 3791 4554 refectis

463 4589 811 4656 omnipotens
837 4583 1128 4640 benedicat
1155 4583 1272 4652 tibi,
1307 4593 1364 4640 et
1392 4597 1645 4639 crescere
1675 4592 1726 4639 te
1758 4583 2062 4652 faciat,‘at-
2091 4565 2139 4626 υ
2169 4595 2441 4668 gregibus,
2481 4565 2696 4650 {ursam
2733 4607 2898 4664 super
2924 4607 2987 4647 os
3009 4596 3157 4664 putei
3190 4565 3493 4662 ponerent.
3534 4594 3793 4664 Dixitque

458 4693 567 4752 que
597 4679 968 4750 multiplicet:
1029 4687 1087 4732 ut
1117 4677 1194 4734 sis
1242 4676 1297 4732 itt
1361 4676 1544 4732 turbas
1590 4677 1932 4748 populorum.
1994 4679 2062 4735 Et

462 4770 558 4828 det
603 4772 699 4828 tibi
756 4771 1193 4828 benedictionem
1259 4769 1556 4838 Abraham,
1619 4779 1676 4827 et
1721 4771 1913 4828 semini
1967 4782 2059 4830 tuo

457 4873 585 4936 post
663 4876 767 4921 te:
826 4876 886 4922 ut
973 4867 1259 4937 possideas
1329 4875 1528 4922 terram
1606 4867 2058 4937 peregrinationis

455 4967 605 5028 tuae,
637 4975 796 5028 quam
826 4960 1100 5030 pollicitus
1153 4969 1240 5017 est
1290 4975 1394 5017 avo
1436 4970 1549 5016 tuo.
1604 4959 1846 5029 Cumque
1899 4961 2058 5018 dimi-

456 5053 622 5109 sisset
689 5068 814 5108 eum
847 5052 1034 5122 Isaac,
1093 5054 1372 5126 profectus
1423 5053 1576 5110 venit
1645 5055 1699 5109 in
1750 5053 2052 5124 Mesopota-

455 5144 621 5203 miam
661 5145 835 5218 Syria:
859 5147 925 5202 ad
953 5147 1162 5215 Laban,
1197 5149 1366 5204 lilium
1400 5147 1629 5203 Bathuel
1659 5147 1802 5220 Syri,
1827 5148 2051 5206 fratrem

450 5239 714 5297 Rebecca:
758 5242 947 5296 matris
974 5256 1107 5298 suae.
1141 5241 1346 5298 Videns
1382 5251 1564 5298 autem
1612 5242 1751 5297 Esau
1779 5242 1923 5312 quod
1955 5242 2049 5300 be-

2169 4690 2234 4745 ad
2257 4696 2538 4760 pastores:
2568 4686 2812 4751 Fratres,
2840 4688 2984 4742 unde
3012 4687 3300 4754 estisl’Qui
3327 4689 3789 4758 reSponderunt:

2168 4784 2246 4840 De
2277 4784 2478 4838 Ilaran.
2509 4781 2654 4850 Quos
2685 4781 3026 4852 interrogans
3049 4821 3064 4846 ,
3095 4779 3373 4851 Numquid
3393 4824 3410 4849 ,
3456 4783 3575 4849 ait,
3611 4781 3788 4837 nostis

2167 4879 2376 4948 Laban,
2404 4876 2574 4932 lilium
2604 4874 2830 4930 Nahor‘l
2857 4875 3121 4929 Dixerunt
3150 4891 3164 4929 :
3196 4873 3497 4932 Novimus.
3533 4877 3792 4933 Sanusne

2164 4972 2288 5028 est?
2320 4972 2516 5040 inquit.
2562 4970 2754 5038 Valet,
2789 4969 3042 5038 inquiunt
3077 4987 3091 5025 :
3131 4977 3186 5025 et
3228 4983 3363 5026 ecce
3401 4970 3648 5036 Rachel.
3683 4971 3791 5026 lilia

2161 5063 2282 5135 ejus
2312 5063 2458 5118 venit
2484 5077 2604 5116 cum
2632 5075 2798 5132 grege
2825 5059 3010 5132 [Vulg.
3049 5061 3175 5116 add.
3211 5061 3364 5132 suo].
3402 5063 3677 5135 Dixitque
3705 5062 3790 5117 Ja-

2159 5157 2262 5213 eoh
2297 5174 2308 5209 :
2338 5153 2532 5211 Adhuc
2561 5153 2795 5209 multum
2826 5152 2936 5210 diei
2977 5163 3261 5225 superest,
3300 5169 3415 5211 nec
3446 5165 3542 5213 est
3572 5166 3796 5228 tempus

2159 5258 2215 5304 ut
2245 5246 2572 5303 reducantur
2595 5245 2660 5300 ad
2689 5247 2878 5303 caulas
2898 5263 3093 5319 greges
3110 5265 3122 5301 :
3139 5247 3264 5303 date
3287 5260 3427 5306 ante
3457 5260 3657 5321 potum
3682 5250 3798 5305 ovi-

449 5335 754 5393 nedixisset
786 5345 940 5406 pater
967 5350 1098 5392 suus
1125 5337 1316 5407 Jacob,
1347 5347 1403 5394 et
1432 5338 1674 5395 misisset
1698 5353 1820 5394 eum
1853 5339 1906 5394 in
1936 5338 2049 5396 Me-
2157 5343 2288 5410 bus,
2321 5349 2377 5397 et
2413 5339 2494 5396 sic
2525 5339 2592 5395 ad
2637 5351 2851 5412 pastum
2883 5355 2976 5398 eas
3009 5341 3280 5400 reducite.
3324 5342 3438 5412 Qui
3473 5345 3795 5418 responde-

519 5526 544 5555 ⁸
572 5514 802 5573 Codices
823 5531 952 5590 mss.
977 5516 1314 5588 antiquiores
1331 5526 1386 5572 et
1407 5517 1550 5574 LXX
1573 5518 1760 5590 legunt
1785 5537 1798 5573 :
1830 5518 2045 5576 Veniant

445 5587 554 5647 dies
578 5590 746 5645 luctus
785 5589 950 5661 patris
987 5587 1197 5656 mei,’ut
1235 5589 1465 5644 occidam
1497 5587 1686 5657 Iacob,
1717 5601 1824 5647 etc.
1858 5591 2042 5650 Man'r.

441 5690 513 5704 -—
542 5661 775 5717 Palatin.
810 5677 913 5716 ms.
947 5662 1201 5728 occidam,
1233 5675 1332 5728 pro
1359 5671 1431 5716 et.

515 5733 540 5771 ι’
575 5733 785 5798 Vulgat.
823 5731 970 5788 addit
993 5733 1096 5787 suis
1119 5751 1136 5797 ;
1163 5732 1354 5798 IIebr.,
1385 5733 1519 5799 patri
1545 5751 1639 5790 suo
1677 5744 1724 5789 et
1762 5738 1912 5792 matri
1936 5755 2046 5794 sum

447 5803 633 5864 habet.
662 5804 828 5862 Levia
853 5805 904 5862 id
929 5821 1098 5878 genus
1119 5805 1381 5876 deinceps
1411 5803 1543 5862 satis
1572 5807 1732 5863 nobis
1757 5809 1863 5866 erit
1887 5810 1954 5866 ad
1978 5811 2044 5867 Ii-

2154 5524 2239 5582 bri
2268 5537 2420 5579 oram
2442 5531 2757 5580 annotasse.

2227 5607 2250 5670 ς
2279 5595 2336 5652 In
2361 5611 2569 5670 cano_ne
2603 5596 2740 5651 I‘Ieb.
2786 5593 2947 5652 verit.
2977 5595 3140 5668 inque
3166 5597 3428 5670 plurimis
3454 5601 3622 5659 libris
3653 5621 3790 5662 mss.

2152 5668 2431 5724 habetur:
2469 5668 2682 5739 Eritque
2719 5683 2927 5741 germen
2969 5678 3114 5725 tuum
3161 5668 3309 5743 quasi
3365 5673 3554 5744 pulvis
3612 5685 3790 5734 terra.

2222 5841 2294 5855 -
2330 5812 2502 5871 Palat.
2532 5829 2666 5882 tns.,
2697 5830 2904 5886 germen
2927 5829 3026 5887 pro
3055 5832 3244 5872 semen.
3519 5747 3712 5806 MM“.
