  <div class='ocr_page' id='page_1' title='image "/cluster/home/n/w/nwhite01/storage/ocr_20150623/28/hvd.32044015471410/106.png"; bbox 0 0 4044 6360; ppageno 0'>
   <div class='ocr_carea' id='block_1_1' title="bbox 235 257 331 321">
    <p class='ocr_par' dir='ltr' id='par_1_1' title="bbox 235 257 331 321">
     <span class='ocr_line' id='line_1_1' title="bbox 235 257 331 321; baseline -0.031 0"><span class='ocrx_word' id='word_1_1' title='bbox 235 257 331 321; x_wconf 68' lang='lat'><strong>201</strong></span> 
     </span>
    </p>
   </div>
   <div class='ocr_carea' id='block_1_2' title="bbox 1597 257 2151 317">
    <p class='ocr_par' dir='ltr' id='par_1_2' title="bbox 1597 257 2151 317">
     <span class='ocr_line' id='line_1_2' title="bbox 1597 257 2151 317; baseline -0.004 -3"><span class='ocrx_word' id='word_1_2' title='bbox 1597 257 1799 315; x_wconf 83' lang='lat' dir='ltr'><strong>LIBER</strong></span> <span class='ocrx_word' id='word_1_3' title='bbox 1838 257 2151 317; x_wconf 74' lang='lat' dir='ltr'><strong>GENESIS.</strong></span> 
     </span>
    </p>
   </div>
   <div class='ocr_carea' id='block_1_3' title="bbox 3416 269 3523 327">
    <p class='ocr_par' dir='ltr' id='par_1_3' title="bbox 3416 269 3523 327">
     <span class='ocr_line' id='line_1_3' title="bbox 3416 269 3523 327; baseline 0.037 -3"><span class='ocrx_word' id='word_1_4' title='bbox 3416 269 3523 327; x_wconf 69' lang='grc' dir='ltr'><strong>ΞΜ</strong></span> 
     </span>
    </p>
   </div>
   <div class='ocr_carea' id='block_1_4' title="bbox 235 368 3518 446">
    <p class='ocr_par' dir='ltr' id='par_1_4' title="bbox 235 368 3518 446">
     <span class='ocr_line' id='line_1_4' title="bbox 235 368 3518 446; baseline 0.002 -18"><span class='ocrx_word' id='word_1_5' title='bbox 235 382 357 429; x_wconf 90' lang='lat' dir='ltr'><strong>runt</strong></span> <span class='ocrx_word' id='word_1_6' title='bbox 388 393 400 429; x_wconf 94' lang='lat'>:</span> <span class='ocrx_word' id='word_1_7' title='bbox 432 386 537 425; x_wconf 84' lang='lat' dir='ltr'><strong>non</strong></span> <span class='ocrx_word' id='word_1_8' title='bbox 572 382 892 441; x_wconf 83' lang='lat' dir='ltr'><strong>possumus,</strong></span> <span class='ocrx_word' id='word_1_9' title='bbox 924 368 1097 426; x_wconf 89' lang='lat' dir='ltr'><strong>donec</strong></span> <span class='ocrx_word' id='word_1_10' title='bbox 1135 371 1316 425; x_wconf 81' lang='lat' dir='ltr'><strong>omnia</strong></span> <span class='ocrx_word' id='word_1_11' title='bbox 1364 387 1557 440; x_wconf 77' lang='lat' dir='ltr'><strong>pecora</strong></span> <span class='ocrx_word' id='word_1_12' title='bbox 1600 388 1827 443; x_wconf 78' lang='lat' dir='ltr'><strong>congre—</strong></span> <span class='ocrx_word' id='word_1_13' title='bbox 1856 380 1908 441; x_wconf 86' lang='grc' dir='ltr'><strong>Α</strong></span> <span class='ocrx_word' id='word_1_14' title='bbox 1936 380 1989 427; x_wconf 92' lang='lat' dir='ltr'><strong>et</strong></span> <span class='ocrx_word' id='word_1_15' title='bbox 2019 370 2227 441; x_wconf 84' lang='lat' dir='ltr'><strong>peperit</strong></span> <span class='ocrx_word' id='word_1_16' title='bbox 2269 371 2456 436; x_wconf 90' lang='lat' dir='ltr'><strong>ﬁlium,</strong></span> <span class='ocrx_word' id='word_1_17' title='bbox 2483 380 2537 427; x_wconf 90' lang='lat' dir='ltr'><strong>et</strong></span> <span class='ocrx_word' id='word_1_18' title='bbox 2566 372 2641 426; x_wconf 88' lang='lat' dir='ltr'><strong>ait</strong></span> <span class='ocrx_word' id='word_1_19' title='bbox 2671 391 2683 426; x_wconf 91' lang='lat'>:</span> <span class='ocrx_word' id='word_1_20' title='bbox 2716 374 2872 428; x_wconf 81' lang='lat' dir='ltr'><strong>Modo</strong></span> <span class='ocrx_word' id='word_1_21' title='bbox 2919 377 3219 432; x_wconf 84' lang='lat' dir='ltr'><strong>confitebor</strong></span> <span class='ocrx_word' id='word_1_22' title='bbox 3254 379 3480 435; x_wconf 83' lang='lat' dir='ltr'><strong>Domino</strong></span> <span class='ocrx_word' id='word_1_23' title='bbox 3502 422 3518 446; x_wconf 84' lang='lat'><strong>,</strong></span> 
     </span>
    </p>
   </div>
   <div class='ocr_carea' id='block_1_5' title="bbox 235 464 1831 538">
    <p class='ocr_par' dir='ltr' id='par_1_5' title="bbox 235 464 1831 538">
     <span class='ocr_line' id='line_1_5' title="bbox 235 464 1831 538; baseline -0.001 -18"><span class='ocrx_word' id='word_1_24' title='bbox 235 476 443 538; x_wconf 89' lang='lat' dir='ltr'><strong>gentur,</strong></span> <span class='ocrx_word' id='word_1_25' title='bbox 480 474 533 520; x_wconf 93' lang='lat' dir='ltr'><strong>ct</strong></span> <span class='ocrx_word' id='word_1_26' title='bbox 563 479 916 520; x_wconf 87' lang='lat' dir='ltr'><strong>amoveamus</strong></span> <span class='ocrx_word' id='word_1_27' title='bbox 940 464 1174 535; x_wconf 89' lang='lat' dir='ltr'><strong>lapidem</strong></span> <span class='ocrx_word' id='word_1_28' title='bbox 1207 464 1272 520; x_wconf 92' lang='lat' dir='ltr'><strong>de</strong></span> <span class='ocrx_word' id='word_1_29' title='bbox 1303 481 1397 521; x_wconf 87' lang='lat' dir='ltr'><strong>ore</strong></span> <span class='ocrx_word' id='word_1_30' title='bbox 1422 465 1588 535; x_wconf 88' lang='lat' dir='ltr'><strong>putei,</strong></span> <span class='ocrx_word' id='word_1_31' title='bbox 1618 476 1672 520; x_wconf 90' lang='lat' dir='ltr'><strong>ut</strong></span> <span class='ocrx_word' id='word_1_32' title='bbox 1703 467 1831 521; x_wconf 89' lang='lat' dir='ltr'><strong>ada-</strong></span> 
     </span>
    </p>
   </div>
   <div class='ocr_carea' id='block_1_6' title="bbox 236 542 1829 629">
    <p class='ocr_par' dir='ltr' id='par_1_6' title="bbox 236 542 1829 629">
     <span class='ocr_line' id='line_1_6' title="bbox 236 542 1829 629; baseline 0 -16"><span class='ocrx_word' id='word_1_33' title='bbox 236 573 457 629; x_wconf 91' lang='lat' dir='ltr'><strong>quemus</strong></span> <span class='ocrx_word' id='word_1_34' title='bbox 485 542 699 629; x_wconf 77' lang='lat' dir='ltr'><strong>greges.</strong></span> <span class='ocrx_word' id='word_1_35' title='bbox 740 558 936 613; x_wconf 81' lang='lat' dir='ltr'><strong>Adhuc</strong></span> <span class='ocrx_word' id='word_1_36' title='bbox 964 558 1349 629; x_wconf 81' lang='lat' dir='ltr'><strong>loquebantur,</strong></span> <span class='ocrx_word' id='word_1_37' title='bbox 1387 569 1443 614; x_wconf 87' lang='lat' dir='ltr'><strong>ct</strong></span> <span class='ocrx_word' id='word_1_38' title='bbox 1471 576 1595 614; x_wconf 89' lang='lat' dir='ltr'><strong>ecce</strong></span> <span class='ocrx_word' id='word_1_39' title='bbox 1626 559 1829 615; x_wconf 77' lang='lat' dir='ltr'><strong>Rachel</strong></span> 
     </span>
    </p>
   </div>
   <div class='ocr_carea' id='block_1_7' title="bbox 234 653 1831 725">
    <p class='ocr_par' dir='ltr' id='par_1_7' title="bbox 234 653 1831 725">
     <span class='ocr_line' id='line_1_7' title="bbox 234 653 1831 725; baseline 0 -17"><span class='ocrx_word' id='word_1_40' title='bbox 234 656 483 711; x_wconf 75' lang='lat' dir='ltr'><strong>veniebat</strong></span> <span class='ocrx_word' id='word_1_41' title='bbox 523 668 646 708; x_wconf 89' lang='lat' dir='ltr'><strong>cum</strong></span> <span class='ocrx_word' id='word_1_42' title='bbox 696 654 889 709; x_wconf 80' lang='lat' dir='ltr'><strong>ovibus</strong></span> <span class='ocrx_word' id='word_1_43' title='bbox 942 653 1114 721; x_wconf 88' lang='lat' dir='ltr'><strong>patris</strong></span> <span class='ocrx_word' id='word_1_44' title='bbox 1144 655 1226 708; x_wconf 89' lang='lat' dir='ltr'><strong>sui</strong></span> <span class='ocrx_word' id='word_1_45' title='bbox 1262 670 1275 709; x_wconf 74' lang='grc' dir='ltr'>ε</span> <span class='ocrx_word' id='word_1_46' title='bbox 1312 668 1434 707; x_wconf 89' lang='lat' dir='ltr'><strong>nam</strong></span> <span class='ocrx_word' id='word_1_47' title='bbox 1466 670 1684 725; x_wconf 86' lang='lat' dir='ltr'><strong>gregem</strong></span> <span class='ocrx_word' id='word_1_48' title='bbox 1718 655 1831 724; x_wconf 87' lang='lat' dir='ltr'><strong>ipsa</strong></span> 
     </span>
    </p>
   </div>
   <div class='ocr_carea' id='block_1_8' title="bbox 234 745 1833 819">
    <p class='ocr_par' dir='ltr' id='par_1_8' title="bbox 234 745 1833 819">
     <span class='ocr_line' id='line_1_8' title="bbox 234 745 1833 819; baseline -0.001 -18"><span class='ocrx_word' id='word_1_49' title='bbox 234 746 512 819; x_wconf 88' lang='lat' dir='ltr'><strong>pascebat.</strong></span> <span class='ocrx_word' id='word_1_50' title='bbox 542 746 715 814; x_wconf 88' lang='lat' dir='ltr'><strong>Quam</strong></span> <span class='ocrx_word' id='word_1_51' title='bbox 748 761 869 801; x_wconf 92' lang='lat' dir='ltr'><strong>cum</strong></span> <span class='ocrx_word' id='word_1_52' title='bbox 901 745 1138 802; x_wconf 82' lang='lat' dir='ltr'><strong>vidisset</strong></span> <span class='ocrx_word' id='word_1_53' title='bbox 1158 746 1352 813; x_wconf 85' lang='lat' dir='ltr'><strong>Jacob,</strong></span> <span class='ocrx_word' id='word_1_54' title='bbox 1380 757 1432 802; x_wconf 92' lang='lat' dir='ltr'><strong>et</strong></span> <span class='ocrx_word' id='word_1_55' title='bbox 1456 748 1619 801; x_wconf 88' lang='lat' dir='ltr'><strong>sciret</strong></span> <span class='ocrx_word' id='word_1_56' title='bbox 1638 760 1833 815; x_wconf 87' lang='lat' dir='ltr'><strong>conso-</strong></span> 
     </span>
    </p>
   </div>
   <div class='ocr_carea' id='block_1_9' title="bbox 235 837 1835 909">
    <p class='ocr_par' dir='ltr' id='par_1_9' title="bbox 235 837 1835 909">
     <span class='ocr_line' id='line_1_9' title="bbox 235 837 1835 909; baseline -0.001 -16"><span class='ocrx_word' id='word_1_57' title='bbox 235 840 446 894; x_wconf 87' lang='lat' dir='ltr'><strong>brinam</strong></span> <span class='ocrx_word' id='word_1_58' title='bbox 480 853 659 905; x_wconf 90' lang='lat' dir='ltr'><strong>suam,</strong></span> <span class='ocrx_word' id='word_1_59' title='bbox 695 853 931 909; x_wconf 90' lang='lat' dir='ltr'><strong>ovesque</strong></span> <span class='ocrx_word' id='word_1_60' title='bbox 961 837 1146 893; x_wconf 87' lang='lat' dir='ltr'><strong>Labau</strong></span> <span class='ocrx_word' id='word_1_61' title='bbox 1180 838 1433 894; x_wconf 79' lang='lat' dir='ltr'><strong>avunculi</strong></span> <span class='ocrx_word' id='word_1_62' title='bbox 1466 837 1552 893; x_wconf 92' lang='lat' dir='ltr'><strong>sui</strong></span> <span class='ocrx_word' id='word_1_63' title='bbox 1585 856 1599 894; x_wconf 90' lang='lat'><strong>:</strong></span> <span class='ocrx_word' id='word_1_64' title='bbox 1628 837 1835 893; x_wconf 89' lang='lat' dir='ltr'><strong>amovit</strong></span> 
     </span>
    </p>
   </div>
   <div class='ocr_carea' id='block_1_10' title="bbox 236 933 1832 1005">
    <p class='ocr_par' dir='ltr' id='par_1_10' title="bbox 236 933 1832 1005">
     <span class='ocr_line' id='line_1_10' title="bbox 236 933 1832 1005; baseline 0 -16"><span class='ocrx_word' id='word_1_65' title='bbox 236 934 470 1002; x_wconf 87' lang='lat' dir='ltr'><strong>lapidem</strong></span> <span class='ocrx_word' id='word_1_66' title='bbox 494 950 602 1005; x_wconf 88' lang='lat' dir='ltr'><strong>quo</strong></span> <span class='ocrx_word' id='word_1_67' title='bbox 628 942 821 1004; x_wconf 89' lang='lat' dir='ltr'><strong>puteus</strong></span> <span class='ocrx_word' id='word_1_68' title='bbox 846 933 1229 990; x_wconf 90' lang='lat' dir='ltr'><strong>claudebatur.</strong></span> <span class='ocrx_word' id='word_1_69' title='bbox 1258 934 1328 989; x_wconf 89' lang='lat' dir='ltr'><strong>Et</strong></span> <span class='ocrx_word' id='word_1_70' title='bbox 1354 935 1832 1004; x_wconf 80' lang='lat' dir='ltr'><strong>adaquatogrege,</strong></span> 
     </span>
    </p>
   </div>
   <div class='ocr_carea' id='block_1_11' title="bbox 234 1026 1836 1097">
    <p class='ocr_par' dir='ltr' id='par_1_11' title="bbox 234 1026 1836 1097">
     <span class='ocr_line' id='line_1_11' title="bbox 234 1026 1836 1097; baseline -0.001 -15"><span class='ocrx_word' id='word_1_71' title='bbox 234 1028 509 1082; x_wconf 70' lang='lat' dir='ltr'><strong>osculatus</strong></span> <span class='ocrx_word' id='word_1_72' title='bbox 540 1037 623 1082; x_wconf 91' lang='lat' dir='ltr'><strong>est</strong></span> <span class='ocrx_word' id='word_1_73' title='bbox 662 1043 784 1082; x_wconf 87' lang='lat' dir='ltr'><strong>eam</strong></span> <span class='ocrx_word' id='word_1_74' title='bbox 816 1044 828 1081; x_wconf 91' lang='lat'><strong>:</strong></span> <span class='ocrx_word' id='word_1_75' title='bbox 860 1027 1184 1097; x_wconf 87' lang='lat' dir='ltr'><strong>elevataque</strong></span> <span class='ocrx_word' id='word_1_76' title='bbox 1214 1042 1347 1083; x_wconf 87' lang='lat' dir='ltr'><strong>voce</strong></span> <span class='ocrx_word' id='word_1_77' title='bbox 1390 1026 1567 1095; x_wconf 88' lang='lat' dir='ltr'><strong>ﬁevit,</strong></span> <span class='ocrx_word' id='word_1_78' title='bbox 1612 1036 1667 1082; x_wconf 90' lang='lat' dir='ltr'><strong>et</strong></span> <span class='ocrx_word' id='word_1_79' title='bbox 1696 1027 1836 1081; x_wconf 89' lang='lat' dir='ltr'><strong>indi-</strong></span> 
     </span>
    </p>
   </div>
   <div class='ocr_carea' id='block_1_12' title="bbox 236 1121 1833 1193">
    <p class='ocr_par' dir='ltr' id='par_1_12' title="bbox 236 1121 1833 1193">
     <span class='ocr_line' id='line_1_12' title="bbox 236 1121 1833 1193; baseline -0.001 -14"><span class='ocrx_word' id='word_1_80' title='bbox 236 1121 376 1179; x_wconf 85' lang='lat' dir='ltr'><strong>cavit</strong></span> <span class='ocrx_word' id='word_1_81' title='bbox 408 1122 457 1177; x_wconf 90' lang='lat' dir='ltr'><strong>ei</strong></span> <span class='ocrx_word' id='word_1_82' title='bbox 486 1122 632 1193; x_wconf 91' lang='lat' dir='ltr'><strong>quod</strong></span> <span class='ocrx_word' id='word_1_83' title='bbox 659 1123 825 1178; x_wconf 86' lang='lat' dir='ltr'><strong>frater</strong></span> <span class='ocrx_word' id='word_1_84' title='bbox 856 1131 1002 1179; x_wconf 92' lang='lat' dir='ltr'><strong>esset</strong></span> <span class='ocrx_word' id='word_1_85' title='bbox 1032 1123 1205 1193; x_wconf 78' lang='lat' dir='ltr'><strong>patris</strong></span> <span class='ocrx_word' id='word_1_86' title='bbox 1232 1121 1337 1190; x_wconf 90' lang='lat' dir='ltr'><strong>sui,</strong></span> <span class='ocrx_word' id='word_1_87' title='bbox 1371 1133 1424 1179; x_wconf 93' lang='lat' dir='ltr'><strong>et</strong></span> <span class='ocrx_word' id='word_1_88' title='bbox 1454 1123 1595 1177; x_wconf 84' lang='lat' dir='ltr'><strong>[ilius</strong></span> <span class='ocrx_word' id='word_1_89' title='bbox 1621 1121 1833 1178; x_wconf 89' lang='lat' dir='ltr'><strong>Rebec-</strong></span> 
     </span>
    </p>
   </div>
   <div class='ocr_carea' id='block_1_13' title="bbox 234 1216 1833 1288">
    <p class='ocr_par' dir='ltr' id='par_1_13' title="bbox 234 1216 1833 1288">
     <span class='ocr_line' id='line_1_13' title="bbox 234 1216 1833 1288; baseline -0.003 -14"><span class='ocrx_word' id='word_1_90' title='bbox 234 1232 309 1274; x_wconf 78' lang='lat' dir='ltr'><strong>ca:</strong></span> <span class='ocrx_word' id='word_1_91' title='bbox 343 1236 356 1273; x_wconf 90' lang='lat'>:</span> <span class='ocrx_word' id='word_1_92' title='bbox 388 1226 446 1272; x_wconf 88' lang='lat' dir='ltr'><strong>at</strong></span> <span class='ocrx_word' id='word_1_93' title='bbox 489 1218 577 1273; x_wconf 83' lang='lat' dir='ltr'><strong>illa</strong></span> <span class='ocrx_word' id='word_1_94' title='bbox 628 1217 891 1274; x_wconf 79' lang='lat' dir='ltr'><strong>festinans</strong></span> <span class='ocrx_word' id='word_1_95' title='bbox 937 1217 1207 1273; x_wconf 74' lang='lat' dir='ltr'><strong>nuntiavit</strong></span> <span class='ocrx_word' id='word_1_96' title='bbox 1256 1218 1395 1288; x_wconf 90' lang='lat' dir='ltr'><strong>patri</strong></span> <span class='ocrx_word' id='word_1_97' title='bbox 1427 1231 1545 1272; x_wconf 92' lang='lat' dir='ltr'><strong>suo.</strong></span> <span class='ocrx_word' id='word_1_98' title='bbox 1582 1216 1681 1285; x_wconf 86' lang='lat' dir='ltr'><strong>Qui</strong></span> <span class='ocrx_word' id='word_1_99' title='bbox 1714 1232 1833 1271; x_wconf 91' lang='lat' dir='ltr'><strong>cum</strong></span> 
     </span>
    </p>
   </div>
   <div class='ocr_carea' id='block_1_14' title="bbox 233 1312 1839 1383">
    <p class='ocr_par' dir='ltr' id='par_1_14' title="bbox 233 1312 1839 1383">
     <span class='ocr_line' id='line_1_14' title="bbox 233 1312 1839 1383; baseline -0.002 -13"><span class='ocrx_word' id='word_1_100' title='bbox 233 1313 479 1370; x_wconf 83' lang='lat' dir='ltr'><strong>audisset</strong></span> <span class='ocrx_word' id='word_1_101' title='bbox 514 1314 731 1370; x_wconf 86' lang='lat' dir='ltr'><strong>venisse</strong></span> <span class='ocrx_word' id='word_1_102' title='bbox 761 1314 927 1369; x_wconf 85' lang='lat' dir='ltr'><strong>Jacob</strong></span> <span class='ocrx_word' id='word_1_103' title='bbox 966 1314 1145 1383; x_wconf 36' lang='lat' dir='ltr'><strong>ﬁlium,</strong></span> <span class='ocrx_word' id='word_1_104' title='bbox 1171 1313 1378 1369; x_wconf 76' lang='lat' dir='ltr'><strong>sororis</strong></span> <span class='ocrx_word' id='word_1_105' title='bbox 1419 1328 1560 1382; x_wconf 80' lang='lat' dir='ltr'><strong>suac,</strong></span> <span class='ocrx_word' id='word_1_106' title='bbox 1601 1312 1839 1368; x_wconf 88' lang='lat' dir='ltr'><strong>cucurrit</strong></span> 
     </span>
    </p>
   </div>
   <div class='ocr_carea' id='block_1_15' title="bbox 233 1405 1836 1478">
    <p class='ocr_par' dir='ltr' id='par_1_15' title="bbox 233 1405 1836 1478">
     <span class='ocr_line' id='line_1_15' title="bbox 233 1405 1836 1478; baseline -0.002 -15"><span class='ocrx_word' id='word_1_107' title='bbox 233 1408 452 1463; x_wconf 72' lang='lat' dir='ltr'><strong>obviam</strong></span> <span class='ocrx_word' id='word_1_108' title='bbox 483 1409 570 1475; x_wconf 90' lang='lat' dir='ltr'><strong>ei,</strong></span> <span class='ocrx_word' id='word_1_109' title='bbox 614 1409 1040 1478; x_wconf 83' lang='lat' dir='ltr'><strong>complexusque</strong></span> <span class='ocrx_word' id='word_1_110' title='bbox 1071 1423 1220 1474; x_wconf 90' lang='lat' dir='ltr'><strong>eum,</strong></span> <span class='ocrx_word' id='word_1_111' title='bbox 1246 1409 1382 1462; x_wconf 91' lang='lat' dir='ltr'><strong>etin</strong></span> <span class='ocrx_word' id='word_1_112' title='bbox 1416 1405 1601 1462; x_wconf 89' lang='lat' dir='ltr'><strong>oscula</strong></span> <span class='ocrx_word' id='word_1_113' title='bbox 1647 1420 1836 1473; x_wconf 89' lang='lat' dir='ltr'><strong>ruens,</strong></span> 
     </span>
    </p>
   </div>
   <div class='ocr_carea' id='block_1_16' title="bbox 234 1496 1839 1572">
    <p class='ocr_par' dir='ltr' id='par_1_16' title="bbox 234 1496 1839 1572">
     <span class='ocr_line' id='line_1_16' title="bbox 234 1496 1839 1572; baseline -0.004 -14"><span class='ocrx_word' id='word_1_114' title='bbox 234 1501 401 1558; x_wconf 76' lang='lat' dir='ltr'><strong>duxit</strong></span> <span class='ocrx_word' id='word_1_115' title='bbox 426 1503 477 1557; x_wconf 88' lang='lat' dir='ltr'><strong>in</strong></span> <span class='ocrx_word' id='word_1_116' title='bbox 510 1504 729 1557; x_wconf 89' lang='lat' dir='ltr'><strong>domum</strong></span> <span class='ocrx_word' id='word_1_117' title='bbox 759 1518 932 1557; x_wconf 87' lang='lat' dir='ltr'><strong>suam.</strong></span> <span class='ocrx_word' id='word_1_118' title='bbox 961 1500 1177 1556; x_wconf 84' lang='lat' dir='ltr'><strong>Auditis</strong></span> <span class='ocrx_word' id='word_1_119' title='bbox 1206 1511 1381 1556; x_wconf 82' lang='lat' dir='ltr'><strong>autem</strong></span> <span class='ocrx_word' id='word_1_120' title='bbox 1416 1499 1604 1572; x_wconf 83' lang='lat' dir='ltr'><strong>[Vulg.</strong></span> <span class='ocrx_word' id='word_1_121' title='bbox 1640 1496 1839 1570; x_wconf 87' lang='lat' dir='ltr'><strong>tamen]</strong></span> 
     </span>
    </p>
   </div>
   <div class='ocr_carea' id='block_1_17' title="bbox 234 1594 1837 1665">
    <p class='ocr_par' dir='ltr' id='par_1_17' title="bbox 234 1594 1837 1665">
     <span class='ocr_line' id='line_1_17' title="bbox 234 1594 1837 1665; baseline -0.002 -16"><span class='ocrx_word' id='word_1_122' title='bbox 234 1596 417 1650; x_wconf 83' lang='lat' dir='ltr'><strong>causis</strong></span> <span class='ocrx_word' id='word_1_123' title='bbox 440 1596 678 1660; x_wconf 88' lang='lat' dir='ltr'><strong>itineris,</strong></span> <span class='ocrx_word' id='word_1_124' title='bbox 702 1596 987 1665; x_wconf 87' lang='lat' dir='ltr'><strong>respondit</strong></span> <span class='ocrx_word' id='word_1_125' title='bbox 1017 1613 1027 1646; x_wconf 92' lang='lat'>:</span> <span class='ocrx_word' id='word_1_126' title='bbox 1055 1594 1128 1649; x_wconf 87' lang='lat' dir='ltr'><strong>Os</strong></span> <span class='ocrx_word' id='word_1_127' title='bbox 1152 1610 1335 1648; x_wconf 89' lang='lat' dir='ltr'><strong>meum</strong></span> <span class='ocrx_word' id='word_1_128' title='bbox 1362 1608 1440 1660; x_wconf 92' lang='lat' dir='ltr'><strong>es,</strong></span> <span class='ocrx_word' id='word_1_129' title='bbox 1466 1602 1519 1648; x_wconf 92' lang='lat' dir='ltr'><strong>et</strong></span> <span class='ocrx_word' id='word_1_130' title='bbox 1541 1608 1668 1649; x_wconf 84' lang='lat' dir='ltr'><strong>caro</strong></span> <span class='ocrx_word' id='word_1_131' title='bbox 1696 1608 1837 1647; x_wconf 79' lang='lat' dir='ltr'><strong>mea.</strong></span> 
     </span>
    </p>
   </div>
   <div class='ocr_carea' id='block_1_18' title="bbox 235 1686 1838 1758">
    <p class='ocr_par' dir='ltr' id='par_1_18' title="bbox 235 1686 1838 1758">
     <span class='ocr_line' id='line_1_18' title="bbox 235 1686 1838 1758; baseline 0 -17"><span class='ocrx_word' id='word_1_132' title='bbox 235 1687 295 1741; x_wconf 89' lang='lat' dir='ltr'><strong>Et</strong></span> <span class='ocrx_word' id='word_1_133' title='bbox 324 1698 619 1758; x_wconf 83' lang='lat' dir='ltr'><strong>postquam</strong></span> <span class='ocrx_word' id='word_1_134' title='bbox 645 1689 843 1757; x_wconf 77' lang='lat' dir='ltr'><strong>expleti</strong></span> <span class='ocrx_word' id='word_1_135' title='bbox 867 1695 993 1742; x_wconf 91' lang='lat' dir='ltr'><strong>sunt</strong></span> <span class='ocrx_word' id='word_1_136' title='bbox 1014 1687 1131 1742; x_wconf 91' lang='lat' dir='ltr'><strong>dies</strong></span> <span class='ocrx_word' id='word_1_137' title='bbox 1155 1687 1356 1742; x_wconf 87' lang='lat' dir='ltr'><strong>mensis</strong></span> <span class='ocrx_word' id='word_1_138' title='bbox 1381 1686 1557 1753; x_wconf 90' lang='lat' dir='ltr'><strong>unius,</strong></span> <span class='ocrx_word' id='word_1_139' title='bbox 1586 1686 1721 1741; x_wconf 82' lang='lat' dir='ltr'><strong>dixit</strong></span> <span class='ocrx_word' id='word_1_140' title='bbox 1748 1687 1795 1739; x_wconf 90' lang='lat' dir='ltr'><strong>ci</strong></span> <span class='ocrx_word' id='word_1_141' title='bbox 1825 1704 1838 1741; x_wconf 90' lang='lat'><strong>:</strong></span> 
     </span>
    </p>
   </div>
   <div class='ocr_carea' id='block_1_19' title="bbox 1937 466 3518 541">
    <p class='ocr_par' dir='ltr' id='par_1_19' title="bbox 1937 466 3518 541">
     <span class='ocr_line' id='line_1_19' title="bbox 1937 466 3518 541; baseline 0.006 -21"><span class='ocrx_word' id='word_1_142' title='bbox 1937 475 1991 521; x_wconf 89' lang='lat' dir='ltr'><strong>et</strong></span> <span class='ocrx_word' id='word_1_143' title='bbox 2020 467 2088 521; x_wconf 90' lang='lat' dir='ltr'><strong>ob</strong></span> <span class='ocrx_word' id='word_1_144' title='bbox 2113 466 2214 519; x_wconf 86' lang='lat' dir='ltr'><strong>hoc</strong></span> <span class='ocrx_word' id='word_1_145' title='bbox 2242 467 2453 521; x_wconf 90' lang='lat' dir='ltr'><strong>vocavit</strong></span> <span class='ocrx_word' id='word_1_146' title='bbox 2484 481 2605 520; x_wconf 91' lang='lat' dir='ltr'><strong>eum</strong></span> <span class='ocrx_word' id='word_1_147' title='bbox 2627 511 2639 533; x_wconf 93' lang='lat'><strong>,</strong></span> <span class='ocrx_word' id='word_1_148' title='bbox 2668 466 2857 531; x_wconf 79' lang='lat' dir='ltr'><strong>Jutlam</strong></span> <span class='ocrx_word' id='word_1_149' title='bbox 2892 488 2902 522; x_wconf 91' lang='lat'><strong>:</strong></span> <span class='ocrx_word' id='word_1_150' title='bbox 2933 470 3270 539; x_wconf 84' lang='lat' dir='ltr'><strong>cessavitque</strong></span> <span class='ocrx_word' id='word_1_151' title='bbox 3306 488 3518 541; x_wconf 87' lang='lat' dir='ltr'><strong>parere.</strong></span> 
     </span>
    </p>
   </div>
   <div class='ocr_carea' id='block_1_20' title="bbox 2010 560 3525 637">
    <p class='ocr_par' dir='ltr' id='par_1_20' title="bbox 2010 560 3525 637">
     <span class='ocr_line' id='line_1_20' title="bbox 2010 560 3525 637; baseline 0.004 -21"><span class='ocrx_word' id='word_1_152' title='bbox 2010 561 2092 632; x_wconf 87' lang='lat' dir='ltr'><strong>[C.</strong></span> <span class='ocrx_word' id='word_1_153' title='bbox 2124 560 2259 626; x_wconf 88' lang='lat' dir='ltr'><strong>LIV,</strong></span> <span class='ocrx_word' id='word_1_154' title='bbox 2291 560 2418 631; x_wconf 83' lang='lat' dir='ltr'><strong>Cap.</strong></span> <span class='ocrx_word' id='word_1_155' title='bbox 2446 560 2642 633; x_wconf 57' lang='lat' dir='ltr'><strong>XXX]</strong></span> <span class='ocrx_word' id='word_1_156' title='bbox 2671 560 2914 617; x_wconf 65' lang='lat' dir='ltr'><strong>Cerrens</strong></span> <span class='ocrx_word' id='word_1_157' title='bbox 2950 572 3127 619; x_wconf 83' lang='lat' dir='ltr'><strong>autem</strong></span> <span class='ocrx_word' id='word_1_158' title='bbox 3160 566 3358 623; x_wconf 71' lang='lat' dir='ltr'><strong>Rachel</strong></span> <span class='ocrx_word' id='word_1_159' title='bbox 3382 566 3525 637; x_wconf 79' lang='lat' dir='ltr'><strong>quod</strong></span> 
     </span>
    </p>
   </div>
   <div class='ocr_carea' id='block_1_21' title="bbox 1938 653 3528 723">
    <p class='ocr_par' dir='ltr' id='par_1_21' title="bbox 1938 653 3528 723">
     <span class='ocr_line' id='line_1_21' title="bbox 1938 653 3528 723; baseline 0.005 -15"><span class='ocrx_word' id='word_1_160' title='bbox 1938 653 2225 708; x_wconf 87' lang='lat' dir='ltr'><strong>infecunda</strong></span> <span class='ocrx_word' id='word_1_161' title='bbox 2250 664 2412 719; x_wconf 90' lang='lat' dir='ltr'><strong>esset,</strong></span> <span class='ocrx_word' id='word_1_162' title='bbox 2431 654 2620 710; x_wconf 82' lang='lat' dir='ltr'><strong>invidit</strong></span> <span class='ocrx_word' id='word_1_163' title='bbox 2646 656 2819 711; x_wconf 88' lang='lat' dir='ltr'><strong>sorori</strong></span> <span class='ocrx_word' id='word_1_164' title='bbox 2845 671 2978 723; x_wconf 64' lang='lat' dir='ltr'><strong>suae,</strong></span> <span class='ocrx_word' id='word_1_165' title='bbox 2996 667 3049 712; x_wconf 91' lang='lat' dir='ltr'><strong>et</strong></span> <span class='ocrx_word' id='word_1_166' title='bbox 3075 658 3149 713; x_wconf 92' lang='lat' dir='ltr'><strong>ait</strong></span> <span class='ocrx_word' id='word_1_167' title='bbox 3169 662 3365 716; x_wconf 90' lang='lat' dir='ltr'><strong>marito</strong></span> <span class='ocrx_word' id='word_1_168' title='bbox 3391 676 3491 716; x_wconf 89' lang='lat' dir='ltr'><strong>suo</strong></span> <span class='ocrx_word' id='word_1_169' title='bbox 3515 678 3528 716; x_wconf 93' lang='lat'><strong>:</strong></span> 
     </span>
    </p>
   </div>
   <div class='ocr_carea' id='block_1_22' title="bbox 1940 744 3533 826">
    <p class='ocr_par' dir='ltr' id='par_1_22' title="bbox 1940 744 3533 826">
     <span class='ocr_line' id='line_1_22' title="bbox 1940 744 3533 826; baseline 0.009 -28"><span class='ocrx_word' id='word_1_170' title='bbox 1940 744 2015 798; x_wconf 89' lang='lat' dir='ltr'><strong>Da</strong></span> <span class='ocrx_word' id='word_1_171' title='bbox 2047 744 2181 799; x_wconf 91' lang='lat' dir='ltr'><strong>mihi</strong></span> <span class='ocrx_word' id='word_1_172' title='bbox 2212 746 2438 813; x_wconf 87' lang='lat' dir='ltr'><strong>liberos,</strong></span> <span class='ocrx_word' id='word_1_173' title='bbox 2467 747 2704 817; x_wconf 85' lang='lat' dir='ltr'><strong>alioquin</strong></span> <span class='ocrx_word' id='word_1_174' title='bbox 2731 749 2954 804; x_wconf 90' lang='lat' dir='ltr'><strong>moriar.</strong></span> <span class='ocrx_word' id='word_1_175' title='bbox 2978 748 3077 805; x_wconf 90' lang='lat' dir='ltr'><strong>Cui</strong></span> <span class='ocrx_word' id='word_1_176' title='bbox 3108 752 3275 809; x_wconf 88' lang='lat' dir='ltr'><strong>iratus</strong></span> <span class='ocrx_word' id='word_1_177' title='bbox 3305 770 3533 826; x_wconf 88' lang='lat' dir='ltr'><strong>respou-</strong></span> 
     </span>
    </p>
   </div>
   <div class='ocr_carea' id='block_1_23' title="bbox 1938 837 3534 917">
    <p class='ocr_par' dir='ltr' id='par_1_23' title="bbox 1938 837 3534 917">
     <span class='ocr_line' id='line_1_23' title="bbox 1938 837 3534 917; baseline 0.009 -25"><span class='ocrx_word' id='word_1_178' title='bbox 1938 837 2017 892; x_wconf 91' lang='lat' dir='ltr'><strong>dit</strong></span> <span class='ocrx_word' id='word_1_179' title='bbox 2044 838 2209 893; x_wconf 87' lang='lat' dir='ltr'><strong>Jacob</strong></span> <span class='ocrx_word' id='word_1_180' title='bbox 2243 856 2257 895; x_wconf 91' lang='lat'>:</span> <span class='ocrx_word' id='word_1_181' title='bbox 2289 839 2424 895; x_wconf 84' lang='lat' dir='ltr'><strong>Num</strong></span> <span class='ocrx_word' id='word_1_182' title='bbox 2465 855 2563 911; x_wconf 85' lang='lat' dir='ltr'><strong>pro</strong></span> <span class='ocrx_word' id='word_1_183' title='bbox 2606 841 2715 896; x_wconf 93' lang='lat' dir='ltr'><strong>Deo</strong></span> <span class='ocrx_word' id='word_1_184' title='bbox 2759 857 2859 913; x_wconf 85' lang='lat' dir='ltr'><strong>ego</strong></span> <span class='ocrx_word' id='word_1_185' title='bbox 2890 858 3039 910; x_wconf 90' lang='lat' dir='ltr'><strong>sum,</strong></span> <span class='ocrx_word' id='word_1_186' title='bbox 3083 846 3175 915; x_wconf 92' lang='lat' dir='ltr'><strong>qui</strong></span> <span class='ocrx_word' id='word_1_187' title='bbox 3220 847 3452 917; x_wconf 84' lang='lat' dir='ltr'><strong>privavit</strong></span> <span class='ocrx_word' id='word_1_188' title='bbox 3483 859 3534 906; x_wconf 91' lang='lat' dir='ltr'><strong>te</strong></span> 
     </span>
    </p>
   </div>
   <div class='ocr_carea' id='block_1_24' title="bbox 1939 924 3532 1010">
    <p class='ocr_par' dir='ltr' id='par_1_24' title="bbox 1939 924 3532 1010">
     <span class='ocr_line' id='line_1_24' title="bbox 1939 924 3532 1010; baseline 0.008 -25"><span class='ocrx_word' id='word_1_189' title='bbox 1939 924 2116 987; x_wconf 87' lang='lat' dir='ltr'><strong>fructu</strong></span> <span class='ocrx_word' id='word_1_190' title='bbox 2145 934 2349 988; x_wconf 88' lang='lat' dir='ltr'><strong>ventris</strong></span> <span class='ocrx_word' id='word_1_191' title='bbox 2382 934 2503 988; x_wconf 88' lang='lat' dir='ltr'><strong>tui?</strong></span> <span class='ocrx_word' id='word_1_192' title='bbox 2537 937 2603 989; x_wconf 86' lang='lat' dir='ltr'><strong>At</strong></span> <span class='ocrx_word' id='word_1_193' title='bbox 2634 935 2723 989; x_wconf 90' lang='lat' dir='ltr'><strong>illa</strong></span> <span class='ocrx_word' id='word_1_194' title='bbox 2756 953 2767 988; x_wconf 90' lang='lat'>:</span> <span class='ocrx_word' id='word_1_195' title='bbox 2799 937 3004 1003; x_wconf 85' lang='lat' dir='ltr'><strong>Habeo,</strong></span> <span class='ocrx_word' id='word_1_196' title='bbox 3038 938 3243 1010; x_wconf 88' lang='lat' dir='ltr'><strong>inquit,</strong></span> <span class='ocrx_word' id='word_1_197' title='bbox 3273 941 3532 998; x_wconf 81' lang='lat' dir='ltr'><strong>famulam</strong></span> 
     </span>
    </p>
   </div>
   <div class='ocr_carea' id='block_1_25' title="bbox 1940 1028 3536 1107">
    <p class='ocr_par' dir='ltr' id='par_1_25' title="bbox 1940 1028 3536 1107">
     <span class='ocr_line' id='line_1_25' title="bbox 1940 1028 3536 1107; baseline 0.006 -24"><span class='ocrx_word' id='word_1_198' title='bbox 1940 1028 2124 1083; x_wconf 86' lang='lat' dir='ltr'><strong>Balam</strong></span> <span class='ocrx_word' id='word_1_199' title='bbox 2160 1045 2173 1086; x_wconf 91' lang='lat'><strong>:</strong></span> <span class='ocrx_word' id='word_1_200' title='bbox 2203 1029 2488 1101; x_wconf 82' lang='lat' dir='ltr'><strong>ingredere</strong></span> <span class='ocrx_word' id='word_1_201' title='bbox 2523 1030 2589 1085; x_wconf 90' lang='lat' dir='ltr'><strong>ad</strong></span> <span class='ocrx_word' id='word_1_202' title='bbox 2621 1031 2798 1097; x_wconf 87' lang='lat' dir='ltr'><strong>illam,</strong></span> <span class='ocrx_word' id='word_1_203' title='bbox 2847 1040 2907 1085; x_wconf 90' lang='lat' dir='ltr'><strong>ut</strong></span> <span class='ocrx_word' id='word_1_204' title='bbox 2948 1034 3118 1103; x_wconf 87' lang='lat' dir='ltr'><strong>pariat</strong></span> <span class='ocrx_word' id='word_1_205' title='bbox 3156 1050 3319 1105; x_wconf 88' lang='lat' dir='ltr'><strong>super</strong></span> <span class='ocrx_word' id='word_1_206' title='bbox 3361 1053 3536 1107; x_wconf 84' lang='lat' dir='ltr'><strong>genua</strong></span> 
     </span>
    </p>
   </div>
   <div class='ocr_carea' id='block_1_26' title="bbox 1941 1122 3535 1196">
    <p class='ocr_par' dir='ltr' id='par_1_26' title="bbox 1941 1122 3535 1196">
     <span class='ocr_line' id='line_1_26' title="bbox 1941 1122 3535 1196; baseline 0.006 -22"><span class='ocrx_word' id='word_1_207' title='bbox 1941 1136 2078 1184; x_wconf 87' lang='lat' dir='ltr'><strong>mea,</strong></span> <span class='ocrx_word' id='word_1_208' title='bbox 2109 1133 2161 1177; x_wconf 91' lang='lat' dir='ltr'><strong>et</strong></span> <span class='ocrx_word' id='word_1_209' title='bbox 2195 1122 2421 1178; x_wconf 86' lang='lat' dir='ltr'><strong>habeam</strong></span> <span class='ocrx_word' id='word_1_210' title='bbox 2449 1138 2514 1178; x_wconf 81' lang='lat' dir='ltr'><strong>ex</strong></span> <span class='ocrx_word' id='word_1_211' title='bbox 2545 1138 2605 1178; x_wconf 90' lang='lat' dir='ltr'><strong>ea</strong></span> <span class='ocrx_word' id='word_1_212' title='bbox 2636 1123 2794 1179; x_wconf 90' lang='lat' dir='ltr'><strong>ﬁlios.</strong></span> <span class='ocrx_word' id='word_1_213' title='bbox 2830 1126 3098 1196; x_wconf 89' lang='lat' dir='ltr'><strong>Deditque</strong></span> <span class='ocrx_word' id='word_1_214' title='bbox 3133 1127 3209 1181; x_wconf 93' lang='lat' dir='ltr'><strong>illi</strong></span> <span class='ocrx_word' id='word_1_215' title='bbox 3258 1128 3442 1183; x_wconf 86' lang='lat' dir='ltr'><strong>Balam</strong></span> <span class='ocrx_word' id='word_1_216' title='bbox 3484 1129 3535 1183; x_wconf 92' lang='lat' dir='ltr'><strong>iu</strong></span> 
     </span>
    </p>
   </div>
   <div class='ocr_carea' id='block_1_27' title="bbox 1941 1215 3537 1293">
    <p class='ocr_par' dir='ltr' id='par_1_27' title="bbox 1941 1215 3537 1293">
     <span class='ocr_line' id='line_1_27' title="bbox 1941 1215 3537 1293; baseline 0.005 -22"><span class='ocrx_word' id='word_1_217' title='bbox 1941 1215 2275 1287; x_wconf 81' lang='lat' dir='ltr'><strong>conjugium,</strong></span> <span class='ocrx_word' id='word_1_218' title='bbox 2297 1233 2438 1289; x_wconf 72' lang='lat' dir='ltr'><strong>qum,</strong></span> <span class='ocrx_word' id='word_1_219' title='bbox 2466 1217 2711 1289; x_wconf 88' lang='lat' dir='ltr'><strong>ingresso</strong></span> <span class='ocrx_word' id='word_1_220' title='bbox 2727 1220 2791 1275; x_wconf 91' lang='lat' dir='ltr'><strong>ad</strong></span> <span class='ocrx_word' id='word_1_221' title='bbox 2817 1236 2875 1275; x_wconf 92' lang='lat' dir='ltr'><strong>se</strong></span> <span class='ocrx_word' id='word_1_222' title='bbox 2898 1222 3036 1287; x_wconf 91' lang='lat' dir='ltr'><strong>viro,</strong></span> <span class='ocrx_word' id='word_1_223' title='bbox 3064 1223 3333 1293; x_wconf 87' lang='lat' dir='ltr'><strong>concepit,</strong></span> <span class='ocrx_word' id='word_1_224' title='bbox 3366 1233 3421 1277; x_wconf 87' lang='lat' dir='ltr'><strong>ct</strong></span> <span class='ocrx_word' id='word_1_225' title='bbox 3442 1240 3537 1293; x_wconf 85' lang='lat' dir='ltr'><strong>pe-</strong></span> 
     </span>
    </p>
   </div>
   <div class='ocr_carea' id='block_1_28' title="bbox 1947 1311 3536 1388">
    <p class='ocr_par' dir='ltr' id='par_1_28' title="bbox 1947 1311 3536 1388">
     <span class='ocr_line' id='line_1_28' title="bbox 1947 1311 3536 1388; baseline 0.004 -23"><span class='ocrx_word' id='word_1_226' title='bbox 1947 1312 2086 1381; x_wconf 88' lang='lat' dir='ltr'><strong>pcrit</strong></span> <span class='ocrx_word' id='word_1_227' title='bbox 2127 1311 2318 1366; x_wconf 92' lang='lat' dir='ltr'><strong>ﬁlium.</strong></span> <span class='ocrx_word' id='word_1_228' title='bbox 2353 1312 2421 1366; x_wconf 84' lang='lat' dir='ltr'><strong>Et</strong></span> <span class='ocrx_word' id='word_1_229' title='bbox 2457 1312 2593 1367; x_wconf 87' lang='lat' dir='ltr'><strong>dixit</strong></span> <span class='ocrx_word' id='word_1_230' title='bbox 2626 1312 2826 1368; x_wconf 89' lang='lat' dir='ltr'><strong>Rachel</strong></span> <span class='ocrx_word' id='word_1_231' title='bbox 2860 1332 2873 1367; x_wconf 92' lang='lat'>:</span> <span class='ocrx_word' id='word_1_232' title='bbox 2907 1315 3178 1371; x_wconf 84' lang='lat' dir='ltr'><strong>Judicavit</strong></span> <span class='ocrx_word' id='word_1_233' title='bbox 3210 1317 3340 1371; x_wconf 90' lang='lat' dir='ltr'><strong>mihi</strong></span> <span class='ocrx_word' id='word_1_234' title='bbox 3376 1319 3536 1388; x_wconf 84' lang='lat' dir='ltr'><strong>Deus,</strong></span> 
     </span>
    </p>
   </div>
   <div class='ocr_carea' id='block_1_29' title="bbox 1945 1406 3546 1474">
    <p class='ocr_par' dir='ltr' id='par_1_29' title="bbox 1945 1406 3546 1474">
     <span class='ocr_line' id='line_1_29' title="bbox 1945 1406 3546 1474; baseline 0.004 -14"><span class='ocrx_word' id='word_1_235' title='bbox 1945 1415 1998 1460; x_wconf 91' lang='lat' dir='ltr'><strong>ct</strong></span> <span class='ocrx_word' id='word_1_236' title='bbox 2029 1406 2303 1461; x_wconf 79' lang='lat' dir='ltr'><strong>exaudivit</strong></span> <span class='ocrx_word' id='word_1_237' title='bbox 2331 1422 2520 1462; x_wconf 88' lang='lat' dir='ltr'><strong>vocem</strong></span> <span class='ocrx_word' id='word_1_238' title='bbox 2552 1423 2725 1463; x_wconf 88' lang='lat' dir='ltr'><strong>meam</strong></span> <span class='ocrx_word' id='word_1_239' title='bbox 2749 1451 2761 1474; x_wconf 94' lang='lat'><strong>,</strong></span> <span class='ocrx_word' id='word_1_240' title='bbox 2796 1418 2850 1462; x_wconf 90' lang='lat' dir='ltr'><strong>et</strong></span> <span class='ocrx_word' id='word_1_241' title='bbox 2887 1408 3036 1464; x_wconf 85' lang='lat' dir='ltr'><strong>dedit</strong></span> <span class='ocrx_word' id='word_1_242' title='bbox 3078 1410 3206 1463; x_wconf 89' lang='lat' dir='ltr'><strong>mihi</strong></span> <span class='ocrx_word' id='word_1_243' title='bbox 3242 1412 3409 1465; x_wconf 87' lang='lat' dir='ltr'><strong>ﬁlimu</strong></span> <span class='ocrx_word' id='word_1_244' title='bbox 3448 1432 3458 1464; x_wconf 93' lang='lat'>:</span> <span class='ocrx_word' id='word_1_245' title='bbox 3491 1420 3546 1467; x_wconf 91' lang='lat' dir='ltr'><strong>ct</strong></span> 
     </span>
    </p>
   </div>
   <div class='ocr_carea' id='block_1_30' title="bbox 1946 1497 3544 1575">
    <p class='ocr_par' dir='ltr' id='par_1_30' title="bbox 1946 1497 3544 1575">
     <span class='ocr_line' id='line_1_30' title="bbox 1946 1497 3544 1575; baseline 0.004 -23"><span class='ocrx_word' id='word_1_246' title='bbox 1946 1497 2151 1553; x_wconf 90' lang='lat' dir='ltr'><strong>ideirco</strong></span> <span class='ocrx_word' id='word_1_247' title='bbox 2180 1499 2471 1570; x_wconf 79' lang='lat' dir='ltr'><strong>appellavit</strong></span> <span class='ocrx_word' id='word_1_248' title='bbox 2495 1515 2687 1556; x_wconf 91' lang='lat' dir='ltr'><strong>nomen</strong></span> <span class='ocrx_word' id='word_1_249' title='bbox 2716 1501 2881 1570; x_wconf 89' lang='lat' dir='ltr'><strong>illius,</strong></span> <span class='ocrx_word' id='word_1_250' title='bbox 2902 1503 3395 1575; x_wconf 88' lang='lat' dir='ltr'><strong>Dau.Rursumque</strong></span> <span class='ocrx_word' id='word_1_251' title='bbox 3417 1504 3544 1559; x_wconf 88' lang='lat' dir='ltr'><strong>Bala</strong></span> 
     </span>
    </p>
   </div>
   <div class='ocr_carea' id='block_1_31' title="bbox 1948 1592 3545 1666">
    <p class='ocr_par' dir='ltr' id='par_1_31' title="bbox 1948 1592 3545 1666">
     <span class='ocr_line' id='line_1_31' title="bbox 1948 1592 3545 1666; baseline 0.002 -18"><span class='ocrx_word' id='word_1_252' title='bbox 1948 1592 2264 1661; x_wconf 79' lang='lat' dir='ltr'><strong>concipiens</strong></span> <span class='ocrx_word' id='word_1_253' title='bbox 2286 1594 2499 1662; x_wconf 88' lang='lat' dir='ltr'><strong>peperit</strong></span> <span class='ocrx_word' id='word_1_254' title='bbox 2520 1594 2749 1649; x_wconf 87' lang='lat' dir='ltr'><strong>alterum</strong></span> <span class='ocrx_word' id='word_1_255' title='bbox 2774 1611 2874 1665; x_wconf 88' lang='lat' dir='ltr'><strong>pro</strong></span> <span class='ocrx_word' id='word_1_256' title='bbox 2895 1611 3001 1666; x_wconf 92' lang='lat' dir='ltr'><strong>quo</strong></span> <span class='ocrx_word' id='word_1_257' title='bbox 3021 1597 3094 1650; x_wconf 88' lang='lat' dir='ltr'><strong>ait</strong></span> <span class='ocrx_word' id='word_1_258' title='bbox 3117 1597 3316 1653; x_wconf 78' lang='lat' dir='ltr'><strong>Rachel</strong></span> <span class='ocrx_word' id='word_1_259' title='bbox 3346 1616 3358 1649; x_wconf 88' lang='lat'>:</span> <span class='ocrx_word' id='word_1_260' title='bbox 3385 1596 3545 1651; x_wconf 89' lang='lat' dir='ltr'><strong>Com-</strong></span> 
     </span>
    </p>
   </div>
   <div class='ocr_carea' id='block_1_32' title="bbox 1949 1686 3551 1756">
    <p class='ocr_par' dir='ltr' id='par_1_32' title="bbox 1949 1686 3551 1756">
     <span class='ocr_line' id='line_1_32' title="bbox 1949 1686 3551 1756; baseline 0.003 -17"><span class='ocrx_word' id='word_1_261' title='bbox 1949 1688 2159 1756; x_wconf 85' lang='lat' dir='ltr'><strong>paravit</strong></span> <span class='ocrx_word' id='word_1_262' title='bbox 2185 1702 2271 1742; x_wconf 91' lang='lat' dir='ltr'><strong>me</strong></span> <span class='ocrx_word' id='word_1_263' title='bbox 2298 1686 2444 1742; x_wconf 91' lang='lat' dir='ltr'><strong>Deus</strong></span> <span class='ocrx_word' id='word_1_264' title='bbox 2470 1702 2589 1741; x_wconf 92' lang='lat' dir='ltr'><strong>cum</strong></span> <span class='ocrx_word' id='word_1_265' title='bbox 2630 1703 2820 1743; x_wconf 89' lang='lat' dir='ltr'><strong>sorore</strong></span> <span class='ocrx_word' id='word_1_266' title='bbox 2858 1703 2974 1743; x_wconf 88' lang='lat' dir='ltr'><strong>mea</strong></span> <span class='ocrx_word' id='word_1_267' title='bbox 2995 1731 3008 1754; x_wconf 88' lang='lat'><strong>,</strong></span> <span class='ocrx_word' id='word_1_268' title='bbox 3042 1698 3096 1742; x_wconf 88' lang='lat' dir='ltr'><strong>et</strong></span> <span class='ocrx_word' id='word_1_269' title='bbox 3124 1689 3346 1744; x_wconf 90' lang='lat' dir='ltr'><strong>iuvalui.</strong></span> <span class='ocrx_word' id='word_1_270' title='bbox 3374 1690 3551 1744; x_wconf 86' lang='lat' dir='ltr'><strong>Voca-</strong></span> 
     </span>
    </p>
   </div>
   <div class='ocr_carea' id='block_1_33' title="bbox 234 1779 3551 1853">
    <p class='ocr_par' dir='ltr' id='par_1_33' title="bbox 234 1779 3551 1853">
     <span class='ocr_line' id='line_1_33' title="bbox 234 1779 3551 1853; baseline 0.001 -18"><span class='ocrx_word' id='word_1_271' title='bbox 234 1779 371 1835; x_wconf 75' lang='lat' dir='ltr'><strong>Num</strong></span> <span class='ocrx_word' id='word_1_272' title='bbox 417 1782 543 1848; x_wconf 87' lang='lat' dir='ltr'><strong>quia</strong></span> <span class='ocrx_word' id='word_1_273' title='bbox 582 1781 753 1836; x_wconf 84' lang='lat' dir='ltr'><strong>frater</strong></span> <span class='ocrx_word' id='word_1_274' title='bbox 798 1796 954 1835; x_wconf 87' lang='lat' dir='ltr'><strong>meus</strong></span> <span class='ocrx_word' id='word_1_275' title='bbox 981 1797 1072 1845; x_wconf 87' lang='lat' dir='ltr'><strong>es,</strong></span> <span class='ocrx_word' id='word_1_276' title='bbox 1110 1783 1277 1851; x_wconf 81' lang='lat' dir='ltr'><strong>gratis</strong></span> <span class='ocrx_word' id='word_1_277' title='bbox 1320 1782 1528 1835; x_wconf 77' lang='lat' dir='ltr'><strong>servies</strong></span> <span class='ocrx_word' id='word_1_278' title='bbox 1561 1780 1728 1833; x_wconf 85' lang='lat' dir='ltr'><strong>mihi?</strong></span> <span class='ocrx_word' id='word_1_279' title='bbox 1759 1780 1844 1835; x_wconf 91' lang='lat' dir='ltr'><strong>die</strong></span> <span class='ocrx_word' id='word_1_280' title='bbox 1876 1788 1924 1848; x_wconf 84' lang='grc' dir='ltr'><strong><em>Β</em></strong></span> <span class='ocrx_word' id='word_1_281' title='bbox 1953 1781 2136 1851; x_wconf 88' lang='lat' dir='ltr'><strong>vitque</strong></span> <span class='ocrx_word' id='word_1_282' title='bbox 2159 1796 2280 1835; x_wconf 89' lang='lat' dir='ltr'><strong>eum</strong></span> <span class='ocrx_word' id='word_1_283' title='bbox 2304 1821 2320 1847; x_wconf 91' lang='lat'><strong>,</strong></span> <span class='ocrx_word' id='word_1_284' title='bbox 2351 1780 2666 1851; x_wconf 88' lang='lat' dir='ltr'><strong>Nephthali.</strong></span> <span class='ocrx_word' id='word_1_285' title='bbox 2710 1780 2793 1852; x_wconf 89' lang='lat' dir='ltr'><strong>[C.</strong></span> <span class='ocrx_word' id='word_1_286' title='bbox 2827 1780 2964 1853; x_wconf 89' lang='lat' dir='ltr'><strong>LV.]</strong></span> <span class='ocrx_word' id='word_1_287' title='bbox 2994 1782 3249 1838; x_wconf 89' lang='lat' dir='ltr'><strong>Sentiens</strong></span> <span class='ocrx_word' id='word_1_288' title='bbox 3280 1783 3371 1839; x_wconf 88' lang='lat' dir='ltr'><strong>Lia</strong></span> <span class='ocrx_word' id='word_1_289' title='bbox 3405 1783 3551 1853; x_wconf 88' lang='lat' dir='ltr'><strong>quod</strong></span> 
     </span>
    </p>
   </div>
   <div class='ocr_carea' id='block_1_34' title="bbox 233 1870 1847 1945">
    <p class='ocr_par' dir='ltr' id='par_1_34' title="bbox 233 1870 1847 1945">
     <span class='ocr_line' id='line_1_34' title="bbox 233 1870 1847 1945; baseline 0.001 -19"><span class='ocrx_word' id='word_1_290' title='bbox 233 1874 364 1943; x_wconf 90' lang='lat' dir='ltr'><strong>quid</strong></span> <span class='ocrx_word' id='word_1_291' title='bbox 394 1874 668 1929; x_wconf 88' lang='lat' dir='ltr'><strong>mercedis</strong></span> <span class='ocrx_word' id='word_1_292' title='bbox 691 1873 928 1943; x_wconf 80' lang='lat' dir='ltr'><strong>accipias</strong></span> <span class='ocrx_word' id='word_1_293' title='bbox 947 1870 1133 1945; x_wconf 59' lang='grc' dir='ltr'><strong>[γαίᾳ.</strong></span> <span class='ocrx_word' id='word_1_294' title='bbox 1149 1872 1427 1944; x_wconf 77' lang='lat' dir='ltr'><strong>accipies].</strong></span> <span class='ocrx_word' id='word_1_295' title='bbox 1452 1872 1698 1926; x_wconf 89' lang='lat' dir='ltr'><strong>Ilabebat</strong></span> <span class='ocrx_word' id='word_1_296' title='bbox 1715 1886 1847 1927; x_wconf 82' lang='lat' dir='ltr'><strong>vero</strong></span> 
     </span>
    </p>
   </div>
   <div class='ocr_carea' id='block_1_35' title="bbox 234 1964 1846 2041">
    <p class='ocr_par' dir='ltr' id='par_1_35' title="bbox 234 1964 1846 2041">
     <span class='ocr_line' id='line_1_35' title="bbox 234 1964 1846 2041; baseline -0.001 -19"><span class='ocrx_word' id='word_1_297' title='bbox 234 1966 377 2022; x_wconf 87' lang='lat' dir='ltr'><strong>ﬁlias</strong></span> <span class='ocrx_word' id='word_1_298' title='bbox 413 1967 572 2033; x_wconf 90' lang='lat' dir='ltr'><strong>duas,</strong></span> <span class='ocrx_word' id='word_1_299' title='bbox 609 1982 805 2022; x_wconf 89' lang='lat' dir='ltr'><strong>nomen</strong></span> <span class='ocrx_word' id='word_1_300' title='bbox 835 1966 1059 2041; x_wconf 78' lang='lat' dir='ltr'><strong>majoris</strong></span> <span class='ocrx_word' id='word_1_301' title='bbox 1087 1966 1181 2021; x_wconf 89' lang='lat' dir='ltr'><strong>Lia</strong></span> <span class='ocrx_word' id='word_1_302' title='bbox 1215 1966 1291 2032; x_wconf 86' lang='lat' dir='ltr'><strong>[h.</strong></span> <span class='ocrx_word' id='word_1_303' title='bbox 1316 1964 1449 2037; x_wconf 91' lang='lat' dir='ltr'><strong>Lea]</strong></span> <span class='ocrx_word' id='word_1_304' title='bbox 1476 1984 1489 2019; x_wconf 84' lang='lat'><strong>:</strong></span> <span class='ocrx_word' id='word_1_305' title='bbox 1519 1968 1701 2020; x_wconf 90' lang='lat' dir='ltr'><strong>minor</strong></span> <span class='ocrx_word' id='word_1_306' title='bbox 1718 1982 1846 2021; x_wconf 88' lang='lat' dir='ltr'><strong>vero</strong></span> 
     </span>
    </p>
   </div>
   <div class='ocr_carea' id='block_1_36' title="bbox 233 2057 1847 2130">
    <p class='ocr_par' dir='ltr' id='par_1_36' title="bbox 233 2057 1847 2130">
     <span class='ocr_line' id='line_1_36' title="bbox 233 2057 1847 2130; baseline -0.002 -15"><span class='ocrx_word' id='word_1_307' title='bbox 233 2059 623 2130; x_wconf 78' lang='lat' dir='ltr'><strong>appellabatur</strong></span> <span class='ocrx_word' id='word_1_308' title='bbox 653 2059 874 2115; x_wconf 83' lang='lat' dir='ltr'><strong>Rachel.</strong></span> <span class='ocrx_word' id='word_1_309' title='bbox 906 2059 1010 2115; x_wconf 89' lang='lat' dir='ltr'><strong>Sed</strong></span> <span class='ocrx_word' id='word_1_310' title='bbox 1044 2058 1136 2113; x_wconf 89' lang='lat' dir='ltr'><strong>Lia</strong></span> <span class='ocrx_word' id='word_1_311' title='bbox 1162 2058 1324 2129; x_wconf 88' lang='lat' dir='ltr'><strong>lippis</strong></span> <span class='ocrx_word' id='word_1_312' title='bbox 1352 2070 1470 2114; x_wconf 86' lang='lat' dir='ltr'><strong>erat</strong></span> <span class='ocrx_word' id='word_1_313' title='bbox 1495 2057 1666 2112; x_wconf 83' lang='lat' dir='ltr'><strong>oculis</strong></span> <span class='ocrx_word' id='word_1_314' title='bbox 1700 2076 1710 2112; x_wconf 90' lang='lat'>:</span> <span class='ocrx_word' id='word_1_315' title='bbox 1740 2057 1847 2112; x_wconf 89' lang='lat' dir='ltr'><strong>Ra—</strong></span> 
     </span>
    </p>
   </div>
   <div class='ocr_carea' id='block_1_37' title="bbox 233 2151 1846 2223">
    <p class='ocr_par' dir='ltr' id='par_1_37' title="bbox 233 2151 1846 2223">
     <span class='ocr_line' id='line_1_37' title="bbox 233 2151 1846 2223; baseline -0.002 -14"><span class='ocrx_word' id='word_1_316' title='bbox 233 2154 362 2209; x_wconf 85' lang='lat' dir='ltr'><strong>chel</strong></span> <span class='ocrx_word' id='word_1_317' title='bbox 399 2154 608 2210; x_wconf 87' lang='lat' dir='ltr'><strong>decora</strong></span> <span class='ocrx_word' id='word_1_318' title='bbox 630 2152 793 2219; x_wconf 89' lang='lat' dir='ltr'><strong>facie,</strong></span> <span class='ocrx_word' id='word_1_319' title='bbox 817 2163 872 2209; x_wconf 92' lang='lat' dir='ltr'><strong>et</strong></span> <span class='ocrx_word' id='word_1_320' title='bbox 902 2163 1132 2208; x_wconf 92' lang='lat' dir='ltr'><strong>venusto</strong></span> <span class='ocrx_word' id='word_1_321' title='bbox 1155 2163 1401 2223; x_wconf 65' lang='lat' dir='ltr'><strong>aspectu.</strong></span> <span class='ocrx_word' id='word_1_322' title='bbox 1424 2151 1594 2220; x_wconf 89' lang='lat' dir='ltr'><strong>Quam</strong></span> <span class='ocrx_word' id='word_1_323' title='bbox 1615 2152 1846 2222; x_wconf 83' lang='lat' dir='ltr'><strong>diligens</strong></span> 
     </span>
    </p>
   </div>
   <div class='ocr_carea' id='block_1_38' title="bbox 234 2245 1844 2316">
    <p class='ocr_par' dir='ltr' id='par_1_38' title="bbox 234 2245 1844 2316">
     <span class='ocr_line' id='line_1_38' title="bbox 234 2245 1844 2316; baseline -0.002 -13"><span class='ocrx_word' id='word_1_324' title='bbox 234 2248 435 2315; x_wconf 75' lang='lat' dir='ltr'><strong>Jacob,</strong></span> <span class='ocrx_word' id='word_1_325' title='bbox 469 2248 545 2302; x_wconf 82' lang='lat' dir='ltr'><strong>ait</strong></span> <span class='ocrx_word' id='word_1_326' title='bbox 571 2266 585 2302; x_wconf 91' lang='lat'><strong>:</strong></span> <span class='ocrx_word' id='word_1_327' title='bbox 612 2247 859 2303; x_wconf 87' lang='lat' dir='ltr'><strong>Serviam</strong></span> <span class='ocrx_word' id='word_1_328' title='bbox 889 2245 982 2301; x_wconf 92' lang='lat' dir='ltr'><strong>tibi</strong></span> <span class='ocrx_word' id='word_1_329' title='bbox 1016 2260 1113 2316; x_wconf 89' lang='lat' dir='ltr'><strong>pro</strong></span> <span class='ocrx_word' id='word_1_330' title='bbox 1138 2245 1340 2300; x_wconf 87' lang='lat' dir='ltr'><strong>Rachel</strong></span> <span class='ocrx_word' id='word_1_331' title='bbox 1368 2245 1474 2299; x_wconf 88' lang='lat' dir='ltr'><strong>ﬁlia</strong></span> <span class='ocrx_word' id='word_1_332' title='bbox 1498 2253 1587 2298; x_wconf 91' lang='lat' dir='ltr'><strong>tua</strong></span> <span class='ocrx_word' id='word_1_333' title='bbox 1611 2245 1844 2314; x_wconf 88' lang='lat' dir='ltr'><strong>minore,</strong></span> 
     </span>
    </p>
   </div>
   <div class='ocr_carea' id='block_1_39' title="bbox 235 2338 1847 2413">
    <p class='ocr_par' dir='ltr' id='par_1_39' title="bbox 235 2338 1847 2413">
     <span class='ocr_line' id='line_1_39' title="bbox 235 2338 1847 2413; baseline -0.002 -16"><span class='ocrx_word' id='word_1_334' title='bbox 235 2352 453 2413; x_wconf 84' lang='lat' dir='ltr'><strong>septem</strong></span> <span class='ocrx_word' id='word_1_335' title='bbox 493 2342 674 2397; x_wconf 89' lang='lat' dir='ltr'><strong>annis.</strong></span> <span class='ocrx_word' id='word_1_336' title='bbox 710 2340 1016 2412; x_wconf 86' lang='lat' dir='ltr'><strong>Respondit</strong></span> <span class='ocrx_word' id='word_1_337' title='bbox 1056 2339 1238 2395; x_wconf 90' lang='lat' dir='ltr'><strong>Labau</strong></span> <span class='ocrx_word' id='word_1_338' title='bbox 1275 2357 1288 2393; x_wconf 86' lang='lat'><strong>:</strong></span> <span class='ocrx_word' id='word_1_339' title='bbox 1324 2338 1515 2394; x_wconf 88' lang='lat' dir='ltr'><strong>Melius</strong></span> <span class='ocrx_word' id='word_1_340' title='bbox 1546 2346 1631 2394; x_wconf 86' lang='lat' dir='ltr'><strong>est</strong></span> <span class='ocrx_word' id='word_1_341' title='bbox 1668 2348 1725 2393; x_wconf 91' lang='lat' dir='ltr'><strong>ut</strong></span> <span class='ocrx_word' id='word_1_342' title='bbox 1754 2339 1847 2393; x_wconf 88' lang='lat' dir='ltr'><strong>tibi</strong></span> 
     </span>
    </p>
   </div>
   <div class='ocr_carea' id='block_1_40' title="bbox 233 2433 1850 2508">
    <p class='ocr_par' dir='ltr' id='par_1_40' title="bbox 233 2433 1850 2508">
     <span class='ocr_line' id='line_1_40' title="bbox 233 2433 1850 2508; baseline -0.003 -15"><span class='ocrx_word' id='word_1_343' title='bbox 233 2453 355 2493; x_wconf 85' lang='lat' dir='ltr'><strong>eam</strong></span> <span class='ocrx_word' id='word_1_344' title='bbox 388 2438 518 2493; x_wconf 88' lang='lat' dir='ltr'><strong>dem</strong></span> <span class='ocrx_word' id='word_1_345' title='bbox 554 2453 715 2508; x_wconf 85' lang='lat' dir='ltr'><strong>quam</strong></span> <span class='ocrx_word' id='word_1_346' title='bbox 746 2436 866 2492; x_wconf 88' lang='lat' dir='ltr'><strong>viro</strong></span> <span class='ocrx_word' id='word_1_347' title='bbox 897 2436 1077 2505; x_wconf 90' lang='lat' dir='ltr'><strong>alteri,</strong></span> <span class='ocrx_word' id='word_1_348' title='bbox 1108 2450 1268 2490; x_wconf 91' lang='lat' dir='ltr'><strong>mane</strong></span> <span class='ocrx_word' id='word_1_349' title='bbox 1302 2434 1445 2506; x_wconf 87' lang='lat' dir='ltr'><strong>apud</strong></span> <span class='ocrx_word' id='word_1_350' title='bbox 1472 2450 1577 2490; x_wconf 90' lang='lat' dir='ltr'><strong>me.</strong></span> <span class='ocrx_word' id='word_1_351' title='bbox 1611 2433 1850 2491; x_wconf 90' lang='lat' dir='ltr'><strong>Servivit</strong></span> 
     </span>
    </p>
   </div>
   <div class='ocr_carea' id='block_1_41' title="bbox 238 2526 1851 2603">
    <p class='ocr_par' dir='ltr' id='par_1_41' title="bbox 238 2526 1851 2603">
     <span class='ocr_line' id='line_1_41' title="bbox 238 2526 1851 2603; baseline -0.003 -16"><span class='ocrx_word' id='word_1_352' title='bbox 238 2547 374 2602; x_wconf 84' lang='lat' dir='ltr'><strong>ergo</strong></span> <span class='ocrx_word' id='word_1_353' title='bbox 400 2531 576 2588; x_wconf 81' lang='lat' dir='ltr'><strong>Jacob</strong></span> <span class='ocrx_word' id='word_1_354' title='bbox 603 2545 704 2603; x_wconf 90' lang='lat' dir='ltr'><strong>pro</strong></span> <span class='ocrx_word' id='word_1_355' title='bbox 726 2529 935 2585; x_wconf 86' lang='lat' dir='ltr'><strong>Rachel</strong></span> <span class='ocrx_word' id='word_1_356' title='bbox 964 2538 1171 2600; x_wconf 83' lang='lat' dir='ltr'><strong>septem</strong></span> <span class='ocrx_word' id='word_1_357' title='bbox 1204 2528 1365 2583; x_wconf 91' lang='lat' dir='ltr'><strong>annis</strong></span> <span class='ocrx_word' id='word_1_358' title='bbox 1397 2544 1410 2581; x_wconf 90' lang='lat'><strong>:</strong></span> <span class='ocrx_word' id='word_1_359' title='bbox 1445 2536 1499 2583; x_wconf 92' lang='lat' dir='ltr'><strong>et</strong></span> <span class='ocrx_word' id='word_1_360' title='bbox 1528 2526 1851 2583; x_wconf 85' lang='lat' dir='ltr'><strong>videbantur</strong></span> 
     </span>
    </p>
   </div>
   <div class='ocr_carea' id='block_1_42' title="bbox 236 2617 1851 2697">
    <p class='ocr_par' dir='ltr' id='par_1_42' title="bbox 236 2617 1851 2697">
     <span class='ocr_line' id='line_1_42' title="bbox 236 2617 1851 2697; baseline -0.004 -17"><span class='ocrx_word' id='word_1_361' title='bbox 236 2624 311 2680; x_wconf 87' lang='lat' dir='ltr'><strong>illi</strong></span> <span class='ocrx_word' id='word_1_362' title='bbox 347 2624 517 2697; x_wconf 86' lang='lat' dir='ltr'><strong>pauci</strong></span> <span class='ocrx_word' id='word_1_363' title='bbox 548 2624 666 2679; x_wconf 90' lang='lat' dir='ltr'><strong>dies</strong></span> <span class='ocrx_word' id='word_1_364' title='bbox 698 2638 810 2693; x_wconf 79' lang='lat' dir='ltr'><strong>pra:</strong></span> <span class='ocrx_word' id='word_1_365' title='bbox 844 2621 1050 2676; x_wconf 88' lang='lat' dir='ltr'><strong>amoris</strong></span> <span class='ocrx_word' id='word_1_366' title='bbox 1082 2620 1471 2691; x_wconf 84' lang='lat' dir='ltr'><strong>magnitudine.</strong></span> <span class='ocrx_word' id='word_1_367' title='bbox 1504 2620 1755 2689; x_wconf 84' lang='lat' dir='ltr'><strong>Dixitque</strong></span> <span class='ocrx_word' id='word_1_368' title='bbox 1783 2617 1851 2673; x_wconf 91' lang='lat' dir='ltr'><strong>ad</strong></span> 
     </span>
    </p>
   </div>
   <div class='ocr_carea' id='block_1_43' title="bbox 236 2713 1852 2784">
    <p class='ocr_par' dir='ltr' id='par_1_43' title="bbox 236 2713 1852 2784">
     <span class='ocr_line' id='line_1_43' title="bbox 236 2713 1852 2784; baseline -0.006 -9"><span class='ocrx_word' id='word_1_369' title='bbox 236 2718 453 2776; x_wconf 79' lang='lat' dir='ltr'><strong>Labant</strong></span> <span class='ocrx_word' id='word_1_370' title='bbox 490 2735 505 2772; x_wconf 91' lang='lat'><strong>:</strong></span> <span class='ocrx_word' id='word_1_371' title='bbox 542 2718 619 2773; x_wconf 88' lang='lat' dir='ltr'><strong>Da</strong></span> <span class='ocrx_word' id='word_1_372' title='bbox 658 2716 791 2773; x_wconf 86' lang='lat' dir='ltr'><strong>mihi</strong></span> <span class='ocrx_word' id='word_1_373' title='bbox 825 2731 1051 2771; x_wconf 89' lang='lat' dir='ltr'><strong>uxorem</strong></span> <span class='ocrx_word' id='word_1_374' title='bbox 1087 2730 1261 2770; x_wconf 90' lang='lat' dir='ltr'><strong>meam</strong></span> <span class='ocrx_word' id='word_1_375' title='bbox 1300 2732 1311 2768; x_wconf 94' lang='lat'>:</span> <span class='ocrx_word' id='word_1_376' title='bbox 1345 2715 1468 2784; x_wconf 87' lang='lat' dir='ltr'><strong>quia</strong></span> <span class='ocrx_word' id='word_1_377' title='bbox 1498 2713 1608 2784; x_wconf 91' lang='lat' dir='ltr'><strong>jam</strong></span> <span class='ocrx_word' id='word_1_378' title='bbox 1638 2722 1852 2781; x_wconf 90' lang='lat' dir='ltr'><strong>tempus</strong></span> 
     </span>
    </p>
   </div>
   <div class='ocr_carea' id='block_1_44' title="bbox 235 2807 1853 2883">
    <p class='ocr_par' dir='ltr' id='par_1_44' title="bbox 235 2807 1853 2883">
     <span class='ocr_line' id='line_1_44' title="bbox 235 2807 1853 2883; baseline -0.006 -13"><span class='ocrx_word' id='word_1_379' title='bbox 235 2815 527 2883; x_wconf 87' lang='lat' dir='ltr'><strong>expletum</strong></span> <span class='ocrx_word' id='word_1_380' title='bbox 551 2821 657 2879; x_wconf 89' lang='lat' dir='ltr'><strong>est,</strong></span> <span class='ocrx_word' id='word_1_381' title='bbox 674 2820 732 2867; x_wconf 90' lang='lat' dir='ltr'><strong>ut</strong></span> <span class='ocrx_word' id='word_1_382' title='bbox 757 2810 1031 2883; x_wconf 88' lang='lat' dir='ltr'><strong>ingrediar</strong></span> <span class='ocrx_word' id='word_1_383' title='bbox 1057 2810 1119 2865; x_wconf 91' lang='lat' dir='ltr'><strong>ad</strong></span> <span class='ocrx_word' id='word_1_384' title='bbox 1146 2809 1455 2876; x_wconf 87' lang='lat' dir='ltr'><strong>illam.Qui,</strong></span> <span class='ocrx_word' id='word_1_385' title='bbox 1479 2808 1687 2863; x_wconf 89' lang='lat' dir='ltr'><strong>vocatis</strong></span> <span class='ocrx_word' id='word_1_386' title='bbox 1708 2807 1853 2861; x_wconf 92' lang='lat' dir='ltr'><strong>mul-</strong></span> 
     </span>
    </p>
   </div>
   <div class='ocr_carea' id='block_1_45' title="bbox 239 2898 1856 2970">
    <p class='ocr_par' dir='ltr' id='par_1_45' title="bbox 239 2898 1856 2970">
     <span class='ocr_line' id='line_1_45' title="bbox 239 2898 1856 2970; baseline -0.004 -9"><span class='ocrx_word' id='word_1_387' title='bbox 239 2908 309 2961; x_wconf 88' lang='lat' dir='ltr'><strong>tis</strong></span> <span class='ocrx_word' id='word_1_388' title='bbox 342 2906 653 2961; x_wconf 86' lang='lat' dir='ltr'><strong>amicorum</strong></span> <span class='ocrx_word' id='word_1_389' title='bbox 686 2898 857 2960; x_wconf 86' lang='lat' dir='ltr'><strong>turbis</strong></span> <span class='ocrx_word' id='word_1_390' title='bbox 888 2905 954 2957; x_wconf 90' lang='lat' dir='ltr'><strong>ad</strong></span> <span class='ocrx_word' id='word_1_391' title='bbox 986 2902 1321 2969; x_wconf 86' lang='lat' dir='ltr'><strong>convivium,</strong></span> <span class='ocrx_word' id='word_1_392' title='bbox 1358 2901 1490 2958; x_wconf 86' lang='lat' dir='ltr'><strong>fecit</strong></span> <span class='ocrx_word' id='word_1_393' title='bbox 1519 2901 1757 2970; x_wconf 88' lang='lat' dir='ltr'><strong>nuptias.</strong></span> <span class='ocrx_word' id='word_1_394' title='bbox 1790 2902 1856 2955; x_wconf 82' lang='lat' dir='ltr'><strong>Et</strong></span> 
     </span>
    </p>
   </div>
   <div class='ocr_carea' id='block_1_46' title="bbox 236 2993 1854 3069">
    <p class='ocr_par' dir='ltr' id='par_1_46' title="bbox 236 2993 1854 3069">
     <span class='ocr_line' id='line_1_46' title="bbox 236 2993 1854 3069; baseline -0.004 -14"><span class='ocrx_word' id='word_1_395' title='bbox 236 3015 482 3069; x_wconf 86' lang='lat' dir='ltr'><strong>vespere</strong></span> <span class='ocrx_word' id='word_1_396' title='bbox 520 2999 685 3053; x_wconf 90' lang='lat' dir='ltr'><strong>ﬁliam</strong></span> <span class='ocrx_word' id='word_1_397' title='bbox 715 3013 865 3053; x_wconf 92' lang='lat' dir='ltr'><strong>suam</strong></span> <span class='ocrx_word' id='word_1_398' title='bbox 898 2996 1049 3051; x_wconf 87' lang='lat' dir='ltr'><strong>Liam</strong></span> <span class='ocrx_word' id='word_1_399' title='bbox 1085 2995 1393 3051; x_wconf 85' lang='lat' dir='ltr'><strong>introduxit</strong></span> <span class='ocrx_word' id='word_1_400' title='bbox 1428 2995 1494 3050; x_wconf 91' lang='lat' dir='ltr'><strong>ad</strong></span> <span class='ocrx_word' id='word_1_401' title='bbox 1527 3010 1648 3050; x_wconf 90' lang='lat' dir='ltr'><strong>eum</strong></span> <span class='ocrx_word' id='word_1_402' title='bbox 1671 3036 1686 3061; x_wconf 88' lang='lat'><strong>,</strong></span> <span class='ocrx_word' id='word_1_403' title='bbox 1720 2993 1854 3049; x_wconf 90' lang='lat' dir='ltr'><strong>dans</strong></span> 
     </span>
    </p>
   </div>
   <div class='ocr_carea' id='block_1_47' title="bbox 239 3089 1856 3163">
    <p class='ocr_par' dir='ltr' id='par_1_47' title="bbox 239 3089 1856 3163">
     <span class='ocr_line' id='line_1_47' title="bbox 239 3089 1856 3163; baseline -0.006 -12"><span class='ocrx_word' id='word_1_404' title='bbox 239 3096 507 3151; x_wconf 85' lang='lat' dir='ltr'><strong>ancillam</strong></span> <span class='ocrx_word' id='word_1_405' title='bbox 541 3092 697 3163; x_wconf 59' lang='lat' dir='ltr'><strong>filiae,</strong></span> <span class='ocrx_word' id='word_1_406' title='bbox 742 3091 1005 3161; x_wconf 88' lang='lat' dir='ltr'><strong>Zelpham</strong></span> <span class='ocrx_word' id='word_1_407' title='bbox 1048 3090 1286 3147; x_wconf 90' lang='lat' dir='ltr'><strong>nomine.</strong></span> <span class='ocrx_word' id='word_1_408' title='bbox 1323 3089 1401 3145; x_wconf 85' lang='lat' dir='ltr'><strong>Ad</strong></span> <span class='ocrx_word' id='word_1_409' title='bbox 1434 3105 1592 3161; x_wconf 88' lang='lat' dir='ltr'><strong>quam</strong></span> <span class='ocrx_word' id='word_1_410' title='bbox 1634 3104 1756 3143; x_wconf 91' lang='lat' dir='ltr'><strong>cum</strong></span> <span class='ocrx_word' id='word_1_411' title='bbox 1788 3102 1856 3143; x_wconf 88' lang='lat' dir='ltr'><strong>ex</strong></span> 
     </span>
    </p>
   </div>
   <div class='ocr_carea' id='block_1_48' title="bbox 1956 1874 3555 1945">
    <p class='ocr_par' dir='ltr' id='par_1_48' title="bbox 1956 1874 3555 1945">
     <span class='ocr_line' id='line_1_48' title="bbox 1956 1874 3555 1945; baseline 0.001 -17"><span class='ocrx_word' id='word_1_412' title='bbox 1956 1890 2150 1944; x_wconf 89' lang='lat' dir='ltr'><strong>parere</strong></span> <span class='ocrx_word' id='word_1_413' title='bbox 2177 1874 2451 1939; x_wconf 87' lang='lat' dir='ltr'><strong>desiisset,</strong></span> <span class='ocrx_word' id='word_1_414' title='bbox 2478 1874 2742 1945; x_wconf 88' lang='lat' dir='ltr'><strong>Zelpham</strong></span> <span class='ocrx_word' id='word_1_415' title='bbox 2772 1875 3025 1929; x_wconf 86' lang='lat' dir='ltr'><strong>ancillam</strong></span> <span class='ocrx_word' id='word_1_416' title='bbox 3052 1890 3202 1929; x_wconf 87' lang='lat' dir='ltr'><strong>suam</strong></span> <span class='ocrx_word' id='word_1_417' title='bbox 3230 1876 3426 1929; x_wconf 85' lang='lat' dir='ltr'><strong>marito</strong></span> <span class='ocrx_word' id='word_1_418' title='bbox 3446 1884 3555 1930; x_wconf 88' lang='lat' dir='ltr'><strong>tra-</strong></span> 
     </span>
    </p>
   </div>
   <div class='ocr_carea' id='block_1_49' title="bbox 1953 1965 3556 2036">
    <p class='ocr_par' dir='ltr' id='par_1_49' title="bbox 1953 1965 3556 2036">
     <span class='ocr_line' id='line_1_49' title="bbox 1953 1965 3556 2036; baseline 0.002 -18"><span class='ocrx_word' id='word_1_419' title='bbox 1953 1965 2110 2019; x_wconf 88' lang='lat' dir='ltr'><strong>didit.</strong></span> <span class='ocrx_word' id='word_1_420' title='bbox 2143 1966 2256 2034; x_wconf 85' lang='lat' dir='ltr'><strong>Qua</strong></span> <span class='ocrx_word' id='word_1_421' title='bbox 2284 1973 2408 2035; x_wconf 89' lang='lat' dir='ltr'><strong>post</strong></span> <span class='ocrx_word' id='word_1_422' title='bbox 2437 1975 2759 2036; x_wconf 85' lang='lat' dir='ltr'><strong>conceptum</strong></span> <span class='ocrx_word' id='word_1_423' title='bbox 2793 1967 2990 2022; x_wconf 88' lang='lat' dir='ltr'><strong>edente</strong></span> <span class='ocrx_word' id='word_1_424' title='bbox 3020 1966 3186 2021; x_wconf 91' lang='lat' dir='ltr'><strong>ﬁlium</strong></span> <span class='ocrx_word' id='word_1_425' title='bbox 3208 2010 3221 2034; x_wconf 95' lang='lat'><strong>,</strong></span> <span class='ocrx_word' id='word_1_426' title='bbox 3256 1966 3421 2020; x_wconf 85' lang='lat' dir='ltr'><strong>dixit:</strong></span> <span class='ocrx_word' id='word_1_427' title='bbox 3452 1967 3556 2022; x_wconf 87' lang='lat' dir='ltr'><strong>Fe-</strong></span> 
     </span>
    </p>
   </div>
   <div class='ocr_carea' id='block_1_50' title="bbox 1954 2059 3556 2131">
    <p class='ocr_par' dir='ltr' id='par_1_50' title="bbox 1954 2059 3556 2131">
     <span class='ocr_line' id='line_1_50' title="bbox 1954 2059 3556 2131; baseline 0.001 -18"><span class='ocrx_word' id='word_1_428' title='bbox 1954 2060 2169 2114; x_wconf 89' lang='lat' dir='ltr'><strong>liciter:</strong></span> <span class='ocrx_word' id='word_1_429' title='bbox 2205 2069 2257 2115; x_wconf 91' lang='lat' dir='ltr'><strong>et</strong></span> <span class='ocrx_word' id='word_1_430' title='bbox 2288 2059 2494 2114; x_wconf 90' lang='lat' dir='ltr'><strong>idcirco</strong></span> <span class='ocrx_word' id='word_1_431' title='bbox 2524 2061 2736 2115; x_wconf 90' lang='lat' dir='ltr'><strong>vocavit</strong></span> <span class='ocrx_word' id='word_1_432' title='bbox 2770 2076 2965 2115; x_wconf 92' lang='lat' dir='ltr'><strong>nomen</strong></span> <span class='ocrx_word' id='word_1_433' title='bbox 2999 2060 3138 2131; x_wconf 87' lang='lat' dir='ltr'><strong>ejus,</strong></span> <span class='ocrx_word' id='word_1_434' title='bbox 3168 2060 3305 2115; x_wconf 86' lang='lat' dir='ltr'><strong>Gad.</strong></span> <span class='ocrx_word' id='word_1_435' title='bbox 3337 2060 3556 2130; x_wconf 89' lang='lat' dir='ltr'><strong>Peperit</strong></span> 
     </span>
    </p>
   </div>
   <div class='ocr_carea' id='block_1_51' title="bbox 1954 2151 3559 2223">
    <p class='ocr_par' dir='ltr' id='par_1_51' title="bbox 1954 2151 3559 2223">
     <span class='ocr_line' id='line_1_51' title="bbox 1954 2151 3559 2223; baseline 0.001 -17"><span class='ocrx_word' id='word_1_436' title='bbox 1954 2167 2172 2223; x_wconf 91' lang='lat' dir='ltr'><strong>quoque</strong></span> <span class='ocrx_word' id='word_1_437' title='bbox 2202 2151 2405 2221; x_wconf 89' lang='lat' dir='ltr'><strong>Zelpha</strong></span> <span class='ocrx_word' id='word_1_438' title='bbox 2435 2152 2682 2207; x_wconf 89' lang='lat' dir='ltr'><strong>alterum.</strong></span> <span class='ocrx_word' id='word_1_439' title='bbox 2720 2153 2970 2223; x_wconf 80' lang='lat' dir='ltr'><strong>Dixitque</strong></span> <span class='ocrx_word' id='word_1_440' title='bbox 2995 2151 3092 2206; x_wconf 87' lang='lat' dir='ltr'><strong>Lia</strong></span> <span class='ocrx_word' id='word_1_441' title='bbox 3118 2170 3130 2206; x_wconf 91' lang='lat'><strong>:</strong></span> <span class='ocrx_word' id='word_1_442' title='bbox 3161 2152 3277 2207; x_wconf 90' lang='lat' dir='ltr'><strong>Hoc</strong></span> <span class='ocrx_word' id='word_1_443' title='bbox 3306 2168 3404 2222; x_wconf 90' lang='lat' dir='ltr'><strong>pro</strong></span> <span class='ocrx_word' id='word_1_444' title='bbox 3429 2152 3559 2208; x_wconf 87' lang='lat' dir='ltr'><strong>bea-</strong></span> 
     </span>
    </p>
   </div>
   <div class='ocr_carea' id='block_1_52' title="bbox 1958 2244 3553 2317">
    <p class='ocr_par' dir='ltr' id='par_1_52' title="bbox 1958 2244 3553 2317">
     <span class='ocr_line' id='line_1_52' title="bbox 1958 2244 3553 2317; baseline 0.001 -18"><span class='ocrx_word' id='word_1_445' title='bbox 1958 2244 2189 2300; x_wconf 91' lang='lat' dir='ltr'><strong>titudine</strong></span> <span class='ocrx_word' id='word_1_446' title='bbox 2222 2261 2341 2301; x_wconf 88' lang='lat' dir='ltr'><strong>mea</strong></span> <span class='ocrx_word' id='word_1_447' title='bbox 2375 2262 2388 2299; x_wconf 93' lang='lat'>:</span> <span class='ocrx_word' id='word_1_448' title='bbox 2421 2246 2641 2301; x_wconf 80' lang='lat' dir='ltr'><strong>Beatam</strong></span> <span class='ocrx_word' id='word_1_449' title='bbox 2686 2246 2886 2317; x_wconf 90' lang='lat' dir='ltr'><strong>quippe</strong></span> <span class='ocrx_word' id='word_1_450' title='bbox 2929 2262 3017 2301; x_wconf 92' lang='lat' dir='ltr'><strong>me</strong></span> <span class='ocrx_word' id='word_1_451' title='bbox 3058 2246 3247 2301; x_wconf 87' lang='lat' dir='ltr'><strong>dicent</strong></span> <span class='ocrx_word' id='word_1_452' title='bbox 3276 2247 3553 2302; x_wconf 88' lang='lat' dir='ltr'><strong>mulieres.</strong></span> 
     </span>
    </p>
   </div>
   <div class='ocr_carea' id='block_1_53' title="bbox 1957 2336 3557 2408">
    <p class='ocr_par' dir='ltr' id='par_1_53' title="bbox 1957 2336 3557 2408">
     <span class='ocr_line' id='line_1_53' title="bbox 1957 2336 3557 2408; baseline 0.002 -16"><span class='ocrx_word' id='word_1_453' title='bbox 1957 2336 2251 2406; x_wconf 81' lang='lat' dir='ltr'><strong>Propterea</strong></span> <span class='ocrx_word' id='word_1_454' title='bbox 2274 2338 2565 2408; x_wconf 87' lang='lat' dir='ltr'><strong>appellavit</strong></span> <span class='ocrx_word' id='word_1_455' title='bbox 2593 2354 2737 2405; x_wconf 90' lang='lat' dir='ltr'><strong>eum,</strong></span> <span class='ocrx_word' id='word_1_456' title='bbox 2762 2338 2918 2394; x_wconf 91' lang='lat' dir='ltr'><strong>Aser.</strong></span> <span class='ocrx_word' id='word_1_457' title='bbox 2948 2339 3212 2408; x_wconf 81' lang='lat' dir='ltr'><strong>Egressus</strong></span> <span class='ocrx_word' id='word_1_458' title='bbox 3234 2350 3412 2396; x_wconf 88' lang='lat' dir='ltr'><strong>autem</strong></span> <span class='ocrx_word' id='word_1_459' title='bbox 3446 2340 3557 2395; x_wconf 85' lang='lat' dir='ltr'><strong>Ru-</strong></span> 
     </span>
    </p>
   </div>
   <div class='ocr_carea' id='block_1_54' title="bbox 1955 2430 3561 2505">
    <p class='ocr_par' dir='ltr' id='par_1_54' title="bbox 1955 2430 3561 2505">
     <span class='ocr_line' id='line_1_54' title="bbox 1955 2430 3561 2505; baseline 0.001 -18"><span class='ocrx_word' id='word_1_460' title='bbox 1955 2430 2061 2487; x_wconf 90' lang='lat' dir='ltr'><strong>ben</strong></span> <span class='ocrx_word' id='word_1_461' title='bbox 2089 2439 2337 2501; x_wconf 88' lang='lat' dir='ltr'><strong>temporc</strong></span> <span class='ocrx_word' id='word_1_462' title='bbox 2368 2431 2557 2487; x_wconf 87' lang='lat' dir='ltr'><strong>messis</strong></span> <span class='ocrx_word' id='word_1_463' title='bbox 2582 2433 2812 2487; x_wconf 68' lang='lat' dir='ltr'><strong>triticete</strong></span> <span class='ocrx_word' id='word_1_464' title='bbox 2841 2432 2893 2486; x_wconf 91' lang='lat' dir='ltr'><strong>in</strong></span> <span class='ocrx_word' id='word_1_465' title='bbox 2928 2448 3137 2503; x_wconf 80' lang='lat' dir='ltr'><strong>agrum,</strong></span> <span class='ocrx_word' id='word_1_466' title='bbox 3171 2434 3377 2505; x_wconf 86' lang='lat' dir='ltr'><strong>reperit</strong></span> <span class='ocrx_word' id='word_1_467' title='bbox 3406 2450 3561 2488; x_wconf 86' lang='lat' dir='ltr'><strong>man-</strong></span> 
     </span>
    </p>
   </div>
   <div class='ocr_carea' id='block_1_55' title="bbox 1961 2524 3557 2596">
    <p class='ocr_par' dir='ltr' id='par_1_55' title="bbox 1961 2524 3557 2596">
     <span class='ocr_line' id='line_1_55' title="bbox 1961 2524 3557 2596; baseline 0.002 -17"><span class='ocrx_word' id='word_1_468' title='bbox 1961 2524 2226 2595; x_wconf 87' lang='lat' dir='ltr'><strong>dragoras</strong></span> <span class='ocrx_word' id='word_1_469' title='bbox 2254 2543 2266 2577; x_wconf 93' lang='lat'>:</span> <span class='ocrx_word' id='word_1_470' title='bbox 2297 2539 2429 2596; x_wconf 89' lang='lat' dir='ltr'><strong>quas</strong></span> <span class='ocrx_word' id='word_1_471' title='bbox 2460 2525 2620 2581; x_wconf 87' lang='lat' dir='ltr'><strong>matri</strong></span> <span class='ocrx_word' id='word_1_472' title='bbox 2648 2525 2758 2580; x_wconf 79' lang='lat' dir='ltr'><strong>Liac</strong></span> <span class='ocrx_word' id='word_1_473' title='bbox 2782 2525 2994 2580; x_wconf 80' lang='lat' dir='ltr'><strong>detulit.</strong></span> <span class='ocrx_word' id='word_1_474' title='bbox 3026 2526 3277 2595; x_wconf 81' lang='lat' dir='ltr'><strong>Dixitque</strong></span> <span class='ocrx_word' id='word_1_475' title='bbox 3305 2526 3506 2582; x_wconf 87' lang='lat' dir='ltr'><strong>Rachel</strong></span> <span class='ocrx_word' id='word_1_476' title='bbox 3543 2544 3557 2581; x_wconf 85' lang='lat'><strong>:</strong></span> 
     </span>
    </p>
   </div>
   <div class='ocr_carea' id='block_1_56' title="bbox 1961 2616 3557 2688">
    <p class='ocr_par' dir='ltr' id='par_1_56' title="bbox 1961 2616 3557 2688">
     <span class='ocr_line' id='line_1_56' title="bbox 1961 2616 3557 2688; baseline 0.001 -17"><span class='ocrx_word' id='word_1_477' title='bbox 1961 2616 2035 2671; x_wconf 83' lang='lat' dir='ltr'><strong>Da</strong></span> <span class='ocrx_word' id='word_1_478' title='bbox 2078 2616 2207 2672; x_wconf 91' lang='lat' dir='ltr'><strong>mihi</strong></span> <span class='ocrx_word' id='word_1_479' title='bbox 2256 2627 2467 2688; x_wconf 89' lang='lat' dir='ltr'><strong>partem</strong></span> <span class='ocrx_word' id='word_1_480' title='bbox 2516 2618 2583 2673; x_wconf 91' lang='lat' dir='ltr'><strong>dc</strong></span> <span class='ocrx_word' id='word_1_481' title='bbox 2632 2617 3011 2688; x_wconf 72' lang='lat' dir='ltr'><strong>mandragoris</strong></span> <span class='ocrx_word' id='word_1_482' title='bbox 3042 2618 3137 2672; x_wconf 90' lang='lat' dir='ltr'><strong>ﬁlii</strong></span> <span class='ocrx_word' id='word_1_483' title='bbox 3195 2619 3292 2672; x_wconf 89' lang='lat' dir='ltr'><strong>tui.</strong></span> <span class='ocrx_word' id='word_1_484' title='bbox 3327 2618 3423 2672; x_wconf 91' lang='lat' dir='ltr'><strong>Illa</strong></span> <span class='ocrx_word' id='word_1_485' title='bbox 3467 2634 3557 2673; x_wconf 87' lang='lat' dir='ltr'><strong>re-</strong></span> 
     </span>
    </p>
   </div>
   <div class='ocr_carea' id='block_1_57' title="bbox 1964 2712 3565 2785">
    <p class='ocr_par' dir='ltr' id='par_1_57' title="bbox 1964 2712 3565 2785">
     <span class='ocr_line' id='line_1_57' title="bbox 1964 2712 3565 2785; baseline 0.002 -20"><span class='ocrx_word' id='word_1_486' title='bbox 1964 2712 2503 2783; x_wconf 77' lang='lat' dir='ltr'><strong>sponditzParumnc</strong></span> <span class='ocrx_word' id='word_1_487' title='bbox 2524 2713 2624 2767; x_wconf 85' lang='lat' dir='ltr'><strong>tibi</strong></span> <span class='ocrx_word' id='word_1_488' title='bbox 2646 2713 2881 2781; x_wconf 90' lang='lat' dir='ltr'><strong>videtur,</strong></span> <span class='ocrx_word' id='word_1_489' title='bbox 2907 2713 3048 2784; x_wconf 87' lang='lat' dir='ltr'><strong>quod</strong></span> <span class='ocrx_word' id='word_1_490' title='bbox 3074 2714 3422 2785; x_wconf 68' lang='lat' dir='ltr'><strong>prmripueris</strong></span> <span class='ocrx_word' id='word_1_491' title='bbox 3449 2729 3565 2769; x_wconf 87' lang='lat' dir='ltr'><strong>ma-</strong></span> 
     </span>
    </p>
   </div>
   <div class='ocr_carea' id='block_1_58' title="bbox 1962 2792 3562 2877">
    <p class='ocr_par' dir='ltr' id='par_1_58' title="bbox 1962 2792 3562 2877">
     <span class='ocr_line' id='line_1_58' title="bbox 1962 2792 3562 2877; baseline 0 -16"><span class='ocrx_word' id='word_1_492' title='bbox 1962 2806 2127 2862; x_wconf 93' lang='lat' dir='ltr'><strong>ritum</strong></span> <span class='ocrx_word' id='word_1_493' title='bbox 2156 2804 2312 2875; x_wconf 90' lang='lat' dir='ltr'><strong>mihi,</strong></span> <span class='ocrx_word' id='word_1_494' title='bbox 2338 2806 2440 2860; x_wconf 89' lang='lat' dir='ltr'><strong>nisi</strong></span> <span class='ocrx_word' id='word_1_495' title='bbox 2463 2806 2629 2860; x_wconf 89' lang='lat' dir='ltr'><strong>etiam</strong></span> <span class='ocrx_word' id='word_1_496' title='bbox 2656 2792 3045 2877; x_wconf 87' lang='lat' dir='ltr'><strong>mandragoras</strong></span> <span class='ocrx_word' id='word_1_497' title='bbox 3073 2807 3165 2861; x_wconf 88' lang='lat' dir='ltr'><strong>ﬁlii</strong></span> <span class='ocrx_word' id='word_1_498' title='bbox 3198 2809 3301 2862; x_wconf 91' lang='lat' dir='ltr'><strong>mei</strong></span> <span class='ocrx_word' id='word_1_499' title='bbox 3334 2807 3562 2861; x_wconf 81' lang='lat' dir='ltr'><strong>tuleris?</strong></span> 
     </span>
    </p>
   </div>
   <div class='ocr_carea' id='block_1_59' title="bbox 1961 2899 3565 2974">
    <p class='ocr_par' dir='ltr' id='par_1_59' title="bbox 1961 2899 3565 2974">
     <span class='ocr_line' id='line_1_59' title="bbox 1961 2899 3565 2974; baseline 0.002 -19"><span class='ocrx_word' id='word_1_500' title='bbox 1961 2900 2053 2955; x_wconf 92' lang='lat' dir='ltr'><strong>Ait</strong></span> <span class='ocrx_word' id='word_1_501' title='bbox 2085 2900 2289 2955; x_wconf 87' lang='lat' dir='ltr'><strong>Rachel</strong></span> <span class='ocrx_word' id='word_1_502' title='bbox 2320 2917 2334 2959; x_wconf 87' lang='lat'><strong>:</strong></span> <span class='ocrx_word' id='word_1_503' title='bbox 2369 2899 2611 2955; x_wconf 87' lang='lat' dir='ltr'><strong>Dormiat</strong></span> <span class='ocrx_word' id='word_1_504' title='bbox 2648 2911 2821 2957; x_wconf 90' lang='lat' dir='ltr'><strong>tecum</strong></span> <span class='ocrx_word' id='word_1_505' title='bbox 2853 2902 2955 2956; x_wconf 90' lang='lat' dir='ltr'><strong>hac</strong></span> <span class='ocrx_word' id='word_1_506' title='bbox 2986 2909 3148 2957; x_wconf 90' lang='lat' dir='ltr'><strong>nocte</strong></span> <span class='ocrx_word' id='word_1_507' title='bbox 3175 2917 3273 2974; x_wconf 90' lang='lat' dir='ltr'><strong>pro</strong></span> <span class='ocrx_word' id='word_1_508' title='bbox 3311 2902 3565 2958; x_wconf 86' lang='lat' dir='ltr'><strong>mandra-</strong></span> 
     </span>
    </p>
   </div>
   <div class='ocr_carea' id='block_1_60' title="bbox 1964 2994 3566 3068">
    <p class='ocr_par' dir='ltr' id='par_1_60' title="bbox 1964 2994 3566 3068">
     <span class='ocr_line' id='line_1_60' title="bbox 1964 2994 3566 3068; baseline 0.001 -19"><span class='ocrx_word' id='word_1_509' title='bbox 1964 2996 2111 3066; x_wconf 82' lang='lat' dir='ltr'><strong>goris</strong></span> <span class='ocrx_word' id='word_1_510' title='bbox 2141 2994 2235 3049; x_wconf 89' lang='lat' dir='ltr'><strong>ﬁlii</strong></span> <span class='ocrx_word' id='word_1_511' title='bbox 2264 2994 2361 3049; x_wconf 89' lang='lat' dir='ltr'><strong>tui.</strong></span> <span class='ocrx_word' id='word_1_512' title='bbox 2394 2994 2774 3067; x_wconf 83' lang='lat' dir='ltr'><strong>Redeuntique</strong></span> <span class='ocrx_word' id='word_1_513' title='bbox 2802 2997 2867 3051; x_wconf 88' lang='lat' dir='ltr'><strong>ad</strong></span> <span class='ocrx_word' id='word_1_514' title='bbox 2903 3012 3188 3067; x_wconf 85' lang='lat' dir='ltr'><strong>vesperam</strong></span> <span class='ocrx_word' id='word_1_515' title='bbox 3213 2997 3280 3053; x_wconf 90' lang='lat' dir='ltr'><strong>de</strong></span> <span class='ocrx_word' id='word_1_516' title='bbox 3311 3013 3443 3068; x_wconf 85' lang='lat' dir='ltr'><strong>agro</strong></span> <span class='ocrx_word' id='word_1_517' title='bbox 3471 2997 3566 3052; x_wconf 86' lang='lat' dir='ltr'><strong>Ja-</strong></span> 
     </span>
    </p>
   </div>
   <div class='ocr_carea' id='block_1_61' title="bbox 1966 3088 3563 3161">
    <p class='ocr_par' dir='ltr' id='par_1_61' title="bbox 1966 3088 3563 3161">
     <span class='ocr_line' id='line_1_61' title="bbox 1966 3088 3563 3161; baseline 0.003 -17"><span class='ocrx_word' id='word_1_518' title='bbox 1966 3090 2087 3155; x_wconf 90' lang='lat' dir='ltr'><strong>cob,</strong></span> <span class='ocrx_word' id='word_1_519' title='bbox 2116 3103 2335 3159; x_wconf 87' lang='lat' dir='ltr'><strong>egressa</strong></span> <span class='ocrx_word' id='word_1_520' title='bbox 2386 3098 2471 3145; x_wconf 89' lang='lat' dir='ltr'><strong>est</strong></span> <span class='ocrx_word' id='word_1_521' title='bbox 2514 3090 2565 3145; x_wconf 91' lang='lat' dir='ltr'><strong>in</strong></span> <span class='ocrx_word' id='word_1_522' title='bbox 2601 3106 2884 3146; x_wconf 89' lang='lat' dir='ltr'><strong>occursum</strong></span> <span class='ocrx_word' id='word_1_523' title='bbox 2915 3092 3032 3161; x_wconf 88' lang='lat' dir='ltr'><strong>ejus</strong></span> <span class='ocrx_word' id='word_1_524' title='bbox 3068 3088 3162 3147; x_wconf 90' lang='lat' dir='ltr'><strong>Lia</strong></span> <span class='ocrx_word' id='word_1_525' title='bbox 3194 3111 3205 3146; x_wconf 83' lang='lat'><strong>2</strong></span> <span class='ocrx_word' id='word_1_526' title='bbox 3239 3101 3313 3161; x_wconf 90' lang='lat' dir='ltr'><strong>et,</strong></span> <span class='ocrx_word' id='word_1_527' title='bbox 3340 3093 3419 3147; x_wconf 87' lang='lat' dir='ltr'><strong>Ad</strong></span> <span class='ocrx_word' id='word_1_528' title='bbox 3454 3109 3563 3159; x_wconf 86' lang='lat' dir='ltr'><strong>me,</strong></span> 
     </span>
    </p>
   </div>
   <div class='ocr_carea' id='block_1_62' title="bbox 239 3173 3565 3255">
    <p class='ocr_par' dir='ltr' id='par_1_62' title="bbox 239 3173 3565 3255">
     <span class='ocr_line' id='line_1_62' title="bbox 239 3173 3565 3255; baseline -0.001 -11"><span class='ocrx_word' id='word_1_529' title='bbox 239 3203 409 3244; x_wconf 88' lang='lat' dir='ltr'><strong>more</strong></span> <span class='ocrx_word' id='word_1_530' title='bbox 431 3186 598 3243; x_wconf 75' lang='lat' dir='ltr'><strong>Iacob</strong></span> <span class='ocrx_word' id='word_1_531' title='bbox 622 3185 1129 3255; x_wconf 86' lang='lat' dir='ltr'><strong>Iuissetingressus,</strong></span> <span class='ocrx_word' id='word_1_532' title='bbox 1150 3183 1291 3239; x_wconf 87' lang='lat' dir='ltr'><strong>facto</strong></span> <span class='ocrx_word' id='word_1_533' title='bbox 1315 3198 1497 3252; x_wconf 87' lang='lat' dir='ltr'><strong>mane,</strong></span> <span class='ocrx_word' id='word_1_534' title='bbox 1522 3180 1854 3237; x_wconf 87' lang='lat' dir='ltr'><strong>viditLiam:</strong></span> <span class='ocrx_word' id='word_1_535' title='bbox 1885 3173 1932 3235; x_wconf 88' lang='lat' dir='ltr'><strong>C</strong></span> <span class='ocrx_word' id='word_1_536' title='bbox 1970 3181 2161 3253; x_wconf 87' lang='lat' dir='ltr'><strong>inquit,</strong></span> <span class='ocrx_word' id='word_1_537' title='bbox 2194 3180 2423 3237; x_wconf 89' lang='lat' dir='ltr'><strong>intrabis</strong></span> <span class='ocrx_word' id='word_1_538' title='bbox 2458 3201 2472 3238; x_wconf 88' lang='lat'><strong>:</strong></span> <span class='ocrx_word' id='word_1_539' title='bbox 2509 3184 2630 3253; x_wconf 87' lang='lat' dir='ltr'><strong>quia</strong></span> <span class='ocrx_word' id='word_1_540' title='bbox 2658 3184 2910 3239; x_wconf 90' lang='lat' dir='ltr'><strong>mercede</strong></span> <span class='ocrx_word' id='word_1_541' title='bbox 2938 3184 3173 3239; x_wconf 83' lang='lat' dir='ltr'><strong>conduxi</strong></span> <span class='ocrx_word' id='word_1_542' title='bbox 3201 3194 3251 3239; x_wconf 87' lang='lat' dir='ltr'><strong>te</strong></span> <span class='ocrx_word' id='word_1_543' title='bbox 3282 3201 3380 3254; x_wconf 93' lang='lat' dir='ltr'><strong>pro</strong></span> <span class='ocrx_word' id='word_1_544' title='bbox 3409 3201 3565 3241; x_wconf 88' lang='lat' dir='ltr'><strong>man-</strong></span> 
     </span>
    </p>
   </div>
   <div class='ocr_carea' id='block_1_63' title="bbox 240 3266 1856 3350">
    <p class='ocr_par' dir='ltr' id='par_1_63' title="bbox 240 3266 1856 3350">
     <span class='ocr_line' id='line_1_63' title="bbox 240 3266 1856 3350; baseline -0.006 -13"><span class='ocrx_word' id='word_1_545' title='bbox 240 3293 294 3337; x_wconf 88' lang='lat' dir='ltr'><strong>et</strong></span> <span class='ocrx_word' id='word_1_546' title='bbox 339 3282 487 3337; x_wconf 66' lang='lat' dir='ltr'><strong>dixit</strong></span> <span class='ocrx_word' id='word_1_547' title='bbox 515 3280 579 3335; x_wconf 87' lang='lat' dir='ltr'><strong>ad</strong></span> <span class='ocrx_word' id='word_1_548' title='bbox 627 3294 879 3335; x_wconf 88' lang='lat' dir='ltr'><strong>socerum</strong></span> <span class='ocrx_word' id='word_1_549' title='bbox 925 3292 1081 3333; x_wconf 89' lang='lat' dir='ltr'><strong>suum</strong></span> <span class='ocrx_word' id='word_1_550' title='bbox 1111 3266 1299 3350; x_wconf 66' lang='lat' dir='ltr'><strong>wary.</strong></span> <span class='ocrx_word' id='word_1_551' title='bbox 1332 3285 1431 3331; x_wconf 76' lang='lat' dir='ltr'><strong>(ac.</strong></span> <span class='ocrx_word' id='word_1_552' title='bbox 1466 3273 1645 3347; x_wconf 90' lang='lat' dir='ltr'><strong>suum]</strong></span> <span class='ocrx_word' id='word_1_553' title='bbox 1674 3294 1685 3328; x_wconf 91' lang='lat'>:</span> <span class='ocrx_word' id='word_1_554' title='bbox 1717 3275 1856 3343; x_wconf 88' lang='lat' dir='ltr'><strong>Quid</strong></span> 
     </span>
    </p>
   </div>
   <div class='ocr_carea' id='block_1_64' title="bbox 242 3365 1860 3445">
    <p class='ocr_par' dir='ltr' id='par_1_64' title="bbox 242 3365 1860 3445">
     <span class='ocr_line' id='line_1_64' title="bbox 242 3365 1860 3445; baseline -0.006 -16"><span class='ocrx_word' id='word_1_555' title='bbox 242 3384 331 3430; x_wconf 87' lang='lat' dir='ltr'><strong>est</strong></span> <span class='ocrx_word' id='word_1_556' title='bbox 365 3371 515 3445; x_wconf 84' lang='lat' dir='ltr'><strong>quod</strong></span> <span class='ocrx_word' id='word_1_557' title='bbox 552 3370 734 3428; x_wconf 87' lang='lat' dir='ltr'><strong>facere</strong></span> <span class='ocrx_word' id='word_1_558' title='bbox 763 3368 1017 3425; x_wconf 79' lang='lat' dir='ltr'><strong>voluiSti?</strong></span> <span class='ocrx_word' id='word_1_559' title='bbox 1046 3367 1237 3435; x_wconf 84' lang='lat' dir='ltr'><strong>Nonne</strong></span> <span class='ocrx_word' id='word_1_560' title='bbox 1271 3383 1367 3438; x_wconf 87' lang='lat' dir='ltr'><strong>pro</strong></span> <span class='ocrx_word' id='word_1_561' title='bbox 1412 3367 1616 3422; x_wconf 92' lang='lat' dir='ltr'><strong>Rachel</strong></span> <span class='ocrx_word' id='word_1_562' title='bbox 1659 3365 1860 3421; x_wconf 89' lang='lat' dir='ltr'><strong>servivi</strong></span> 
     </span>
    </p>
   </div>
   <div class='ocr_carea' id='block_1_65' title="bbox 243 3457 1859 3538">
    <p class='ocr_par' dir='ltr' id='par_1_65' title="bbox 243 3457 1859 3538">
     <span class='ocr_line' id='line_1_65' title="bbox 243 3457 1859 3538; baseline -0.007 -14"><span class='ocrx_word' id='word_1_563' title='bbox 243 3469 395 3524; x_wconf 86' lang='lat' dir='ltr'><strong>tibi?</strong></span> <span class='ocrx_word' id='word_1_564' title='bbox 428 3482 595 3538; x_wconf 85' lang='lat' dir='ltr'><strong>quare</strong></span> <span class='ocrx_word' id='word_1_565' title='bbox 624 3463 930 3536; x_wconf 88' lang='lat' dir='ltr'><strong>imposuisti</strong></span> <span class='ocrx_word' id='word_1_566' title='bbox 962 3462 1137 3517; x_wconf 87' lang='lat' dir='ltr'><strong>mihi?</strong></span> <span class='ocrx_word' id='word_1_567' title='bbox 1159 3461 1463 3532; x_wconf 88' lang='lat' dir='ltr'><strong>Respondit</strong></span> <span class='ocrx_word' id='word_1_568' title='bbox 1490 3460 1673 3516; x_wconf 89' lang='lat' dir='ltr'><strong>Labau</strong></span> <span class='ocrx_word' id='word_1_569' title='bbox 1706 3457 1859 3514; x_wconf 87' lang='lat' dir='ltr'><strong>:Non</strong></span> 
     </span>
    </p>
   </div>
   <div class='ocr_carea' id='block_1_66' title="bbox 244 3553 1863 3623">
    <p class='ocr_par' dir='ltr' id='par_1_66' title="bbox 244 3553 1863 3623">
     <span class='ocr_line' id='line_1_66' title="bbox 244 3553 1863 3623; baseline -0.007 -6"><span class='ocrx_word' id='word_1_570' title='bbox 244 3572 337 3620; x_wconf 86' lang='lat' dir='ltr'><strong>est</strong></span> <span class='ocrx_word' id='word_1_571' title='bbox 372 3560 585 3615; x_wconf 89' lang='lat' dir='ltr'><strong>inloco</strong></span> <span class='ocrx_word' id='word_1_572' title='bbox 618 3568 805 3615; x_wconf 90' lang='lat' dir='ltr'><strong>nostro</strong></span> <span class='ocrx_word' id='word_1_573' title='bbox 850 3554 1299 3623; x_wconf 89' lang='lat' dir='ltr'><strong>consuetudinis,</strong></span> <span class='ocrx_word' id='word_1_574' title='bbox 1347 3562 1407 3609; x_wconf 91' lang='lat' dir='ltr'><strong>ut</strong></span> <span class='ocrx_word' id='word_1_575' title='bbox 1450 3553 1690 3608; x_wconf 91' lang='lat' dir='ltr'><strong>minores</strong></span> <span class='ocrx_word' id='word_1_576' title='bbox 1736 3560 1863 3606; x_wconf 90' lang='lat' dir='ltr'><strong>ante</strong></span> 
     </span>
    </p>
   </div>
   <div class='ocr_carea' id='block_1_67' title="bbox 247 3644 1861 3721">
    <p class='ocr_par' dir='ltr' id='par_1_67' title="bbox 247 3644 1861 3721">
     <span class='ocr_line' id='line_1_67' title="bbox 247 3644 1861 3721; baseline -0.008 -11"><span class='ocrx_word' id='word_1_577' title='bbox 247 3653 548 3710; x_wconf 84' lang='lat' dir='ltr'><strong>tradamus</strong></span> <span class='ocrx_word' id='word_1_578' title='bbox 584 3652 650 3708; x_wconf 86' lang='lat' dir='ltr'><strong>ad</strong></span> <span class='ocrx_word' id='word_1_579' title='bbox 696 3651 933 3721; x_wconf 90' lang='lat' dir='ltr'><strong>nuptias.</strong></span> <span class='ocrx_word' id='word_1_580' title='bbox 982 3647 1157 3720; x_wconf 88' lang='lat' dir='ltr'><strong>Imple</strong></span> <span class='ocrx_word' id='word_1_581' title='bbox 1207 3645 1601 3702; x_wconf 87' lang='lat' dir='ltr'><strong>hebdomadam</strong></span> <span class='ocrx_word' id='word_1_582' title='bbox 1649 3644 1861 3699; x_wconf 89' lang='lat' dir='ltr'><strong>dierum</strong></span> 
     </span>
    </p>
   </div>
   <div class='ocr_carea' id='block_1_68' title="bbox 244 3739 1864 3821">
    <p class='ocr_par' dir='ltr' id='par_1_68' title="bbox 244 3739 1864 3821">
     <span class='ocr_line' id='line_1_68' title="bbox 244 3739 1864 3821; baseline -0.008 -15"><span class='ocrx_word' id='word_1_583' title='bbox 244 3751 436 3821; x_wconf 87' lang='lat' dir='ltr'><strong>hujus</strong></span> <span class='ocrx_word' id='word_1_584' title='bbox 458 3748 662 3820; x_wconf 84' lang='lat' dir='ltr'><strong>copulae</strong></span> <span class='ocrx_word' id='word_1_585' title='bbox 689 3768 704 3805; x_wconf 90' lang='lat'>:</span> <span class='ocrx_word' id='word_1_586' title='bbox 735 3747 877 3802; x_wconf 88' lang='lat' dir='ltr'><strong>hanc</strong></span> <span class='ocrx_word' id='word_1_587' title='bbox 903 3758 1119 3816; x_wconf 89' lang='lat' dir='ltr'><strong>quoque</strong></span> <span class='ocrx_word' id='word_1_588' title='bbox 1144 3741 1286 3798; x_wconf 89' lang='lat' dir='ltr'><strong>dabo</strong></span> <span class='ocrx_word' id='word_1_589' title='bbox 1314 3739 1413 3797; x_wconf 89' lang='lat' dir='ltr'><strong>tibi</strong></span> <span class='ocrx_word' id='word_1_590' title='bbox 1442 3755 1537 3811; x_wconf 91' lang='lat' dir='ltr'><strong>pro</strong></span> <span class='ocrx_word' id='word_1_591' title='bbox 1563 3750 1731 3810; x_wconf 90' lang='lat' dir='ltr'><strong>opere</strong></span> <span class='ocrx_word' id='word_1_592' title='bbox 1757 3752 1864 3808; x_wconf 91' lang='lat' dir='ltr'><strong>quo</strong></span> 
     </span>
    </p>
   </div>
   <div class='ocr_carea' id='block_1_69' title="bbox 245 3832 1866 3912">
    <p class='ocr_par' dir='ltr' id='par_1_69' title="bbox 245 3832 1866 3912">
     <span class='ocr_line' id='line_1_69' title="bbox 245 3832 1866 3912; baseline -0.01 -11"><span class='ocrx_word' id='word_1_593' title='bbox 245 3847 576 3902; x_wconf 68' lang='lat' dir='ltr'><strong>serviturus</strong></span> <span class='ocrx_word' id='word_1_594' title='bbox 605 3858 663 3899; x_wconf 90' lang='lat' dir='ltr'><strong>es</strong></span> <span class='ocrx_word' id='word_1_595' title='bbox 692 3842 825 3897; x_wconf 91' lang='lat' dir='ltr'><strong>mihi</strong></span> <span class='ocrx_word' id='word_1_596' title='bbox 858 3850 1064 3912; x_wconf 90' lang='lat' dir='ltr'><strong>septem</strong></span> <span class='ocrx_word' id='word_1_597' title='bbox 1090 3838 1247 3894; x_wconf 89' lang='lat' dir='ltr'><strong>annis</strong></span> <span class='ocrx_word' id='word_1_598' title='bbox 1268 3834 1408 3891; x_wconf 91' lang='lat' dir='ltr'><strong>aliis.</strong></span> <span class='ocrx_word' id='word_1_599' title='bbox 1441 3832 1730 3905; x_wconf 90' lang='lat' dir='ltr'><strong>Acquievit</strong></span> <span class='ocrx_word' id='word_1_600' title='bbox 1755 3833 1866 3901; x_wconf 85' lang='lat' dir='ltr'><strong>pla-</strong></span> 
     </span>
    </p>
   </div>
   <div class='ocr_carea' id='block_1_70' title="bbox 247 3929 1865 4009">
    <p class='ocr_par' dir='ltr' id='par_1_70' title="bbox 247 3929 1865 4009">
     <span class='ocr_line' id='line_1_70' title="bbox 247 3929 1865 4009; baseline -0.01 -11"><span class='ocrx_word' id='word_1_601' title='bbox 247 3944 406 4009; x_wconf 86' lang='lat' dir='ltr'><strong>cito,</strong></span> <span class='ocrx_word' id='word_1_602' title='bbox 431 3948 483 3994; x_wconf 91' lang='lat' dir='ltr'><strong>et</strong></span> <span class='ocrx_word' id='word_1_603' title='bbox 505 3936 843 3994; x_wconf 87' lang='lat' dir='ltr'><strong>bebdomada</strong></span> <span class='ocrx_word' id='word_1_604' title='bbox 875 3944 1171 4002; x_wconf 83' lang='lat' dir='ltr'><strong>transacta,</strong></span> <span class='ocrx_word' id='word_1_605' title='bbox 1194 3930 1399 3987; x_wconf 88' lang='lat' dir='ltr'><strong>Rachel</strong></span> <span class='ocrx_word' id='word_1_606' title='bbox 1428 3929 1582 3985; x_wconf 90' lang='lat' dir='ltr'><strong>duxit</strong></span> <span class='ocrx_word' id='word_1_607' title='bbox 1603 3943 1827 3983; x_wconf 89' lang='lat' dir='ltr'><strong>uxorem</strong></span> <span class='ocrx_word' id='word_1_608' title='bbox 1851 3944 1865 3982; x_wconf 91' lang='lat'><strong>:</strong></span> 
     </span>
    </p>
   </div>
   <div class='ocr_carea' id='block_1_71' title="bbox 252 4021 1869 4103">
    <p class='ocr_par' dir='ltr' id='par_1_71' title="bbox 252 4021 1869 4103">
     <span class='ocr_line' id='line_1_71' title="bbox 252 4021 1869 4103; baseline -0.01 -12"><span class='ocrx_word' id='word_1_609' title='bbox 252 4036 355 4091; x_wconf 88' lang='lat' dir='ltr'><strong>cui</strong></span> <span class='ocrx_word' id='word_1_610' title='bbox 396 4042 554 4103; x_wconf 87' lang='lat' dir='ltr'><strong>pater</strong></span> <span class='ocrx_word' id='word_1_611' title='bbox 578 4047 788 4088; x_wconf 89' lang='lat' dir='ltr'><strong>servam</strong></span> <span class='ocrx_word' id='word_1_612' title='bbox 818 4029 1001 4084; x_wconf 89' lang='lat' dir='ltr'><strong>Balam</strong></span> <span class='ocrx_word' id='word_1_613' title='bbox 1023 4026 1273 4084; x_wconf 88' lang='lat' dir='ltr'><strong>dederat.</strong></span> <span class='ocrx_word' id='word_1_614' title='bbox 1291 4023 1643 4092; x_wconf 84' lang='lat' dir='ltr'><strong>Tandemque</strong></span> <span class='ocrx_word' id='word_1_615' title='bbox 1667 4021 1869 4091; x_wconf 84' lang='lat' dir='ltr'><strong>potitus</strong></span> 
     </span>
    </p>
   </div>
   <div class='ocr_carea' id='block_1_72' title="bbox 249 4116 1866 4203">
    <p class='ocr_par' dir='ltr' id='par_1_72' title="bbox 249 4116 1866 4203">
     <span class='ocr_line' id='line_1_72' title="bbox 249 4116 1866 4203; baseline -0.011 -18"><span class='ocrx_word' id='word_1_616' title='bbox 249 4130 482 4203; x_wconf 81' lang='lat' dir='ltr'><strong>optatis</strong></span> <span class='ocrx_word' id='word_1_617' title='bbox 513 4127 736 4198; x_wconf 88' lang='lat' dir='ltr'><strong>nuptiis,</strong></span> <span class='ocrx_word' id='word_1_618' title='bbox 786 4139 1031 4181; x_wconf 89' lang='lat' dir='ltr'><strong>amorem</strong></span> <span class='ocrx_word' id='word_1_619' title='bbox 1071 4121 1351 4193; x_wconf 84' lang='lat' dir='ltr'><strong>sequentis</strong></span> <span class='ocrx_word' id='word_1_620' title='bbox 1383 4119 1552 4189; x_wconf 86' lang='lat' dir='ltr'><strong>priori</strong></span> <span class='ocrx_word' id='word_1_621' title='bbox 1594 4116 1866 4188; x_wconf 66' lang='lat' dir='ltr'><strong>prartulit,</strong></span> 
     </span>
    </p>
   </div>
   <div class='ocr_carea' id='block_1_73' title="bbox 250 4208 1868 4291">
    <p class='ocr_par' dir='ltr' id='par_1_73' title="bbox 250 4208 1868 4291">
     <span class='ocr_line' id='line_1_73' title="bbox 250 4208 1868 4291; baseline -0.008 -12"><span class='ocrx_word' id='word_1_622' title='bbox 250 4221 527 4279; x_wconf 82' lang='lat' dir='ltr'><strong>serviens</strong></span> <span class='ocrx_word' id='word_1_623' title='bbox 568 4218 708 4291; x_wconf 91' lang='lat' dir='ltr'><strong>apud</strong></span> <span class='ocrx_word' id='word_1_624' title='bbox 746 4233 871 4275; x_wconf 91' lang='lat' dir='ltr'><strong>eum</strong></span> <span class='ocrx_word' id='word_1_625' title='bbox 912 4225 1121 4287; x_wconf 89' lang='lat' dir='ltr'><strong>septem</strong></span> <span class='ocrx_word' id='word_1_626' title='bbox 1162 4214 1323 4269; x_wconf 89' lang='lat' dir='ltr'><strong>anuis</strong></span> <span class='ocrx_word' id='word_1_627' title='bbox 1375 4211 1516 4268; x_wconf 89' lang='lat' dir='ltr'><strong>aliis.</strong></span> <span class='ocrx_word' id='word_1_628' title='bbox 1560 4209 1657 4283; x_wconf 90' lang='lat' dir='ltr'><strong>[T.</strong></span> <span class='ocrx_word' id='word_1_629' title='bbox 1698 4208 1868 4280; x_wconf 81' lang='lat' dir='ltr'><strong>XXV,</strong></span> 
     </span>
    </p>
   </div>
   <div class='ocr_carea' id='block_1_74' title="bbox 252 4303 1876 4384">
    <p class='ocr_par' dir='ltr' id='par_1_74' title="bbox 252 4303 1876 4384">
     <span class='ocr_line' id='line_1_74' title="bbox 252 4303 1876 4384; baseline -0.007 -14"><span class='ocrx_word' id='word_1_630' title='bbox 252 4316 324 4371; x_wconf 72' lang='grc' dir='ltr'><strong>Ε.</strong></span> <span class='ocrx_word' id='word_1_631' title='bbox 382 4311 559 4384; x_wconf 85' lang='lat' dir='ltr'><strong>LIII.]</strong></span> <span class='ocrx_word' id='word_1_632' title='bbox 607 4311 809 4367; x_wconf 78' lang='lat' dir='ltr'><strong>Videns</strong></span> <span class='ocrx_word' id='word_1_633' title='bbox 855 4319 1035 4365; x_wconf 90' lang='lat' dir='ltr'><strong>autem</strong></span> <span class='ocrx_word' id='word_1_634' title='bbox 1077 4307 1339 4363; x_wconf 91' lang='lat' dir='ltr'><strong>Dominus</strong></span> <span class='ocrx_word' id='word_1_635' title='bbox 1378 4303 1522 4376; x_wconf 90' lang='lat' dir='ltr'><strong>quod</strong></span> <span class='ocrx_word' id='word_1_636' title='bbox 1569 4304 1876 4375; x_wconf 88' lang='lat' dir='ltr'><strong>despiceret</strong></span> 
     </span>
    </p>
   </div>
   <div class='ocr_carea' id='block_1_75' title="bbox 260 4396 1876 4476">
    <p class='ocr_par' dir='ltr' id='par_1_75' title="bbox 260 4396 1876 4476">
     <span class='ocr_line' id='line_1_75' title="bbox 260 4396 1876 4476; baseline -0.009 -12"><span class='ocrx_word' id='word_1_637' title='bbox 260 4408 465 4475; x_wconf 82' lang='lat' dir='ltr'><strong>Liam,</strong></span> <span class='ocrx_word' id='word_1_638' title='bbox 495 4404 706 4476; x_wconf 89' lang='lat' dir='ltr'><strong>aperuit</strong></span> <span class='ocrx_word' id='word_1_639' title='bbox 732 4403 946 4458; x_wconf 84' lang='lat' dir='ltr'><strong>vulvam</strong></span> <span class='ocrx_word' id='word_1_640' title='bbox 979 4400 1325 4471; x_wconf 90' lang='lat' dir='ltr'><strong>ejus,sorore</strong></span> <span class='ocrx_word' id='word_1_641' title='bbox 1356 4396 1528 4453; x_wconf 89' lang='lat' dir='ltr'><strong>sterili</strong></span> <span class='ocrx_word' id='word_1_642' title='bbox 1554 4411 1876 4467; x_wconf 87' lang='lat' dir='ltr'><strong>permanen-</strong></span> 
     </span>
    </p>
   </div>
   <div class='ocr_carea' id='block_1_76' title="bbox 257 4493 1872 4573">
    <p class='ocr_par' dir='ltr' id='par_1_76' title="bbox 257 4493 1872 4573">
     <span class='ocr_line' id='line_1_76' title="bbox 257 4493 1872 4573; baseline -0.009 -12"><span class='ocrx_word' id='word_1_643' title='bbox 257 4517 346 4561; x_wconf 88' lang='lat' dir='ltr'><strong>te.</strong></span> <span class='ocrx_word' id='word_1_644' title='bbox 374 4503 516 4571; x_wconf 69' lang='lat' dir='ltr'><strong>Qure</strong></span> <span class='ocrx_word' id='word_1_645' title='bbox 543 4509 863 4573; x_wconf 89' lang='lat' dir='ltr'><strong>conceptum</strong></span> <span class='ocrx_word' id='word_1_646' title='bbox 895 4497 1086 4571; x_wconf 79' lang='lat' dir='ltr'><strong>genuit</strong></span> <span class='ocrx_word' id='word_1_647' title='bbox 1112 4496 1305 4562; x_wconf 91' lang='lat' dir='ltr'><strong>ﬁlium,</strong></span> <span class='ocrx_word' id='word_1_648' title='bbox 1325 4493 1649 4564; x_wconf 86' lang='lat' dir='ltr'><strong>vocavitque</strong></span> <span class='ocrx_word' id='word_1_649' title='bbox 1676 4507 1872 4548; x_wconf 89' lang='lat' dir='ltr'><strong>nomen</strong></span> 
     </span>
    </p>
   </div>
   <div class='ocr_carea' id='block_1_77' title="bbox 1964 3274 3567 3346">
    <p class='ocr_par' dir='ltr' id='par_1_77' title="bbox 1964 3274 3567 3346">
     <span class='ocr_line' id='line_1_77' title="bbox 1964 3274 3567 3346; baseline 0.002 -16"><span class='ocrx_word' id='word_1_650' title='bbox 1964 3274 2213 3346; x_wconf 80' lang='lat' dir='ltr'><strong>dragoris</strong></span> <span class='ocrx_word' id='word_1_651' title='bbox 2247 3274 2343 3329; x_wconf 91' lang='lat' dir='ltr'><strong>ﬁlii</strong></span> <span class='ocrx_word' id='word_1_652' title='bbox 2385 3276 2511 3331; x_wconf 93' lang='lat' dir='ltr'><strong>mei.</strong></span> <span class='ocrx_word' id='word_1_653' title='bbox 2548 3275 2812 3331; x_wconf 88' lang='lat' dir='ltr'><strong>Dormivit</strong></span> <span class='ocrx_word' id='word_1_654' title='bbox 2850 3291 2971 3331; x_wconf 93' lang='lat' dir='ltr'><strong>cum</strong></span> <span class='ocrx_word' id='word_1_655' title='bbox 3018 3292 3079 3332; x_wconf 91' lang='lat' dir='ltr'><strong>ea</strong></span> <span class='ocrx_word' id='word_1_656' title='bbox 3123 3286 3287 3333; x_wconf 91' lang='lat' dir='ltr'><strong>nocte</strong></span> <span class='ocrx_word' id='word_1_657' title='bbox 3333 3278 3445 3332; x_wconf 90' lang='lat' dir='ltr'><strong>illa.</strong></span> <span class='ocrx_word' id='word_1_658' title='bbox 3500 3279 3567 3334; x_wconf 87' lang='lat' dir='ltr'><strong>Et</strong></span> 
     </span>
    </p>
   </div>
   <div class='ocr_carea' id='block_1_78' title="bbox 1965 3369 3568 3441">
    <p class='ocr_par' dir='ltr' id='par_1_78' title="bbox 1965 3369 3568 3441">
     <span class='ocr_line' id='line_1_78' title="bbox 1965 3369 3568 3441; baseline 0.001 -16"><span class='ocrx_word' id='word_1_659' title='bbox 1965 3369 2242 3425; x_wconf 84' lang='lat' dir='ltr'><strong>exaudivit</strong></span> <span class='ocrx_word' id='word_1_660' title='bbox 2273 3370 2417 3424; x_wconf 91' lang='lat' dir='ltr'><strong>Deus</strong></span> <span class='ocrx_word' id='word_1_661' title='bbox 2442 3382 2635 3438; x_wconf 89' lang='lat' dir='ltr'><strong>preces</strong></span> <span class='ocrx_word' id='word_1_662' title='bbox 2663 3369 2780 3440; x_wconf 89' lang='lat' dir='ltr'><strong>ejus</strong></span> <span class='ocrx_word' id='word_1_663' title='bbox 2820 3387 2833 3422; x_wconf 91' lang='lat'><strong>:</strong></span> <span class='ocrx_word' id='word_1_664' title='bbox 2871 3370 3231 3441; x_wconf 91' lang='lat' dir='ltr'><strong>concepitque</strong></span> <span class='ocrx_word' id='word_1_665' title='bbox 3264 3381 3319 3426; x_wconf 90' lang='lat' dir='ltr'><strong>et</strong></span> <span class='ocrx_word' id='word_1_666' title='bbox 3357 3372 3568 3441; x_wconf 84' lang='lat' dir='ltr'><strong>peperit</strong></span> 
     </span>
    </p>
   </div>
   <div class='ocr_carea' id='block_1_79' title="bbox 1965 3461 3562 3533">
    <p class='ocr_par' dir='ltr' id='par_1_79' title="bbox 1965 3461 3562 3533">
     <span class='ocr_line' id='line_1_79' title="bbox 1965 3461 3562 3533; baseline 0.001 -18"><span class='ocrx_word' id='word_1_667' title='bbox 1965 3461 2136 3517; x_wconf 90' lang='lat' dir='ltr'><strong>ﬁlium</strong></span> <span class='ocrx_word' id='word_1_668' title='bbox 2169 3462 2443 3533; x_wconf 89' lang='lat' dir='ltr'><strong>quintum,</strong></span> <span class='ocrx_word' id='word_1_669' title='bbox 2477 3471 2531 3517; x_wconf 91' lang='lat' dir='ltr'><strong>et</strong></span> <span class='ocrx_word' id='word_1_670' title='bbox 2558 3461 2634 3516; x_wconf 89' lang='lat' dir='ltr'><strong>ait</strong></span> <span class='ocrx_word' id='word_1_671' title='bbox 2664 3479 2676 3515; x_wconf 91' lang='lat'><strong>:</strong></span> <span class='ocrx_word' id='word_1_672' title='bbox 2710 3461 2863 3517; x_wconf 91' lang='lat' dir='ltr'><strong>Dedit</strong></span> <span class='ocrx_word' id='word_1_673' title='bbox 2894 3462 3035 3517; x_wconf 89' lang='lat' dir='ltr'><strong>Deus</strong></span> <span class='ocrx_word' id='word_1_674' title='bbox 3068 3464 3379 3519; x_wconf 91' lang='lat' dir='ltr'><strong>mercedem</strong></span> <span class='ocrx_word' id='word_1_675' title='bbox 3408 3464 3562 3531; x_wconf 89' lang='lat' dir='ltr'><strong>mihi,</strong></span> 
     </span>
    </p>
   </div>
   <div class='ocr_carea' id='block_1_80' title="bbox 1966 3554 3564 3627">
    <p class='ocr_par' dir='ltr' id='par_1_80' title="bbox 1966 3554 3564 3627">
     <span class='ocr_line' id='line_1_80' title="bbox 1966 3554 3564 3627; baseline 0.001 -18"><span class='ocrx_word' id='word_1_676' title='bbox 1966 3554 2092 3626; x_wconf 89' lang='lat' dir='ltr'><strong>quia</strong></span> <span class='ocrx_word' id='word_1_677' title='bbox 2136 3554 2262 3610; x_wconf 89' lang='lat' dir='ltr'><strong>dedi</strong></span> <span class='ocrx_word' id='word_1_678' title='bbox 2307 3554 2562 3611; x_wconf 88' lang='lat' dir='ltr'><strong>ancillam</strong></span> <span class='ocrx_word' id='word_1_679' title='bbox 2604 3569 2777 3609; x_wconf 91' lang='lat' dir='ltr'><strong>meam</strong></span> <span class='ocrx_word' id='word_1_680' title='bbox 2806 3554 2922 3610; x_wconf 92' lang='lat' dir='ltr'><strong>viro</strong></span> <span class='ocrx_word' id='word_1_681' title='bbox 2964 3570 3125 3618; x_wconf 84' lang='lat' dir='ltr'><strong>meo.</strong></span> <span class='ocrx_word' id='word_1_682' title='bbox 3157 3556 3564 3627; x_wconf 88' lang='lat' dir='ltr'><strong>appellavitque</strong></span> 
     </span>
    </p>
   </div>
   <div class='ocr_carea' id='block_1_81' title="bbox 1969 3648 3568 3721">
    <p class='ocr_par' dir='ltr' id='par_1_81' title="bbox 1969 3648 3568 3721">
     <span class='ocr_line' id='line_1_81' title="bbox 1969 3648 3568 3721; baseline 0.001 -16"><span class='ocrx_word' id='word_1_683' title='bbox 1969 3664 2167 3706; x_wconf 90' lang='lat' dir='ltr'><strong>nomen</strong></span> <span class='ocrx_word' id='word_1_684' title='bbox 2190 3649 2332 3721; x_wconf 65' lang='lat' dir='ltr'><strong>ejus,</strong></span> <span class='ocrx_word' id='word_1_685' title='bbox 2364 3658 2390 3687; x_wconf 70' lang='grc' dir='ltr'><strong>ιι</strong></span> <span class='ocrx_word' id='word_1_686' title='bbox 2421 3648 2693 3713; x_wconf 85' lang='lat' dir='ltr'><strong>Issaehar.</strong></span> <span class='ocrx_word' id='word_1_687' title='bbox 2724 3649 2957 3705; x_wconf 86' lang='lat' dir='ltr'><strong>Rursum</strong></span> <span class='ocrx_word' id='word_1_688' title='bbox 2988 3649 3078 3704; x_wconf 87' lang='lat' dir='ltr'><strong>Lia</strong></span> <span class='ocrx_word' id='word_1_689' title='bbox 3104 3651 3444 3720; x_wconf 86' lang='lat' dir='ltr'><strong>concipiens,</strong></span> <span class='ocrx_word' id='word_1_690' title='bbox 3475 3666 3568 3721; x_wconf 86' lang='lat' dir='ltr'><strong>pe-</strong></span> 
     </span>
    </p>
   </div>
   <div class='ocr_carea' id='block_1_82' title="bbox 1970 3741 3570 3811">
    <p class='ocr_par' dir='ltr' id='par_1_82' title="bbox 1970 3741 3570 3811">
     <span class='ocr_line' id='line_1_82' title="bbox 1970 3741 3570 3811; baseline 0.002 -14"><span class='ocrx_word' id='word_1_691' title='bbox 1970 3742 2116 3811; x_wconf 90' lang='lat' dir='ltr'><strong>perit</strong></span> <span class='ocrx_word' id='word_1_692' title='bbox 2153 3753 2363 3797; x_wconf 88' lang='lat' dir='ltr'><strong>sextum</strong></span> <span class='ocrx_word' id='word_1_693' title='bbox 2404 3741 2605 3808; x_wconf 92' lang='lat' dir='ltr'><strong>ﬁlium,</strong></span> <span class='ocrx_word' id='word_1_694' title='bbox 2660 3751 2715 3797; x_wconf 90' lang='lat' dir='ltr'><strong>et</strong></span> <span class='ocrx_word' id='word_1_695' title='bbox 2744 3742 2820 3797; x_wconf 90' lang='lat' dir='ltr'><strong>ait</strong></span> <span class='ocrx_word' id='word_1_696' title='bbox 2849 3759 2864 3797; x_wconf 87' lang='lat'><strong>:</strong></span> <span class='ocrx_word' id='word_1_697' title='bbox 2896 3742 3111 3797; x_wconf 85' lang='lat' dir='ltr'><strong>Dotavit</strong></span> <span class='ocrx_word' id='word_1_698' title='bbox 3151 3759 3237 3799; x_wconf 91' lang='lat' dir='ltr'><strong>me</strong></span> <span class='ocrx_word' id='word_1_699' title='bbox 3272 3744 3416 3799; x_wconf 92' lang='lat' dir='ltr'><strong>Deus</strong></span> <span class='ocrx_word' id='word_1_700' title='bbox 3441 3744 3570 3800; x_wconf 90' lang='lat' dir='ltr'><strong>dote</strong></span> 
     </span>
    </p>
   </div>
   <div class='ocr_carea' id='block_1_83' title="bbox 1971 3835 3570 3905">
    <p class='ocr_par' dir='ltr' id='par_1_83' title="bbox 1971 3835 3570 3905">
     <span class='ocr_line' id='line_1_83' title="bbox 1971 3835 3570 3905; baseline 0.003 -14"><span class='ocrx_word' id='word_1_701' title='bbox 1971 3836 2114 3891; x_wconf 87' lang='lat' dir='ltr'><strong>bona</strong></span> <span class='ocrx_word' id='word_1_702' title='bbox 2146 3853 2159 3890; x_wconf 93' lang='lat'><strong>:</strong></span> <span class='ocrx_word' id='word_1_703' title='bbox 2192 3835 2354 3891; x_wconf 89' lang='lat' dir='ltr'><strong>etiam</strong></span> <span class='ocrx_word' id='word_1_704' title='bbox 2383 3835 2487 3892; x_wconf 89' lang='lat' dir='ltr'><strong>hac</strong></span> <span class='ocrx_word' id='word_1_705' title='bbox 2516 3837 2638 3891; x_wconf 91' lang='lat' dir='ltr'><strong>vice</strong></span> <span class='ocrx_word' id='word_1_706' title='bbox 2669 3852 2879 3892; x_wconf 91' lang='lat' dir='ltr'><strong>mecum</strong></span> <span class='ocrx_word' id='word_1_707' title='bbox 2912 3838 3014 3892; x_wconf 91' lang='lat' dir='ltr'><strong>erit</strong></span> <span class='ocrx_word' id='word_1_708' title='bbox 3044 3838 3270 3893; x_wconf 86' lang='lat' dir='ltr'><strong>maritus</strong></span> <span class='ocrx_word' id='word_1_709' title='bbox 3300 3854 3473 3905; x_wconf 91' lang='lat' dir='ltr'><strong>meus,</strong></span> <span class='ocrx_word' id='word_1_710' title='bbox 3504 3856 3570 3895; x_wconf 87' lang='lat' dir='ltr'><strong>eo</strong></span> 
     </span>
    </p>
   </div>
   <div class='ocr_carea' id='block_1_84' title="bbox 1975 3928 3569 4002">
    <p class='ocr_par' dir='ltr' id='par_1_84' title="bbox 1975 3928 3569 4002">
     <span class='ocr_line' id='line_1_84' title="bbox 1975 3928 3569 4002; baseline 0.004 -19"><span class='ocrx_word' id='word_1_711' title='bbox 1975 3929 2119 3999; x_wconf 91' lang='lat' dir='ltr'><strong>quod</strong></span> <span class='ocrx_word' id='word_1_712' title='bbox 2141 3929 2419 4000; x_wconf 79' lang='lat' dir='ltr'><strong>genuerint</strong></span> <span class='ocrx_word' id='word_1_713' title='bbox 2445 3928 2495 3985; x_wconf 91' lang='lat' dir='ltr'><strong>ei</strong></span> <span class='ocrx_word' id='word_1_714' title='bbox 2527 3944 2621 3985; x_wconf 91' lang='lat' dir='ltr'><strong>sex</strong></span> <span class='ocrx_word' id='word_1_715' title='bbox 2645 3929 2790 3985; x_wconf 90' lang='lat' dir='ltr'><strong>ﬁlios</strong></span> <span class='ocrx_word' id='word_1_716' title='bbox 2817 3948 2829 3985; x_wconf 90' lang='lat'>:</span> <span class='ocrx_word' id='word_1_717' title='bbox 2857 3939 2912 3984; x_wconf 90' lang='lat' dir='ltr'><strong>et</strong></span> <span class='ocrx_word' id='word_1_718' title='bbox 2933 3930 3137 3985; x_wconf 70' lang='lat' dir='ltr'><strong>idcirco</strong></span> <span class='ocrx_word' id='word_1_719' title='bbox 3167 3932 3456 4002; x_wconf 88' lang='lat' dir='ltr'><strong>appellavit</strong></span> <span class='ocrx_word' id='word_1_720' title='bbox 3475 3949 3569 3989; x_wconf 75' lang='grc' dir='ltr'>ιιοο</span> 
     </span>
    </p>
   </div>
   <div class='ocr_carea' id='block_1_85' title="bbox 1976 4024 3571 4098">
    <p class='ocr_par' dir='ltr' id='par_1_85' title="bbox 1976 4024 3571 4098">
     <span class='ocr_line' id='line_1_85' title="bbox 1976 4024 3571 4098; baseline 0.003 -19"><span class='ocrx_word' id='word_1_721' title='bbox 1976 4039 2098 4079; x_wconf 93' lang='lat' dir='ltr'><strong>men</strong></span> <span class='ocrx_word' id='word_1_722' title='bbox 2130 4024 2271 4094; x_wconf 90' lang='lat' dir='ltr'><strong>ejus,</strong></span> <span class='ocrx_word' id='word_1_723' title='bbox 2302 4024 2569 4079; x_wconf 87' lang='lat' dir='ltr'><strong>Zabulon.</strong></span> <span class='ocrx_word' id='word_1_724' title='bbox 2608 4024 2739 4080; x_wconf 82' lang='lat' dir='ltr'><strong>Post</strong></span> <span class='ocrx_word' id='word_1_725' title='bbox 2770 4040 2928 4096; x_wconf 87' lang='lat' dir='ltr'><strong>quem</strong></span> <span class='ocrx_word' id='word_1_726' title='bbox 2964 4026 3171 4097; x_wconf 88' lang='lat' dir='ltr'><strong>peperit</strong></span> <span class='ocrx_word' id='word_1_727' title='bbox 3220 4027 3417 4098; x_wconf 87' lang='lat' dir='ltr'><strong>ﬁliam,</strong></span> <span class='ocrx_word' id='word_1_728' title='bbox 3470 4043 3571 4084; x_wconf 81' lang='lat' dir='ltr'><strong>uo-</strong></span> 
     </span>
    </p>
   </div>
   <div class='ocr_carea' id='block_1_86' title="bbox 1977 4114 3575 4189">
    <p class='ocr_par' dir='ltr' id='par_1_86' title="bbox 1977 4114 3575 4189">
     <span class='ocr_line' id='line_1_86' title="bbox 1977 4114 3575 4189; baseline 0.001 -16"><span class='ocrx_word' id='word_1_729' title='bbox 1977 4117 2123 4174; x_wconf 91' lang='lat' dir='ltr'><strong>mine</strong></span> <span class='ocrx_word' id='word_1_730' title='bbox 2149 4118 2360 4172; x_wconf 87' lang='lat' dir='ltr'><strong>Diuam.</strong></span> <span class='ocrx_word' id='word_1_731' title='bbox 2387 4114 2470 4189; x_wconf 89' lang='lat' dir='ltr'><strong>[C.</strong></span> <span class='ocrx_word' id='word_1_732' title='bbox 2497 4116 2657 4189; x_wconf 79' lang='lat' dir='ltr'><strong>LV|.]</strong></span> <span class='ocrx_word' id='word_1_733' title='bbox 2688 4116 3027 4173; x_wconf 88' lang='lat' dir='ltr'><strong>Recordatus</strong></span> <span class='ocrx_word' id='word_1_734' title='bbox 3056 4134 3270 4189; x_wconf 90' lang='lat' dir='ltr'><strong>quoque</strong></span> <span class='ocrx_word' id='word_1_735' title='bbox 3297 4119 3437 4175; x_wconf 92' lang='lat' dir='ltr'><strong>Deus</strong></span> <span class='ocrx_word' id='word_1_736' title='bbox 3465 4120 3575 4174; x_wconf 82' lang='lat' dir='ltr'><strong>Ra-</strong></span> 
     </span>
    </p>
   </div>
   <div class='ocr_carea' id='block_1_87' title="bbox 1979 4210 3575 4283">
    <p class='ocr_par' dir='ltr' id='par_1_87' title="bbox 1979 4210 3575 4283">
     <span class='ocr_line' id='line_1_87' title="bbox 1979 4210 3575 4283; baseline 0.001 -17"><span class='ocrx_word' id='word_1_737' title='bbox 1979 4210 2172 4278; x_wconf 91' lang='lat' dir='ltr'><strong>chelis,</strong></span> <span class='ocrx_word' id='word_1_738' title='bbox 2205 4210 2483 4266; x_wconf 88' lang='lat' dir='ltr'><strong>exaudivit</strong></span> <span class='ocrx_word' id='word_1_739' title='bbox 2513 4226 2632 4266; x_wconf 89' lang='lat' dir='ltr'><strong>eam</strong></span> <span class='ocrx_word' id='word_1_740' title='bbox 2654 4256 2667 4279; x_wconf 91' lang='lat'><strong>,</strong></span> <span class='ocrx_word' id='word_1_741' title='bbox 2692 4219 2748 4267; x_wconf 89' lang='lat' dir='ltr'><strong>et</strong></span> <span class='ocrx_word' id='word_1_742' title='bbox 2782 4211 2998 4281; x_wconf 88' lang='lat' dir='ltr'><strong>aperuit</strong></span> <span class='ocrx_word' id='word_1_743' title='bbox 3024 4212 3243 4267; x_wconf 87' lang='lat' dir='ltr'><strong>vulvam</strong></span> <span class='ocrx_word' id='word_1_744' title='bbox 3273 4212 3411 4283; x_wconf 92' lang='lat' dir='ltr'><strong>ejus.</strong></span> <span class='ocrx_word' id='word_1_745' title='bbox 3443 4214 3575 4281; x_wconf 88' lang='lat' dir='ltr'><strong>Quae</strong></span> 
     </span>
    </p>
   </div>
   <div class='ocr_carea' id='block_1_88' title="bbox 1981 4305 3573 4378">
    <p class='ocr_par' dir='ltr' id='par_1_88' title="bbox 1981 4305 3573 4378">
     <span class='ocr_line' id='line_1_88' title="bbox 1981 4305 3573 4378; baseline -0.002 -15"><span class='ocrx_word' id='word_1_746' title='bbox 1981 4306 2301 4378; x_wconf 89' lang='lat' dir='ltr'><strong>concepitet</strong></span> <span class='ocrx_word' id='word_1_747' title='bbox 2324 4307 2536 4377; x_wconf 88' lang='lat' dir='ltr'><strong>peperit</strong></span> <span class='ocrx_word' id='word_1_748' title='bbox 2562 4305 2755 4374; x_wconf 88' lang='lat' dir='ltr'><strong>ﬁlium,</strong></span> <span class='ocrx_word' id='word_1_749' title='bbox 2784 4306 2974 4363; x_wconf 87' lang='lat' dir='ltr'><strong>dicens</strong></span> <span class='ocrx_word' id='word_1_750' title='bbox 3005 4323 3018 4360; x_wconf 90' lang='lat'>:</span> <span class='ocrx_word' id='word_1_751' title='bbox 3054 4306 3294 4362; x_wconf 82' lang='lat' dir='ltr'><strong>Abstulit</strong></span> <span class='ocrx_word' id='word_1_752' title='bbox 3315 4306 3455 4362; x_wconf 91' lang='lat' dir='ltr'><strong>Deus</strong></span> <span class='ocrx_word' id='word_1_753' title='bbox 3477 4322 3573 4377; x_wconf 51' lang='lat' dir='ltr'><strong>op.</strong></span> 
     </span>
    </p>
   </div>
   <div class='ocr_carea' id='block_1_89' title="bbox 1982 4394 3579 4472">
    <p class='ocr_par' dir='ltr' id='par_1_89' title="bbox 1982 4394 3579 4472">
     <span class='ocr_line' id='line_1_89' title="bbox 1982 4394 3579 4472; baseline -0.001 -16"><span class='ocrx_word' id='word_1_754' title='bbox 1982 4400 2263 4472; x_wconf 91' lang='lat' dir='ltr'><strong>probrium</strong></span> <span class='ocrx_word' id='word_1_755' title='bbox 2310 4416 2509 4455; x_wconf 90' lang='lat' dir='ltr'><strong>meum.</strong></span> <span class='ocrx_word' id='word_1_756' title='bbox 2558 4401 2622 4455; x_wconf 78' lang='lat' dir='ltr'><strong>Et</strong></span> <span class='ocrx_word' id='word_1_757' title='bbox 2661 4401 2878 4456; x_wconf 87' lang='lat' dir='ltr'><strong>vocavit</strong></span> <span class='ocrx_word' id='word_1_758' title='bbox 2916 4415 3115 4456; x_wconf 88' lang='lat' dir='ltr'><strong>nomen</strong></span> <span class='ocrx_word' id='word_1_759' title='bbox 3158 4394 3302 4455; x_wconf 66' lang='lat' dir='ltr'><strong>illiu’s</strong></span> <span class='ocrx_word' id='word_1_760' title='bbox 3333 4399 3579 4470; x_wconf 86' lang='lat' dir='ltr'><strong>Joseph,</strong></span> 
     </span>
    </p>
   </div>
   <div class='ocr_carea' id='block_1_90' title="bbox 1988 4492 3581 4551">
    <p class='ocr_par' dir='ltr' id='par_1_90' title="bbox 1988 4492 3581 4551">
     <span class='ocr_line' id='line_1_90' title="bbox 1988 4492 3581 4551; baseline 0.001 -1"><span class='ocrx_word' id='word_1_761' title='bbox 1988 4495 2174 4550; x_wconf 88' lang='lat' dir='ltr'><strong>dicens</strong></span> <span class='ocrx_word' id='word_1_762' title='bbox 2207 4512 2220 4549; x_wconf 89' lang='lat'><strong>:</strong></span> <span class='ocrx_word' id='word_1_763' title='bbox 2254 4493 2429 4549; x_wconf 86' lang='lat' dir='ltr'><strong>Addat</strong></span> <span class='ocrx_word' id='word_1_764' title='bbox 2474 4492 2605 4549; x_wconf 90' lang='lat' dir='ltr'><strong>mihi</strong></span> <span class='ocrx_word' id='word_1_765' title='bbox 2645 4492 2908 4550; x_wconf 91' lang='lat' dir='ltr'><strong>Dominus</strong></span> <span class='ocrx_word' id='word_1_766' title='bbox 2959 4493 3127 4549; x_wconf 91' lang='lat' dir='ltr'><strong>ﬁlium</strong></span> <span class='ocrx_word' id='word_1_767' title='bbox 3160 4494 3408 4549; x_wconf 90' lang='lat' dir='ltr'><strong>alterum.</strong></span> <span class='ocrx_word' id='word_1_768' title='bbox 3443 4493 3581 4551; x_wconf 90' lang='lat' dir='ltr'><strong>Nato</strong></span> 
     </span>
    </p>
   </div>
   <div class='ocr_carea' id='block_1_91' title="bbox 258 4578 3582 4668">
    <p class='ocr_par' dir='ltr' id='par_1_91' title="bbox 258 4578 3582 4668">
     <span class='ocr_line' id='line_1_91' title="bbox 258 4578 3582 4668; baseline -0.002 -15"><span class='ocrx_word' id='word_1_769' title='bbox 258 4597 401 4668; x_wconf 87' lang='lat' dir='ltr'><strong>ejus</strong></span> <span class='ocrx_word' id='word_1_770' title='bbox 456 4594 675 4660; x_wconf 87' lang='lat' dir='ltr'><strong>Ruben,</strong></span> <span class='ocrx_word' id='word_1_771' title='bbox 725 4590 911 4648; x_wconf 90' lang='lat' dir='ltr'><strong>dicens</strong></span> <span class='ocrx_word' id='word_1_772' title='bbox 946 4608 959 4644; x_wconf 91' lang='lat'>:</span> <span class='ocrx_word' id='word_1_773' title='bbox 998 4588 1146 4644; x_wconf 76' lang='lat' dir='ltr'><strong>Vidit</strong></span> <span class='ocrx_word' id='word_1_774' title='bbox 1198 4587 1463 4642; x_wconf 88' lang='lat' dir='ltr'><strong>Dominus</strong></span> <span class='ocrx_word' id='word_1_775' title='bbox 1513 4584 1877 4640; x_wconf 88' lang='lat' dir='ltr'><strong>humilitatem</strong></span> <span class='ocrx_word' id='word_1_776' title='bbox 1908 4578 1959 4639; x_wconf 91' lang='lat' dir='ltr'><strong>D</strong></span> <span class='ocrx_word' id='word_1_777' title='bbox 1987 4598 2167 4646; x_wconf 85' lang='lat' dir='ltr'><strong>autem</strong></span> <span class='ocrx_word' id='word_1_778' title='bbox 2197 4588 2401 4661; x_wconf 84' lang='lat' dir='ltr'><strong>Joseph</strong></span> <span class='ocrx_word' id='word_1_779' title='bbox 2425 4631 2439 4656; x_wconf 90' lang='lat'><strong>,</strong></span> <span class='ocrx_word' id='word_1_780' title='bbox 2473 4588 2609 4645; x_wconf 81' lang='lat' dir='ltr'><strong>dixit</strong></span> <span class='ocrx_word' id='word_1_781' title='bbox 2638 4589 2808 4646; x_wconf 86' lang='lat' dir='ltr'><strong>Jacob</strong></span> <span class='ocrx_word' id='word_1_782' title='bbox 2840 4604 3035 4645; x_wconf 90' lang='lat' dir='ltr'><strong>socero</strong></span> <span class='ocrx_word' id='word_1_783' title='bbox 3066 4605 3164 4645; x_wconf 93' lang='lat' dir='ltr'><strong>suo</strong></span> <span class='ocrx_word' id='word_1_784' title='bbox 3199 4608 3212 4645; x_wconf 93' lang='lat'><strong>:</strong></span> <span class='ocrx_word' id='word_1_785' title='bbox 3244 4590 3461 4646; x_wconf 92' lang='lat' dir='ltr'><strong>Dimitte</strong></span> <span class='ocrx_word' id='word_1_786' title='bbox 3494 4606 3582 4647; x_wconf 87' lang='lat' dir='ltr'><strong>me</strong></span> 
     </span>
    </p>
   </div>
   <div class='ocr_carea' id='block_1_92' title="bbox 258 4680 1877 4750">
    <p class='ocr_par' dir='ltr' id='par_1_92' title="bbox 258 4680 1877 4750">
     <span class='ocr_line' id='line_1_92' title="bbox 258 4680 1877 4750; baseline -0.011 -2"><span class='ocrx_word' id='word_1_787' title='bbox 258 4704 461 4748; x_wconf 81' lang='lat' dir='ltr'><strong>meam</strong></span> <span class='ocrx_word' id='word_1_788' title='bbox 488 4706 500 4740; x_wconf 92' lang='lat'>:</span> <span class='ocrx_word' id='word_1_789' title='bbox 527 4702 667 4743; x_wconf 90' lang='lat' dir='ltr'><strong>nunc</strong></span> <span class='ocrx_word' id='word_1_790' title='bbox 694 4685 895 4741; x_wconf 83' lang='lat' dir='ltr'><strong>amabit</strong></span> <span class='ocrx_word' id='word_1_791' title='bbox 925 4698 1016 4739; x_wconf 92' lang='lat' dir='ltr'><strong>me</strong></span> <span class='ocrx_word' id='word_1_792' title='bbox 1038 4682 1124 4739; x_wconf 90' lang='lat' dir='ltr'><strong>vir</strong></span> <span class='ocrx_word' id='word_1_793' title='bbox 1164 4694 1338 4738; x_wconf 90' lang='lat' dir='ltr'><strong>meus.</strong></span> <span class='ocrx_word' id='word_1_794' title='bbox 1370 4680 1721 4750; x_wconf 90' lang='lat' dir='ltr'><strong>Rursumque</strong></span> <span class='ocrx_word' id='word_1_795' title='bbox 1747 4693 1877 4733; x_wconf 89' lang='lat' dir='ltr'><strong>con-</strong></span> 
     </span>
    </p>
   </div>
   <div class='ocr_carea' id='block_1_93' title="bbox 260 4775 1879 4855">
    <p class='ocr_par' dir='ltr' id='par_1_93' title="bbox 260 4775 1879 4855">
     <span class='ocr_line' id='line_1_93' title="bbox 260 4775 1879 4855; baseline -0.008 -13"><span class='ocrx_word' id='word_1_796' title='bbox 260 4784 436 4855; x_wconf 83' lang='lat' dir='ltr'><strong>cepit</strong></span> <span class='ocrx_word' id='word_1_797' title='bbox 472 4790 531 4838; x_wconf 92' lang='lat' dir='ltr'><strong>et</strong></span> <span class='ocrx_word' id='word_1_798' title='bbox 557 4781 763 4853; x_wconf 86' lang='lat' dir='ltr'><strong>peperit</strong></span> <span class='ocrx_word' id='word_1_799' title='bbox 793 4779 992 4845; x_wconf 91' lang='lat' dir='ltr'><strong>ﬁlium,</strong></span> <span class='ocrx_word' id='word_1_800' title='bbox 1028 4788 1079 4834; x_wconf 89' lang='lat' dir='ltr'><strong>et</strong></span> <span class='ocrx_word' id='word_1_801' title='bbox 1112 4776 1187 4832; x_wconf 90' lang='lat' dir='ltr'><strong>ait</strong></span> <span class='ocrx_word' id='word_1_802' title='bbox 1219 4794 1231 4830; x_wconf 94' lang='lat'>:</span> <span class='ocrx_word' id='word_1_803' title='bbox 1262 4778 1527 4845; x_wconf 87' lang='lat' dir='ltr'><strong>Quoniam</strong></span> <span class='ocrx_word' id='word_1_804' title='bbox 1555 4775 1761 4830; x_wconf 89' lang='lat' dir='ltr'><strong>audivit</strong></span> <span class='ocrx_word' id='word_1_805' title='bbox 1791 4789 1879 4830; x_wconf 90' lang='lat' dir='ltr'><strong>me</strong></span> 
     </span>
    </p>
   </div>
   <div class='ocr_carea' id='block_1_94' title="bbox 262 4867 1879 4943">
    <p class='ocr_par' dir='ltr' id='par_1_94' title="bbox 262 4867 1879 4943">
     <span class='ocr_line' id='line_1_94' title="bbox 262 4867 1879 4943; baseline -0.007 -9"><span class='ocrx_word' id='word_1_806' title='bbox 262 4879 555 4935; x_wconf 87' lang='lat' dir='ltr'><strong>Dominus</strong></span> <span class='ocrx_word' id='word_1_807' title='bbox 576 4875 765 4931; x_wconf 86' lang='lat' dir='ltr'><strong>haberi</strong></span> <span class='ocrx_word' id='word_1_808' title='bbox 787 4872 1147 4943; x_wconf 89' lang='lat' dir='ltr'><strong>contemptui,</strong></span> <span class='ocrx_word' id='word_1_809' title='bbox 1172 4870 1325 4926; x_wconf 92' lang='lat' dir='ltr'><strong>dedit</strong></span> <span class='ocrx_word' id='word_1_810' title='bbox 1345 4869 1507 4926; x_wconf 87' lang='lat' dir='ltr'><strong>etiam</strong></span> <span class='ocrx_word' id='word_1_811' title='bbox 1532 4870 1693 4925; x_wconf 88' lang='lat' dir='ltr'><strong>istum</strong></span> <span class='ocrx_word' id='word_1_812' title='bbox 1722 4867 1879 4939; x_wconf 87' lang='lat' dir='ltr'><strong>mihi,</strong></span> 
     </span>
    </p>
   </div>
   <div class='ocr_carea' id='block_1_95' title="bbox 269 4960 1887 5040">
    <p class='ocr_par' dir='ltr' id='par_1_95' title="bbox 269 4960 1887 5040">
     <span class='ocr_line' id='line_1_95' title="bbox 269 4960 1887 5040; baseline -0.008 -12"><span class='ocrx_word' id='word_1_813' title='bbox 269 4970 617 5040; x_wconf 68' lang='lat' dir='ltr'><strong>vocavitqina</strong></span> <span class='ocrx_word' id='word_1_814' title='bbox 646 4983 840 5024; x_wconf 90' lang='lat' dir='ltr'><strong>nomen</strong></span> <span class='ocrx_word' id='word_1_815' title='bbox 875 4966 990 5036; x_wconf 91' lang='lat' dir='ltr'><strong>ejus</strong></span> <span class='ocrx_word' id='word_1_816' title='bbox 1024 4965 1267 5022; x_wconf 91' lang='lat' dir='ltr'><strong>Simeon.</strong></span> <span class='ocrx_word' id='word_1_817' title='bbox 1310 4960 1576 5033; x_wconf 87' lang='lat' dir='ltr'><strong>Concepit</strong></span> <span class='ocrx_word' id='word_1_818' title='bbox 1608 4962 1797 5027; x_wconf 88' lang='lat' dir='ltr'><strong>tertio,</strong></span> <span class='ocrx_word' id='word_1_819' title='bbox 1831 4969 1887 5016; x_wconf 90' lang='lat' dir='ltr'><strong>et</strong></span> 
     </span>
    </p>
   </div>
   <div class='ocr_carea' id='block_1_96' title="bbox 271 5055 1885 5140">
    <p class='ocr_par' dir='ltr' id='par_1_96' title="bbox 271 5055 1885 5140">
     <span class='ocr_line' id='line_1_96' title="bbox 271 5055 1885 5140; baseline -0.007 -19"><span class='ocrx_word' id='word_1_820' title='bbox 271 5066 482 5140; x_wconf 80' lang='lat' dir='ltr'><strong>genuit</strong></span> <span class='ocrx_word' id='word_1_821' title='bbox 520 5064 683 5118; x_wconf 87' lang='lat' dir='ltr'><strong>alium</strong></span> <span class='ocrx_word' id='word_1_822' title='bbox 734 5079 747 5116; x_wconf 86' lang='lat'>:</span> <span class='ocrx_word' id='word_1_823' title='bbox 795 5060 1041 5130; x_wconf 85' lang='lat' dir='ltr'><strong>dixitque</strong></span> <span class='ocrx_word' id='word_1_824' title='bbox 1072 5075 1085 5112; x_wconf 87' lang='lat'><strong>:</strong></span> <span class='ocrx_word' id='word_1_825' title='bbox 1116 5057 1273 5113; x_wconf 84' lang='lat' dir='ltr'><strong>Nunc</strong></span> <span class='ocrx_word' id='word_1_826' title='bbox 1300 5072 1515 5128; x_wconf 91' lang='lat' dir='ltr'><strong>quoque</strong></span> <span class='ocrx_word' id='word_1_827' title='bbox 1542 5055 1885 5127; x_wconf 87' lang='lat' dir='ltr'><strong>copulabitur</strong></span> 
     </span>
    </p>
   </div>
   <div class='ocr_carea' id='block_1_97' title="bbox 274 5148 1891 5224">
    <p class='ocr_par' dir='ltr' id='par_1_97' title="bbox 274 5148 1891 5224">
     <span class='ocr_line' id='line_1_97' title="bbox 274 5148 1891 5224; baseline -0.009 -7"><span class='ocrx_word' id='word_1_828' title='bbox 274 5158 429 5217; x_wconf 86' lang='lat' dir='ltr'><strong>mihi</strong></span> <span class='ocrx_word' id='word_1_829' title='bbox 445 5157 665 5212; x_wconf 88' lang='lat' dir='ltr'><strong>maritus</strong></span> <span class='ocrx_word' id='word_1_830' title='bbox 679 5169 856 5221; x_wconf 88' lang='lat' dir='ltr'><strong>meus,</strong></span> <span class='ocrx_word' id='word_1_831' title='bbox 870 5169 936 5209; x_wconf 90' lang='lat' dir='ltr'><strong>eo</strong></span> <span class='ocrx_word' id='word_1_832' title='bbox 956 5152 1096 5224; x_wconf 91' lang='lat' dir='ltr'><strong>quod</strong></span> <span class='ocrx_word' id='word_1_833' title='bbox 1116 5152 1421 5224; x_wconf 90' lang='lat' dir='ltr'><strong>pepererim</strong></span> <span class='ocrx_word' id='word_1_834' title='bbox 1443 5150 1495 5206; x_wconf 93' lang='lat' dir='ltr'><strong>ei</strong></span> <span class='ocrx_word' id='word_1_835' title='bbox 1517 5158 1630 5206; x_wconf 91' lang='lat' dir='ltr'><strong>tres</strong></span> <span class='ocrx_word' id='word_1_836' title='bbox 1653 5148 1818 5217; x_wconf 90' lang='lat' dir='ltr'><strong>ﬁlios,</strong></span> <span class='ocrx_word' id='word_1_837' title='bbox 1835 5156 1891 5204; x_wconf 91' lang='lat' dir='ltr'><strong>et</strong></span> 
     </span>
    </p>
   </div>
   <div class='ocr_carea' id='block_1_98' title="bbox 278 5243 1887 5322">
    <p class='ocr_par' dir='ltr' id='par_1_98' title="bbox 278 5243 1887 5322">
     <span class='ocr_line' id='line_1_98' title="bbox 278 5243 1887 5322; baseline -0.007 -13"><span class='ocrx_word' id='word_1_838' title='bbox 278 5253 504 5310; x_wconf 88' lang='lat' dir='ltr'><strong>idcirco</strong></span> <span class='ocrx_word' id='word_1_839' title='bbox 520 5248 1017 5322; x_wconf 87' lang='lat' dir='ltr'><strong>appellavitnomen</strong></span> <span class='ocrx_word' id='word_1_840' title='bbox 1050 5245 1191 5317; x_wconf 89' lang='lat' dir='ltr'><strong>ejus,</strong></span> <span class='ocrx_word' id='word_1_841' title='bbox 1213 5243 1583 5312; x_wconf 85' lang='lat' dir='ltr'><strong>Levi.Quarto</strong></span> <span class='ocrx_word' id='word_1_842' title='bbox 1613 5243 1887 5313; x_wconf 89' lang='lat' dir='ltr'><strong>concepit,</strong></span> 
     </span>
    </p>
   </div>
   <div class='ocr_carea' id='block_1_99' title="bbox 358 5382 1887 5459">
    <p class='ocr_par' dir='ltr' id='par_1_99' title="bbox 358 5382 1887 5459">
     <span class='ocr_line' id='line_1_99' title="bbox 358 5382 1887 5459; baseline -0.009 -11"><span class='ocrx_word' id='word_1_843' title='bbox 358 5405 394 5432; x_wconf 77' lang='grc' dir='ltr'>ει</span> <span class='ocrx_word' id='word_1_844' title='bbox 421 5389 771 5459; x_wconf 77' lang='lat' dir='ltr'><strong>Illanttscripli</strong></span> <span class='ocrx_word' id='word_1_845' title='bbox 802 5387 1018 5445; x_wconf 88' lang='lat' dir='ltr'><strong>codices</strong></span> <span class='ocrx_word' id='word_1_846' title='bbox 1050 5384 1271 5459; x_wconf 75' lang='lat' dir='ltr'><strong>Isachar</strong></span> <span class='ocrx_word' id='word_1_847' title='bbox 1300 5398 1513 5459; x_wconf 87' lang='lat' dir='ltr'><strong>semper</strong></span> <span class='ocrx_word' id='word_1_848' title='bbox 1542 5382 1728 5459; x_wconf 77' lang='lat' dir='ltr'><strong>legunt</strong></span> <span class='ocrx_word' id='word_1_849' title='bbox 1765 5395 1887 5459; x_wconf 82' lang='lat' dir='ltr'><strong>cum</strong></span> 
     </span>
    </p>
   </div>
   <div class='ocr_carea' id='block_1_100' title="bbox 278 5454 1895 5531">
    <p class='ocr_par' dir='ltr' id='par_1_100' title="bbox 278 5454 1895 5531">
     <span class='ocr_line' id='line_1_100' title="bbox 278 5454 1895 5531; baseline -0.011 -7"><span class='ocrx_word' id='word_1_850' title='bbox 278 5468 453 5524; x_wconf 85' lang='lat' dir='ltr'><strong>unico</strong></span> <span class='ocrx_word' id='word_1_851' title='bbox 481 5481 527 5531; x_wconf 70' lang='grc' dir='ltr'><strong>δ,</strong></span> <span class='ocrx_word' id='word_1_852' title='bbox 557 5472 611 5518; x_wconf 90' lang='lat' dir='ltr'><strong>et</strong></span> <span class='ocrx_word' id='word_1_853' title='bbox 649 5454 709 5517; x_wconf 80' lang='lat' dir='ltr'><strong>in</strong></span> <span class='ocrx_word' id='word_1_854' title='bbox 734 5460 969 5517; x_wconf 67' lang='lat' dir='ltr'><strong>Hebraeo</strong></span> <span class='ocrx_word' id='word_1_855' title='bbox 1000 5458 1261 5514; x_wconf 89' lang='lat' dir='ltr'><strong>hodierno</strong></span> <span class='ocrx_word' id='word_1_856' title='bbox 1307 5457 1538 5531; x_wconf 78' lang='lat' dir='ltr'><strong>alterum</strong></span> <span class='ocrx_word' id='word_1_857' title='bbox 1568 5454 1731 5531; x_wconf 72' lang='lat' dir='ltr'><strong>schim</strong></span> <span class='ocrx_word' id='word_1_858' title='bbox 1754 5455 1895 5531; x_wconf 42' lang='lat' dir='ltr'><strong>otio-1</strong></span> 
     </span>
    </p>
   </div>
   <div class='ocr_carea' id='block_1_101' title="bbox 280 5525 1897 5599">
    <p class='ocr_par' dir='ltr' id='par_1_101' title="bbox 280 5525 1897 5599">
     <span class='ocr_line' id='line_1_101' title="bbox 280 5525 1897 5599; baseline -0.01 -3"><span class='ocrx_word' id='word_1_859' title='bbox 280 5555 415 5596; x_wconf 87' lang='lat' dir='ltr'><strong>sum</strong></span> <span class='ocrx_word' id='word_1_860' title='bbox 456 5525 576 5591; x_wconf 79' lang='lat' dir='ltr'><strong>esse</strong></span> <span class='ocrx_word' id='word_1_861' title='bbox 607 5534 842 5599; x_wconf 89' lang='lat' dir='ltr'><strong>videtur,</strong></span> <span class='ocrx_word' id='word_1_862' title='bbox 875 5532 997 5599; x_wconf 89' lang='lat' dir='ltr'><strong>quia</strong></span> <span class='ocrx_word' id='word_1_863' title='bbox 1049 5530 1251 5583; x_wconf 86' lang='lat' dir='ltr'><strong>nullam</strong></span> <span class='ocrx_word' id='word_1_864' title='bbox 1307 5527 1470 5583; x_wconf 88' lang='lat' dir='ltr'><strong>habet</strong></span> <span class='ocrx_word' id='word_1_865' title='bbox 1516 5526 1763 5599; x_wconf 89' lang='lat' dir='ltr'><strong>vocalem</strong></span> <span class='ocrx_word' id='word_1_866' title='bbox 1794 5525 1897 5580; x_wconf 86' lang='lat' dir='ltr'><strong>sibi</strong></span> 
     </span>
    </p>
   </div>
   <div class='ocr_carea' id='block_1_102' title="bbox 281 5598 1900 5669">
    <p class='ocr_par' dir='ltr' id='par_1_102' title="bbox 281 5598 1900 5669">
     <span class='ocr_line' id='line_1_102' title="bbox 281 5598 1900 5669; baseline -0.009 -2"><span class='ocrx_word' id='word_1_867' title='bbox 281 5611 519 5667; x_wconf 83' lang='lat' dir='ltr'><strong>sociam.</strong></span> <span class='ocrx_word' id='word_1_868' title='bbox 556 5598 926 5662; x_wconf 85' lang='lat' dir='ltr'><strong>Nihilominus</strong></span> <span class='ocrx_word' id='word_1_869' title='bbox 955 5602 1155 5669; x_wconf 87' lang='lat' dir='ltr'><strong>duplex</strong></span> <span class='ocrx_word' id='word_1_870' title='bbox 1184 5618 1233 5655; x_wconf 81' lang='lat' dir='ltr'><strong>ss</strong></span> <span class='ocrx_word' id='word_1_871' title='bbox 1262 5601 1331 5655; x_wconf 89' lang='lat' dir='ltr'><strong>ab</strong></span> <span class='ocrx_word' id='word_1_872' title='bbox 1354 5599 1686 5668; x_wconf 85' lang='lat' dir='ltr'><strong>llieronymo</strong></span> <span class='ocrx_word' id='word_1_873' title='bbox 1713 5598 1900 5667; x_wconf 82' lang='lat' dir='ltr'><strong>legen-</strong></span> 
     </span>
    </p>
   </div>
   <div class='ocr_carea' id='block_1_103' title="bbox 287 5669 1901 5741">
    <p class='ocr_par' dir='ltr' id='par_1_103' title="bbox 287 5669 1901 5741">
     <span class='ocr_line' id='line_1_103' title="bbox 287 5669 1901 5741; baseline -0.01 -2"><span class='ocrx_word' id='word_1_874' title='bbox 287 5684 421 5739; x_wconf 88' lang='lat' dir='ltr'><strong>dum</strong></span> <span class='ocrx_word' id='word_1_875' title='bbox 452 5680 749 5741; x_wconf 85' lang='lat' dir='ltr'><strong>discimus;</strong></span> <span class='ocrx_word' id='word_1_876' title='bbox 784 5676 852 5730; x_wconf 89' lang='lat' dir='ltr'><strong>de</strong></span> <span class='ocrx_word' id='word_1_877' title='bbox 880 5676 1070 5730; x_wconf 91' lang='lat' dir='ltr'><strong>eodem</strong></span> <span class='ocrx_word' id='word_1_878' title='bbox 1113 5674 1257 5728; x_wconf 85' lang='lat' dir='ltr'><strong>enim</strong></span> <span class='ocrx_word' id='word_1_879' title='bbox 1289 5672 1509 5727; x_wconf 89' lang='lat' dir='ltr'><strong>nomine</strong></span> <span class='ocrx_word' id='word_1_880' title='bbox 1541 5671 1610 5724; x_wconf 89' lang='lat' dir='ltr'><strong>ita</strong></span> <span class='ocrx_word' id='word_1_881' title='bbox 1642 5669 1901 5725; x_wconf 87' lang='lat' dir='ltr'><strong>disseruit</strong></span> 
     </span>
    </p>
   </div>
   <div class='ocr_carea' id='block_1_104' title="bbox 288 5741 1901 5821">
    <p class='ocr_par' dir='ltr' id='par_1_104' title="bbox 288 5741 1901 5821">
     <span class='ocr_line' id='line_1_104' title="bbox 288 5741 1901 5821; baseline -0.01 -11"><span class='ocrx_word' id='word_1_882' title='bbox 288 5756 346 5810; x_wconf 85' lang='lat' dir='ltr'><strong>in</strong></span> <span class='ocrx_word' id='word_1_883' title='bbox 375 5756 584 5821; x_wconf 69' lang='lat' dir='ltr'><strong>Quaest.</strong></span> <span class='ocrx_word' id='word_1_884' title='bbox 619 5747 935 5821; x_wconf 81' lang='lat' dir='ltr'><strong>Hebraicis:</strong></span> <span class='ocrx_word' id='word_1_885' title='bbox 963 5744 1363 5821; x_wconf 68' lang='lat' dir='ltr'><strong>Etymologiarn,</strong></span> <span class='ocrx_word' id='word_1_886' title='bbox 1392 5743 1589 5814; x_wconf 87' lang='lat' dir='ltr'><strong>inquit,</strong></span> <span class='ocrx_word' id='word_1_887' title='bbox 1623 5741 1780 5813; x_wconf 83' lang='lat' dir='ltr'><strong>hujus</strong></span> <span class='ocrx_word' id='word_1_888' title='bbox 1804 5757 1901 5795; x_wconf 84' lang='lat' dir='ltr'><strong>no-</strong></span> 
     </span>
    </p>
   </div>
   <div class='ocr_carea' id='block_1_105' title="bbox 293 5817 1900 5897">
    <p class='ocr_par' dir='ltr' id='par_1_105' title="bbox 293 5817 1900 5897">
     <span class='ocr_line' id='line_1_105' title="bbox 293 5817 1900 5897; baseline -0.009 -14"><span class='ocrx_word' id='word_1_889' title='bbox 293 5817 455 5883; x_wconf 68' lang='lat' dir='ltr'><strong>minis</strong></span> <span class='ocrx_word' id='word_1_890' title='bbox 484 5822 833 5897; x_wconf 79' lang='lat' dir='ltr'><strong>Septuaginta</strong></span> <span class='ocrx_word' id='word_1_891' title='bbox 860 5820 1164 5887; x_wconf 78' lang='lat' dir='ltr'><strong>interpretes</strong></span> <span class='ocrx_word' id='word_1_892' title='bbox 1206 5817 1501 5886; x_wconf 76' lang='lat' dir='ltr'><strong>ediderunt,</strong></span> <span class='ocrx_word' id='word_1_893' title='bbox 1540 5820 1623 5871; x_wconf 88' lang='lat' dir='ltr'><strong>est</strong></span> <span class='ocrx_word' id='word_1_894' title='bbox 1653 5828 1900 5870; x_wconf 85' lang='lat' dir='ltr'><strong>merces:</strong></span> 
     </span>
    </p>
   </div>
   <div class='ocr_carea' id='block_1_106' title="bbox 704 5910 1320 5977">
    <p class='ocr_par' dir='ltr' id='par_1_106' title="bbox 704 5910 1320 5977">
     <span class='ocr_line' id='line_1_106' title="bbox 704 5910 1320 5977; baseline -0.008 -1"><span class='ocrx_word' id='word_1_895' title='bbox 704 5914 977 5976; x_wconf 77' lang='lat' dir='ltr'><strong>PATROL.</strong></span> <span class='ocrx_word' id='word_1_896' title='bbox 1020 5910 1320 5977; x_wconf 81' lang='lat' dir='ltr'><strong>XXVIII.</strong></span> 
     </span>
    </p>
   </div>
   <div class='ocr_carea' id='block_1_107' title="bbox 1989 4682 3586 4751">
    <p class='ocr_par' dir='ltr' id='par_1_107' title="bbox 1989 4682 3586 4751">
     <span class='ocr_line' id='line_1_107' title="bbox 1989 4682 3586 4751; baseline 0.001 -12"><span class='ocrx_word' id='word_1_897' title='bbox 1989 4691 2048 4739; x_wconf 89' lang='lat' dir='ltr'><strong>ut</strong></span> <span class='ocrx_word' id='word_1_898' title='bbox 2072 4691 2315 4738; x_wconf 89' lang='lat' dir='ltr'><strong>revertar</strong></span> <span class='ocrx_word' id='word_1_899' title='bbox 2346 4682 2397 4735; x_wconf 93' lang='lat' dir='ltr'><strong>in</strong></span> <span class='ocrx_word' id='word_1_900' title='bbox 2432 4682 2683 4751; x_wconf 88' lang='lat' dir='ltr'><strong>patriam,</strong></span> <span class='ocrx_word' id='word_1_901' title='bbox 2716 4690 2772 4738; x_wconf 91' lang='lat' dir='ltr'><strong>et</strong></span> <span class='ocrx_word' id='word_1_902' title='bbox 2801 4682 2867 4737; x_wconf 89' lang='lat' dir='ltr'><strong>ad</strong></span> <span class='ocrx_word' id='word_1_903' title='bbox 2900 4692 3098 4738; x_wconf 89' lang='lat' dir='ltr'><strong>terram</strong></span> <span class='ocrx_word' id='word_1_904' title='bbox 3126 4698 3323 4738; x_wconf 89' lang='lat' dir='ltr'><strong>meam.</strong></span> <span class='ocrx_word' id='word_1_905' title='bbox 3350 4684 3425 4739; x_wconf 89' lang='lat' dir='ltr'><strong>Da</strong></span> <span class='ocrx_word' id='word_1_906' title='bbox 3451 4684 3586 4742; x_wconf 90' lang='lat' dir='ltr'><strong>mihi</strong></span> 
     </span>
    </p>
   </div>
   <div class='ocr_carea' id='block_1_108' title="bbox 1991 4774 3587 4847">
    <p class='ocr_par' dir='ltr' id='par_1_108' title="bbox 1991 4774 3587 4847">
     <span class='ocr_line' id='line_1_108' title="bbox 1991 4774 3587 4847; baseline 0.003 -17"><span class='ocrx_word' id='word_1_907' title='bbox 1991 4788 2210 4841; x_wconf 87' lang='lat' dir='ltr'><strong>uxores,</strong></span> <span class='ocrx_word' id='word_1_908' title='bbox 2247 4783 2301 4830; x_wconf 88' lang='lat' dir='ltr'><strong>et</strong></span> <span class='ocrx_word' id='word_1_909' title='bbox 2329 4774 2533 4829; x_wconf 91' lang='lat' dir='ltr'><strong>liberos</strong></span> <span class='ocrx_word' id='word_1_910' title='bbox 2563 4788 2737 4841; x_wconf 89' lang='lat' dir='ltr'><strong>meos,</strong></span> <span class='ocrx_word' id='word_1_911' title='bbox 2768 4790 2870 4845; x_wconf 89' lang='lat' dir='ltr'><strong>pro</strong></span> <span class='ocrx_word' id='word_1_912' title='bbox 2902 4776 3096 4843; x_wconf 88' lang='lat' dir='ltr'><strong>quibus</strong></span> <span class='ocrx_word' id='word_1_913' title='bbox 3126 4777 3325 4832; x_wconf 88' lang='lat' dir='ltr'><strong>servivi</strong></span> <span class='ocrx_word' id='word_1_914' title='bbox 3357 4778 3451 4833; x_wconf 90' lang='lat' dir='ltr'><strong>tibi</strong></span> <span class='ocrx_word' id='word_1_915' title='bbox 3478 4821 3492 4847; x_wconf 93' lang='lat'><strong>,</strong></span> <span class='ocrx_word' id='word_1_916' title='bbox 3526 4787 3587 4834; x_wconf 94' lang='lat' dir='ltr'><strong>ut</strong></span> 
     </span>
    </p>
   </div>
   <div class='ocr_carea' id='block_1_109' title="bbox 1991 4869 3588 4939">
    <p class='ocr_par' dir='ltr' id='par_1_109' title="bbox 1991 4869 3588 4939">
     <span class='ocr_line' id='line_1_109' title="bbox 1991 4869 3588 4939; baseline 0.003 -15"><span class='ocrx_word' id='word_1_917' title='bbox 1991 4870 2182 4926; x_wconf 89' lang='lat' dir='ltr'><strong>abeam</strong></span> <span class='ocrx_word' id='word_1_918' title='bbox 2213 4884 2229 4929; x_wconf 84' lang='lat'><strong>;</strong></span> <span class='ocrx_word' id='word_1_919' title='bbox 2262 4876 2316 4922; x_wconf 91' lang='lat' dir='ltr'><strong>tu</strong></span> <span class='ocrx_word' id='word_1_920' title='bbox 2346 4870 2487 4922; x_wconf 75' lang='lat' dir='ltr'><strong>nosﬁ</strong></span> <span class='ocrx_word' id='word_1_921' title='bbox 2518 4869 2835 4922; x_wconf 85' lang='lat' dir='ltr'><strong>servitutem</strong></span> <span class='ocrx_word' id='word_1_922' title='bbox 2872 4884 2991 4939; x_wconf 77' lang='lat' dir='ltr'><strong>qua:</strong></span> <span class='ocrx_word' id='word_1_923' title='bbox 3018 4870 3218 4925; x_wconf 90' lang='lat' dir='ltr'><strong>servivi</strong></span> <span class='ocrx_word' id='word_1_924' title='bbox 3255 4870 3370 4925; x_wconf 87' lang='lat' dir='ltr'><strong>tibi.</strong></span> <span class='ocrx_word' id='word_1_925' title='bbox 3407 4872 3495 4925; x_wconf 87' lang='lat' dir='ltr'><strong>Ait</strong></span> <span class='ocrx_word' id='word_1_926' title='bbox 3535 4871 3588 4928; x_wconf 92' lang='lat' dir='ltr'><strong>ei</strong></span> 
     </span>
    </p>
   </div>
   <div class='ocr_carea' id='block_1_110' title="bbox 1995 4960 3588 5036">
    <p class='ocr_par' dir='ltr' id='par_1_110' title="bbox 1995 4960 3588 5036">
     <span class='ocr_line' id='line_1_110' title="bbox 1995 4960 3588 5036; baseline 0.002 -19"><span class='ocrx_word' id='word_1_927' title='bbox 1995 4961 2179 5018; x_wconf 84' lang='lat' dir='ltr'><strong>Labau</strong></span> <span class='ocrx_word' id='word_1_928' title='bbox 2214 4976 2228 5014; x_wconf 88' lang='lat'><strong>:</strong></span> <span class='ocrx_word' id='word_1_929' title='bbox 2263 4960 2536 5017; x_wconf 88' lang='lat' dir='ltr'><strong>Inveniam</strong></span> <span class='ocrx_word' id='word_1_930' title='bbox 2563 4961 2792 5031; x_wconf 88' lang='lat' dir='ltr'><strong>gratiam</strong></span> <span class='ocrx_word' id='word_1_931' title='bbox 2822 4961 2875 5016; x_wconf 92' lang='lat' dir='ltr'><strong>in</strong></span> <span class='ocrx_word' id='word_1_932' title='bbox 2917 4970 3215 5031; x_wconf 87' lang='lat' dir='ltr'><strong>conspectu</strong></span> <span class='ocrx_word' id='word_1_933' title='bbox 3246 4971 3335 5017; x_wconf 91' lang='lat' dir='ltr'><strong>tuo</strong></span> <span class='ocrx_word' id='word_1_934' title='bbox 3367 4979 3380 5021; x_wconf 90' lang='lat'>:</span> <span class='ocrx_word' id='word_1_935' title='bbox 3415 4979 3588 5036; x_wconf 86' lang='lat' dir='ltr'><strong>expe-</strong></span> 
     </span>
    </p>
   </div>
   <div class='ocr_carea' id='block_1_111' title="bbox 1994 5051 3591 5127">
    <p class='ocr_par' dir='ltr' id='par_1_111' title="bbox 1994 5051 3591 5127">
     <span class='ocr_line' id='line_1_111' title="bbox 1994 5051 3591 5127; baseline 0.004 -19"><span class='ocrx_word' id='word_1_936' title='bbox 1994 5054 2227 5110; x_wconf 90' lang='lat' dir='ltr'><strong>rimento</strong></span> <span class='ocrx_word' id='word_1_937' title='bbox 2257 5052 2450 5119; x_wconf 89' lang='lat' dir='ltr'><strong>didici,</strong></span> <span class='ocrx_word' id='word_1_938' title='bbox 2482 5051 2626 5123; x_wconf 92' lang='lat' dir='ltr'><strong>quod</strong></span> <span class='ocrx_word' id='word_1_939' title='bbox 2658 5052 3000 5109; x_wconf 87' lang='lat' dir='ltr'><strong>benedixerit</strong></span> <span class='ocrx_word' id='word_1_940' title='bbox 3031 5053 3160 5109; x_wconf 88' lang='lat' dir='ltr'><strong>mihi</strong></span> <span class='ocrx_word' id='word_1_941' title='bbox 3191 5054 3335 5111; x_wconf 90' lang='lat' dir='ltr'><strong>Deus</strong></span> <span class='ocrx_word' id='word_1_942' title='bbox 3368 5069 3591 5127; x_wconf 87' lang='lat' dir='ltr'><strong>propter</strong></span> 
     </span>
    </p>
   </div>
   <div class='ocr_carea' id='block_1_112' title="bbox 1999 5148 3593 5221">
    <p class='ocr_par' dir='ltr' id='par_1_112' title="bbox 1999 5148 3593 5221">
     <span class='ocr_line' id='line_1_112' title="bbox 1999 5148 3593 5221; baseline 0.004 -16"><span class='ocrx_word' id='word_1_943' title='bbox 1999 5159 2051 5205; x_wconf 92' lang='lat' dir='ltr'><strong>te</strong></span> <span class='ocrx_word' id='word_1_944' title='bbox 2079 5166 2092 5203; x_wconf 92' lang='lat'><strong>:</strong></span> <span class='ocrx_word' id='word_1_945' title='bbox 2122 5150 2399 5205; x_wconf 90' lang='lat' dir='ltr'><strong>constitue</strong></span> <span class='ocrx_word' id='word_1_946' title='bbox 2423 5148 2731 5204; x_wconf 88' lang='lat' dir='ltr'><strong>mercedem</strong></span> <span class='ocrx_word' id='word_1_947' title='bbox 2757 5156 2906 5205; x_wconf 88' lang='lat' dir='ltr'><strong>tuam</strong></span> <span class='ocrx_word' id='word_1_948' title='bbox 2928 5165 3090 5221; x_wconf 92' lang='lat' dir='ltr'><strong>quam</strong></span> <span class='ocrx_word' id='word_1_949' title='bbox 3114 5151 3237 5206; x_wconf 93' lang='lat' dir='ltr'><strong>dem</strong></span> <span class='ocrx_word' id='word_1_950' title='bbox 3263 5152 3379 5208; x_wconf 89' lang='lat' dir='ltr'><strong>tibi.</strong></span> <span class='ocrx_word' id='word_1_951' title='bbox 3402 5154 3471 5208; x_wconf 88' lang='lat' dir='ltr'><strong>At</strong></span> <span class='ocrx_word' id='word_1_952' title='bbox 3496 5153 3593 5211; x_wconf 88' lang='lat' dir='ltr'><strong>ille</strong></span> 
     </span>
    </p>
   </div>
   <div class='ocr_carea' id='block_1_113' title="bbox 1998 5241 3593 5315">
    <p class='ocr_par' dir='ltr' id='par_1_113' title="bbox 1998 5241 3593 5315">
     <span class='ocr_line' id='line_1_113' title="bbox 1998 5241 3593 5315; baseline 0.003 -15"><span class='ocrx_word' id='word_1_953' title='bbox 1998 5243 2283 5315; x_wconf 79' lang='lat' dir='ltr'><strong>reSpondit</strong></span> <span class='ocrx_word' id='word_1_954' title='bbox 2317 5260 2330 5298; x_wconf 91' lang='lat'>:</span> <span class='ocrx_word' id='word_1_955' title='bbox 2361 5241 2441 5299; x_wconf 91' lang='lat' dir='ltr'><strong>Tu</strong></span> <span class='ocrx_word' id='word_1_956' title='bbox 2496 5242 2642 5299; x_wconf 88' lang='lat' dir='ltr'><strong>nosti</strong></span> <span class='ocrx_word' id='word_1_957' title='bbox 2689 5243 2965 5315; x_wconf 77' lang='lat' dir='ltr'><strong>quomodo</strong></span> <span class='ocrx_word' id='word_1_958' title='bbox 3009 5243 3294 5301; x_wconf 87' lang='lat' dir='ltr'><strong>servierim</strong></span> <span class='ocrx_word' id='word_1_959' title='bbox 3355 5246 3485 5315; x_wconf 91' lang='lat' dir='ltr'><strong>tibi,</strong></span> <span class='ocrx_word' id='word_1_960' title='bbox 3539 5255 3593 5304; x_wconf 88' lang='lat' dir='ltr'><strong>et</strong></span> 
     </span>
    </p>
   </div>
   <div class='ocr_carea' id='block_1_114' title="bbox 2000 5376 3596 5452">
    <p class='ocr_par' dir='ltr' id='par_1_114' title="bbox 2000 5376 3596 5452">
     <span class='ocr_line' id='line_1_114' title="bbox 2000 5376 3596 5452; baseline 0.001 -16"><span class='ocrx_word' id='word_1_961' title='bbox 2000 5397 2101 5436; x_wconf 86' lang='lat' dir='ltr'><strong>non</strong></span> <span class='ocrx_word' id='word_1_962' title='bbox 2132 5382 2327 5451; x_wconf 79' lang='lat' dir='ltr'><strong>utique,</strong></span> <span class='ocrx_word' id='word_1_963' title='bbox 2348 5388 2403 5434; x_wconf 85' lang='lat' dir='ltr'><strong>ut</strong></span> <span class='ocrx_word' id='word_1_964' title='bbox 2426 5376 2655 5452; x_wconf 78' lang='lat' dir='ltr'><strong>plerique</strong></span> <span class='ocrx_word' id='word_1_965' title='bbox 2683 5378 2864 5435; x_wconf 66' lang='lat' dir='ltr'><strong>addito</strong></span> <span class='ocrx_word' id='word_1_966' title='bbox 2887 5382 3212 5450; x_wconf 84' lang='lat' dir='ltr'><strong>pronomine,</strong></span> <span class='ocrx_word' id='word_1_967' title='bbox 3235 5380 3373 5435; x_wconf 84' lang='lat' dir='ltr'><strong>male</strong></span> <span class='ocrx_word' id='word_1_968' title='bbox 3397 5380 3596 5452; x_wconf 83' lang='lat' dir='ltr'><strong>legunt,</strong></span> 
     </span>
    </p>
   </div>
   <div class='ocr_carea' id='block_1_115' title="bbox 2001 5450 3598 5523">
    <p class='ocr_par' dir='ltr' id='par_1_115' title="bbox 2001 5450 3598 5523">
     <span class='ocr_line' id='line_1_115' title="bbox 2001 5450 3598 5523; baseline 0.001 -14"><span class='ocrx_word' id='word_1_969' title='bbox 2001 5450 2366 5509; x_wconf 76' lang='lat' dir='ltr'><strong>testimandum</strong></span> <span class='ocrx_word' id='word_1_970' title='bbox 2395 5460 2469 5505; x_wconf 87' lang='lat' dir='ltr'><strong>est</strong></span> <span class='ocrx_word' id='word_1_971' title='bbox 2495 5450 2569 5503; x_wconf 81' lang='lat' dir='ltr'><strong>ita</strong></span> <span class='ocrx_word' id='word_1_972' title='bbox 2607 5453 2859 5523; x_wconf 80' lang='lat' dir='ltr'><strong>scriptum</strong></span> <span class='ocrx_word' id='word_1_973' title='bbox 2890 5468 3020 5517; x_wconf 85' lang='lat' dir='ltr'><strong>esse,</strong></span> <span class='ocrx_word' id='word_1_974' title='bbox 3079 5453 3223 5523; x_wconf 90' lang='lat' dir='ltr'><strong>quod</strong></span> <span class='ocrx_word' id='word_1_975' title='bbox 3248 5465 3327 5507; x_wconf 87' lang='lat' dir='ltr'><strong>eSt</strong></span> <span class='ocrx_word' id='word_1_976' title='bbox 3362 5450 3598 5522; x_wconf 77' lang='lat' dir='ltr'><strong>merces,</strong></span> 
     </span>
    </p>
   </div>
   <div class='ocr_carea' id='block_1_116' title="bbox 2002 5523 3602 5597">
    <p class='ocr_par' dir='ltr' id='par_1_116' title="bbox 2002 5523 3602 5597">
     <span class='ocr_line' id='line_1_116' title="bbox 2002 5523 3602 5597; baseline 0 -17"><span class='ocrx_word' id='word_1_977' title='bbox 2002 5525 2093 5581; x_wconf 82' lang='lat' dir='ltr'><strong>sed</strong></span> <span class='ocrx_word' id='word_1_978' title='bbox 2123 5533 2286 5578; x_wconf 85' lang='lat' dir='ltr'><strong>totum</strong></span> <span class='ocrx_word' id='word_1_979' title='bbox 2312 5539 2497 5597; x_wconf 78' lang='lat' dir='ltr'><strong>nomen</strong></span> <span class='ocrx_word' id='word_1_980' title='bbox 2528 5523 2921 5597; x_wconf 75' lang='lat' dir='ltr'><strong>interpretatur,</strong></span> <span class='ocrx_word' id='word_1_981' title='bbox 2939 5533 3027 5597; x_wconf 83' lang='lat' dir='ltr'><strong>est</strong></span> <span class='ocrx_word' id='word_1_982' title='bbox 3059 5539 3292 5580; x_wconf 90' lang='lat' dir='ltr'><strong>merces.</strong></span> <span class='ocrx_word' id='word_1_983' title='bbox 3326 5524 3375 5579; x_wconf 90' lang='lat' dir='ltr'><strong>Is</strong></span> <span class='ocrx_word' id='word_1_984' title='bbox 3413 5527 3602 5597; x_wconf 83' lang='lat' dir='ltr'><strong>quippe</strong></span> 
     </span>
    </p>
   </div>
   <div class='ocr_carea' id='block_1_117' title="bbox 2006 5594 3083 5662">
    <p class='ocr_par' dir='ltr' id='par_1_117' title="bbox 2006 5594 3083 5662">
     <span class='ocr_line' id='line_1_117' title="bbox 2006 5594 3083 5662; baseline -0.001 -12"><span class='ocrx_word' id='word_1_985' title='bbox 2006 5598 2197 5652; x_wconf 84' lang='lat' dir='ltr'><strong>dicitur</strong></span> <span class='ocrx_word' id='word_1_986' title='bbox 2226 5604 2331 5662; x_wconf 91' lang='lat' dir='ltr'><strong>est,</strong></span> <span class='ocrx_word' id='word_1_987' title='bbox 2355 5604 2406 5649; x_wconf 79' lang='lat' dir='ltr'><strong>et</strong></span> <span class='ocrx_word' id='word_1_988' title='bbox 2428 5594 2635 5651; x_wconf 87' lang='lat' dir='ltr'><strong>Sachar</strong></span> <span class='ocrx_word' id='word_1_989' title='bbox 2658 5594 2873 5652; x_wconf 74' lang='lat' dir='ltr'><strong>merces.</strong></span> <span class='ocrx_word' id='word_1_990' title='bbox 2907 5595 3083 5651; x_wconf 81' lang='lat' dir='ltr'><strong>MART.</strong></span> 
     </span>
    </p>
   </div>
   <div class='ocr_carea' id='block_1_118' title="bbox 2080 5666 3601 5738">
    <p class='ocr_par' dir='ltr' id='par_1_118' title="bbox 2080 5666 3601 5738">
     <span class='ocr_line' id='line_1_118' title="bbox 2080 5666 3601 5738; baseline 0.001 -15"><span class='ocrx_word' id='word_1_991' title='bbox 2080 5666 2357 5723; x_wconf 81' lang='lat' dir='ltr'><strong>-—-Nosu-i</strong></span> <span class='ocrx_word' id='word_1_992' title='bbox 2404 5681 2537 5721; x_wconf 88' lang='lat' dir='ltr'><strong>mss.</strong></span> <span class='ocrx_word' id='word_1_993' title='bbox 2593 5677 2908 5726; x_wconf 88' lang='lat' dir='ltr'><strong>constanter</strong></span> <span class='ocrx_word' id='word_1_994' title='bbox 2954 5666 3175 5723; x_wconf 82' lang='lat' dir='ltr'><strong>Isachar</strong></span> <span class='ocrx_word' id='word_1_995' title='bbox 3227 5668 3431 5738; x_wconf 85' lang='lat' dir='ltr'><strong>legunt.</strong></span> <span class='ocrx_word' id='word_1_996' title='bbox 3478 5666 3601 5726; x_wconf 83' lang='lat' dir='ltr'><strong>Vid.</strong></span> 
     </span>
    </p>
   </div>
   <div class='ocr_carea' id='block_1_119' title="bbox 2008 5739 2566 5810">
    <p class='ocr_par' dir='ltr' id='par_1_119' title="bbox 2008 5739 2566 5810">
     <span class='ocr_line' id='line_1_119' title="bbox 2008 5739 2566 5810; baseline -0.002 -14"><span class='ocrx_word' id='word_1_997' title='bbox 2008 5742 2213 5810; x_wconf 84' lang='lat' dir='ltr'><strong>Quaest.</strong></span> <span class='ocrx_word' id='word_1_998' title='bbox 2248 5739 2566 5797; x_wconf 89' lang='lat' dir='ltr'><strong>Ilebraicas.</strong></span> 
     </span>
    </p>
   </div>
   <div class='ocr_carea' id='block_1_120' title="bbox 3134 5910 3172 5968">
    <p class='ocr_par' dir='ltr' id='par_1_120' title="bbox 3134 5910 3172 5968">
     <span class='ocr_line' id='line_1_120' title="bbox 3134 5910 3172 5968; baseline 0 0"><span class='ocrx_word' id='word_1_999' title='bbox 3134 5910 3172 5968; x_wconf 86' lang='lat'><strong>7</strong></span> 
     </span>
    </p>
   </div>
  </div>
