3912 6348
421 327 528 386 εοδ

1434 321 1491 379 S.
1538 312 1929 375 HIERONYMf
1960 306 2194 368 DIVINA
2234 305 2714 366 BIBLIOTHECA.

3615 294 3723 357 ΞΜ

424 452 627 519 quanta
645 442 699 499 in
721 443 969 501 manibus
990 440 1124 497 meis
1143 440 1597 512 fueritpossessio
1617 447 1727 495 tua.
1755 434 2025 493 Modicum
2056 430 2105 493 A
2139 437 2197 487 et
2234 424 2627 485 nudiustertius
2653 443 2673 483 ς
2698 424 2845 481 Deus
2874 422 3055 478 autem
3094 417 3262 519 patris
3302 413 3412 473 mei
3453 416 3558 519 fuit
3613 431 3726 519 me-

435 543 972 615 liabuistiantequam
987 542 1227 599 venirem
1245 536 1437 615 [ναις.
1460 540 1588 594 add.
1609 538 1676 595 ad
1697 537 1795 612 te],
1816 543 2028 593 etnunc

434 647 587 705 dives
603 645 827 703 effectus
845 658 907 701 es
933 660 946 697 :
975 641 1360 713 benedixitque
1382 640 1476 697 tibi
1488 640 1752 696 Dominus
1767 637 1835 694 ad
1859 634 2027 693 introi

435 760 546 805 tum
566 761 772 804 meum.
797 743 1008 803 Iustum
1031 753 1116 801 est
1130 742 1314 816 igitur,
1333 741 1699 812 utaliquando
1715 738 2029 810 providearn

431 852 596 909 etiam
623 850 810 908 domui
842 865 964 906 mae.
1000 848 1254 918 Dixitque
1296 845 1482 902 Laban
1509 863 1523 901 :
1547 845 1689 916 Quid
1718 845 1859 902 dabo
1885 842 2029 900 tibi?

438 956 507 1008 At
527 953 622 1009 ille
647 953 762 1007 ait:
788 949 933 1005 Nihil
967 948 1089 1004 volo
1120 966 1133 1000 :
1164 945 1262 1003 sed
1294 946 1342 1003 si
1379 944 1577 1011 feceris
1614 945 1758 1016 quod
1792 943 2027 1015 postulo,

435 1055 630 1110 iterum
661 1064 901 1123 pascam,
933 1057 988 1104 et
1015 1046 1315 1104 custodiam
1363 1059 1558 1117 pecora
1591 1052 1704 1099 tua.
1734 1043 1878 1117 Gyra
1904 1057 2018 1100 om-

433 1174 533 1214 nes
583 1170 778 1230 greges
818 1164 937 1209 tuos
958 1193 973 1219 ,
1006 1160 1062 1207 et
1108 1162 1307 1221 separa
1347 1158 1574 1206 cunctas
1603 1162 1736 1205 oves
1768 1148 1948 1204 varias
1976 1156 2033 1203 et

432 1276 624 1335 sparso
671 1258 879 1315 vellere
913 1264 1012 1311 :et
1040 1252 1423 1325 quodcumque
1461 1252 1663 1307 fulvum
1702 1259 1760 1307 et
1792 1251 2033 1306 maculo-

434 1372 579 1425 sum,
608 1354 928 1422 variumque
958 1347 1141 1413 fuerit,
1175 1354 1286 1401 tam
1332 1347 1386 1402 in
1416 1343 1637 1411 ovibus,
1668 1358 1829 1414 quam
1863 1344 1917 1398 in
1943 1356 2033 1399 ca-

434 1449 571 1522 pris,
618 1445 723 1503 erit
767 1456 981 1501 merces
1028 1453 1170 1495 utea.
1204 1436 1689 1509 Respondebitque
1728 1435 2034 1491 mibiwcras

426 1540 635 1612 justitia
667 1550 811 1602 mea,
836 1531 1054 1605 quando
1076 1530 1261 1602 placiti
1288 1537 1501 1599 tempus
1532 1527 1817 1584 advenerit
1842 1541 2030 1582 coram

434 1641 509 1698 te,
535 1641 591 1687 et
617 1628 803 1684 omnia
831 1641 952 1697 quae
978 1639 1087 1680 non
1117 1621 1319 1678 fuerint
1346 1622 1518 1687 varia,
1546 1630 1602 1677 et
1644 1619 1944 1685 maculosa,
1978 1628 2034 1676 et

432 1724 550 1783 rufa
568 1722 757 1798 [ναις.
784 1720 981 1792 furva],
998 1730 1105 1775 tam
1129 1719 1182 1774 in
1205 1717 1399 1773 ovibus
1419 1731 1583 1787 quam
1601 1716 1656 1770 in
1676 1716 1879 1786 capris,
1906 1713 2035 1770 furti

2131 542 2277 583 cum.
2313 525 2378 581 Et
2408 525 2541 595 ipsa:
2574 520 2776 576 nostris
2802 516 2943 591 quod
2975 516 3099 573 totis
3129 512 3498 570 viribusmeis
3519 511 3727 566 servie-

2133 619 2236 675 rim
2265 617 2402 690 patri
2432 626 2638 672 vestro.
2673 612 2781 668 Sed
2811 620 2968 684 pater
3006 618 3191 665 vester
3216 604 3582 662 circumvenit
3613 618 3723 672 me,

2132 720 2188 770 et
2216 711 2447 767 mutavit
2470 706 2781 767 mercedem
2825 719 3005 760 meam
3054 701 3245 757 decem
3280 698 3490 755 vicibus
3523 704 3620 752 :et
3647 702 3729 749 ta-

2136 820 2259 862 men
2280 820 2386 860 non
2404 801 2745 859 dimisiteum
2765 798 2929 864 Deus,
2949 804 3010 852 ut
3036 792 3421 852 noceretmihi.
3437 793 3493 849 Si
3512 789 3730 864 quando

2134 899 2311 957 dixit:
2343 897 2519 953 Varia:
2550 904 2713 952 erunt
2740 891 3020 950 mercedes
3044 900 3149 948 tuae
3183 909 3195 945 :
3224 888 3510 959 pariebant
3539 900 3731 943 omnes

2134 1012 2265 1054 oves
2306 995 2484 1051 varios
2512 992 2685 1059 fetus;
2709 988 2928 1064 quando
2954 1005 3082 1045 vero
3109 988 3420 1046 econtrario
3448 986 3525 1042 ait
3552 1002 3566 1039 :
3590 983 3731 1041 Allia

2133 1106 2367 1163 quaeque
2395 1088 2630 1160 aecipies
2662 1103 2760 1158 pro
2784 1084 3265 1142 mercedemmnes
3277 1097 3467 1154 greges
3493 1079 3616 1136 alba
3639 1094 3732 1151 pe-

2135 1189 2415 1255 pererunt.
2438 1179 2692 1252 Tulitque
2713 1179 2857 1235 Deus
2880 1174 3236 1233 substantiam
3266 1173 3433 1247 patris
3460 1170 3655 1241 vestri,
3679 1178 3737 1227 et

2135 1277 2283 1335 dedit
2310 1278 2463 1334 mihi.
2501 1278 2791 1348 Postquam
2821 1273 2967 1331 enim
2988 1281 3288 1344 conceptas
3308 1273 3735 1340 oviumtempus

2134 1370 2448 1439 advenerat,
2474 1368 2647 1425 levavi
2677 1367 2866 1424 oculos
2899 1381 3072 1432 meos,
3100 1373 3155 1421 et
3182 1363 3293 1419 vidi
3327 1363 3379 1419 in
3410 1362 3620 1419 somnis
3647 1376 3737 1416 as-

2135 1463 2433 1519 cendentes
2462 1476 2643 1518 mares
2673 1474 2837 1531 super
2853 1456 3105 1524 feminas,
3134 1456 3322 1511 varios
3347 1458 3404 1512 et
3428 1452 3735 1509 maculosos

2136 1567 2193 1615 et
2218 1557 2560 1613 diversorum
2588 1555 2854 1611 colorum.
2880 1552 3131 1624 Dixitque
3172 1549 3398 1623 angelus
3431 1548 3525 1606 Dei
3550 1546 3617 1604 ad
3647 1565 3736 1604 tne

2137 1651 2189 1706 in
2233 1650 2438 1705 somnis
2489 1665 2505 1704 :
2552 1647 2751 1705 Jacobi
2788 1646 2856 1702 Et
2899 1660 3002 1718 ego
3048 1644 3300 1716 respOndi
3329 1660 3344 1699 :
3373 1641 3600 1699 Adsum.
3631 1641 3736 1711 Qui

2135 1743 2212 1797 ait
2243 1759 2257 1796 :
2309 1728 2453 1798 Leva
2498 1741 2689 1797 oculos
2718 1752 2859 1806 tuos,
2891 1747 2946 1794 et
2984 1736 3109 1794 vide
3152 1737 3435 1793 universos
3464 1732 3738 1790 masculos

431 1837 521 1878 me
562 1825 827 1891 πευθώ
858 1816 1114 1886 θίιίίίῖηθ
1159 1813 1340 1869 ¹⁴³¹²³¹¹
1372 1828 1387 1865 ³
1418 1811 1642 1867 Gratum
1678 1809 1853 1865 habeo
1880 1803 2105 1906 (19ΨῖῙῖ
2132 1837 2490 1894 ascendentes
2519 1850 2679 1906 super
2731 1803 2982 1901 feminas,
3030 1830 3237 1895 varios,
3289 1826 3596 1885 maculosos
3648 1834 3734 1881 at-

434 1916 592 1989 petis.
631 1914 698 1969 Et
740 1910 1015 1983 separavit
1043 1909 1097 1965 in
1129 1908 1216 1965 die
1252 1907 1348 1963 illo
1389 1912 1611 1977 capras,
1641 1912 1697 1961 et
1735 1918 1886 1971 oves,
1919 1903 2033 1958 bir-

430 2027 551 2080 cos,
584 2019 641 2067 et
690 2008 893 2064 arietes
936 2004 1117 2060 varios
1165 2012 1330 2075 atque
1380 2000 1715 2068 maculosos,
1775 2008 2030 2055 cunctum

429 2117 610 2162 autem
663 2115 886 2173 gregem
940 2098 1315 2163 unicolorem,
1354 2095 1408 2151 id
1452 2102 1568 2160 est,
1625 2092 1737 2149 albi
1794 2105 1848 2148 et
1892 2093 2031 2164 nigri

428 2199 699 2266 velleris,
762 2193 988 2252 tradidit
1033 2195 1085 2247 in
1140 2207 1300 2246 manu
1363 2188 1603 2245 filiorum
1651 2201 1898 2243 suorum.
1960 2186 2035 2243 Et

431 2294 613 2365 posuit
642 2291 884 2362 spatium
911 2286 1126 2343 itineris
1154 2286 1317 2340 trium
1349 2282 1561 2338 dierum
1597 2282 1739 2337 inter
1777 2294 1837 2337 se
1859 2289 1913 2336 et
1935 2279 2027 2353 [h.

429 2384 624 2457 Jacob]
651 2397 937 2455 generum,
965 2379 1058 2450 qui
1086 2378 1344 2450 pascebat
1373 2376 1614 2448 reliquos
1639 2390 1841 2448 greges
1884 2376 2026 2446 ejus.

430 2480 521 2554 [Τ.
552 2476 775 2549 XXVI.]
798 2475 1023 2531 Tollens
1046 2487 1178 2544 ergo
1204 2471 1375 2528 Jacob
1402 2473 1583 2542 virgas
1612 2470 1874 2541 populeas
1905 2469 2029 2523 viri-

425 2574 547 2643 des,
567 2579 623 2627 et
644 2569 1036 2641 amygdalinas,
1065 2576 1117 2621 et
1141 2581 1207 2619 ex
1241 2564 1491 2635 platanis,
1520 2578 1587 2619 ex
1611 2571 1766 2634 parte
1798 2561 2030 2617 decorti-

408 2650 573 2723 'cavit
604 2679 696 2719 cas
728 2662 1138 2733 :detractisque
1183 2660 1502 2725 corticibus,
1530 2660 1586 2715 in
1635 2660 1719 2715 his
1750 2675 1870 2729 qute
1899 2673 2027 2730 spo-

436 2759 561 2815 liata
595 2756 815 2813 fuerant
838 2753 1044 2810 candor
1070 2755 1319 2825 apparuit
1353 2753 1482 2809 :illa
1512 2767 1641 2808 vero
1673 2766 1791 2823 qua:
1819 2752 2026 2822 integra

430 2851 667 2916 fuerant,
693 2848 888 2903 viridia
909 2859 1353 2916 permanserunt:
1373 2856 1535 2918 atque
1559 2847 1613 2901 in
1644 2845 1789 2901 hunc
1809 2844 2028 2900 modum

432 2946 582 3000 color
610 2943 835 2999 effectus
857 2953 941 2997 est
968 2942 1174 2996 varius.
1196 2940 1489 3011 Posuitquc
1516 2955 1610 2997 eas
1638 2942 1689 2995 in
1722 2940 2022 3010 canalibus,

434 3036 521 3093 ubi
552 3034 935 3092 effundebatur
959 3050 1098 3104 aqua
1134 3052 1146 3087 :
1187 3041 1245 3088 ut
1272 3049 1393 3090 cum
1423 3034 1701 3090 venissent
1739 3048 1930 3105 greges
1957 3033 2026 3089 ad

435 3126 900 3196 bibendum,ante
924 3127 1109 3182 oculos
1136 3126 1399 3183 haberent
1419 3127 1621 3197 virgas,
1646 3135 1699 3182 et
1721 3127 1774 3182 in
1804 3138 2025 3199 aSpectu

2134 1948 2240 2004 que
2270 1946 2570 2001 respchos.
2605 1927 2728 1984 Vidi
2753 1928 2897 1984 enim
2933 1926 3115 1982 omnia
3161 1938 3283 1997 quae
3334 1920 3461 1979 fecit
3499 1921 3595 1977 tibi
3630 1920 3736 1977 La-

2135 2024 2266 2082 ban.
2297 2024 2411 2097 Ego
2439 2038 2558 2079 sum
2591 2021 2734 2078 Deus
2780 2019 2994 2087 Bethel,
3026 2019 3118 2075 ubi
3161 2016 3364 2073 tinxisti
3393 2014 3651 2086 lapidem,
3680 2020 3740 2068 et

2136 2126 2319 2174 votum
2354 2115 2550 2173 vovisti
2573 2113 2729 2171 mihi.
2753 2112 2907 2170 Nunc
2935 2129 3069 2183 ergo
3089 2125 3271 2182 surge,
3298 2119 3354 2166 et
3381 2105 3640 2180 egredere
3667 2104 3738 2161 de

2135 2222 2277 2269 terra
2309 2212 2435 2281 hac,
2467 2219 2757 2268 revertens
2784 2210 2838 2266 in
2882 2198 3080 2265 terram
3128 2203 3422 2263 nativitatis
3453 2213 3578 2259 tute.
3625 2202 3736 2257 Be-

2135 2304 2583 2377 sponderuntque
2627 2302 2834 2359 Rachel
2875 2312 2932 2359 et
2962 2301 3055 2357 Lia
3092 2317 3107 2357 :
3146 2297 3422 2370 Numquid
3471 2290 3738 2352 habemus

2138 2396 2338 2453 residui
2381 2387 2675 2469 quidquam
2724 2395 2794 2450 in~
2828 2391 3179 2449 facultatibus
3208 2401 3263 2448 et
3303 2388 3615 2446 haereditate
3638 2386 3739 2443 do-

2135 2504 2256 2546 mus
2279 2489 2453 2559 patris
2475 2490 2642 2545 nostri
2661 2488 2684 2542 ?
2705 2486 2893 2542 Nonne
2918 2486 3067 2556 quasi
3091 2484 3297 2540 alienas
3320 2482 3587 2555 reputavit
3610 2496 3739 2548 nos,

2134 2588 2190 2638 et
2218 2579 2483 2648 vendidit,
2514 2580 2857 2653 comeditque
2890 2581 3121 2651 pretium
3146 2576 3429 2633 nostrum?
3454 2574 3558 2633 Sed
3592 2575 3737 2631 Deus

2134 2674 2259 2729 tulit
2280 2688 2413 2743 opes
2448 2674 2615 2744 patris
2639 2673 2829 2738 nostri,
2856 2682 2911 2728 et
2936 2671 3093 2726 nobis
3114 2684 3208 2727 eas
3242 2667 3495 2737 tradidit,
3523 2683 3587 2723 ac
3609 2667 3740 2723 [iliis

2135 2765 2333 2820 nOStris
2365 2780 2380 2822 :
2414 2763 2559 2819 unde
2604 2764 2785 2819 omnia
2825 2778 2945 2835 qua:
2990 2763 3246 2834 praecepit
3290 2762 3388 2818 tibi
3429 2760 3591 2827 Deus,
3625 2760 3733 2817 fac.

2132 2850 2217 2931 [Β.
2247 2855 2491 2930 XXXV.]
2515 2858 2760 2914 Surrexit
2789 2858 2969 2929 itaque
2995 2855 3183 2926 Jacob,
3213 2866 3266 2913 et
3297 2856 3570 2928 impositis
3596 2854 3739 2913 libe-

2131 2951 2207 3007 ris
2230 2961 2284 3007 et
2305 2951 2628 3022 coujngibus
2658 2952 2773 3007 suis
2807 2965 2972 3022 super
3000 2951 3259 3017 camelos,
3280 2950 3431 3006 abiit.
3475 2948 3738 3019 Tulitque

2131 3060 2347 3102 omnem
2376 3044 2736 3101 substantiam
2771 3059 2947 3115 suam,
2977 3054 3027 3101 et
3059 3058 3272 3116 greges,
3304 3054 3358 3099 et
3389 3042 3647 3114 quidquid
3677 3042 3734 3098 in

2132 3134 2517 3210 Mesopotamia
2556 3139 2906 3210 acquisierat,
2942 3142 3173 3211 pergens
3214 3137 3280 3191 ad
3327 3135 3475 3193 Isaae
3517 3144 3732 3208 patrem

429 3237 624 3280 earum
652 3221 1030 3291 conciperent.
1062 3219 1395 3292 Factumque
1421 3232 1504 3277 CSl
1530 3228 1589 3275 ιιι
1620 3222 1671 3276 ill
1698 3224 1814 3293 ipso
1843 3222 2026 3278 calore
2055 3211 2103 3277 C
2134 3247 2289 3289 suum
2320 3235 2371 3288 in
2406 3242 2609 3290 terram
2641 3231 2917 3288 Chanaan,
2953 3228 3030 3287 E0
3075 3240 3321 3303 tempore
3366 3231 3549 3288 Laban
3590 3231 3738 3289 ierat

429 3316 608 3373 coitus
638 3330 770 3371 oves
800 3314 1149 3371 intuerentur
1175 3316 1376 3387 virgas,
1410 3325 1461 3371 et
1496 3325 1751 3386 parerent
1778 3315 2021 3371 maculo-

429 3426 513 3477 sa,
536 3419 595 3466 et
631 3409 803 3473 varia,
827 3418 881 3464 et
908 3408 1132 3464 diverso
1177 3410 1361 3465 colore
1409 3423 1682 3477 respersa.
1725 3409 2026 3479 Divisitque

426 3518 645 3573 gregem
674 3500 862 3568 .lacob,
885 3510 939 3557 et
972 3501 1153 3571 posuit
1180 3502 1360 3572 virgas
1390 3501 1580 3574 [Vulg].
1618 3502 1746 3557 add.
1781 3503 1834 3557 in
1863 3518 2025 3559 cana-

427 3592 597 3664 libus]
625 3603 751 3649 ante
780 3593 971 3648 oculos
1010 3594 1275 3659 arietum;
1307 3603 1465 3649 erant
1504 3606 1686 3650 autem
1723 3592 1846 3648 alba
1879 3611 2026 3665 qure-

426 3701 536 3758 quc
575 3696 631 3740 et
662 3683 815 3755 nigra
845 3683 1031 3739 Laban
1064 3702 1077 3737 :
1109 3694 1309 3740 caetera
1351 3700 1503 3752 vero,
1529 3687 1725 3754 Jacob,
1756 3686 2023 3756 separatis

426 3779 570 3835 inter
598 3794 657 3835 se
686 3778 964 3849 gregibus.
1002 3778 1168 3849 Igitur
1202 3778 1423 3848 quando
1466 3778 1642 3849 primo
1667 3789 1913 3850 tempore
1937 3796 2024 3835 as-

424 3871 800 3927 cendebantur
825 3884 980 3936 oves,
1011 3870 1248 3939 ponebat
1288 3869 1457 3925 Jacob
1490 3870 1672 3940 virgas
1722 3872 1776 3926 in
1818 3873 2025 3927 canali-

426 3963 529 4018 bus
564 3977 827 4033 aquarum
874 3972 1000 4017 ante
1038 3961 1232 4017 oculos
1260 3962 1495 4018 arietum
1544 3973 1603 4021 et
1644 3965 1850 4031 ovium,
1878 3975 1937 4020 ut
1970 3967 2021 4021 in

426 4069 615 4111 earum
662 4054 1124 4125 contemplatione
1168 4057 1519 4128 conciperent
1560 4075 1573 4113 :
1621 4060 1836 4130 quando
1891 4074 2023 4116 vero

425 4145 669 4203 serotina
694 4146 997 4202 admissura
1026 4158 1165 4212 erat,
1194 4159 1250 4203 et
1270 4158 1566 4221 conceptus
1587 4160 1894 4219 extremm,
1911 4168 2019 4208 non

425 4240 669 4311 ponebat
698 4254 813 4294 eas.
842 4238 1117 4309 Factaque
1149 4250 1276 4296 sunt
1301 4258 1388 4310 ea,
1421 4258 1542 4314 quas
1573 4253 1731 4299 erant
1756 4248 2018 4315 serotina,

424 4332 608 4388 Laban
635 4350 649 4385 :
679 4342 736 4386 et
767 4347 887 4402 quas
928 4334 1091 4403 primi
1139 4336 1422 4404 temporis,
1465 4335 1652 4392 Jacob.
1703 4338 2021 4411 Ditatusque

421 4435 509 4484 est
546 4426 710 4480 homo
759 4426 901 4479 ultra
948 4426 1187 4491 modum,
1223 4437 1279 4483 et
1324 4428 1514 4484 habuit
1550 4445 1749 4504 greges
1795 4434 2016 4500 multos,

422 4519 652 4577 ancillas
675 4528 732 4574 et
756 4533 967 4585 servus,
995 4519 1236 4577 camelos
1262 4528 1319 4575 et
1343 4523 1549 4579 asinos.

2130 3326 2197 3381 ad
2225 3325 2529 3383 tondendas
2544 3338 2695 3393 oves,
2716 3334 2739 3363 η
2758 3336 2812 3382 et
2846 3325 3044 3384 Rachel
3072 3326 3247 3383 furata
3277 3336 3358 3382 est
3385 3326 3524 3383 idola
3556 3329 3735 3398 patris

2128 3419 2234 3474 sui.
2269 3417 2554 3490 Noluitqne
2580 3418 2752 3475 Jacob
2781 3418 3029 3475 confiteri
3054 3434 3247 3475 socero
3276 3433 3375 3476 suo
3404 3418 3545 3492 Quod
3573 3418 3736 3491 fuge-

2129 3517 2235 3565 ret.
2267 3510 2511 3580 Cnmque
2536 3510 2761 3568 abiisset
2782 3512 2891 3566 tam
2915 3515 3032 3583 ipse
3060 3528 3216 3583 quam
3246 3513 3423 3567 omnia
3454 3512 3737 3583 quzejuris

2126 3604 2244 3673 ejus
2272 3613 2446 3671 erant,
2471 3607 2707 3661 ct'amne
2732 3605 3052 3660 transmisso
3081 3615 3333 3676 pergeret
3353 3614 3538 3661 contra
3565 3620 3731 3659 mun-

2130 3707 2238 3754 tcm
2267 3694 2296 3737 δ
2327 3698 2555 3764 Galaad,
2589 3701 2893 3753 nuntiatum
2931 3706 3011 3754 est
3042 3697 3223 3754 Lahan
3256 3694 3345 3754 die
3395 3698 3553 3754 tertio
3583 3697 3735 3767 quod

2128 3788 2335 3862 fugeret
2360 3787 2549 3845 .Iacob.
2576 3790 2700 3859 Qui,
2727 3791 3019 3861 assumptis
3044 3791 3304 3846 fratribus
3322 3791 3453 3855 suis,
3471 3805 3736 3861 persecu-

2128 3889 2214 3937 tus
2245 3892 2329 3938 est
2351 3898 2476 3937 eum
2505 3880 2695 3938 diebus
2722 3891 2929 3954 septem
2959 3899 2970 3937 :
2995 3894 3047 3938 et
3070 3879 3486 3953 comprehendit
3516 3898 3644 3938 eum
3678 3884 3735 3939 in

2131 3985 2315 4034 monte
2358 3976 2581 4034 Galaad.
2639 3975 2890 4048 Viditque
2934 3979 2987 4032 in
3054 3978 3261 4033 somnis
3309 3976 3577 4034 dicentem
3618 3978 3737 4033 sibi

2129 4070 2297 4127 Deum
2334 4089 2347 4125 :
2390 4071 2534 4128 Cave
2574 4086 2644 4126 ne
2683 4071 2975 4142 quidquam
3014 4085 3208 4142 aspere
3249 4070 3492 4143 loquaris
3531 4081 3732 4128 contra

2123 4162 2314 4219 Jacob.
2341 4160 2571 4233 Jamque
2597 4162 2769 4220 Jacob
2790 4162 3112 4219 extenmrat
3148 4165 3200 4219 in
3244 4174 3426 4220 monte
3472 4162 3737 4220 taberna-

2124 4257 2304 4313 culum
2350 4272 2629 4329 :cumque
2662 4256 2757 4313 ille
2802 4260 3128 4313 consecutus
3178 4248 3373 4314 fuisset
3425 4272 3548 4314 eum
3594 4273 3729 4313 cum

2124 4348 2378 4408 fratribus
2417 4353 2551 4419 suis,
2588 4355 2638 4406 in
2684 4350 2874 4406 eodem
2926 4362 3110 4408 monte
3142 4350 3348 4409 Galaad
3381 4352 3497 4407 fixit
3539 4360 3733 4407 tento-

2123 4445 2284 4499 rium.
2316 4444 2381 4499 Et
2423 4443 2566 4499 dixit
2604 4443 2671 4499 ad
2714 4442 2924 4501 Iacob:
2958 4444 3136 4513 Quare
3176 4445 3248 4500 ita
3276 4444 3457 4516 egisti,
3488 4453 3546 4500 ut
3575 4445 3726 4501 clan‘t

2123 4553 2212 4595 me
2239 4537 2484 4611 abigeres
2534 4538 2670 4594 filias
2699 4552 2848 4594 meas
2899 4540 3049 4610 quasi
3097 4541 3337 4611 captivas
3372 4538 3730 4611 gladio?Cur

494 4610 596 4684 [(3-
634 4609 795 4679 LV":
830 4610 959 4681 CaP-
993 4609 1225 4685 xxx”
1257 4612 1552 4685 Ροειιυδιο
1594 4625 1776 4672 alitem
1812 4618 2019 4674 audi?"-
2044 4608 2098 4672 Ῑ)
2126 4608 2409 4702 ignorante
2433 4647 2538 4699 me,
2570 4632 2755 4702 fugere
2790 4608 3025 4699 voluiSti,
3053 4608 3437 4688 necVindicare
3478 4631 3632 4696 mihi,
3667 4641 3730 4689 ut

423 4707 592 4761 verba
624 4706 859 4760 filiorum
888 4704 1075 4761 Laban
1106 4705 1403 4762 dicentium
1429 4728 1442 4765 :
1466 4708 1613 4765 Tulit
1637 4709 1808 4768 Jacob
1837 4713 2017 4769 omnia

420 4811 544 4867 quae
572 4796 788 4853 fuerant
819 4800 991 4869 patris
1022 4801 1220 4867 nostri,
1251 4801 1395 4858 etde
1427 4802 1572 4860 illius
1602 4805 1857 4862 facultate
1884 4807 2017 4864 dita-

416 4897 526 4956 tus,
551 4888 725 4943 factus
749 4899 833 4945 est
858 4890 1094 4964 inclytus
1124 4909 1138 4948 :
1167 4895 1559 4952 animadvertit
1581 4914 1797 4970 quoque
1821 4900 2012 4956 faciem

418 4979 628 5048 Laban,
653 4981 795 5050 quod
826 4999 930 5038 non
966 4995 1116 5041 esset
1142 5002 1276 5057 erga
1306 5002 1366 5044 se
1386 4990 1530 5046 sicut
1558 4990 1677 5047 heri
1705 5001 1759 5047 et
1788 4994 2013 5049 nudius-

415 5076 636 5145 tertius,
662 5077 898 5133 maxime
930 5078 1146 5136 dicente
1177 5083 1279 5137 sibi
1313 5083 1543 5139 Domino
1576 5101 1592 5143 :
1624 5086 1925 5145 Revertere
1954 5091 2008 5145 in

420 5177 622 5226 terram
662 5180 872 5238 patrum
920 5181 1159 5239 tuorum,
1194 5183 1249 5229 et
1287 5175 1355 5230 ad
1399 5179 1809 5246 generationem
1841 5191 2007 5251 tuam,

413 5275 620 5329 eroque
659 5268 859 5314 tecum.
892 5261 1035 5318 Misit
1074 5272 1131 5319 et
1176 5266 1389 5323 vocavit
1418 5268 1624 5326 Rachel
1662 5281 1717 5327 et
1749 5271 1901 5329 Liam
1953 5275 2008 5330 in

413 5368 605 5427 agrum
640 5356 730 5410 ubi
760 5357 1017 5424 pascebat
1055 5373 1268 5430 greges,
1297 5361 1552 5435 dixitque
1578 5367 1657 5421 eis
1689 5385 1700 5420 :
1728 5366 1899 5424 Video
1931 5370 2009 5424 fa-

406 5445 545 5504 ciem
580 5447 746 5519 patris
775 5449 940 5504 veStri
976 5448 1118 5518 quod
1165 5466 1271 5507 non
1305 5454 1377 5509 sit
1415 5472 1542 5529 erga
1590 5474 1675 5514 me
1709 5459 1791 5516 sic
1808 5472 1861 5514 ut
1887 5458 2002 5515 heri

475 5608 631 5688 {Ubi
667 5624 805 5688 nunc
834 5610 975 5665 idola
1024 5610 1276 5688 legimus,
1310 5615 1372 5688 in,
1397 5616 1625 5675 Hebraeo
1664 5632 1855 5688 ωεεπη
1884 5628 1995 5683 me.

401 5682 610 5767 rapiunt
636 5683 893 5767 scriptum
914 5692 1024 5767 est,
1051 5682 1192 5767 quod
1218 5684 1409 5767 Aquila
1436 5682 1777 5767 μορφώματῷ
1802 5682 1982 5765 idest;

401 5755 639 5826 μαψ-(ιιιιᾷ
655 5754 736 5810 vel
768 5754 1015 5826 imagines
1053 5754 1459 5826 interpretatur.
1495 5754 1820 5825 Hoc'autem
1861 5754 1987 5826 ideo

2124 4732 2486 4795 prosequerer
2514 4735 2565 4778 te
2594 4738 2713 4779 eum
2741 4725 2957 4794 gaudio,
2980 4733 3035 4780 et
3056 4722 3306 4791 canticis,
3339 4734 3394 4780 et
3421 4727 3724 4795 tympanis,

2119 4830 2172 4873 et
2200 4818 2462 4875 citharis?
2481 4817 2596 4873 Non
2612 4832 2673 4874 es
2703 4832 2892 4889 passus
2921 4824 2979 4873 ut
3002 4819 3283 4875 oscularer
3306 4818 3445 4873 filios
3478 4832 3631 4873 meos
3654 4833 3726 4875 ac

2116 4912 2255 4969 filias
2288 4932 2300 4973 ς
2329 4913 2496 4968 stulte
2536 4922 2794 4982 operatus
2849 4925 2908 4967 es
2959 4930 2972 4967 :
3013 4922 3067 4967 et
3112 4927 3255 4967 nunc
3309 4910 3529 4983 quidem
3568 4912 3725 4968 valet

2119 5022 2310 5063 manus
2363 5022 2487 5081 mea.
2533 5007 2760 5063 reddere
2802 5006 2901 5062 tibi
2948 5006 3186 5061 malum:
3217 5006 3314 5062 sed
3356 5004 3499 5063 Deus
3542 5009 3725 5078 patris

2115 5100 2283 5155 veStri
2314 5100 2427 5154 lteri
2461 5101 2598 5155 dixit
2626 5099 2759 5156 mihi
2793 5118 2805 5154 :
2833 5098 2978 5157 Cave
3004 5115 3073 5155 ne
3104 5099 3344 5172 loquaris
3365 5108 3486 5156 cum
3514 5099 3717 5173 [Vulg.

2114 5190 2328 5263 contra]
2360 5191 2527 5247 Jacob
2570 5190 2862 5262 quidquam
2908 5191 3120 5247 durius.
3170 5192 3321 5260 Esto,
3361 5193 3429 5247 ad
3462 5202 3581 5249 tuos
3630 5194 3721 5251 ire

2113 5282 2392 5354 cupiebas,
2427 5292 2482 5338 et
2508 5283 2784 5340 desiderio
2824 5283 2919 5339 tibi
2966 5290 3083 5339 erat
3129 5280 3326 5340 domus
3370 5284 3540 5355 patris
3592 5287 3718 5341 tui:

2111 5394 2208 5435 cur
2238 5377 2446 5432 furatus
2486 5392 2546 5433 es
2575 5377 2705 5434 deos
2753 5377 3263 5448 meos?l{espondit
3303 5377 3472 5435 Jacub
3500 5396 3512 5432 :
3544 5378 3712 5446 Quod

2111 5471 2285 5528 inscio
2315 5480 2366 5526 te
2394 5472 2669 5543 profectus
2695 5486 2837 5542 sum,
2871 5472 3026 5527 timui
3067 5486 3137 5527 ne
3172 5471 3440 5529 violenter
3463 5472 3717 5531 auferres

2107 5630 2246 5703 libro
2277 5631 2565 5703 tlteraplu'm
2591 5639 2765 5685 sonet.
2797 5629 2976 5703 ΜΑιιτ.

2166 5701 2192 5740 ι)
2225 5703 2380 5758 Mons
2425 5701 2531 5757 iSte
2559 5715 2657 5772 per
2678 5702 3151 5773 anticipationem,
3185 5712 3243 5757 ut
3268 5701 3583 5773 frequenter
3609 5704 3718 5763 do-

2092 5783 2180 5829 cet
2209 5774 2594 5846 llicronymns,
2622 5773 2717 5846 illo
2738 5772 2827 5828 hic
2854 5783 3086 5830 vocatur
3113 5774 3353 5843 nomine,
3374 5772 3489 5845 quo
3511 5786 3717 5846 postea

397 5822 583 5882 monet
608 5822 667 5882 S.
699 5822 1081 5899 Hieronymus,
1120 5838 1175 5885 ut
1203 5822 1439 5887 sciamus
1468 5835 1593 5905 quid
1650 5836 1703 5893 in
1742 5822 1984 5911 iudiciali
2093 5822 2835 5917 ﬁbé’diihﬁbi’éii."ini¥.
