4044 6360
523 337 627 394 907

1523 331 1583 389 S.
1624 325 1998 391 HIERONYMI
2038 325 2271 387 DIVINI
2312 325 2786 387 BIBLIO’I‘IIECA.

3716 327 3824 387 208

519 453 624 507 clis
652 451 740 522 qui
766 450 1133 522 sequebantur
1181 461 1399 521 greges,
1438 447 1664 505 dicens:
1717 448 1915 504 Iisdem
1942 445 2123 502 verbis
2151 451 2196 512 Α
2227 445 2434 500 vultum
2461 446 2596 501 Dei:
2628 453 2745 500 esto
2769 443 2898 498 mihi
2940 443 3228 515 propitius,
3284 449 3338 497 et
3387 440 3600 511 suscipe
3653 439 3820 496 bene-

522 542 807 615 quuimini
838 543 904 598 ad
924 543 1093 611 Esnu,
1150 555 1273 596 cum
1303 541 1621 596 inveneritis
1659 556 1803 596 eum.
1852 540 1918 594 Et
1953 538 2119 594 adde-

523 638 630 693 tis:
681 637 802 708 Ipse
848 651 1064 708 quoque
1102 649 1293 692 servus
1335 646 1456 690 tuus
1508 634 1674 690 Jacob
1714 635 1821 689 iter
1875 641 2117 688 nostrum

521 729 826 799 insequitur
862 747 873 784 :
904 727 1256 784 dixitenim:
1314 727 1547 781 Placabo
1595 726 1748 780 illum
1797 725 2118 782 muneribus

521 839 642 894 quae
673 823 1004 892 praecedunt,
1039 833 1092 877 et
1126 829 1311 891 postea
1338 819 1531 875 videbo
1553 835 1699 886 eum,
1735 820 1958 876 forsitan
1993 835 2117 889 pro-

519 915 799 986 pitiabitur
827 915 982 970 mihi.
1032 914 1440 970 Prtecesseruut
1486 913 1667 984 itaque
1718 929 1939 968 munera
1989 923 2118 968 ante

517 1026 663 1076 cum,
687 1010 804 1079 ipse
826 1024 957 1065 vero
989 1008 1188 1062 mansit
1219 1019 1380 1062 nocte
1410 1007 1506 1062 illa
1532 1008 1582 1060 in
1615 1007 1830 1062 castris.
1869 1006 2117 1076 Cumque

519 1111 732 1157 mature
759 1101 1106 1166 surrexisset,
1138 1100 1258 1154 tulit
1289 1099 1425 1154 duas
1458 1115 1657 1156 uxores
1687 1116 1835 1167 suas,
1900 1083 1957 1155 et
1985 1101 2113 1155 toti-

518 1196 640 1250 dem
668 1195 917 1259 famulas,
944 1209 1067 1248 cum
1098 1192 1352 1248 undecim
1402 1193 1528 1248 filiis
1557 1201 1612 1248 et
1646 1193 1896 1247 transivit
1918 1191 2114 1247 vadum

517 1288 742 1344 Jcbhoc.
790 1286 1254 1356 Transductisque
1285 1285 1538 1341 omnibus
1562 1301 1684 1356 quae
1726 1284 1793 1340 ad
1840 1299 1898 1340 se
1951 1283 2117 1356 perti-

515 1383 738 1452 nebant,
769 1382 1033 1439 remansit
1054 1384 1206 1438 solus
1238 1401 1251 1438 :
1285 1397 1416 1440 ecce
1436 1382 1520 1439 vir
1550 1382 1854 1438 luctabatur
1880 1397 2003 1438 cum
2048 1395 2116 1436 eo

517 1494 687 1550 usque
719 1492 896 1533 mane.
926 1476 1028 1546 Qui
1069 1491 1188 1532 cum
1221 1477 1435 1534 videret
1489 1476 1632 1546 quod
1680 1491 1805 1532 eum
1855 1489 2116 1546 superare

516 1585 622 1626 non
655 1578 863 1639 posset,
892 1568 1068 1640 tetigit
1096 1583 1321 1624 nervum
1362 1568 1586 1624 femoris
1633 1567 1773 1638 ejus,
1823 1577 1879 1622 et
1929 1566 2112 1622 statim

516 1665 797 1722 emarcuit.
831 1661 1082 1733 Dixitque
1108 1662 1176 1716 ad
1207 1677 1328 1717 eum
1363 1678 1376 1714 :
1425 1659 1649 1717 Dimitte
1683 1676 1794 1726 me,
1821 1660 1933 1730 jam
1965 1658 2112 1714 enim

486 1758 995 1816 .asceuditam'ora.
1023 1755 1369 1824 Respondit:
1399 1753 1516 1810 Non
1548 1753 1817 1810 dimittam
1873 1760 1948 1820 te,
2009 1752 2111 1807 nisi

2223 538 2519 593 dictionem
2543 552 2703 608 quam
2730 536 2888 591 attuli
2922 537 3044 602 tibi,
3101 547 3151 590 et
3210 549 3372 606 quam
3417 533 3642 588 donavit
3690 533 3822 588 mihi

2220 630 2365 684 Deus
2391 628 2632 683 tribuens
2659 628 2867 682 omnia.
2911 625 3008 682 Vix
3031 626 3200 682 fratre
3238 625 3602 694 compcllente
3651 623 3827 679 snsci~

2220 723 2396 793 piens,
2417 722 2492 777 ait
2525 739 2539 776 :
2565 721 2891 778 Gradiamur
2919 721 3104 786 simul,
3129 735 3336 792 eroque
3383 720 3563 776 socius
3613 717 3825 774 itineris

2221 816 2320 870 tui.
2352 815 2602 885 Dixitque
2629 814 2840 873 Jacob:
2885 813 3059 884 NoSti,
3083 813 3304 870 domine
3337 814 3435 878 mi,
3458 812 3603 884 quod
3626 827 3825 882 parvu-

2219 909 2301 964 los
2328 908 2555 964 habeam
2585 918 2830 973 teneros,
2851 917 2908 964 et
2944 923 3076 963 oves
3105 917 3157 962 et
3179 908 3348 963 boves
3378 906 3539 973 fetas,
3573 921 3821 962 mecum:

2217 1017 2354 1072 quas
2380 1003 2426 1057 si
2451 1003 2570 1072 plus
2601 1001 2656 1057 in
2687 1000 3019 1057 ambulando
3054 1001 3234 1057 fecero
3262 1000 3538 1062 laborare,
3570 999 3815 1054 morien-

2219 1103 2307 1150 tur
2350 1110 2452 1150 una
2481 1095 2571 1150 die
2618 1095 2799 1150 cuncti
2848 1110 3057 1168 greges.
3093 1093 3647 1150 Praecedatdominus
3670 1107 3824 1147 meus

2216 1199 2346 1247 ante
2377 1205 2596 1246 servum
2623 1206 2802 1257 suum,
2845 1201 2899 1246 et
2950 1205 3050 1260 ego
3086 1205 3282 1261 sequar
3305 1190 3561 1258 paulatim
3588 1189 3821 1259 vestigia

2217 1284 2338 1351 ejus
2360 1285 2500 1338 sicut
2528 1283 2717 1338 videro
2740 1299 2902 1353 posse
2938 1284 3194 1354 parvulos
3218 1297 3392 1349 meos,
3410 1282 3585 1339 donec
3606 1282 3822 1349 veniam

2217 1377 2285 1433 ad
2312 1378 2595 1434 dominum
2620 1394 2799 1435 meum
2823 1379 2875 1434 in
2901 1378 3042 1436 Seir.
3068 1378 3371 1446 ReSpondit
3402 1379 3576 1434 Esau:
3602 1379 3712 1434 Oro
3743 1385 3820 1446 te,

2218 1481 2275 1528 ut
2301 1473 2370 1530 de
2403 1474 2603 1544 popqu
2624 1474 2713 1545 qui
2738 1489 2953 1530 mecum
2981 1482 3086 1542 est,
3111 1475 3304 1530 saltem
3339 1473 3475 1530 socii
3500 1481 3824 1531 remaneant

2217 1567 2320 1621 via:
2351 1576 2476 1621 tuas.
2509 1566 2624 1621 Non
2656 1576 2760 1631 est,
2796 1566 2989 1638 inquit,
3015 1581 3242 1623 necesse
3270 1583 3284 1623 :
3339 1566 3442 1623 hoc
3471 1582 3578 1622 uno
3611 1575 3822 1622 tantum

2219 1660 2461 1732 indigeo,
2505 1671 2562 1717 ut
2585 1662 2859 1718 inveniam
2888 1663 3117 1733 gratiam
3152 1661 3204 1717 in
3236 1670 3533 1732 conspectu
3559 1671 3583 1699 α
3612 1659 3822 1716 domini

2217 1753 2348 1808 mei.
2409 1747 2683 1808 Reversus
2739 1763 2822 1809 est
2871 1754 3052 1824 itaque
3074 1753 3267 1809 illodie
3294 1753 3435 1808 Esau
3469 1753 3662 1809 itinere
3710 1765 3822 1822 quo

510 1850 858 1907 benedixeris
887 1849 1039 1904 mihi.
1071 1847 1160 1904 Ait
1191 1863 1323 1917 ergo
1359 1865 1372 1902 :
1405 1846 1558 1913 Quod
1592 1861 1794 1902 nomen
1843 1855 1928 1900 est
1971 1843 2112 1900 tibi?
2142 1849 2191 1910 B
2219 1847 2520 1902 veneratin
2543 1847 2684 1903 Seir.
2709 1846 2791 1919 [(3.
2811 1846 2974 1919 [ΛΚ]
2999 1847 3064 1903 Et
3090 1847 3257 1904 Iacob
3280 1847 3430 1903 venit
3453 1847 3505 1903 iu
3537 1846 3818 1904 Sochoth:

511 1944 815 2014 Respondit
849 1960 860 1994 :
894 1940 1084 1997 Jacob.
1121 1938 1192 1994 At
1222 1939 1333 2007 ille,
1376 1938 1755 2010 Nequaquam,
1781 1937 1975 2008 inquit,
2024 1935 2114 1992 Ja-

510 2035 612 2094 ἑοὶ)
639 2035 1002 2107 appellabitur
1032 2048 1230 2088 nomen
1256 2041 1431 2103 tuum,
1456 2032 1554 2088 sed
1599 2031 1766 2086 Israel
1792 2048 1803 2083 :
1853 2027 2112 2100 quoniam

507 2132 553 2187 si
575 2139 765 2186 contra
796 2127 970 2183 Deum
1011 2126 1168 2181 fortis
1211 2124 1359 2180 fuisti
1395 2167 1410 2193 ,
1453 2133 1657 2195 quanto
1703 2125 1874 2194 magis
1919 2130 2112 2177 contra

517 2223 766 2280 homines
793 2221 1117 2294 pr:evalcbis
1149 2222 1163 2274 ι
1209 2220 1572 2292 Interrogavit
1599 2235 1719 2275 cum
1745 2218 1913 2274 Jacob
1946 2235 1959 2271 :
2019 2217 2113 2272 Die

511 2319 665 2386 mihi,
690 2333 798 2389 quo
829 2315 1122 2387 appellaris
1153 2312 1413 2369 nomine?
1448 2310 1749 2383 Respondit
1779 2326 1792 2364 :
1826 2309 1935 2364 Cur
1959 2323 2112 2380 qua:-

516 2415 593 2469 ris
625 2427 823 2467 nomen
855 2411 1068 2466 meum?
1119 2409 1185 2463 Et
1213 2405 1493 2463 benedixit
1521 2408 1571 2460 ei
1623 2405 1674 2459 in
1724 2402 1917 2459 eodem
1965 2401 2108 2457 loco.

511 2503 846 2574 Vocavitqnc
873 2501 1266 2584 Jacobpomen
1299 2499 1402 2554 loci
1435 2497 1578 2554 illius
1600 2495 1866 2562 Phanuel,
1887 2494 2107 2550 dicens:

515 2599 635 2656 Vidi
657 2599 830 2654 Deum
856 2596 995 2652 facie
1024 2595 1093 2650 ad
1123 2595 1412 2660 faciem,et
1433 2591 1583 2649 salva
1619 2590 1764 2645 facta
1795 2598 1880 2644 est
1928 2589 2111 2642 anima

509 2711 650 2750 mea.
681 2693 953 2762 Ortusque
974 2698 1058 2746 est
1111 2689 1163 2744 ci
1205 2688 1390 2744 statim
1444 2686 1549 2753 sol,
1600 2693 1886 2756 postquam
1935 2690 2112 2736 trans-

509 2805 728 2863 gressus
756 2797 840 2845 est
880 2785 1164 2843 Phanuel:
1221 2784 1338 2854 ipse
1391 2795 1521 2837 vero
1561 2779 1908 2836 claudicabat
1946 2775 2105 2848 pede.

507 2887 679 2953 Quam
715 2883 786 2938 ob
816 2896 1034 2937 causam
1064 2894 1172 2934 non
1201 2875 1496 2933 comedunt
1522 2874 1617 2928 lilii
1659 2873 1825 2928 Israel
1853 2887 2104 2937 nervum,

509 2980 600 3050 qui
644 2979 911 3033 emarcuit
937 2973 990 3028 in
1014 2973 1220 3028 femore
1249 2968 1438 3036 Jacob,
1487 2981 1658 3038 usque
1703 2967 1758 3020 in
1784 2973 2108 3036 praesentem

507 3074 650 3130 diem
683 3088 697 3128 :
727 3086 794 3127 eo
840 3067 988 3142 quod
1027 3066 1269 3138 tetigerit
1307 3079 1538 3122 nervum
1594 3061 1819 3118 femoris
1865 3059 2005 3132 ejus,
2053 3067 2112 3116 et

509 3163 873 3236 obstupuerit.

2217 1939 2309 1995 ubi
2332 1939 2594 1996 aedificata
2624 1941 2789 1996 domo
2814 1949 2871 1998 et
2903 1941 3023 1998 ﬁxis
3054 1942 3328 2008 tentoriis,
3373 1941 3662 2012 appellavit
3720 1958 3821 1996 no-

2217 2049 2340 2089 men
2382 2035 2484 2090 loci
2538 2035 2684 2092 illius
2731 2035 2996 2104 Sochoth,
3058 2036 3110 2092 id
3151 2047 3256 2104 est,
3315 2037 3694 2093 tabernacula.
3731 2037 3820 2110 [Β.

2217 2126 3030 2200 XXXVI.]'I‘ransivitqueinb
3073 2129 3251 2186 Salem
3300 2130 3489 2186 urbem
3549 2130 3823 2186 Siehimo-

2215 2237 2358 2288 rum,
2385 2237 2505 2292 quae
2532 2232 2615 2277 est
2640 2222 2692 2276 in
2724 2230 2872 2279 terra
2923 2221 3205 2290 Chanaan,
3257 2232 3540 2294 postquam
3568 2237 3826 2280 reversus

2215 2325 2300 2372 est
2325 2317 2394 2372 de
2426 2317 2810 2388 Mesopotamia
2835 2318 3029 2390 Syrire,
3081 2327 3137 2374 et
3193 2315 3458 2374 habitavit
3479 2318 3629 2389 juxta
3664 2319 3821 2390 oppi-

2214 2408 2362 2464 dum.
2390 2409 2644 2481 Emitque
2668 2421 2874 2480 partem
2899 2411 3012 2482 agri
3035 2410 3088 2466 in
3111 2426 3214 2481 qua
3232 2411 3416 2466 fixerat
3444 2410 3820 2481 tabernacula,

2217 2519 2245 2558 a
2273 2503 2398 2557 filiis
2431 2502 2598 2558 Emor
2631 2504 2798 2573 patris
2822 2504 3059 2569 Sichem,
3096 2512 3316 2560 centum
3347 2504 3520 2576 agnis.
3547 2505 3612 2560 Et
3634 2516 3822 2562 erecto

2216 2595 2288 2650 ibi
2319 2595 2498 2663 altari,
2527 2595 2802 2652 invocavit
2831 2610 2995 2668 super
3044 2594 3182 2651 illud
3236 2595 3594 2653 fortissimum
3648 2598 3822 2655 Deum

2212 2691 2397 2749 Israel.
2431 2716 2442 2732 κ

2292 2784 2378 2856 [Τ.
2438 2785 2675 2853 XXVIII,
2725 2786 2856 2857 Cap.
2898 2786 3188 2859 XXXIV.]
3235 2786 3471 2858 Egressa
3511 2797 3594 2845 est
3635 2797 3822 2846 autem

2217 2877 2376 2946 Dina,
2407 2879 2520 2934 filia
2546 2879 2677 2947 Liae,
2711 2890 2768 2935 ut
2797 2881 3010 2936 videret
3051 2881 3308 2937 mulieres
3355 2880 3593 2953 regionis
3645 2881 3820 2937 illius.

2214 2970 2386 3039 Quam
2427 2988 2549 3027 eum
2581 2972 2804 3030 vidisset
2833 2973 3053 3030 Sichem
3092 2974 3236 3030 titius
3268 2973 3434 3030 Emor
3462 2976 3630 3041 Evcci,
3661 2977 3824 3046 prin-
3897 3023 3902 3027 .

2211 3079 2341 3134 ceps
2367 3075 2526 3121 terra:
2547 3065 2712 3132 illius,
2738 3066 3013 3121 adamavit
3041 3076 3260 3135 eam,et
3302 3070 3500 3138 rapuit,
3533 3077 3587 3125 et
3608 3069 3820 3126 dormi-

2210 3158 2284 3212 vit
2301 3173 2423 3213 cum
2449 3158 2563 3226 illa,
2594 3159 2645 3214 vi
2673 3160 2990 3230 opprimens
3020 3159 3307 3232 virginem.
3344 3161 3410 3216 Et
3433 3161 3816 3234 conglutinata

578 3258 732 3331 |Cap.
766 3254 1031 3327 XXXIIIJ
1072 3254 1285 3310 Levans
1315 3263 1496 3308 autem
1525 3250 1692 3308 Jaeob
1718 3250 1908 3307 oculos
1953 3264 2101 3317 suos,
2135 3243 2180 3308 C
2211 3263 2295 3309 est
2319 3254 2496 3308 anima
2523 3252 2640 3324 ejus
2663 3268 2786 3309 cum
2819 3268 2905 3319 ea,
2942 3255 3261 3325 tristemque
3311 3253 3592 3311 blanditiis
3614 3255 3818 3312 delini-

507 3352 640 3408 vidit
667 3349 976 3406 venientem
999 3347 1164 3414 Esau,
1215 3356 1271 3401 et
1323 3359 1445 3400 cum
1475 3360 1540 3400 eo
1565 3342 1999 3415 quadringentos
2022 3343 2102 3397 vi-

505 3461 618 3511 ros,
666 3442 955 3513 divisitque
991 3439 1133 3496 filios
1156 3439 1266 3495 Liae
1321 3446 1378 3493 et
1426 3436 1651 3502 Rachel,
1711 3437 2104 3507 ambarumque

504 3537 826 3592 famularum
861 3551 876 3594 :
903 3543 959 3590 et
983 3532 1167 3604 posuit
1187 3541 1476 3602 utramque
1510 3529 1784 3598 ancillam,
1817 3539 1870 3585 et
1900 3529 2104 3585 liberos

505 3646 716 3697 earum,
748 3628 1128 3701 inprincipio:
1160 3626 1317 3681 Liam
1349 3641 1500 3688 vero,
1551 3635 1605 3680 et
1662 3624 1803 3680 filios
1855 3624 1993 3692 ejus,
2048 3620 2103 3676 in

503 3724 746 3782 secundo
773 3723 894 3778 loco
920 3738 934 3780 :
968 3720 1172 3781 Rachel
1203 3729 1384 3774 autem
1407 3729 1462 3774 et
1485 3719 1711 3790 Joseph,
1748 3715 2099 3772 novissimos.

505 3818 578 3873 Et
604 3819 719 3888 ipse
751 3812 1108 3886 progrediens
1129 3811 1375 3867 adoravit
1402 3824 1606 3880 pronus
1635 3812 1687 3863 in
1739 3819 1939 3864 terram
1970 3821 2101 3876 sep-

507 3912 632 3977 ties,
660 3907 835 3965 donec
868 3905 1334 3978 appropinquaret
1355 3904 1522 3959 frater
1547 3903 1684 3972 ejus.
1733 3903 1976 3958 Currens
2005 3901 2102 3954 ita-

504 4019 609 4075 que
632 4003 772 4058 Esau
800 3999 1009 4056 obviam
1043 3997 1197 4053 fratri
1225 4011 1347 4063 suo,
1401 3995 1742 4065 amplexatus
1797 4002 1882 4048 est
1926 4007 2050 4047 eum
2082 4008 2098 4046 :

500 4095 885 4164 sti-ingensque
913 4089 1111 4146 collum
1140 4089 1258 4159 ejus
1277 4096 1334 4144 et
1361 4087 1614 4144 osculans
1637 4086 1804 4141 ﬂevit.
1859 4085 2102 4143 Levatis-

506 4203 611 4258 que
639 4184 831 4252 oculis,
856 4182 988 4238 vidit
1017 4181 1272 4237 mulieres
1304 4188 1360 4236 et
1383 4180 1635 4251 parvulos
1663 4194 1873 4245 earum,
1906 4189 1961 4234 et
1988 4179 2095 4234 ait:

504 4277 642 4346 Quid
673 4277 777 4332 sibi
807 4275 999 4331 volunt
1055 4273 1194 4330 isti?
1245 4272 1375 4329 etsi
1423 4271 1490 4326 ad
1550 4281 1602 4327 te
1635 4269 1949 4341 pertinent?
1993 4269 2099 4327 Rc-

502 4371 752 4446 spondit:
771 4369 993 4426 Parvuli
1026 4376 1176 4432 sunt,
1201 4382 1341 4438 quos
1367 4365 1590 4421 donavit.
1617 4364 1748 4419 mihi
1776 4364 1915 4422 Deus
1940 4379 2098 4420 servo

507 4476 620 4522 tuo.
647 4465 714 4520 Et
743 4465 1238 4536 appmpinquantes
1277 4457 1490 4514 ancillae
1517 4466 1572 4511 et
1621 4456 1716 4511 filii
1761 4472 1972 4524 earum,
2019 4458 2097 4513 in-

500 4558 712 4616 curvati
739 4567 884 4613 sunt.
910 4555 1155 4613 Accessit
1178 4567 1392 4624 quoque
1422 4549 1516 4604 Lia
1548 4564 1669 4605 cum
1696 4549 1884 4605 liberis
1911 4550 2094 4623 [ναις.

2212 3345 2308 3398 vit.
2347 3346 2412 3400 Et
2439 3360 2672 3416 pergens
2692 3345 2759 3401 ad
2788 3345 2952 3400 Emor
2976 3355 3183 3416 patrem
3206 3361 3392 3416 suum,
3422 3347 3627 3420 Accipe
3649 3348 3812 3418 mihi,

2208 3437 2398 3508 inquit,
2425 3438 2657 3508 puellam
2692 3435 2832 3492 hanc
2852 3437 3162 3508 conjugem.
3213 3437 3370 3505 Quod
3418 3453 3544 3493 cum
3569 3438 3820 3497 audisset

2204 3529 2393 3596 Iacob,
2425 3529 2744 3586 absentibus
2776 3529 2998 3597 filiis,et
3030 3531 3082 3585 in
3109 3540 3262 3600 pastu
3291 3545 3547 3602 pecorum
3575 3547 3820 3602 occupa-

2206 3624 2290 3690 tis,
2316 3624 2466 3678 siluit
2493 3623 2665 3679 douec
2692 3623 2954 3679 redirent.
2987 3623 3222 3694 Egresso
3267 3635 3450 3680 autem
3508 3625 3675 3681 Emor
3716 3640 3820 3695 pa-

2206 3725 2286 3771 tre
2310 3716 2556 3781 Sichem,
2583 3725 2641 3770 ut
2668 3716 2988 3786 loqueretur
3021 3715 3087 3771 ad
3127 3715 3318 3784 Jacob,
3367 3732 3496 3772 ecce
3548 3717 3646 3772 filii
3691 3717 3817 3787 ejus

2203 3814 2495 3870 veniebant
2514 3814 2582 3870 de
2608 3828 2764 3885 agro,
2807 3813 3102 3884 auditoque
3135 3813 3280 3885 quod
3334 3812 3633 3879 acciderat,
3687 3815 3818 3870 irati

2202 3918 2330 3964 sunt
2358 3908 2539 3975 valde,
2570 3924 2638 3964 eo
2661 3907 2804 3977 quod
2833 3906 3032 3964 fmdam
3088 3923 3201 3964 rem
3257 3918 3406 3964 esset
3453 3917 3712 3979 operatus
3756 3909 3816 3965 iu

2202 4001 2392 4069 Israel,
2424 4009 2502 4066 et,
2527 4001 2721 4055 violata
2754 4000 2867 4056 filia
2911 4000 3100 4066 Jacoh,
3153 4016 3268 4056 rem
3318 4000 3564 4056 illicitam
3611 4016 3813 4072 perpe-

2203 4103 2419 4150 trasset.
2467 4093 2705 4150 Locutus
2729 4103 2810 4149 est
2837 4095 3016 4164 itaque
3041 4094 3207 4148 Emor
3234 4092 3302 4148 ad
3342 4108 3458 4157 eos,
3516 4101 3570 4148 et
3611 4092 3758 4148 dixit
3789 4109 3806 4153 :

2202 4186 2420 4244 Sichem
2465 4186 2558 4241 ﬁlii
2614 4187 2720 4242 mei
2759 4186 2990 4243 adhaesit
3036 4187 3214 4242 anima
3234 4185 3359 4242 filia:
3382 4195 3621 4242 vestrm:
3683 4187 3818 4244 date

2200 4294 2318 4335 eam
2346 4279 2422 4334 illi
2455 4293 2718 4348 uxorem,
2766 4291 2822 4336 et
2865 4280 3153 4352 jungamus
3202 4279 3441 4335 vicissim
3485 4279 3812 4342 connubia;

2200 4374 2339 4429 ﬁlias
2368 4382 2580 4430 vestras
2613 4373 2808 4430 tradite
2829 4374 3006 4441 nobis,
3057 4383 3112 4430 et
3135 4373 3272 4429 filias
3303 4383 3521 4430 nostras
3550 4374 3812 4445 accipite.

2202 4467 2268 4524 Et
2289 4467 2527 4524 habitate
2551 4467 2833 4524 nobiscum
2863 4485 2874 4520 :
2902 4467 3122 4523 terrain
3153 4475 3428 4538 potestate
3465 4477 3644 4524 vestra
3668 4475 3759 4524 est
3798 4489 3812 4525 λ

2201 4569 2480 4627 exercete,
2510 4559 2882 4631 negotiamini,
2914 4568 2967 4615 et
2991 4558 3267 4628 possidete
3305 4573 3448 4615 eam.
3475 4559 3584 4615 Sed
3618 4567 3674 4615 ct
3714 4559 3813 4616 Si-

503 4650 708 4723 pueris]
739 4650 856 4706 suis
886 4665 901 4704 :
936 4658 990 4704 et
1016 4664 1137 4703 cum
1179 4643 1429 4701 simililer
1475 4643 1812 4710 adorassent,
1871 4645 2099 4700 extremi
2125 4637 2176 4698 D
2202 4654 2362 4710 ehem
2388 4654 2456 4710 ad
2487 4662 2698 4724 patrem
2721 4661 2777 4710 ει
2814 4652 3010 4708 fratres
3041 4652 3161 4723 eius
3191 4652 3265 4708 ait
3298 4663 3312 4706 ε
3361 4653 3635 4709 [nveniam
3679 4667 3814 4723 ενα-

498 4745 700 4816 Ioseph
771 4753 828 4800 et
901 4740 1112 4798 Rachel
1166 4739 1548 4794 adoraveruut.
1607 4736 1856 4808 Dixitque
1911 4738 2096 4794 Esau:

503 4840 767 4907 Quzenam
793 4844 919 4892 sunt
949 4835 1068 4890 ista:
1113 4841 1327 4897 turma),
1358 4844 1492 4898 quas
1517 4829 1732 4884 obviam
1764 4830 1924 4886 habui
1952 4832 1975 4887 ?
1999 4832 2099 4889 Rc-

499 4930 717 5004 spondit
743 4948 756 4982 :
801 4928 870 4985 Ut
892 4925 1196 4982 invenirem
1219 4923 1453 4993 gratiam
1485 4935 1671 4977 coram
1699 4922 1922 4979 domino
1951 4940 2096 4981 meo.

499 5028 570 5083 At
593 5023 685 5079 ille
715 5021 792 5074 ait
823 5037 839 5073 :
908 5018 1096 5074 Ilabeo
1119 5016 1374 5088 plurima,
1412 5016 1578 5071 frater
1599 5017 1692 5084 mi,
1715 5017 1825 5072 siut
1851 5029 1942 5075 tua
1977 5021 2093 5076 tibi.

498 5116 754 5185 Dixitque
773 5111 940 5169 Jacob
970 5127 985 5169 :
1017 5109 1136 5165 Noli
1190 5109 1261 5164 ita
1292 5151 1307 5177 ,
1351 5107 1578 5166 obsecro
1613 5127 1625 5162 :
1677 5110 1772 5166 sed
1820 5112 1865 5166 si
1909 5112 2089 5168 inveni

497 5212 725 5280 gratiam
755 5210 808 5264 iu
836 5206 1009 5264 oculis
1031 5205 1160 5273 tuis,
1182 5205 1367 5277 accipe
1398 5207 1776 5263 munusculum
1809 5209 1876 5264 de
1917 5209 2090 5265 mani-

490 5304 595 5361 bus
617 5301 751 5361 meis
778 5320 792 5359 :
827 5301 908 5359 sic
937 5299 1082 5357 enim
1111 5299 1218 5356 vidi
1236 5300 1430 5356 faciem
1462 5310 1631 5372 tuam,
1666 5301 1822 5373 quasi
1851 5301 2084 5360 viderim

564 5519 591 5582 ιξ
614 5508 774 5580 Vulg.
819 5507 874 5563 in
913 5516 1185 5580 conspectu
1235 5514 1344 5574 tuo,
1397 5505 1604 5562 domine
1644 5506 1732 5576 mi,
1784 5507 1996 5582 longius
2020 5511 2089 5566 ab

496 5579 749 5638 Hebraeo.

565 5673 593 5711 ι)
618 5674 784 5728 Error
813 5671 1060 5727 oboritur
1089 5671 1178 5727 hic
1205 5669 1307 5726 loci
1335 5711 1350 5737 ,
1398 5670 1440 5724 si
1473 5670 1727 5726 credatur
1763 5674 1860 5728 ista
1911 5675 2090 5730 Solem

489 5759 614 5801 esse
641 5744 956 5804 Jerusalem,
991 5759 1109 5813 quae
1150 5744 1330 5799 Salem
1359 5743 1520 5798 etiam
1560 5752 1684 5797 ante
1711 5743 1851 5799 dicta
1883 5759 1998 5807 est.
2035 5750 2088 5802 in

490 5832 593 5887 qua
639 5817 881 5886 regnavit
909 5815 1326 5887 Melchisedech.
1359 5814 1594 5887 consule
1631 5814 1728 5870 lib.
1757 5818 1958 5887 Quaest.
1985 5819 2089 5876 Ile-

487 5885 794 5946 braicarum
829 5887 1002 5944 sancti
1034 5886 1372 5960 Hieronymi.
1406 5885 1580 5942 Mam.

2203 4747 2328 4801 tiam
2360 4760 2542 4801 coram
2571 4745 2747 4810 vobis,
2777 4753 2832 4799 et
2858 4759 3213 4815 quaecumque
3249 4745 3579 4816 _statueritis,
3625 4743 3810 4801 dabo:

2201 4849 2396 4912 augete
2417 4839 2620 4906 dotem,
2643 4852 2867 4896 munera
2902 4837 3194 4908 postulate,
3220 4844 3274 4892 et
3297 4836 3472 4892 libens
3509 4834 3700 4910 [ναις.
3737 4836 3810 4891 Ιί-

2201 4933 2416 5005 benter]
2457 4933 2692 4988 tribuam
2719 4931 2861 5002 quod
2903 4931 3170 5003 petieritis
3203 4945 3217 4985 :
3265 4939 3475 4986 tantum
3515 4928 3640 4985 date
3671 4927 3813 4986 mihi

2201 5027 2436 5098 puellam
2471 5027 2610 5081 banc
2653 5040 2903 5081 uxorem.
2967 5022 3385 5095 Responderunt
3406 5022 3499 5078 filii
3525 5022 3694 5079 Jacob
3718 5022 3811 5079 Si-

2198 5120 2432 5176 chemet
2468 5117 2606 5189 patri
2645 5117 2761 5188 ejus
2807 5117 2860 5172 in
2907 5116 3056 5185 dolo,
3099 5115 3386 5171 saivieutes
3432 5114 3502 5170 ob
3555 5122 3812 5185 stuprum

2198 5213 2403 5268 sororis
2438 5229 2449 5264 :
2495 5210 2610 5266 Non
2639 5224 2931 5282 possumus
2953 5207 3132 5265 facere
3149 5208 3291 5280 quod
3316 5207 3519 5280 petitis,
3548 5223 3650 5263 nec
3672 5208 3813 5266 dare

2195 5321 2441 5363 sororem
2464 5315 2704 5362 nostram
2747 5305 2955 5362 homini
2985 5304 3366 5362 incircumciso
3399 5321 3414 5361 :
3450 5303 3596 5374 quod
3639 5303 3815 5361 illici-

2265 5543 2334 5556 --
2380 5513 2576 5570 Vocem
2621 5513 2804 5570 Salem
2833 5512 3069 5569 Urbinas
3119 5528 3223 5568 ms.
3273 5521 3437 5569 tacet.
3472 5511 3656 5568 Fuerit
3681 5511 3808 5583 ejus

2191 5586 2497 5656 descriptor
2529 5589 2581 5640 in
2610 5601 2672 5640 ea
2705 5587 3002 5652 sententia,
3035 5599 3140 5640 non
3165 5599 3286 5640 esse
3334 5583 3487 5656 illud,
3513 5585 3801 5654 proprium

2193 5658 2340 5713 urbis
2367 5655 2596 5724 nomen;
2627 5657 2980 5712 Hebraeorum
3013 5658 3157 5712 cuitu
3192 5655 3437 5728 magistri
3459 5655 3527 5712 de
3556 5657 3676 5726 ipso
3703 5656 3806 5712 Ja-

2191 5751 2294 5806 cob
2307 5753 2598 5823 accipiunt,
2617 5751 2759 5820 quod
2777 5735 3107 5823 obiurgantem,
3132 5751 3185 5806 id
3216 5761 3322 5817 est,
3345 5751 3575 5823 illaesus,
3593 5750 3804 5806 incolu-

2196 5824 2315 5891 mis,
2349 5822 2561 5878 venerit
2608 5823 2850 5880 Sichem.
2898 5822 3129 5880 Obstare
3159 5832 3338 5882 autem
3372 5822 3582 5880 Hebraei
3613 5829 3800 5882 textus

2192 5897 2436 5964 syntaxis
2457 5895 2692 5951 videtur.
