4044 6360
353 298 457 356 209

1710 298 1910 357 LIBER
1949 298 2258 358 GENESIS.

3539 307 3648 364 210

349 423 462 468 tum
486 423 542 470 et
571 415 834 472 nefarium
863 425 942 472 est
970 416 1110 486 apud
1141 431 1259 472 nos.
1295 416 1402 474 Sed
1430 417 1483 473 iu
1521 417 1624 474 hoc
1653 416 1951 474 valebimus
1978 421 2029 482 Α
2058 415 2129 472 ibi
2157 416 2348 484 altare,
2377 425 2430 473 et
2456 415 2745 488 appellavit
2767 431 2975 496 .nomen
3007 418 3113 476 loci
3159 419 3350 496 [γαίῃ.
3407 421 3534 477 add.
3581 422 3648 477 il-

347 505 636 577 foederari,
667 509 711 564 si
742 525 863 565 esse
889 510 1170 566 volueritis
1191 513 1363 566 nostri
1397 511 1621 578 similes,
1649 519 1703 566 et
1723 511 1953 566 circum-

346 601 564 656 cidatur
586 602 640 655 in
665 601 818 657 vobis
841 617 1002 658 omne
1023 602 1213 675 [Vulg].
1236 604 1435 676 omnis]
1461 605 1739 659 masculini
1754 619 1914 660 sexus
1937 622 1948 658 :

345 701 476 750 tunc
502 693 750 751 dabimus
784 706 839 752 et
864 698 1190 767 accipiemus
1245 709 1431 756 mutuo
1463 699 1599 754 ﬁlias
1638 708 1859 755 nostras
1890 714 1951 755 ac

348 797 584 856 vestras,
613 798 667 844 et
695 790 1056 847 habitabimus
1108 793 1410 862 vobiscum,
1458 794 1769 864 erimusque
1813 809 1953 849 unus

340 881 581 953 populus
613 899 627 936 :
660 883 744 939 sin
775 893 956 939 autem
985 885 1306 942 circumcidi
1341 887 1646 954 nolueritis,
1699 887 1950 942 tollemus

343 975 514 1030 ﬁliam
538 986 802 1045 nostram,
829 988 881 1032 et
911 979 1250 1035 recedemus.
1305 979 1515 1035 Placuit
1533 980 1740 1035 oblatio
1761 995 1948 1035 eorum

341 1065 538 1132 Emor,
569 1078 624 1123 et
664 1069 880 1126 Sichem
912 1072 1024 1126 ﬁlio
1055 1072 1175 1142 ejus
1204 1090 1217 1128 :
1259 1088 1357 1128 nec
1381 1073 1591 1129 distulit
1629 1074 1949 1130 adolescens

337 1159 474 1230 quin
508 1163 692 1217 statim
725 1164 870 1234 quod
912 1165 1213 1234 petebatur,
1240 1167 1482 1236 expleret
1517 1185 1529 1222 :
1565 1169 1946 1223 amabatcuim

337 1253 583 1321 puellam
605 1253 788 1322 valde,
818 1264 872 1310 et
901 1256 1017 1327 ipse
1039 1269 1159 1312 erat
1205 1258 1442 1330 inclytus
1490 1259 1541 1313 in
1598 1260 1743 1314 omni
1787 1261 1950 1316 domo

341 1349 527 1416 patris
566 1350 673 1404 sui.
722 1349 1066 1422 Ingressique
1119 1360 1328 1422 portam
1385 1352 1558 1422 urbis,
1611 1353 1775 1408 locuti
1826 1362 1951 1408 sunt

337 1441 552 1509 populo
581 1439 734 1496 :Viri
765 1441 854 1497 isti
915 1442 1126 1513 paciﬁci
1174 1452 1319 1512 sunt,
1370 1452 1426 1500 et
1473 1444 1662 1499 volunt
1706 1445 1949 1500 habitare

333 1533 668 1588 nobiscum:
704 1535 1121 1605 ncgotienturin
1154 1543 1322 1602 terra,
1363 1545 1417 1592 et
1461 1544 1756 1592 exerceant
1800 1551 1944 1606 eam,

334 1640 464 1696 qua:
487 1627 727 1696 spatiosa
753 1638 808 1683 et
831 1629 936 1683 lata
970 1629 1272 1685 cultoribus
1301 1629 1502 1701 indiget
1535 1647 1548 1684 :
1584 1630 1724 1686 ﬁlias
1756 1645 1944 1686 eorum

333 1721 687 1791 accipiemus
713 1737 934 1790 uxores,
964 1731 1018 1779 et
1049 1734 1264 1780 nostras
1316 1725 1422 1780 illis
1452 1723 1724 1779 dabimus.
1766 1724 1942 1782 Unum

2056 511 2205 583 lius],
2239 511 2440 566 Domus
2472 511 2564 568 Dei
2601 529 2614 568 :
2647 512 2719 568 ibi
2747 513 2890 569 enim
2938 516 3187 586 apparuit
3234 517 3283 572 ei
3335 517 3477 573 Deus
3524 531 3647 573 cum

2055 603 2266 676 fugeret
2303 605 2524 662 fratrem
2579 621 2738 662 suum
2792 607 2982 681 [γαίῃ.
3035 619 3136 663 (ac.
3187 610 3388 682 suum].
3446 610 3650 666 Eodem

2055 707 2302 769 tempore
2332 711 2545 755 mortua
2576 710 2661 755 cst
2683 700 2929 756 Debbora
2963 703 3144 757 nutrix
3176 701 3460 771 Rebeccae,
3484 710 3539 760 et
3564 718 3652 759 se—

2054 793 2201 862 pulta
2231 793 2400 848 estad
2431 793 2646 850 radices
2699 795 2883 850 Bethel
2928 795 3117 851 subter
3147 811 3444 868 quercum:
3477 813 3649 852 voca-

2056 894 2277 955 tumque
2307 895 2390 940 est
2421 900 2613 941 nomen
2637 886 2740 942 loci
2785 885 2971 960 [γαίῃ.
2997 887 3124 943 add.
3157 888 3348 961 illius],
3399 890 3650 956 Quercus

2054 977 2230 1034 ﬁctus.
2259 980 2526 1050 Apparuit
2547 990 2726 1034 autem
2774 981 2970 1035 iterum
3004 980 3145 1036 Deus
3167 979 3334 1036 Jacob
3362 989 3649 1050 postquam

2053 1089 2305 1129 reversus
2328 1082 2412 1130 est
2455 1072 2525 1129 de
2576 1072 2968 1144 Mesopotamia
3017 1073 3213 1146 Syriae,
3265 1073 3657 1145 benedixitque

2053 1164 2103 1221 ei
2131 1165 2320 1221 dicens
2350 1165 2499 1221 :Non
2527 1166 2810 1221 vocaberis
2841 1167 2981 1221 ultra
3009 1165 3198 1232 Jacob,
3244 1166 3339 1222 sed
3361 1165 3524 1222 Israel
3545 1165 3652 1221 erit

2053 1274 2247 1314 nomen
2278 1270 2450 1314 tuum.
2487 1259 2555 1314 Et
2583 1258 2873 1329 appellavit
2921 1273 3042 1314 eum
3066 1257 3255 1327 Israel,
3288 1257 3531 1329 dixitque
3550 1256 3602 1313 ei
3630 1273 3660 1324 ε,

2057 1353 2166 1423 Ego
2213 1353 2352 1408 Deus
2384 1353 2747 1422 omnipotens,
2779 1366 2964 1408 cresce
3007 1361 3060 1406 et
3089 1351 3482 1422 multiplicare:
3515 1363 3648 1419 gen-

2055 1454 2136 1501 tes
2187 1455 2240 1501 et
2291 1447 2469 1517 pepuli
2517 1444 2797 1502 nationum
2845 1454 3008 1502 erunt
3028 1460 3094 1502 ex
3121 1455 3193 1512 te,
3227 1459 3382 1515 reges
3403 1442 3472 1499 de
3503 1443 3646 1497 lum-

2054 1539 2139 1594 bis
2172 1540 2278 1595 tuis
2305 1539 2671 1610 egredientur.
2704 1539 3036 1610 Terramque
3081 1552 3241 1608 quam
3291 1536 3415 1592 dedi
3468 1535 3645 1592 Abra-

2053 1631 2175 1687 ham
2219 1640 2274 1688 ct
2319 1631 2490 1699 Isaac,
2548 1631 2690 1688 dabo
2725 1633 2818 1686 tibi
2862 1639 2918 1686 et
2943 1630 3132 1686 semini
3158 1638 3248 1686 tuo
3273 1637 3394 1699 post
3445 1636 3520 1683 te.
3579 1628 3648 1681 Et

2051 1725 2280 1783 recessit
2300 1726 2368 1781 ab
2390 1741 2477 1781 eo.
2515 1725 2599 1799 [(1.
2643 1723 2831 1798 LXII]
2881 1724 2976 1781 Ille
3025 1737 3154 1779 vero
3205 1721 3383 1778 erexit
3432 1719 3644 1798 titulum

333 1825 450 1880 est,
480 1830 589 1886 quo
613 1814 861 1872 differtur
889 1827 1094 1873 tantum
1133 1819 1372 1874 bonum:
1408 1820 1463 1876 Si
1489 1821 1944 1876 circumcidamns
1977 1821 2024 1881 B
2051 1820 2318 1892 lapideum
2350 1821 2404 1874 in
2436 1820 2555 1874 loco
2585 1835 2693 1890 quo
2717 1819 2931 1873 loeutus
2966 1815 3142 1872 fuerat
3172 1816 3221 1870 ei
3252 1815 3395 1869 Deus
3424 1827 3438 1865 :
3474 1811 3646 1866 libans

332 1910 617 1964 masculos
642 1922 880 1978 nostros,
920 1915 1084 1969 ritum
1140 1915 1317 1986 gentis
1366 1915 1662 1970 imitantes.
1703 1916 1770 1970 Et
1823 1917 1948 1971 sub-

332 2004 549 2056 Stantia
567 2018 780 2075 eorum,
814 2014 911 2061 et!1
940 2021 1160 2077 pecora,
1189 2015 1454 2064 etcuneta
1501 2024 1622 2079 qure
1665 2009 1948 2080 possident

333 2110 533 2151 nOStra
556 2108 717 2154 erunt
747 2117 759 2153 :
795 2103 1080 2157 tantum-in
1118 2102 1221 2159 hoc
1270 2104 1701 2175 acquiescamus,
1745 2115 1799 2160 et
1849 2109 1946 2160 ba-

331 2188 582 2246 bitantes
613 2191 796 2259 simul,
831 2209 994 2248 unum
1034 2194 1336 2252 efﬁciemus
1380 2199 1655 2267 populum.
1712 2197 1942 2254 Assensi

329 2293 704 2350 suntomnes,
737 2285 1073 2345 circumcisis
1115 2290 1327 2346 cunctis
1381 2290 1643 2346 maribus.
1704 2291 1771 2346 Et
1815 2306 1945 2348 ecce

328 2376 432 2431 die
458 2380 645 2445 tertio,
679 2381 897 2450 quando
928 2382 1286 2451 gravissimus
1318 2383 1608 2439 vulnerum
1653 2384 1808 2439 dolor
1836 2393 1940 2450 est,

327 2470 718 2540 arreptis,duo
744 2471 912 2528 Jacob
943 2473 1038 2528 ﬁlii
1065 2474 1289 2530 Simeon
1339 2486 1391 2532 et.
1421 2476 1586 2542 Levi,
1623 2476 1817 2532 fratres
1845 2476 1941 2531 Di-

327 2574 448 2628 ηερ,
487 2561 709 2631 gladiis,
739 2563 969 2634 ingressi
1015 2575 1144 2621 sunt
1182 2567 1372 2623 urbem
1421 2567 1804 2624 conﬁdenter:
1858 2566 1941 2622 in-

326 2654 696 2728 terfecﬁsque
727 2659 976 2732 omnibus
999 2662 1272 2732 masculis,
1309 2672 1360 2718 et
1391 2663 1559 2718 Emor
1588 2662 1889 2718 et’Sichem
1913 2661 1938 2700 ι)

324 2747 516 2803 lilium
549 2766 704 2805 suum
734 2752 936 2822 pariter
978 2765 1326 2826 necaverunt,
1374 2756 1630 2812 tollentes
1651 2756 1841 2810 Dinam
1874 2755 1941 2811 de

323 2841 510 2899 domo
538 2843 754 2901 Sichem
780 2861 1027 2904 sororem
1049 2865 1225 2905 suam.
1251 2849 1457 2919 Quibus
1481 2852 1738 2922 egressis,
1765 2852 1936 2907 irrue-

321 2947 469 2991 runt
500 2953 663 3009 super
692 2941 903 2996 occisos
930 2943 1113 3000 caeteri
1147 2943 1245 2999 ﬁlii
1273 2945 1446 3000 Jacob
1504 2945 1582 3017 [In
1615 2945 1669 2999 h.
1713 2962 1818 3000 non
1847 2947 1940 2999 ha-

323 3027 454 3094 bet,
479 3032 659 3087 caaleri
693 3032 788 3088 ﬁlii
812 3033 1000 3103 Jacob,
1036 3036 1129 3091 sed
1153 3037 1252 3106 ﬁlii
1280 3036 1446 3091 Jacob
1488 3047 1732 3092 venerunt
1781 3055 1938 3109 super

324 3122 582 3196 occisos],
614 3133 666 3180 et
696 3125 1008 3198 depopulati
1041 3139 1168 3184 sunt
1189 3129 1381 3185 urbem
1415 3130 1468 3185 in
1509 3130 1770 3185 ultionem
1822 3138 1937 3184 stn-

2053 1928 2216 1985 super
2233 1928 2355 1968 eum
2398 1912 2658 1967 libamina
2683 1920 2740 1966 et
2765 1908 3046 1965 effundens
3089 1908 3268 1962 oleum
3296 1921 3311 1960 :
3339 1917 3649 1972 vocansque

2051 2021 2248 2062 nomen
2281 2005 2383 2060 loci
2413 2004 2582 2073 illius,
2614 2003 2830 2059 Bethel.
2867 2001 2952 2074 [Τ.
2982 1999 3205 2070 XXIX]
3259 1998 3520 2068 Egressus
3548 2009 3646 2048 au-

2052 2110 2160 2156 tem
2186 2099 2333 2166 inde,
2363 2098 2518 2154 venit
2542 2112 2713 2154 verno
2745 2105 2993 2166 tempore
3010 2093 3078 2149 ad
3103 2102 3304 2148 terram
3326 2104 3448 2160 quae
3495 2087 3646 2142 ducit

2049 2193 2377 2263 Epltratam:
2420 2191 2472 2244 in
2501 2205 2604 2260 qua
2633 2205 2754 2244 cum
2790 2189 3082 2258 parturiret
3114 2183 3344 2252 Rachel,
3401 2181 3470 2236 ob
3495 2178 3643 2234 dilﬁ-

2047 2287 2300 2342 eultatem
2329 2293 2513 2355 partus
2542 2282 2837 2354 periclitari
2880 2282 3066 2352 erepit.
3097 2279 3346 2348 Dixitque
3385 2276 3432 2332 ei
3462 2274 3648 2330 obste-

2047 2381 2177 2436 trix:
2204 2379 2320 2434 Noli
2344 2380 2560 2446 timere,
2587 2378 2714 2449 quia
2745 2387 2800 2434 ct
2825 2376 2969 2432 hunc
2995 2374 3219 2430 habebis
3254 2373 3445 2428 ﬁlium.
3471 2370 3643 2442 Egre-

2045 2473 2231 2531 diente
2258 2482 2437 2530 autem
2467 2474 2643 2528 anima
2668 2488 2780 2543 prae
2806 2471 3017 2538 dolore,
3075 2480 3132 2525 et
3179 2469 3495 2524 imminente
3530 2466 3642 2536 jam

2046 2578 2245 2638 morte,
2272 2567 2489 2623 vocavit
2518 2581 2717 2622 nomen
2750 2565 2844 2620 ﬁlii
2868 2565 2950 2621 sui
2981 2565 3209 2631 Benoni,
3260 2561 3314 2616 id
3337 2569 3442 2626 est,
3499 2557 3646 2613 ﬁlius

2045 2663 2250 2719 doloris
2276 2663 2379 2718 mei
2412 2670 2608 2732 :pater
2645 2675 2776 2716 vero
2811 2657 3106 2730 appellavit
3161 2670 3284 2710 cum
3334 2651 3641 2723 Benjamin,

2045 2755 2098 2810 id
2122 2764 2225 2820 est,
2252 2755 2400 2809 ﬁlius
2429 2754 2659 2809 dextrae.
2714 2751 2920 2807 Mortua
2939 2759 3024 2806 est
3062 2763 3191 2819 ergo
3212 2745 3440 2812 Rachel,
3470 2753 3525 2800 et
3555 2757 3643 2798 se-

2045 2847 2192 2918 pulta
2226 2849 2281 2902 in
2303 2847 2388 2902 via
2429 2862 2548 2916 qua:
2588 2845 2738 2901 ducit
2780 2843 3094 2914 Ephratam,
3136 2840 3256 2895 haec
3300 2847 3384 2894 est
3425 2835 3644 2892 Bethle-

2045 2939 2190 2995 hem.
2217 2938 2511 3009 Erexitque
2535 2936 2704 2993 Jacob
2728 2936 2942 2992 titulum
2967 2949 3132 3004 super
3155 2930 3466 3002 sepulcrum
3499 2927 3640 2997 ejus.

2045 3033 2144 3089 Hic
2163 3043 2244 3089 est
2270 3033 2455 3088 titulus
2485 3031 2818 3086 monumenti
2847 3027 3073 3093 Rachel,
3123 3040 3293 3096 usque
3319 3023 3373 3077 in
3401 3035 3639 3093 prmsen-

2043 3141 2150 3184 tem
2181 3129 2344 3184 diem.
2379 3127 2646 3199 Egressus
2677 3125 2823 3192 inde,
2859 3124 2976 3178 ﬁxit
3025 3121 3435 3178 tabernaculum
3487 3128 3636 3172 trans

325 3215 449 3284 pri.
479 3215 617 3273 Oves
646 3233 854 3287 eorum,
882 3229 936 3276 et
959 3232 1224 3290 armenta,
1275 3232 1330 3278 et
1372 3223 1576 3290 asinos,
1631 3232 1935 3294 cunctaque
1963 3223 2008 3285 C
2043 3233 2246 3278 turrem
2295 3221 2494 3293 gregis.
2525 3217 2770 3290 Cumque
2803 3218 3080 3272 habitaret
3130 3217 3184 3270 in
3233 3213 3329 3269 illa
3387 3211 3634 3284 regione,

327 3315 617 3363 vastantes
646 3325 765 3379 qua:
787 3309 840 3366 in
867 3312 1117 3368 domibus
1151 3323 1205 3369 et
1240 3314 1292 3369 in
1322 3315 1468 3384 agris
1496 3322 1655 3369 erant
1681 3332 1696 3378 ;
1732 3331 1934 3384 parvu-

327 3399 425 3455 los
476 3416 687 3472 quoque
729 3414 784 3460 et
855 3421 1052 3462 uxores
1098 3422 1286 3463 eorum
1339 3408 1612 3463 duxerunt
1667 3410 1931 3479 captivas.

327 3493 554 3560 Quibus
585 3499 803 3564 patratis
835 3500 1117 3570 audacter,
1159 3501 1332 3557 Jacob
1360 3500 1496 3556 dixit
1527 3501 1593 3557 ad
1637 3503 1857 3559 Simeon
1881 3511 1935 3558 et

325 3587 471 3642 Levi
509 3606 521 3645 :
576 3589 857 3647 Turbastis
889 3609 996 3662 me,
1029 3593 1352 3650 etodiosum
1385 3609 1468 3650 me
1494 3594 1699 3650 fecistis
1727 3595 1937 3651 Chana-

325 3679 480 3735 naeis
511 3690 563 3736 et
588 3681 890 3740 Pherezaeis
931 3685 1326 3742 habitatoribus
1384 3697 1542 3743 terrae
1583 3687 1764 3757 hujus.
1825 3687 1934 3744 Nos

325 3775 503 3845 pauci
533 3791 754 3836 sumus:
797 3779 876 3834 illi
907 3781 1216 3852 congregati
1249 3781 1553 3850 percutient
1578 3797 1684 3847 me,
1743 3790 1798 3837 et
1834 3783 1933 3837 de-

326 3865 501 3920 Iebor
528 3869 929 3939 ego,etdomus
980 3888 1121 3928 mea.
1167 3872 1585 3942 Responderunt
1618 3891 1633 3928 :
1665 3873 1933 3946 Numquid

327 3971 400 4016 ut
432 3972 616 4017 scorto
653 3965 802 4020 abuti
835 3967 1082 4023 debuere
1112 3983 1300 4023 sorore
1324 3969 1554 4025 nostra?

412 4053 502 4128 [C.
529 4056 640 4126 LX,
669 4057 797 4132 Cap.
822 4060 1068 4134 XXXV.]
1119 4063 1324 4119 Interea
1354 4064 1564 4119 locutus
1587 4075 1673 4120 est
1702 4065 1845 4121 Deus
1866 4064 1934 4119 ad

324 4149 512 4205 Jacob
542 4169 555 4208 :
587 4153 776 4224 Surge,
831 4167 883 4212 ct
930 4158 1169 4214 ascende
1221 4157 1432 4223 Bethel,
1491 4169 1544 4214 et
1592 4159 1772 4213 habita
1834 4158 1931 4225 ibi,

326 4243 534 4312 faeque
559 4245 731 4302 altare
757 4247 870 4302 Deo
918 4250 1008 4320 qni
1041 4250 1289 4321 apparuit
1321 4251 1418 4306 tibi
1448 4237 1666 4322 quando
1691 4251 1933 4320 lugiebas

329 4335 488 4390 Esau
510 4336 722 4394 fratrem
745 4348 917 4396 tuum.
936 4342 1102 4398 Jacob
1119 4358 1271 4412 vero,
1288 4352 1586 4400 convocata
1602 4345 1749 4399 omni
1772 4343 1935 4398 domo

328 4447 461 4501 sua,
494 4431 566 4488 ait
598 4451 610 4486 :
642 4435 870 4504 Abjicite
904 4436 1034 4492 deos
1062 4438 1269 4492 alienos
1299 4437 1389 4509 qui
1440 4439 1492 4492 in
1546 4438 1724 4492 medio
1764 4438 1933 4492 vestri

329 4537 490 4591 sunt,
511 4538 562 4583 et
592 4529 947 4598 mnudamiui,
983 4546 1046 4586 ac
1093 4539 1296 4587 mutate
1350 4533 1672 4588 vestimenta
1724 4540 1931 4587 vestra.

328 4619 578 4690 Surgite,
610 4631 666 4677 et
709 4623 1066 4679 aseendamus
1091 4625 1142 4679 in
1166 4624 1376 4690 Bethel,
1411 4633 1464 4680 et
1501 4623 1690 4696 [Vulg.
1734 4624 1814 4694 ut]
1845 4622 1925 4678 fa-
1960 4628 2012 4688 D

328 4714 546 4769 ciamus
573 4713 647 4770 ibi
669 4715 837 4771 altare
868 4717 1000 4782 Deo,
1033 4717 1123 4788 qui
1156 4717 1433 4772 exaudivit
1467 4732 1555 4773 me
1594 4717 1648 4771 in
1703 4717 1790 4773 die
1837 4718 1932 4772 tri-

331 4807 632 4864 bulationis
661 4825 819 4878 meae,
846 4821 898 4865 et
931 4811 1111 4868 socius
1135 4811 1232 4867 fuit
1265 4812 1474 4868 itineris
1507 4812 1931 4868 mei.Dcderunt

335 4917 471 4974 ergo
496 4904 544 4958 ei
576 4919 764 4960 omnes
783 4904 915 4960 deos
942 4907 1149 4963 alienos
1179 4922 1312 4977 quos
1350 4907 1644 4972 habebant,
1697 4917 1751 4963 et
1775 4911 1930 4963 inau-

333 5012 430 5052 res
453 5013 571 5062 qum
600 5007 756 5053 erant
778 5000 831 5054 in
863 5001 1080 5055 auribus
1117 5017 1302 5056 eorum
1336 5017 1351 5056 :
1384 5009 1440 5056 at
1466 5002 1560 5057 ille
1601 5001 1791 5056 infodit
1841 5016 1932 5057 eas

338 5089 526 5144 subter
576 5091 966 5158 tercbinthum,
1025 5108 1145 5162 quae
1187 5103 1271 5149 est
1308 5104 1436 5164 post
1465 5094 1654 5150 urbem
1688 5092 1932 5152 Sichem.

336 5179 584 5252 Cumque
606 5182 833 5252 profecti
863 5194 1067 5252 essent,
1122 5194 1298 5241 terror
1350 5186 1444 5242 Dei
1500 5187 1696 5241 invasit
1745 5203 1936 5243 omnes

338 5290 435 5345 per
465 5278 747 5332 circuitum
767 5279 1034 5348 civitates,
1063 5289 1245 5334 etnon
1273 5289 1398 5335 sunt
1419 5281 1534 5335 ausi
1561 5281 1816 5351 persequi
1845 5296 1938 5336 re-

337 5367 614 5424 cedentes.
651 5368 734 5442 [C.
757 5370 893 5438 LXI,
918 5372 980 5427 B.
1009 5371 1302 5445 XXXVII.]
1340 5372 1500 5429 Venit
1558 5373 1720 5445 igitur
1764 5373 1935 5430 Jacob

332 5464 565 5531 Luzam,
587 5481 712 5537 qua:
738 5477 822 5523 est
847 5467 902 5523 in
931 5475 1074 5523 terra
1104 5466 1382 5537 Chanaan,
1427 5478 1789 5539 cognomento
1838 5469 1938 5525 Be-

335 5555 453 5612 tbel
476 5572 491 5616 :
515 5557 632 5628 ipse
653 5566 710 5614 et
737 5559 916 5616 omnis
945 5561 1176 5632 populus
1225 5575 1346 5617 cum
1370 5576 1456 5618 eo.
1507 5559 1930 5634 Ediﬁcavitque

415 5758 607 5832 alstud
631 5766 685 5832 et
705 5773 916 5831 pecora,
945 5759 1088 5830 quod
1119 5760 1174 5818 in
1190 5758 1421 5818 Hebraeo
1438 5773 1653 5832 quoque
1679 5768 1915 5829 resonat,

340 5831 605 5903 Vulgatus
627 5831 899 5904 Interpres
919 5833 1112 5890 nescit.

2039 3315 2172 3370 abiit
2202 3315 2412 3379 Ruben,
2445 3323 2499 3369 et
2528 3311 2794 3369 dormivit
2830 3325 2953 3365 cum
2985 3308 3113 3364 Bala
3136 3305 3439 3363 concubina
3466 3303 3638 3374 patris

2039 3411 2145 3476 sui,
2169 3408 2314 3479 quod
2348 3409 2500 3463 illum
2534 3407 2757 3462 minime
2783 3405 2959 3460 latuit.
3009 3405 3180 3459 Erant
3215 3412 3396 3456 autem
3441 3399 3532 3455 ﬁlii
3556 3397 3641 3454 Ja-

2037 3504 2140 3560 cob
2161 3502 2468 3558 duodecim.
2500 3501 2624 3556 Filii
2673 3502 2782 3556 Liae
2823 3518 2836 3554 :
2875 3499 3270 3570 primogenitus
3314 3495 3528 3561 Ruben,
3581 3502 3638 3550 et

2036 3599 2258 3654 Simeon
2283 3607 2337 3652 et
2367 3598 2515 3662 Levi,
2550 3606 2606 3652 et
2630 3596 2821 3662 Judas,
2844 3605 2897 3652 et
2932 3595 3203 3660 Issachar,
3261 3602 3313 3649 et
3366 3590 3629 3646 Zabulon.

2037 3690 2386 3746 FiliiRachel
2413 3708 2424 3744 :
2449 3689 2651 3761 Ioseph
2685 3699 2741 3745 et
2777 3689 3084 3758 Benjamin.
3130 3685 3256 3742 Filii
3311 3685 3456 3740 Balm
3477 3683 3639 3738 ancil-

2016 3784 2104 3839 lae
2133 3783 2416 3849 Rachelis,
2450 3783 2560 3838 Dan
2591 3790 2647 3837 ct
2671 3780 2944 3851 Nephtali.
2991 3780 3112 3835 Filii
3158 3777 3378 3847 Zelpha:
3421 3777 3634 3831 ancilla:

2038 3874 2167 3942 Liae,
2199 3874 2313 3930 Gad
2335 3883 2390 3930 et
2416 3875 2557 3930 Aser
2587 3889 2601 3932 ξ
2661 3873 2715 3927 hi
2749 3872 2842 3926 ﬁlii
2867 3870 3059 3940 Jacob,
3087 3870 3176 3941 qni
3201 3869 3311 3924 nati
3345 3876 3467 3923 sunt
3495 3869 3543 3922 ei
3577 3867 3638 3922 in

2036 3968 2423 4036 Mesopotamia
2452 3966 2645 4038 Syriae.
2672 3965 2836 4020 Venit
2890 3968 3054 4021 etiam
3109 3963 3176 4020 ad
3229 3963 3377 4018 Isaac
3423 3969 3634 4032 patrem

2036 4076 2193 4117 suum
2225 4063 2279 4115 in
2301 4061 2525 4126 Mamre,
2555 4059 2830 4115 civitatem
2872 4059 3076 4125 Arbce,
3109 4058 3227 4113 haec
3252 4065 3335 4112 est
3374 4056 3590 4111 I'lebron
3617 4071 3635 4115 ς

2039 4156 2094 4211 in
2121 4171 2226 4227 qua
2254 4156 2632 4226 peregrinatus
2662 4164 2746 4210 est
2777 4154 3047 4210 Abraham
3071 4163 3126 4209 et
3153 4153 3323 4209 Isaac.
3375 4151 3446 4206 Et
3486 4165 3637 4206 com—

2037 4253 2168 4322 pleti
2207 4261 2334 4307 sunt
2376 4251 2493 4307 dies
2535 4251 2689 4307 Isaac
2733 4261 2956 4308 centum
3015 4249 3288 4321 octoginta
3340 4239 3628 4302 annorum.

2037 4346 2514 4417 Consumptusquc
2543 4353 2702 4401 aetate
2731 4354 2980 4400 mortuus
3007 4353 3092 4399 est
3117 4361 3132 4397 :
3163 4351 3216 4398 et
3242 4341 3523 4413 appositus
3550 4348 3640 4395 est

2040 4438 2239 4509 populo
2266 4443 2560 4494 suo‘senex
2604 4448 2659 4493 et
2685 4437 2878 4508 plenus
2923 4436 3132 4492 dierum
3160 4454 3174 4492 :
3203 4442 3258 4491 et
3299 4433 3633 4504 sepelierunt

2039 4546 2161 4586 eum
2187 4529 2331 4585 Esau
2362 4539 2417 4586 et
2441 4529 2607 4586 Jacob
2629 4530 2722 4584 ﬁlii
2746 4530 2850 4584 sui.

2110 4625 2214 4698 [T.
2247 4625 2418 4690 XXX,
2453 4624 2514 4681 C.
2550 4624 2734 4692 LXIII,
2761 4624 2889 4694 Cap.
2923 4622 3166 4679 XXXVI.
3193 4622 3212 4694 ]
3243 4622 3336 4677 lite
3373 4628 3502 4676 sunt
3532 4635 3632 4675 au-

2042 4729 2149 4777 tem
2179 4721 2562 4791 generationes
2597 4721 2764 4787 Esau,
2789 4721 2904 4789 ipse
2937 4727 3024 4774 est
3060 4717 3252 4773 Edom.
3286 4716 3427 4771 Esau
3479 4728 3637 4769 acce-

2036 4814 2116 4884 pit
2162 4826 2362 4868 uxores
2402 4811 2468 4866 de
2524 4811 2735 4866 ﬁliabus
2777 4809 3066 4876 Chanaan;
3116 4809 3231 4864 Ada
3281 4809 3444 4863 ﬁliam
3495 4806 3634 4862 Elon

2042 4906 2298 4973 lletthaei,
2321 4917 2376 4961 et
2405 4905 2684 4962 Oolibama
2717 4906 2883 4960 ﬁliam
2916 4907 3053 4970 Ana,
3084 4905 3249 4959 ﬁliam
3281 4901 3497 4958 Sebeon
3521 4900 3632 4957 IIe-

2038 5003 2137 5056 vaei
2165 5019 2176 5054 :
2212 4999 2500 5056 Basemath
2522 5015 2736 5070 quoque
2765 4999 2930 5054 ﬁliam
2957 4997 3151 5052 Ismael
3182 5011 3426 5052 sororem
3458 4993 3634 5050 Naba-

2037 5095 2176 5167 joth.
2227 5093 2443 5165 Peperit
2492 5102 2670 5149 autem
2717 5093 2856 5158 Ada,
2907 5091 3133 5161 Eliphaz
3169 5108 3180 5142 :
3217 5087 3634 5159 Basamethge-

2041 5191 2158 5246 nuit
2183 5189 2391 5245 Rahuel
2424 5208 2435 5242 :
2461 5188 2742 5244 Oolibama
2770 5183 3124 5242 edidit'Jesus
3155 5193 3211 5240 et
3239 5181 3410 5240 .Ialam
3443 5181 3634 5256 [Vulg.

2041 5284 2225 5356 genuit
2245 5281 2441 5354 .lelom]
2469 5290 2525 5339 et
2550 5280 2713 5337 Core.
2769 5280 2835 5335 Hi
2860 5279 2950 5334 ﬁlii
2991 5279 3137 5335 Esau
3163 5277 3256 5348 qui
3279 5277 3394 5332 nati
3421 5285 3549 5330 sunt
3578 5275 3637 5331 ei
3669 5312 3672 5325 .

2041 5377 2095 5432 in
2121 5383 2270 5432 terra
2296 5373 2577 5430 Chanaan.
2611 5372 2759 5428 Tulit
2791 5384 2974 5428 autem
3002 5371 3147 5426 Esau
3196 5383 3399 5425 uxores
3427 5382 3554 5423 suas
3578 5375 3637 5424 et

2041 5470 2180 5525 ﬁlios
2228 5477 2284 5524 et
2330 5468 2490 5535 ﬁlias,
2536 5475 2592 5524 et
2641 5482 2859 5525 omnem
2899 5466 3138 5522 animam
3186 5463 3380 5520 domus
3405 5476 3549 5529 suae,
3578 5472 3638 5518 et

2039 5563 2424 5634 substantiam,
2465 5572 2521 5619 et
2545 5577 2765 5635 pecora,
2795 5569 2850 5618 et
2895 5568 3090 5618 cuncta
3127 5574 3250 5631 quae
3300 5557 3503 5612 habere
3534 5569 3634 5626 po-

2105 5757 2252 5816 bHic
2301 5773 2516 5831 quoque
2565 5759 2733 5831 filium
2778 5774 2953 5827 suum,
3005 5757 3150 5831 quod
3197 5756 3252 5815 in
3274 5753 3504 5814 Hebraao
3543 5763 3628 5813 est

2040 5840 2150 5902 1:3,
2187 5833 2242 5889 in
2277 5832 2486 5907 Vulgat.
2515 5833 2646 5891 edit.
2669 5831 3030 5889 desideratur.
