3912 6348
353 335 453 392 211

1362 333 1418 384 S.
1463 323 1840 384 lllERONYMl
1881 319 2116 384 DIVINA
2158 319 2631 382 BIBLIUTHECA.

3535 317 3641 374 212

362 461 506 506 terat
531 451 586 504 in
619 459 762 505 terra
792 450 1054 504 Chanaan
1102 467 1112 501 :
1140 459 1191 504 et
1234 446 1366 502 ahiit
1389 447 1442 500 ln
1474 456 1496 481 ¹¹
1525 445 1748 502 alteram
1774 441 1946 510 regio-
1975 439 2027 502 Α
2055 453 2112 493 ra
2129 438 2556 494 Themanorum.
2588 435 2696 492 llee
2728 448 2943 506 quoque
2973 443 3212 500 mortuo,
3252 434 3500 504 regnavit
3540 448 3646 505 pro

363 561 508 610 nem,
538 545 876 614 recessitque
923 559 952 597 a
1007 542 1172 598 fratre
1202 557 1300 596 suo
1324 539 1511 596 Jacob.
1571 537 1778 594 Divites
1806 533 1951 592 enim
2058 547 2124 587 eo
2167 531 2314 588 Adad
2349 532 2493 586 filius
2525 529 2732 590 Bait-ad,
2777 529 2866 598 qui
2902 528 3173 596 percussit
3224 525 3440 584 Madiau
3475 528 3526 584 iu
3557 543 3645 582 re-

366 647 527 695 erant
571 638 749 706 valde,
803 647 859 692 et
902 637 1064 692 simul
1097 637 1344 693 habitare
1393 651 1498 689 non
1533 642 1781 703 poterant
1813 649 1825 684 :
1853 646 1954 688 nec

372 733 678 788 sustinebat
704 747 799 787 eos
817 739 962 787 terra
993 729 1450 802 peregrinationis
1475 744 1664 784 eorum
1689 743 1797 797 pra:
1825 727 1959 782 mul-

371 825 601 882 titudine
627 840 872 896 gregum.
920 823 1296 894 Habitavitque
1327 822 1369 877 E
1403 836 1469 876 au
1523 823 1575 876 in
1605 831 1787 878 monte
1812 821 1957 888 Seir,

370 918 488 989 ipse
518 929 604 974 est
629 917 821 972 Edoni.
850 916 939 972 Ha!
973 929 1096 971 sunt
1143 926 1324 972 autem
1382 916 1761 980 generationes
1813 914 1953 969 Esau

371 1013 541 1082 patris
572 1013 744 1067 Edom
791 1013 840 1066 itt
865 1020 1054 1067 monte
1087 1011 1228 1074 Seir,
1257 1024 1305 1066 et
1340 1012 1454 1066 lure
1484 1017 1696 1067 nomino
1720 1012 1956 1066 liliornm

370 1105 490 1172 ejus
519 1123 530 1156 :
563 1103 788 1178 Eliphaz
837 1103 976 1158 ﬁlius
1000 1103 1110 1158 Ado
1143 1104 1328 1159 uxoris
1357 1105 1493 1158 Esau
1528 1123 1541 1159 :
1569 1103 1775 1158 Raltuel
1821 1119 1955 1174 qun-

366 1213 476 1267 que
521 1198 662 1252 ﬁlius
716 1196 1002 1252 Basemath
1036 1197 1222 1252 uxoris
1269 1197 1405 1268 ejus.
1463 1197 1806 1265 Fueruntque
1859 1195 1952 1251 ﬁlii

371 1291 598 1362 Eliphaz
638 1290 947 1355 :Theman,
1003 1291 1188 1357 Otuar,
1245 1289 1454 1362 Sepbu,
1504 1301 1557 1345 et
1593 1289 1848 1355 Galliam,
1905 1299 1961 1345 et

369 1385 568 1440 (Σουρί.
605 1385 731 1438 Erat
763 1396 945 1439 autem
979 1383 1246 1450 Tbamna,
1277 1385 1579 1440 coacubina
1615 1381 1840 1453 Eliphaz
1865 1381 1960 1438 lilil

373 1477 512 1530 Esau
541 1491 696 1544 :quzc
750 1478 961 1548 peperit
1002 1478 1053 1532 ei
1102 1477 1384 1532 Amalech.
1433 1477 1496 1532 lli
1531 1486 1658 1531 sunt
1689 1475 1784 1532 ﬁlii
1831 1473 1961 1531 Adae

373 1571 562 1624 uxoris
593 1571 756 1625 Esau.
793 1571 916 1626 Filii
961 1579 1140 1626 autem
1194 1571 1400 1626 Bahuel
1438 1571 1655 1628 :Naliat
1705 1583 1760 1628 et
1802 1573 1956 1641 Zara,

368 1666 586 1720 Semma
613 1676 664 1720 ct
691 1665 822 1738 Miza
846 1664 1035 1739 [Valg.
1059 1664 1276 1721 Samius
1311 1677 1364 1720 et
1396 1665 1584 1737 Meza].
1623 1665 1687 1721 lli
1727 1667 1822 1722 lilii
1861 1667 1964 1722 Ba-

372 1757 585 1812 semath
618 1759 804 1812 uxoris
835 1756 998 1812 Esau.
1037 1758 1125 1812 Isti
1173 1773 1389 1829 quoque
1435 1768 1590 1814 erant
1625 1759 1716 1814 lilii
1742 1759 1961 1817 Ooliba-

2058 626 2219 695 gioue
2261 625 2434 690 Moab,
2493 637 2551 682 et
2582 639 2779 679 nomen
2814 623 2958 676 urbis
2990 622 3106 692 ejus
3138 622 3354 678 llavitlt.
3400 621 3652 694 Cumque

2061 729 2310 774 mortuus
2340 727 2488 774 esset
2511 717 2685 782 Adad,
2744 716 2989 786 regnavit
3021 730 3119 786 pro
3145 729 3212 772 eo
3241 714 3419 772 Scmla
3446 714 3514 772 de
3540 715 3655 774 Man

2058 829 2263 872 sereca.
2298 814 2411 870 lloe
2443 828 2658 883 quoque
2714 819 2950 877 mortuo,
3009 809 3256 880 regnavit
3289 825 3387 879 pro
3417 824 3483 865 eo
3515 808 3647 867 Saul

2061 908 2130 964 de
2153 907 2318 964 ﬂuvio
2345 906 2614 963 Roohoth.
2640 905 2884 975 Cumque
2911 915 2962 960 et
2987 903 3076 960 hic
3105 904 3350 974 obiisset,
3385 904 3655 972 successit

2064 1001 2116 1056 iu
2147 1017 2380 1071 regnum
2410 999 2722 1056 Babalanan
2771 998 2914 1054 ﬁlius
2964 996 3238 1053 Achobor.
3275 997 3383 1052 Isto
3438 1011 3654 1069 quoque

2063 1103 2300 1159 mortuo,
2344 1091 2593 1162 regnavit
2641 1106 2738 1160 pro
2771 1105 2838 1146 eo
2868 1088 3018 1144 Adad
3067 1087 3259 1162 [ναις.
3302 1087 3494 1161 Adar],
3549 1103 3651 1144 no-

2065 1203 2296 1257 menque
2325 1187 2473 1242 urbis
2503 1186 2621 1256 ejus
2643 1185 2816 1253 Phau,
2865 1193 2920 1238 et
2941 1181 3311 1254 appellabatur
3338 1195 3478 1238 uxor
3509 1180 3656 1243 illius

2066 1281 2369 1338 Mchetabel
2392 1322 2406 1344 ,
2439 1279 2548 1335 ﬁlia
2580 1279 2806 1345 Matred,
2833 1277 2937 1334 ﬁlia
2972 1276 3206 1333 Mesaab.
3240 1276 3365 1338 llzec
3392 1291 3526 1348 ergo
3556 1291 3657 1334 no.

2067 1377 2208 1432 mina
2237 1373 2436 1428 ducum
2473 1373 2636 1436 Esau,
2673 1371 2726 1427 in
2753 1369 3194 1441 cognationibus,
3223 1381 3275 1424 ct
3304 1369 3457 1436 locis,
3483 1379 3536 1426 et
3557 1384 3657 1424 voc

2072 1467 2278 1526 cabulis
2302 1467 2415 1522 suis
2452 1484 2464 1528 ξ
2497 1466 2604 1520 dux
2635 1465 2904 1531 Tltamna,
2951 1464 3060 1518 dux
3093 1463 3246 1529 Alva,
3271 1463 3381 1520 dux
3411 1462 3655 1538 Jetbetb,

2068 1561 2174 1616 dux
2199 1559 2503 1626 Oolibama,
2528 1558 2633 1616 dus
2661 1549 2780 1624 Ela,
2801 1557 2908 1613 dux
2935 1555 3165 1624 Pltinon,
3193 1557 3299 1612 dux
3317 1556 3520 1626 Cettes,
3545 1557 3658 1622 dux

2069 1653 2342 1721 Theman,
2376 1651 2483 1707 dux
2537 1650 2772 1718 Mabsar,
2827 1649 2937 1706 dux
2968 1649 3216 1721 Magdiel,
3245 1649 3351 1705 dux
3383 1649 3518 1712 Iram
3551 1667 3563 1703 :
3597 1649 3656 1710 bi

2071 1747 2236 1803 duces
2267 1746 2435 1802 Ednm
2484 1745 2792 1800 habitantes
2844 1745 2897 1802 iu
2943 1752 3085 1800 terra
3125 1743 3336 1815 itnperii
3381 1743 3464 1800 sui
3499 1759 3512 1800 :
3542 1744 3661 1814 ipse

381 1866 466 1904 ma
503 1852 628 1905 ﬁlia:
671 1853 808 1918 Ana,
837 1851 961 1906 ﬁliae
1005 1850 1242 1917 Sebeon,
1288 1852 1476 1907 uxoris
1509 1851 1673 1920 Esau,
1704 1868 1840 1923 quos
1868 1870 1964 1925 ge.

2079 1851 2152 1896 est
2188 1840 2331 1895 Esau
2356 1850 2512 1910 pater
2535 1837 2920 1894 ldumzeorum.

377 1943 498 1997 nuit
524 1943 595 2009 ei,
623 1943 750 1998 Jeus
782 1953 833 1996 et
857 1941 1054 2007 Jalam,
1087 1954 1142 1998 et
1163 1941 1327 1998 Core.
1360 1942 1445 2015 [Ο.
1473 1942 1683 2017 LXIV.j
1718 1945 1778 2000 llt
1803 1945 1968 2002 duces

379 2038 613 2092 ﬁliorqu
645 2039 786 2092 Esau
821 2057 832 2093 :
860 2038 955 2092 ﬁlii
986 2037 1213 2109 Eliphaz
1244 2038 1591 2109 primogeniti
1642 2039 1781 2094 Esau
1819 2040 1968 2096 :dux

375 2134 646 2199 Tlteman,
692 2134 797 2188 dux
831 2134 1020 2202 Omar,
1063 2133 1170 2188 dux
1217 2133 1424 2204 Sepltu,
1480 2133 1588 2188 dux
1617 2133 1819 2202 Cenes,
1861 2134 1970 2190 dux

373 2225 534 2294 Core,
568 2227 675 2282 dux
722 2226 979 2293 Gatham,
1003 2225 1112 2280 dux
1146 2225 1428 2281 Amalech.
1457 2225 1518 2280 lli
1543 2225 1712 2280 duces
1741 2225 1967 2296 Eliphaz

311 2349 316 2358 -
379 2323 431 2374 itt
461 2332 605 2376 terra
639 2322 828 2384 Etlom,
863 2331 918 2376 et
949 2321 1000 2374 lti
1030 2318 1058 2358 δ
1088 2319 1184 2374 ﬁlii
1226 2319 1375 2375 Adae.
1416 2319 1476 2374 lli
1508 2335 1721 2391 quoque
1746 2319 1837 2374 ﬁlii
1865 2319 1972 2374 Ra-

381 2421 505 2476 ltuel
530 2421 627 2475 ﬁlii
654 2422 823 2484 Esau,
851 2421 960 2475 dux
989 2418 1224 2486 Nahath,
1248 2418 1356 2473 dux
1397 2417 1556 2482 Zara,
1589 2416 1696 2471 dux
1731 2415 1968 2478 Semma,

374 2512 483 2566 dux
508 2512 662 2566 Miza.
693 2512 756 2566 lli
787 2523 968 2566 autem
993 2513 1164 2566 duces
1204 2509 1411 2564 Raltuel
1445 2510 1495 2562 iu
1537 2508 1705 2564 Terra
1758 2507 1970 2563 Edom:

379 2607 469 2660 isti
499 2607 592 2660 ﬁlii
614 2606 902 2661 Bascmath
926 2606 1113 2662 uxoris
1146 2606 1307 2661 Esau.
1338 2604 1404 2658 lli
1433 2615 1612 2660 autem
1643 2604 1734 2657 ﬁlii
1759 2602 1976 2658 Ooliba-

381 2715 465 2754 tm
498 2700 685 2754 uxoris
717 2700 857 2754 Esau
904 2718 915 2752 :
951 2699 1056 2754 dux
1088 2698 1239 2766 Jeus,
1290 2697 1398 2752 dux
1436 2696 1633 2760 Jalam,
1668 2696 1775 2751 dux
1805 2695 1970 2749 Core.

378 2792 442 2847 Hi
467 2791 638 2847 duces
665 2791 948 2848 Oolibama
973 2792 1096 2846 ﬁliae
1154 2794 1264 2845 Ana
1299 2789 1486 2845 uxoris
1530 2789 1690 2842 Esau.
1750 2786 1841 2842 Isti
1880 2785 1973 2840 lilii

377 2884 542 2949 Esau,
564 2897 618 2939 et
650 2885 705 2939 lti
733 2885 896 2939 duces
940 2899 1134 2939 eorum
1171 2903 1182 2940 :
1215 2884 1332 2953 ipse
1383 2890 1466 2936 est
1497 2881 1693 2939 Edoni.
1726 2880 1819 2936 Isti
1849 2889 1978 2934 sunt

375 2975 473 3030 ﬁlii
523 2976 646 3032 Seir
691 2976 918 3039 Horrrei,
954 2975 1293 3030 habitatores
1334 2982 1498 3029 terrae
1527 2991 1538 3026 :
1563 2975 1760 3037 Lotan,
1793 2984 1847 3027 et
1876 2971 1980 3028 So-

384 3067 494 3132 bal,
520 3079 568 3122 et
604 3067 845 3132 Sebeon,
881 3080 935 3123 et
987 3069 1124 3131 Ana,
1163 3067 1350 3133 Disnn,
1406 3074 1465 3121 et
1507 3065 1662 3127 Escr,
1707 3074 1764 3119 et
1791 3065 1976 3120 Disan.

385 3161 449 3215 Hi
493 3161 665 3217 duces
707 3162 979 3226 llorrhzei,
1016 3162 1110 3215 lilil
1142 3160 1284 3222 Seir.
1314 3159 1362 3214 iu
1389 3160 1558 3215 Terra
1591 3157 1789 3215 Edom.
1821 3158 1974 3214 Facti

2145 1931 2299 2003 [ϐαρ.
2332 1929 2625 2002 ΧΧΧἾ11.]
2676 1929 2948 1986 Ilabitavit
2980 1938 3158 1984 autem
3201 1928 3368 1986 Jacob
3415 1927 3465 1984 in
3518 1935 3664 1990 terra

2071 2025 2346 2092 Chanaan,
2379 2027 2430 2080 in
2458 2041 2560 2096 qua
2596 2024 2976 2095 peregrinatus
2993 2033 3074 2078 est
3104 2033 3256 2093 pater
3288 2037 3439 2078 suus.
3471 2021 3537 2078 Et
3567 2021 3652 2078 ha:

2074 2117 2610 2190 suutgcnerationes
2656 2115 2992 2190 cjus[Hebr.
3047 2115 3236 2172 Jacob.
3287 2114 3422 2188 Vulg
3488 2115 3662 2188 taret].

2076 2211 2162 2286 [τ.
2204 2211 2402 2279 XXXI,
2457 2213 2516 2268 Β.
2579 2210 2868 2280 XXXVIII,
2917 2212 2977 2266 c.
3031 2209 3243 2283 mc]
3299 2210 3494 2282 Joscph
3537 2226 3665 2274 cum

2079 2306 2400 2362 csexdecim
2432 2317 2581 2361 esset
2635 2319 2924 2371 annorum,
2967 2303 3222 2376 pascebat
3275 2319 3489 2376 gregem
3540 2320 3668 2361 cum

2077 2398 2342 2454 fratribus
2370 2399 2482 2454 suis
2505 2397 2682 2453 adhuc
2717 2412 2873 2468 puer,
2908 2409 2960 2453 et
2989 2405 3106 2452 crat
3136 2413 3257 2454 cum
3291 2397 3416 2452 liliis
3446 2396 3586 2453 Baiae
3611 2405 3668 2458 et

2077 2491 2293 2562 Zelphze
2317 2507 2546 2547 uxorum
2574 2493 2744 2563 patris
2765 2492 2878 2558 sui,
2905 2491 3283 2562 accusavitque
3315 2490 3513 2548 fratres
3540 2506 3672 2548 suos

2077 2585 2217 2656 apud
2243 2597 2452 2656 patrem
2500 2585 2731 2640 crimine
2761 2585 3024 2654 pessimo.
3077 2583 3242 2640 Israel
3267 2577 3444 2638 autem
3478 2583 3672 2655 dilige..-

2080 2677 2169 2732 bat
2196 2676 2402 2747 Joseph
2425 2692 2591 2748 super
2622 2691 2814 2732 omnes
2860 2675 3004 2731 ﬁlios
3032 2691 3183 2745 suos,
3214 2692 3283 2734 eo
3315 2676 3457 2746 quod
3501 2676 3554 2737 in
3584 2691 3675 2734 se—

2080 2783 2300 2836 nectute
2327 2775 2609 2846 genuisset
2635 2791 2782 2842 eum,
2817 2772 2842 2814 ά
2867 2775 3104 2846 fecitque
3155 2775 3207 2830 ei
3257 2775 3489 2831 tunicam
3518 2774 3678 2846 poly'

2081 2869 2290 2926 mitam.
2331 2868 2594 2924 Videntes
2648 2877 2827 2924 autem
2863 2868 3061 2924 fratres
3109 2869 3227 2940 ejus
3273 2868 3415 2939 qm'd
3465 2883 3492 2921 a
3522 2878 3678 2937 patre

2081 2966 2201 3036 plus
2225 2965 2438 3021 cunctis
2461 2965 2587 3022 ﬁliis
2608 2976 2917 3032 amaretur,
2948 2963 3172 3020 oderant
3203 2979 3348 3030 eum,
3377 2977 3477 3018 nec
3521 2969 3678 3032 potor

2081 3068 2205 3114 rant
2234 3060 2282 3114 ei
2313 3059 2604 3130 quidquam
2653 3057 2880 3128 paciﬁce
2906 3057 3076 3128 loqui.
3113 3056 3319 3114 Accidit
3351 3070 3568 3126 quoque
3615 3065 3678 3116 ut

2084 3154 2258 3208 visum
2309 3152 2581 3207 somnium
2613 3153 2845 3210 referret
2875 3151 3134 3207 fratribus
3161 3150 3296 3218 suis,
3351 3165 3472 3221 qutc
3503 3162 3678 3206 causa

379 3265 512 3310 sunt
541 3266 723 3310 autem
756 3255 852 3310 ﬁlii
880 3256 1050 3310 Lotan
1081 3273 1094 3310 :
1127 3254 1255 3309 llori
1276 3263 1333 3309 et
1351 3253 1593 3317 lleutan;
1640 3264 1757 3308 erat
1795 3262 1975 3308 autem
2003 3232 2050 3298 (ἶ
2087 3246 2313 3316 majoris
2358 3245 2467 3302 odii
2516 3245 2875 3302 seminarium
2927 3245 3046 3299 fuit.
3098 3243 3355 3316 Djxitque
3411 3241 3477 3300 ad
3535 3256 3677 3300 eos:

383 3361 543 3401 soror
570 3347 805 3415 Lethen,
836 3347 1102 3402 Thainna.
1136 3347 1201 3402 Et
1235 3348 1324 3401 isti
1358 3347 1452 3401 ﬁlii
1485 3345 1651 3402 Sobal
1683 3364 1693 3398 :
1725 3345 1896 3401 Alvan
1922 3353 1980 3402 et

383 3437 674 3494 Maualtath
724 3450 780 3494 et
811 3439 1002 3503 llebal,
1050 3448 1108 3494 et
1147 3439 1332 3508 Seplto
1358 3448 1412 3494 et
1447 3438 1645 3494 Onam.
1694 3439 1755 3493 Et
1790 3437 1847 3494 lii
1882 3436 1978 3492 lilii

390 3531 606 3586 Sebeon
643 3549 656 3584 :
682 3532 778 3598 Aja
802 3542 856 3585 et
887 3531 1026 3585 Ana.
1085 3531 1189 3586 Istc
1215 3541 1297 3586 est
1323 3530 1437 3585 Ana
1461 3531 1550 3601 qui
1581 3529 1786 3584 invenit
1808 3541 1979 3598 aquas

380 3622 591 3677 calidas
631 3623 706 3693 {in
740 3621 900 3677 Hebr.
932 3631 1112 3688 nim,
1143 3622 1322 3678 mulos
1371 3623 1425 3677 in
1479 3620 1817 3690 Solitudiue],
1856 3635 1978 3675 cum

390 3723 647 3784 pasceret
675 3716 860 3769 asinos
892 3713 1107 3770 Seheon
1139 3713 1308 3784 patris
1335 3715 1415 3769 sui
1447 3732 1457 3766 :
1490 3712 1787 3782 habuitque
1809 3711 1979 3771 ﬁlium
2029 3779 2036 3786 _

385 3805 576 3872 Disan,
605 3815 659 3859 et
692 3804 858 3861 ﬁliam
899 3803 1208 3861 Oolibama.
1249 3805 1312 3860 Et
1360 3805 1444 3859 isti
1477 3803 1574 3859 ﬁlii
1620 3805 1820 3858 Disan:
1854 3806 1981 3860 Arn-

381 3897 535 3962 dam,
566 3909 622 3952 et
659 3897 896 3964 Esehan,
921 3907 976 3952 et
992 3897 1241 3962 Jethran,
1274 3906 1330 3954 et
1355 3896 1593 3953 Cbarau.
1642 3897 1705 3952 Ili
1755 3911 1976 3967 quoque

388 3988 485 4044 ﬁlii
521 3991 656 4044 Eser
690 4008 704 4042 :
734 3989 932 4044 Balaan
975 3998 1032 4046 et
1054 3988 1261 4057 Zavau,
1294 3998 1350 4045 et
1375 3990 1548 4048 Acan.
1582 3991 1776 4047 llabuit
1797 4003 1977 4048 autem

382 4082 530 4137 ﬁlios
553 4082 719 4138 Disan
745 4102 758 4139 :
794 4083 906 4140 llus
936 4092 992 4138 et
1024 4086 1212 4138 Aram.
1265 4084 1355 4140 lsti
1386 4085 1555 4140 duces
1587 4083 1933 4142 lict-raeorum
1965 4104 1979 4140 :

378 4176 492 4231 dux
526 4176 722 4243 Lotau,
750 4177 862 4234 dux
897 4176 1086 4246 Sobal,
1119 4175 1228 4234 dux
1272 4177 1510 4243 Sebeou,
1557 4176 1666 4232 dux
1697 4175 1838 4243 Au,
1871 4177 1978 4234 dux

381 4269 578 4335 Disan,
607 4269 717 4324 dux
747 4268 909 4338 Eser,
928 4269 1040 4326 dux
1067 4269 1228 4326 Disan
1266 4287 1278 4322 :
1306 4267 1395 4325 isti
1431 4269 1597 4326 duces
1629 4269 1979 4328 llorrmorum

393 4364 484 4431 qui
527 4363 940 4432 imperaverunt
993 4360 1046 4416 in
1079 4370 1228 4419 terra
1269 4359 1415 4417 Seir.
1449 4361 1534 4432 [(2.
1578 4359 1766 4434 ΗΝ]
1807 4362 1982 4434 lleges

378 4463 566 4511 autem
590 4454 683 4527 qui
708 4465 1074 4526 regnaverunt
1103 4455 1154 4509 in
1183 4463 1328 4510 terra
1361 4455 1534 4512 Edoni
1567 4465 1856 4527 autequatu
1893 4457 1981 4512 ha-

385 4547 582 4604 berent
603 4563 784 4620 regem
811 4548 904 4603 filii
924 4547 1116 4615 Israel,
1135 4547 1354 4603 fuerunt
1375 4548 1429 4604 lti
1458 4567 1468 4602 :
1505 4548 1786 4606 Belaﬁlius
1807 4549 1975 4617 Beor,

2082 3339 2279 3396 Audite
2309 3339 2582 3396 somnium
2617 3353 2794 3394 meum
2844 3336 2988 3408 quod
3018 3336 3126 3394 vidi
3160 3354 3174 3394 :
3207 3335 3471 3392 Putabam
3505 3335 3682 3404 ligare

2085 3450 2184 3490 nos
2219 3433 2526 3503 nianipulns
2557 3435 2608 3488 in
2652 3449 2808 3502 agro,
2859 3441 2915 3488 et
2944 3430 3102 3501 quasi
3133 3445 3465 3501 consurgere
3499 3429 3683 3484 maui—

2085 3528 2270 3598 pulum
2303 3543 2510 3592 meum,
2567 3536 2622 3581 et
2645 3535 2814 3593 stare,
2864 3535 3182 3598 vestrosque
3221 3524 3528 3594 manipulos
3560 3525 3680 3580 ciro

2084 3629 2419 3676 cumstautes
2469 3618 2700 3678 adorare
2729 3619 3065 3688 manipulum
3116 3634 3316 3676 meum.
3353 3617 3677 3689 Responde—

2086 3725 2212 3768 runt
2268 3713 2465 3767 fratres
2505 3713 2668 3781 ejus:
2704 3711 2976 3781 Numquid
3031 3726 3126 3766 rex
3171 3719 3356 3770 uester
3382 3709 3532 3768 eris?
3583 3718 3686 3767 aut

2085 3805 2436 3876 subjicietnur
2481 3805 2676 3862 ditioni
2722 3805 2866 3861 tua?
2921 3804 3049 3862 Ηωο
3075 3819 3208 3874 ergo
3239 3817 3401 3864 causa
3432 3803 3686 3860 somniu-

2084 3913 2204 3956 rum
2229 3907 2393 3967 atque
2421 3911 2764 3962 sermonum,
2799 3895 3019 3956 invidiae
3049 3905 3098 3950 et
3131 3894 3242 3952 odii
3277 3893 3520 3954 fomitem
3569 3894 3683 3949 tui-

2088 3991 2357 4046 nistravit.
2408 3990 2568 4046 Aliud
2595 4003 2814 4061 quoque
2860 3987 2998 4044 vidit
3039 3989 3335 4051 somnium,
3367 3986 3512 4057 quod
3543 4001 3685 4042 uar-

2086 4098 2212 4140 raus
2241 4082 2502 4140 fratribus
2549 4082 2664 4138 suis
2695 4080 2885 4154 [Vulg.
2939 4091 3040 4134 lac.
3075 4079 3234 4152 suis],
3278 4080 3352 4136 ait
3383 4097 3395 4132 :
3431 4078 3545 4134 Vidi
3580 4094 3688 4156 per

2084 4174 2376 4242 somnium,
2400 4176 2555 4246 quasi
2583 4173 2753 4230 solem
2795 4185 2850 4229 et
2879 4175 3086 4241 lunam,
3125 4183 3180 4229 et
3205 4173 3395 4228 stellas
3426 4172 3684 4234 tuuleciu)

2084 4271 2322 4328 adorare
2352 4286 2458 4326 me.
2491 4270 2652 4338 Quod
2680 4284 2803 4325 cum
2837 4267 2978 4338 patri
3016 4283 3116 4322 suo
3157 4277 3213 4323 et
3237 4266 3498 4322 fratribus
3523 4275 3687 4326 retu.

2087 4366 2263 4432 lisset,
2316 4363 2625 4433 increpavit
2658 4378 2782 4419 eum
2827 4359 3199 4434 pater[l’ulg.
3231 4362 3355 4416 add.
3403 4357 3578 4430 suus],
3623 4369 3688 4414 et

2083 4455 2430 4526 dixit:Quid
2476 4455 2577 4510 sibi
2638 4455 2749 4511 vult
2780 4453 2883 4510 hoc
2929 4454 3203 4510 somnium
3255 4453 3400 4524 quod
3454 4451 3687 4508 vidisti?

2088 4569 2214 4609 num
2249 4568 2352 4623 ego
2379 4559 2438 4606 et
2464 4561 2638 4607 mater
2667 4560 2756 4604 tua
2797 4558 2854 4606 et
2897 4550 3094 4604 fratres
3136 4547 3211 4604 tui
3249 4545 3598 4602 adorabimus
3627 4555 3691 4602 te

381 4619 695 4713 nomenque
709 4641 856 4699 urbis
873 4641 993 4713 ejus
1009 4641 1248 4698 Denaba.
1267 4640 1508 4697 Mortuus
1529 4653 1805 4700 estautem
1825 4643 1977 4710 Bela,
2005 4619 2058 4681 D
2085 4661 2252 4719 super
2274 4619 2512 4701 terram?
2560 4642 2880 4699 lnvidebant
2919 4643 2968 4698 ei
3009 4641 3175 4712 igitur
3203 4641 3402 4698 fratres
3424 4641 3503 4696 sui
3537 4658 3550 4694 :
3585 4654 3689 4710 pa-

376 4745 437 4792 et
465 4735 708 4805 regnavit
732 4749 827 4805 pro
849 4750 918 4794 eo
943 4735 1114 4794 Jobab
1127 4734 1268 4791 ﬁlius
1281 4735 1436 4792 Zara:
1448 4736 1517 4792 de
1533 4737 1978 4810 Bosra.Cumque

377 4837 633 4886 mortuus
662 4837 812 4886 esset
839 4828 1032 4898 Jobab,
1064 4830 1315 4900 regnavit
1337 4844 1519 4900 preco
1552 4831 1752 4890 Husam
1775 4833 1842 4888 tle
1867 4842 1976 4888 ter-

455 5022 480 5050 ι
503 5011 690 5090 Neque
720 5010 855 5069 Heb.
877 5021 1076 5090 tex_tus,
1096 5029 1275 5090 neque
1309 5015 1565 5090 Vulgatus
1589 5019 1859 5090 interpres
1881 5020 1976 5075 ha-

381 5087 515 5142 bent
536 5083 791 5153 alteram;
819 5084 914 5140 sed
944 5083 1372 5157 Targum‘Chal.
1407 5083 1497 5144 ubi
1523 5083 1848 5160 explicatius
1877 5092 1976 5149 ad-

385 5157 535 5212 ditur
572 5162 762 5215 int-nn.
1208 5213 1215 5215 _

426 5158 535 5212 itur
572 5162 762 5214 int-nn.

455 5226 602 5308 b‘SHic
630 5213 878 5308 etllebr.
909 5227 1077 5284 habet
1119 5213 1278 5289 vsa-hu
1303 5272 1318 5299 ,
1372 5233 1547 5287 duces.
1579 5231 1808 5305 Vulgata
1855 5235 1977 5291 edi-

378 5299 463 5356 tio
483 5297 581 5370 ﬁlii
599 5295 845 5370 praefert.

460 5382 482 5409 ο
513 5369 570 5447 In
595 5367 824 5447 Hebrajo
853 5370 994 5439 ﬁlius
1014 5370 1189 5447 decem
1211 5383 1258 5426 et
1277 5386 1471 5447 septem
1496 5391 1753 5432 annorum
1775 5377 1976 5438 dicitur

378 5441 602 5524 1Ioseph.
628 5439 782 5524 Quod
811 5439 1345 5524 sequunturrGrzeci,
1386 5456 1440 5501 et
1480 5456 1686 5503 cunctae
1715 5449 1950 5524 Orienta

378 5519 512 5575 lium
533 5519 841 5587 versiones;
868 5527 1087 5587 sensum
1115 5523 1292 5571 tamen
1310 5529 1454 5574 recte
1479 5523 1751 5587 expressit
1769 5522 1966 5578 Hiero-

373 5581 731 5666 nymumquia
748 5599 918 5666 annos
931 5584 1204 5666 sexdecim
1220 5589 1471 5666 expletas
1483 5581 1762 5666 intelligit.
1781 5594 1936 5650 Mser
1949 5635 1961 5647 .

461 5655 814 5713 ._t£xciderit
834 5673 864 5729 e
893 5655 1084 5711 Latino
1105 5655 1422 5729 apographo
1443 5662 1631 5718 ultima
1666 5655 1964 5721 nurneralis

383 5743 532 5804 nota,
565 5736 659 5784 aut
709 5727 852 5804 quod
877 5729 1090 5804 passjm‘
1119 5727 1235 5804 usu'
1269 5733 1438 5804 venit,
1463 5734 1711 5804 elfugerit
1757 5736 1964 5790 descri-

381 5797 564 5860 beatis
599 5797 810 5872 oculos,
845 5798 937 5870 qui
971 5797 1094 5872 XVl
1113 5801 1364 5872 depinxit
1391 5819 1488 5872 pro
1531 5797 1697 5862 X'Vll.
1748 5808 1962 5863 Caetera

379 5875 523 5930 enim
569 5869 704 5925 adeo
732 5878 939 5927 certum
968 5880 1051 5926 est
1079 5869 1230 5942 juxta
1280 5869 1574 5931 Hebraea)
1601 5887 1658 5932 et
1679 5877 1964 5936 versiones

2085 4752 2170 4798 ter
2198 4755 2326 4798 vero
2352 4754 2464 4796 rem
2515 4739 2709 4796 tacitus
2747 4736 3152 4796 considerabat.
3195 4734 3441 4808 Cumque
3471 4734 3681 4794 fratres

2086 4835 2232 4890 illius
2263 4833 2316 4889 in
2353 4831 2647 4903 pascendis
2671 4831 2930 4903 gregibus
2950 4832 3123 4903 patris
3153 4839 3496 4890 morarentur
3519 4829 3571 4883 in
3594 4827 3689 4888 Six-

2079 5033 2294 5083 omnes.
2346 5017 2707 5090 septemdecim
2765 5015 2856 5090 hic
2902 5031 3120 5090 quoque
3145 5015 3345 5090 debere
3392 5017 3498 5089 legi
3575 5036 3686 5090 pro

2082 5091 2358 5158 sexdecim,
2392 5099 2451 5143 ut
2478 5089 2709 5163 minime
2733 5087 3041 5144 audiendus
3066 5088 3408 5163 Martianmus
3440 5087 3534 5155 sit,
3578 5087 3681 5163 qui

2083 5162 2423 5232 expressisse
2477 5159 2870 5231 Hieronymum
2923 5170 3075 5230 putat
3123 5161 3430 5233 annosjam
3489 5159 3687 5233 exple-

2088 5231 2200 5304 tos,
2249 5246 2304 5288 et
2357 5247 2517 5302 quem
2567 5233 2804 5304 nondum
2842 5241 3098 5304 exegerat
3134 5231 3360 5303 Joseph,
3396 5231 3682 5291 decimum

2079 5308 2374 5378 septimum
2404 5303 2841 5378 praetermisisse.
2881 5303 3028 5358 Nihil
3078 5307 3254 5360 minus
3287 5321 3304 5378 ξ
3337 5305 3682 5378 Hieronymo

2082 5375 2377 5450 imtntuare
2392 5391 2499 5450 pro
2526 5375 2786 5450 arbitrio
2815 5384 3020 5450 textum
3047 5389 3236 5450 neque
3286 5375 3459 5443 licuit,
3496 5375 3680 5450 neque

2085 5459 2292 5504 tantum
2338 5449 2439 5503 sibi
2485 5447 2572 5501 ille
2600 5462 2858 5516 umquam
2893 5447 3107 5502 tribuit.

2144 5522 2169 5557 ά
2197 5520 2299 5574 Pro
2323 5520 2462 5572 varia
2488 5521 2602 5590 sive
2634 5520 2902 5590 polymita,
2940 5519 3130 5588 Aquila
3166 5519 3547 5588 interpretatus
3589 5533 3684 5578 est

2071 5589 2543 5668 ἀστραγάλωνᾼὰ
2571 5601 2694 5656 est,
2726 5589 2954 5668 tunicam
2985 5591 3222 5668 talarem.
3242 5591 3626 5668 _Symtnachtts
3656 5635 3678 5661 ,

2073 5660 2299 5718 tunicam
2344 5663 2698 5734 manicutamﬁ;
2747 5663 2860 5716 sive
2888 5660 3031 5732 quod
3077 5663 3140 5715 ad
3186 5660 3322 5717 talos
3363 5679 3534 5734 usque
3577 5660 3680 5720 de;

2073 5735 2378 5801 seenderet,
2414 5743 2470 5788 et
2499 5733 2750 5787 manibus
2788 5734 3009 5788 artificis
3041 5735 3174 5787 mira
3213 5744 3362 5790 esset
3407 5733 3679 5794 varietate

2072 5807 2357 5870 distincta;
2388 5804 2503 5877 sive
2527 5804 2670 5877 quod
2695 5803 2924 5877 haberet
2950 5805 3190 5864 manicas
3222 5823 3241 5862 -:
3273 5807 3485 5877 antiqui
3519 5810 3676 5874 enim

2075 5879 2248 5949 magis
2277 5875 2503 5934 colobiis
2531 5874 2844 5932 utebantur.
2875 5876 3056 5934 Macr.
