4044 6360
234 340 337 400 915

1614 336 1810 396 LIBER
1851 334 2162 398 GENESIS.

3425 340 3532 400 914

233 457 414 526 ehem,
461 457 604 516 dixit
661 457 728 512 ad
784 471 907 512 eum
962 456 1168 524 Israel:
1206 455 1430 516 Fratres
1473 456 1552 522 tui
1599 465 1828 530 pascunt
1859 457 1906 522 Α
1935 455 2260 520 solationem
2292 457 2560 528 recipere,
2607 467 2657 512 et
2683 454 2870 527 [Vulg.
2907 457 3026 528 sed]
3053 459 3123 513 ait
3153 477 3166 516 :
3201 457 3532 514 Descendam

235 566 366 606 oves
401 552 454 606 in
489 551 746 618 Sichimis
782 569 794 604 :
827 551 989 617 veni,
1025 550 1233 614 mittam
1275 559 1326 606 te
1357 548 1424 604 ad
1457 564 1572 604 eos.
1602 548 1720 614 Quo
1744 563 1828 602 re-

232 643 576 715 spondente,
632 643 838 698 l’ra'sm
868 658 1021 709 sum,
1063 643 1139 700 ait
1170 641 1360 714 [Vulg].
1393 642 1521 698 add.
1571 639 1642 711 ei]
1676 657 1688 694 :
1724 639 1828 695 Va-

234 737 302 794 de
331 749 386 794 et
423 737 547 792 vide
579 736 623 791 si
651 744 846 798 cuncta
876 751 1135 807 prospera
1167 734 1275 790 sint
1303 750 1429 805 erga
1459 733 1656 792 fratres
1688 743 1830 800 tuos,

236 843 294 888 et
321 845 546 900 pecora,
589 838 643 885 et
674 830 926 885 renuntia
967 827 1098 884 mihi
1131 827 1261 902 quid
1287 835 1497 897 agatur.
1549 824 1747 882 Missus
1767 823 1837 882 de

230 923 382 978 valle
409 923 660 988 Hebron,
688 923 840 977 venit
881 923 934 977 in
953 919 1178 978 Sichem
1215 939 1228 976 :
1263 922 1577 992 invenitque
1598 936 1726 976 eum
1748 919 1837 975 vir

231 1026 514 1072 errantem
549 1016 601 1070 in
634 1031 797 1086 agro,
831 1025 885 1070 et
944 1015 1301 1085 interrogavit
1349 1013 1482 1086 quid
1536 1024 1829 1085 quaereret.

231 1109 303 1162 At
338 1108 428 1160 ille
459 1107 744 1178 respondit
777 1125 789 1160 :
825 1106 1042 1162 Fratres
1070 1122 1222 1161 Ineos
1249 1122 1456 1179 quaero,
1493 1107 1667 1162 indica
1698 1106 1828 1162 milti

228 1186 326 1257 ubi
365 1212 593 1272 pascant
627 1217 839 1273 greges.
908 1201 1168 1272 Dixitque
1207 1202 1255 1257 ei
1309 1201 1392 1256 vir
1423 1219 1434 1255 :
1465 1200 1838 1258 Recesserunt

229 1295 300 1351 de
332 1295 458 1351 loco
489 1297 593 1352 isto
627 1295 846 1352 :audivi
893 1306 1078 1352 autem
1108 1311 1202 1358 eos
1236 1296 1483 1351 dicentes
1517 1314 1528 1348 :
1560 1296 1758 1350 Eamus
1784 1296 1836 1354 in

226 1387 494 1443 Dnthain.
554 1386 639 1461 [Ο.
705 1387 951 1463 [χχιι]
1003 1389 1252 1445 Perrexit
1302 1404 1431 1460 ergo
1467 1388 1670 1460 Joseph
1716 1399 1836 1460 post

224 1482 434 1535 fratres
463 1496 617 1550 suos,
651 1491 703 1535 et
736 1482 942 1536 invenit
971 1497 1064 1536 eos
1095 1481 1149 1538 in
1183 1481 1438 1537 Dothain.
1469 1481 1570 1550 Qui
1597 1498 1719 1537 cum
1751 1483 1830 1538 vi-

226 1573 449 1628 dissent
479 1591 605 1630 cum
639 1577 850 1645 procul,
873 1583 1165 1647 antequam
1195 1576 1472 1632 accederet
1498 1575 1566 1631 ad
1598 1593 1714 1642 eos,
1738 1593 1832 1632 co-

224 1670 550 1740 gitaverunt
607 1669 756 1724 illum
789 1669 1061 1738 occidere,
1099 1679 1152 1725 et
1185 1680 1372 1726 mutuo
1425 1669 1830 1740 loquebantur:

225 1762 378 1818 Ect-e
406 1763 717 1819 somniator
761 1765 907 1821 venit
940 1783 953 1819 :
1000 1765 1200 1830 venite,
1251 1765 1564 1821 occidamus
1602 1780 1749 1832 eum,
1780 1776 1832 1822 et

1937 548 2004 603 ad
2030 547 2197 606 filium
2231 563 2409 604 meum
2444 549 2634 619 lugens
2669 549 2723 604 in
2769 548 3067 606 infernum.
3129 550 3194 618 Et
3224 550 3321 616 illo
3350 565 3536 620 perse-

1937 654 2171 699 verante
2200 644 2254 699 in
2285 641 2440 709 ﬂetu,
2476 643 2782 700 Madianitai
2837 645 3204 708 vendiderunt
3243 643 3447 716 Joseph
3479 645 3532 704 in

1937 737 2180 811 Egypto
2211 737 2490 808 Putiphari
2523 737 2773 796 eunucho
2799 737 3121 804 Pharaonis,
3149 738 3415 809 magistro
3437 737 3538 794 mi-

1939 833 2088 889 litite.

2008 926 2092 999 [T.
2128 923 2364 992 xxxn,
2396 926 2458 979 c.
2492 923 2740 990 LXVIII,
2771 922 2901 996 Cap.
2951 921 3266 994 xxxvum
3313 921 3517 994 Eodem

1938 1031 2183 1093 tempore
2213 1018 2552 1076 descendens
2579 1019 2746 1073 .ludas
2786 1033 2818 1073 a
2855 1017 3114 1072 fratribus
3158 1018 3272 1072 suis
3303 1015 3528 1070 divertit

1938 1114 2003 1168 ad
2053 1115 2226 1170 virum
2271 1112 2688 1178 Odollamitem,
2737 1110 2956 1178 nomine
3008 1110 3216 1168 Hiram.
3265 1109 3524 1180 Viditque

1938 1208 2010 1265 ibi
2036 1209 2200 1264 filiam
2226 1207 2458 1262 hominis
2479 1205 2794 1274 Cltanantei,
2819 1205 3085 1260 vocabulo
3109 1204 3217 1261 Sua
3247 1221 3260 1258 :
3288 1213 3344 1259 et
3365 1219 3533 1259 uxore

1936 1311 2180 1373 accepta,
2208 1303 2486 1372 ingressus
2517 1309 2601 1356 est
2627 1300 2692 1355 ad
2720 1315 2861 1356 eam.
2892 1299 3023 1368 Quze
3043 1299 3318 1369 concepit,
3357 1308 3414 1353 et
3437 1313 3534 1369 pe-

1937 1395 2077 1466 perit
2109 1393 2316 1458 filium,
2362 1393 2687 1461 vocavitque
2733 1405 2928 1454 nomen
2976 1390 3094 1459 ejus
3133 1389 3270 1446 Her.
3319 1389 3534 1446 Rursus

1935 1495 2202 1555 concepto
2233 1485 2340 1541 fetu
2368 1530 2382 1555 ,
2414 1493 2595 1539 natmn
2623 1483 2793 1538 tilium
2826 1483 3130 1540 nominavit
3157 1482 3352 1548 Onam.
3395 1483 3531 1539 Ter-

1937 1577 2070 1640 tium
2110 1592 2326 1648 quoque
2371 1576 2582 1648 peperit
2616 1593 2628 1630 :
2662 1590 2823 1646 quem
2857 1575 3153 1644 appellavit
3191 1575 3338 1631 Sella
3374 1592 3386 1630 :
3420 1591 3530 1646 quo

1946 1680 2095 1737 nato,
2126 1686 2317 1742 parere
2347 1671 2482 1725 ultra
2511 1670 2767 1726 cessavit.
2809 1669 2967 1724 Dedit
2996 1680 3176 1724 autem
3205 1668 3371 1724 Judas
3403 1684 3536 1722 uxo-

1937 1781 2054 1820 rem
2104 1763 2468 1836 primogenita
2519 1778 2619 1819 suo
2668 1763 2800 1829 Her,
2853 1763 3074 1820 nomine
3104 1762 3361 1817 Thamar.
3411 1761 3533 1816 Fuit

223 1855 520 1910 mittamus
551 1855 604 1910 in
629 1856 918 1912 cisternam
952 1865 1190 1912 veterem
1222 1873 1236 1912 :
1270 1857 1620 1926 dicemusque
1651 1873 1665 1914 :
1697 1841 1829 1913 Fiera
1860 1854 1910 1916 B
1939 1874 2153 1931 queque
2194 1859 2301 1914 llcr
2351 1856 2750 1930 primogenitus
2780 1855 2969 1922 Jlldtl},
3018 1871 3249 1926 nequam
3295 1857 3346 1910 in
3389 1871 3528 1910 con-

224 1949 478 2018 pessima
531 1947 814 2003 devoravit
843 1965 966 2004 eum
992 1966 1003 2002 :
1030 1959 1081 2002 et
1108 1959 1236 2004 tunc
1281 1947 1568 2020 apparebit
1593 1948 1719 2019 quid
1753 1950 1830 2004 illi

225 2041 448 2109 prosint
472 2041 685 2095 somnia
736 2055 855 2095 sua.
890 2040 1131 2096 Audiens
1162 2039 1265 2096 hoc
1292 2033 1508 2108 Ruben,
1557 2040 1833 2097 nitebatur

223 2131 477 2188 liberare
517 2149 640 2188 eum
695 2133 762 2188 de
823 2135 1072 2190 manibus
1113 2151 1324 2197 eorum,
1355 2135 1648 2190 etdicehat
1673 2153 1684 2190 :
1710 2134 1827 2190 Non

228 2234 251 2258 ἰ
285 2225 694 2280 interfieianms
723 2227 960 2282 animam
989 2227 1128 2298 ejus,
1163 2241 1266 2282 nec
1294 2225 1583 2281 effundatis
1612 2227 1829 2296 sangui-

220 2332 353 2372 nem
388 2335 401 2372 :
440 2319 538 2373 sed
576 2319 819 2390 projicite
841 2336 964 2374 cum
1001 2321 1050 2374 in
1075 2319 1367 2375 cisternam
1395 2318 1561 2387 hanc,
1597 2335 1718 2396 quae
1747 2329 1834 2374 est

221 2409 277 2464 in
315 2411 641 2479 solitudine,
677 2427 980 2485 manusque
1005 2422 1216 2468 vestras
1260 2422 1478 2469 servate
1529 2413 1779 2468 innoxias
1815 2432 1825 2466 :

219 2503 330 2558 hoc
366 2517 550 2560 autem
583 2505 824 2574 dicebat,
856 2508 1048 2562 volens
1072 2509 1288 2578 eripere
1336 2523 1458 2562 eum
1484 2507 1550 2562 de
1575 2507 1830 2563 manibus

219 2613 449 2663 eorum,
504 2607 563 2654 et
593 2599 823 2655 reddere
881 2601 1018 2669 patri
1072 2616 1192 2655 suo.
1237 2599 1539 2660 Confestim
1578 2601 1742 2671 igitur
1773 2610 1832 2655 ut

221 2691 490 2760 pervenit
538 2691 605 2746 ad
635 2692 830 2748 fratres
884 2691 1070 2766 [Vulg.
1103 2694 1228 2748 add.
1256 2691 1430 2764 suos],
1491 2693 1832 2747 nudaverant

219 2799 355 2839 eum
389 2787 572 2840 tunica
607 2784 761 2841 talari
786 2795 834 2840 cl
869 2787 1126 2858 polymita
1167 2804 1176 2838 :
1213 2786 1584 2856 miseruntque
1637 2784 1826 2858 [γαίῃ.

219 2879 363 2935 add.
405 2878 556 2952 eum]
591 2881 639 2933 in
665 2880 988 2945 cisternam,
1033 2895 1153 2950 qua:
1184 2895 1294 2933 non
1347 2877 1579 2932 habebat
1607 2892 1826 2949 aquam.

216 2972 288 3027 Et
327 2971 603 3027 sedentes
633 2981 689 3027 ut
711 2973 1068 3028 eomederent
1111 2989 1328 3042 panem,
1374 2973 1621 3026 viderunt
1656 2972 1829 3026 viato-

217 3080 313 3120 res
340 3065 652 3121 lsmaelitas
693 3067 884 3122 venire
915 3067 982 3132 de
1007 3065 1238 3135 Galaad,
1265 3074 1320 3122 et
1350 3066 1590 3132 camelos
1615 3081 1827 3130 eorum,

215 3168 527 3229 portantes
558 3168 821 3227 aromata,
845 3168 900 3216 et
923 3161 1179 3226 resinam,
1216 3171 1270 3215 et
1298 3168 1528 3226 stacten,
1564 3161 1615 3215 in
1664 3158 1833 3232 Egy-

1935 1961 2124 2024 spectu
2157 1951 2406 2008 Domini:
2439 1962 2493 2006 et
2523 1953 2588 2008 ab
2618 1967 2683 2010 eo
2709 1951 2927 2020 occisus
2959 1959 3063 2006 est.
3096 1951 3246 2008 Dixit
3276 1966 3408 2023 ergo
3437 1950 3538 2007 Ju-

1936 2044 2032 2099 das
2077 2045 2143 2100 ad
2183 2045 2359 2100 Onam
2396 2045 2563 2098 filium
2614 2057 2774 2102 suum
2811 2062 2824 2096 :
2858 2043 3151 2114 Ingredere
3197 2043 3264 2098 ad
3309 2060 3536 2100 uxorent

1936 2137 2122 2194 fratris
2154 2137 2231 2192 ιιιὶ
2254 2179 2268 2206 ,
2301 2146 2353 2192 et
2395 2136 2606 2192 sociare
2636 2136 2746 2206 illi,
2782 2145 2840 2191 ut
2883 2136 3118 2191 suscites
3160 2151 3349 2193 semen
3383 2136 3531 2192 fratri

1937 2241 2052 2286 tuo.
2084 2230 2178 2286 Ille
2204 2241 2384 2288 autem
2417 2231 2598 2284 sciens
2627 2244 2734 2286 non
2757 2228 2862 2288 sibi
2899 2228 3049 2284 nasci
3078 2228 3240 2297 filios,
3269 2229 3531 2298 introiens

1935 2324 2000 2379 ad
2036 2340 2262 2378 uxorem
2295 2323 2478 2376 fratris
2511 2323 2593 2380 sui
2623 2364 2636 2384 ,
2675 2336 2861 2378 semen
2896 2320 3155 2378 fundebat
3194 2322 3248 2376 in
3291 2329 3490 2376 terram
3515 2364 3528 2386 ,

1935 2434 2003 2474 ne
2053 2417 2210 2475 liberi
2261 2415 2450 2472 fratris
2499 2417 2718 2472 nomine
2781 2424 3162 2474 nascerentur.
3216 2413 3284 2470 Et
3330 2413 3532 2469 idcirco

1936 2513 2207 2583 percussit
2235 2525 2359 2565 eum
2392 2510 2676 2574 Dominus,
2709 2508 2850 2578 quod
2889 2524 3002 2564 rem
3034 2507 3418 2574 detestabilem
3457 2510 3532 2562 fa-

1933 2619 2102 2663 ceret.
2135 2605 2500 2674 Quamobrem
2531 2593 2863 2659 dixit‘Judas
2895 2589 3141 2657 Thamar
3162 2601 3321 2658 nurui
3368 2618 3478 2656 sure
3517 2622 3526 2654 :

1935 2701 2068 2756 Esto
2094 2700 2254 2754 vidua
2286 2699 2339 2754 in
2367 2698 2532 2762 domo
2562 2695 2734 2768 patris
2768 2696 2880 2762 tui,
2920 2695 3098 2750 donec
3142 2706 3352 2754 crescat
3401 2695 3525 2748 Sela

1935 2793 2081 2848 filius
2109 2791 2538 2846 mcusztimebat
2565 2789 2732 2856 enim,
2766 2803 2833 2843 ne
2862 2795 2916 2842 et
2942 2786 3058 2858 ipse
3088 2797 3395 2854 moreretur
3424 2786 3527 2841 sic-

1935 2895 1996 2942 ut
2022 2886 2220 2940 fratres
2247 2884 2385 2954 ejus.
2415 2883 2547 2950 Quae
2577 2881 2726 2948 abiit,
2761 2891 2814 2936 et
2847 2879 3112 2935 habitavit
3154 2879 3206 2934 in
3245 2878 3406 2946 domo
3436 2896 3527 2951 pa-

1937 2981 2036 3036 tris
2066 2981 2169 3033 sni.
2226 2976 2475 3040 Evolutis
2515 2986 2697 3040 autem
2738 2975 2924 3044 multis
2955 2973 3167 3044 diebus,
3204 2982 3413 3044 mortua
3447 2981 3533 3028 est

1939 3072 2048 3126 filia
2077 3071 2186 3140 Sua
2217 3084 2354 3124 uxor
2398 3067 2550 3124 .ludte
2587 3085 2598 3120 :
2635 3067 2723 3138 qui
2757 3075 2879 3140 post
2911 3066 3112 3130 luctum
3159 3064 3532 3122 consolatione

1939 3172 2196 3234 suscepta
2220 3204 2234 3228 ,
2267 3160 2603 3216 ascendebat
2653 3159 2718 3213 ad
2776 3167 3025 3213 tonsores
3057 3156 3240 3228 ovium
3269 3171 3526 3223 suarum,

218 3261 411 3321 ptum.
469 3251 612 3324 Dixit
641 3266 772 3322 ergo
803 3253 974 3308 Judas
1005 3252 1262 3307 fratribus
1303 3254 1416 3307 suis
1449 3269 1461 3306 :
1497 3252 1635 3320 Quid
1680 3255 1836 3308 nobis
1863 3251 1910 3316 C
1943 3258 2056 3326 ipse
2085 3266 2138 3311 et
2170 3255 2326 3312 Hiras
2355 3252 2382 3291 ιι
2407 3253 2575 3323 opilio
2595 3252 2774 3323 gregis
2817 3251 3145 3306 Odollamita
3171 3292 3184 3313 ,
3233 3251 3284 3304 in
3324 3260 3346 3288 ε
3387 3250 3534 3316 Time

217 3343 462 3414 prodest
484 3343 529 3398 si
558 3344 922 3400 occiderimus
947 3343 1167 3399 fratrem
1203 3356 1470 3409 nostrum,
1495 3354 1550 3400 et
1571 3345 1834 3400 celaveri-

218 3454 361 3494 mus
385 3440 702 3510 sanguinem
743 3439 952 3508 ipsius?
983 3439 1170 3495 Melius
1199 3449 1281 3494 est
1305 3449 1360 3493 ut
1385 3439 1730 3494 venundetnr
1758 3438 1835 3494 ls-

224 3531 510 3596 maelitis,
564 3543 616 3586 et
645 3547 841 3588 manus
874 3542 1079 3587 nostrze
1138 3547 1242 3586 ιιοιι
1278 3531 1593 3602 polluantur
1628 3550 1639 3585 :
1671 3531 1836 3587 frater

219 3629 387 3684 enim
422 3637 477 3684 et
501 3642 628 3683 caro
653 3637 838 3683 nostra
870 3638 972 3683 est.
1027 3627 1435 3700 Acqnieverunt
1477 3627 1672 3681 fratres
1718 3641 1835 3682 ser-

220 3720 504 3776 monibus
531 3720 670 3791 ejus.
727 3721 792 3775 Et
816 3722 1276 3791 prarteretmtilins
1324 3719 1638 3780 Madianitis
1671 3735 1835 3791 nego-

221 3816 562 3884 tiatoribus,
599 3816 954 3872 extrahentes
987 3832 1110 3871 eum
1145 3817 1213 3871 de
1268 3817 1523 3881 cisterna,
1581 3813 1839 3870 vendide-

221 3921 372 3974 runt
397 3907 591 3982 [Vulg.
623 3909 748 3964 add.
785 3910 935 3982 eum]
959 3909 1265 3974 lsmaclitis,
1295 3908 1479 3978 viginti
1532 3909 1833 3978 argenteis,

220 4006 327 4079 qui
354 4005 633 4060 duxerunt
659 4021 784 4060 eum
818 4005 868 4058 in
889 4003 1206 4078 {Egyptunn
1240 4003 1615 4074 Reversusque
1647 4001 1836 4068 Ruben

221 4099 297 4156 ad
333 4100 662 4166 cisternam,
684 4115 790 4154 non
825 4100 1041 4158 invenit
1074 4115 1323 4170 puermn,
1349 4109 1424 4166 et,
1457 4099 1646 4154 scissis
1677 4097 1839 4154 vesti-

222 4192 368 4258 bus,
398 4207 634 4262 pergens
663 4193 731 4247 ad
752 4195 953 4270 fratres
982 4208 1134 4257 suos,
1169 4193 1246 4246 ait
1273 4210 1286 4246 :
1318 4193 1462 4247 Puer
1489 4206 1595 4247 non
1620 4207 1841 4262 compa-

224 4295 345 4351 ret,
381 4294 439 4340 et
465 4299 565 4356 ego
587 4301 692 4358 quo
717 4285 842 4341 ibo?
873 4285 1142 4342 Tulerunt
1192 4296 1372 4341 autem
1407 4285 1647 4339 tunicam
1689 4284 1838 4352 ejus,

225 4391 292 4436 et
332 4379 390 4432 in
422 4379 687 4450 sanguine
719 4378 885 4446 haedi,
936 4395 1097 4451 quem
1129 4378 1465 4448 occiderant,
1520 4378 1840 4436 tinxerunt:

225 4472 527 4529 mittentes
559 4473 646 4537 qui
678 4472 882 4527 ferrent
912 4472 977 4527 ad
1007 4481 1242 4542 patrem,
1295 4481 1348 4534 et
1376 4471 1622 4526 dicerent
1653 4487 1667 4522 :
1694 4474 1843 4530 llanc

232 4567 558 4622 invenimus
591 4582 604 4620 :
633 4565 753 4621 vide
779 4575 962 4620 utrum
997 4567 1175 4622 tunica
1232 4565 1324 4620 filii
1377 4565 1451 4618 tui
1481 4565 1574 4633 sit,
1608 4579 1674 4619 an
1703 4584 1834 4621 ttott.

1938 3349 2122 3403 natha.
2161 3346 2591 3415 Nuntiatumque
2619 3356 2703 3398 est
2742 3342 2982 3410 Thamar
3007 3342 3149 3413 quod
3182 3358 3339 3398 socer
3380 3341 3528 3397 illius

1936 3441 2259 3496 ascenderet
2287 3439 2340 3493 in
2372 3437 2698 3493 Thimnatha
2727 3437 2791 3490 ad
2834 3437 3140 3492 tondendas
3170 3451 3322 3492 oves.
3355 3436 3486 3502 Qute
3509 3477 3525 3506 ,

1936 3531 2199 3606 depositis
2232 3531 2513 3587 viduitatis
2545 3531 2802 3588 vestibus.
2838 3529 3132 3598 assumpsit
3162 3530 3478 3588 theristrum
3515 3545 3529 3582 :

1938 3635 1993 3682 et
2023 3633 2228 3680 mutato
2253 3624 2438 3680 ltabittt
2461 3667 2474 3691 ,
2502 3623 2642 3678 Sedit
2670 3623 2720 3676 in
2753 3623 2896 3676 bivio
2929 3622 3140 3677 itineris
3160 3665 3173 3690 ,
3205 3622 3347 3693 quod
3381 3621 3530 3676 ducit

1938 3718 2282 3789 Timnatham
2318 3732 2424 3770 :co
2473 3715 2617 3784 quod
2663 3714 2926 3774 crevisset
2977 3714 3099 3769 Sela
3126 3754 3140 3781 ,
3184 3723 3238 3768 et
3269 3729 3374 3782 non
3406 3729 3530 3770 eum

1940 3814 2240 3883 accepisset
2271 3809 2548 3866 maritum.
2584 3808 2757 3878 Quam
2789 3824 2911 3862 cum
2943 3808 3163 3862 vidisset
3194 3806 3384 3880 Judas,
3417 3823 3537 3863 sus-

1941 3905 2151 3978 picatus
2176 3914 2254 3958 est
2279 3918 2402 3958 esse
2427 3903 2769 3957 meretricem
2797 3917 2810 3954 :
2834 3908 3124 3970 operuerat
3151 3901 3295 3954 enim
3324 3899 3532 3960 vultum

1943 3983 2121 4062 Suum,
2158 4015 2222 4053 ne
2251 4006 2661 4070 agnosceretur.
2691 3995 3114 4067 lngrediensque
3139 3995 3204 4050 ad
3236 4010 3377 4066 eam,
3415 3995 3489 4062 ait
3523 4015 3536 4052 :

1946 4094 2166 4150 Dimitte
2196 4108 2306 4161 me,
2345 4101 2403 4146 ut
2430 4107 2616 4147 coeant
2653 4102 2829 4146 tecum
2872 4090 3192 4148 :nesciebat
3219 4087 3360 4144 enim
3395 4088 3536 4160 quod

1947 4200 2116 4241 nurus
2147 4199 2241 4239 sua
2268 4193 2432 4240 esset.
2466 4183 2581 4252 Qua
2611 4181 2977 4252 respondente
3008 4199 3020 4235 :
3051 4181 3188 4249 Quid
3220 4181 3349 4254 mihi
3381 4180 3535 4244 dabis

1947 4289 2005 4336 ut
2029 4280 2226 4335 fruaris
2253 4278 2544 4335 c0ncubitu
2573 4280 2737 4334 meo?
2760 4277 2898 4332 dixit
2924 4295 2936 4332 :
2962 4276 3170 4340 Mittam
3200 4275 3294 4331 tibi
3321 4275 3537 4336 haedum

1949 4373 2016 4429 de
2046 4372 2322 4446 gregibus.
2375 4370 2718 4439 Rursumque
2770 4370 2862 4425 illa
2893 4368 3112 4424 dicente
3143 4387 3154 4421 :
3184 4367 3364 4422 Patiar
3391 4367 3533 4438 quod

1952 4468 2060 4533 vis,
2091 4466 2135 4520 si
2162 4465 2384 4521 dederis
2412 4465 2547 4519 mihi
2578 4463 2970 4528 arrhabonem,
2997 4463 3170 4516 donec
3193 4461 3376 4530 mittas
3400 4461 3542 4530 quod

1949 4559 2250 4632 polliceris.
2282 4558 2371 4614 Ait
2399 4557 2566 4614 Judas
2599 4556 2778 4624 :Quid
2821 4556 2899 4609 vis
2945 4554 3039 4609 tibi
3089 4568 3188 4626 pro
3234 4551 3542 4622 arrhabone

230 4657 421 4728 Onam
450 4672 576 4713 cum
612 4657 926 4736 agnovisset
975 4668 1153 4728 pater,
1198 4657 1273 4710 ait
1302 4656 1552 4730 t'l‘unica
1589 4657 1681 4710 ftlii
1734 4659 1840 4712 mei
1872 4650 1924 4714 D
1953 4653 2118 4708 dari?
2146 4651 2446 4724 Respondit
2477 4669 2488 4704 :
2521 4649 2796 4716 Annulum
2833 4657 2981 4714 tuum
3004 4692 3016 4715 ,
3048 4654 3103 4701 et
3143 4645 3448 4726 armillam,
3491 4656 3545 4700 et

230 4762 352 4818 est,
382 4751 506 4818 fera
527 4753 763 4822 pessima
787 4751 1026 4808 comedit
1061 4767 1209 4815 eum,
1240 4750 1414 4806 beSIia
1444 4749 1726 4806 devoravit
1749 4750 1842 4806 Jo-

230 4842 406 4911 seph.
433 4841 743 4912 Scissisque
765 4842 1029 4910 veStihus,
1066 4840 1287 4896 indutus
1314 4851 1397 4896 est
1420 4842 1622 4912 cilicio,
1657 4841 1848 4913 lugens

222 4917 418 4992 'ﬁlium
451 4935 624 4992 multo
675 4947 944 5007 tempore.
1005 4933 1365 5005 Congregatis
1413 4943 1592 4990 autem
1638 4939 1850 4992 cunctis

230 5031 434 5087 liberis
455 5031 604 5098 ejus,
648 5038 703 5086 ut
734 5030 975 5086 lenirent
1005 5028 1251 5085 dolorem
1281 5029 1473 5099 patris,
1507 5029 1677 5086 noluit
1711 5046 1846 5085 con-

313 5182 346 5212 ε
374 5172 467 5230 Sic
490 5186 663 5228 canon
695 5171 862 5228 Hebr.
888 5171 1042 5228 verit.
1065 5180 1123 5230 et
1147 5172 1551 5242 manuscripr
1577 5173 1716 5229 alter
1746 5173 1838 5234 Bi-

237 5245 508 5301 bliorum.
554 5245 608 5299 In
656 5243 885 5300 Hebrteo
928 5260 990 5297 ac
1037 5244 1378 5298 Samaritano
1413 5251 1560 5299 textu
1611 5245 1839 5300 habetur

233 5327 358 5378 ω
388 5332 674 5383 naccemtu,
720 5316 1065 5385 perculiamus
1094 5332 1239 5378 eum,
1275 5317 1389 5369 sive
1434 5317 1840 5386 interﬁciamus;

243 5403 418 5460 quam
449 5388 744 5460 lectionem
791 5397 1091 5460 sequuntur
1127 5403 1340 5456 quoque
1394 5386 1537 5441 LXX
1571 5403 1632 5441 ac
1663 5387 1849 5444 czeteri

247 5459 588 5529 interpretes
613 5477 626 5514 :
656 5459 750 5515 sed
777 5459 1100 5514 dissentiunt
1124 5459 1174 5512 in
1204 5461 1698 5529 consequentibus:
1727 5476 1850 5516 nam

246 5551 443 5617 legunt
484 5554 536 5605 in
565 5551 721 5607 tertia
751 5565 979 5620 persona
1018 5533 1319 5611 ﬁzwn‘bx
1346 5550 1754 5620 al-Ihisphec/m,
1787 5568 1849 5606 ne

247 5621 536 5690 eﬂ‘undatis
571 5638 586 5674 :
616 5622 722 5677 duo
753 5635 934 5676 autem
977 5621 1191 5692 codices
1241 5637 1372 5676 mss.
1415 5622 1525 5692 jam
1562 5624 1847 5678 memorati

251 5694 483 5758 habent,
515 5693 863 5762 e/fundamus,
894 5691 1199 5762 manifesto,
1231 5693 1281 5747 ni
1316 5691 1496 5759 fallor,
1523 5695 1850 5766 scriptorum

251 5780 467 5821 errore.
497 5765 677 5821 Murr.
849 5768 853 5770 ’

333 5837 618 5908 ——Vulgat.
643 5838 923 5906 interpres
946 5852 1049 5891 non
1073 5836 1412 5907 interﬁciatis.
1439 5837 1589 5894 Unus
1612 5837 1851 5896 Urbinas

262 5924 369 5964 ms.
401 5919 823 5984 consequenter,
854 5926 949 5971 nec
971 5908 1323 5978 clienti/totus.

1953 4747 2205 4804 baculum
2241 4755 2388 4816 tuum
2417 4741 2603 4816 [ναις.
2635 4752 2765 4796 tacet
2793 4741 2963 4813 tuum]
2991 4755 3150 4816 quem
3183 4740 3234 4808 in
3265 4753 3427 4812 manu
3457 4748 3542 4806 te-

1956 4856 2076 4896 nes.
2113 4839 2191 4894 Ad
2223 4854 2385 4893 unum
2414 4835 2578 4909 igitur
2607 4835 2806 4906 coitum
2837 4833 3085 4916 concepit
3113 4833 3332 4905 mulier,
3356 4841 3408 4890 et
3431 4847 3550 4902 sur-

1952 4948 2086 5006 gens
2108 4932 2241 4986 abiit
2270 4949 2283 4986 :
2318 4931 2672 5002 depositoque
2702 4928 2886 4983 habitu
2909 4970 2924 4996 ,
2954 4943 3113 4996 quem
3150 4935 3544 4997 assumpserat,

1952 5027 2139 5085 induta
2171 5036 2252 5082 est
2274 5024 2557 5080 viduitatis
2579 5022 2844 5092 vestibus.
2877 5020 3017 5084 Misit
3048 5029 3228 5076 autem
3249 5020 3413 5094 ludas
3444 5019 3555 5090 ha:-

2023 5171 2052 5246 ιξ
2087 5169 2190 5225 Pro
2209 5165 2455 5246 _0pilione
2477 5165 2595 5246 sive
2623 5162 2863 5246 Pectore,
2897 5161 3321 5246 amicusleg‘itur
3352 5161 3548 5246 fray-1).

1949 5243 2056 5301 Sed
2110 5234 2331 5294 verbum
2383 5238 2695 5307 ambiguum
2761 5242 2881 5294 est.
2929 5234 3052 5303 quia
3111 5236 3298 5289 iisdem
3352 5234 3546 5289 litteris

1948 5325 2235 5389 utrumque
2253 5324 2446 5370 nomen
2461 5307 2722 5389 scribitur
2748 5325 2759 5360 :
2783 5323 2973 5389 verit-nr
2995 5307 3239 5389 anticus...
3256 5323 3338 5372 ree
3363 5317 3552 5389 pastor

1952 5403 2041 5442 roe
2074 5377 2288 5454 legitur.
2321 5391 2437 5446 mh
2461 5379 2621 5451 igitur
2651 5378 3164 5454 nonren‘llehraeum
3189 5377 3552 5454 diversituode

1956 5459 2087 5527 legit
2117 5448 2733 5527 Hieronymuslroe‘hic
2763 5448 2899 5527 loci,
2930 5465 3168 5527 rce‘vero
3203 5449 3254 5504 itt
3285 5448 3552 5527 Quaestio-

1961 5521 2125 5586 ni‘bus
2169 5521 2471 5581 Hebraicis.
2509 5523 2582 5578 De
2622 5523 2721 5575 hac
2753 5521 2974 5594 diversa
3023 5521 3416 5594 interpretandi
3468 5536 3556 5594 ra-

1966 5604 2115 5656 tione
2163 5597 2300 5668 apud
2343 5597 2728 5668 llierOnyqum
2782 5608 2892 5660 non
2938 5591 3188 5660 insolita,
3229 5592 3462 5657 diximus
3499 5591 3551 5644 in

1955 5666 2366 5747 prolegomenis
2395 5669 2617 5722 nostris.
2654 5666 2833 5722 Mser.

2033 5780 2053 5807 ε
2091 5765 2353 5836 Vulgatus
2395 5762 2666 5829 interpres
2716 5769 3031 5818 constanter
3074 5758 3230 5818 effert
3259 5755 3548 5816 Thamnus.

1953 5841 2215 5897 Hebraeus
2246 5850 2374 5891 vero
2403 5845 2623 5894 rinam.
