3912 6348
422 349 531 410 215

1432 352 1491 410 S.
1531 348 1911 411 HIERONYMI
1953 348 2187 409 DIVINA
2229 351 2702 411 BIBLIOTHECA.

3606 357 3707 416 216

431 469 559 525 dum
593 483 689 541 per
720 478 994 542 pastorem
1024 484 1181 527 suum
1207 469 1590 527 Odollamitem
1610 513 1623 537 ,
1655 478 1714 525 ut
1755 470 2025 541 reciperet
2052 476 2100 538 Α
2133 472 2296 527 Deum
2331 469 2520 546 [Vulg.
2554 471 2680 527 add.
2715 471 2962 546 meum]?
2993 473 3378 546 llujuscemodi
3407 476 3589 534 verbis
3618 492 3708 550 per

434 566 631 636 pignus
657 566 799 637 quod
827 565 1057 622 dederat
1094 565 1340 631 mulieri,
1372 566 1462 635 qui
1493 579 1616 620 cum
1647 579 1752 619 non
1781 565 2026 620 iuvenis-

433 669 519 715 set
551 675 673 716 eam
697 702 712 727 ,
747 661 1101 731 interrogavit
1141 659 1390 716 homines
1420 657 1526 714 loci
1557 658 1750 715 illius?
1799 658 1898 715 Ubi
1941 667 2026 714 est

434 754 654 823 mulier,
692 770 814 826 quae
844 755 1073 811 sedebat
1101 756 1152 810 in
1187 753 1366 811 bivio?
1396 753 1875 826 Respondentibus
1900 769 2027 810 cun-

435 849 538 903 ctis
573 865 586 902 :
612 847 730 903 Non
757 847 860 905 fuit
886 849 938 904 in
968 848 1088 904 loco
1117 847 1224 904 isto
1252 848 1536 915 meretrix,
1567 862 1824 904 reversus
1849 855 1935 904 est
1959 848 2026 904 ad

433 940 627 997 Judam
649 983 662 1007 ,
695 950 749 998 et
776 941 912 996 dixit
944 943 994 997 ei
1027 939 1184 997 :Non
1226 941 1408 997 inveni
1449 956 1569 997 eam
1603 959 1616 995 :
1644 941 1740 998 sed
1770 950 1824 998 et
1853 940 2030 997 homi-

434 1048 532 1090 nes
564 1034 667 1089 loci
699 1034 841 1089 illius
862 1033 1120 1089 dixerunt
1145 1034 1301 1102 mihi,
1353 1050 1653 1107 numquam
1702 1035 1776 1090 ibi
1819 1035 2030 1092 sedisse

441 1137 703 1184 scortum.
737 1128 828 1183 Ait
862 1126 1074 1183 Judas:
1118 1129 1323 1185 Habeat
1371 1129 1516 1198 sibi,
1567 1139 1719 1185 certe
1764 1128 2030 1184 mendacii

438 1238 540 1278 nos
590 1237 823 1293 arguere
872 1238 977 1277 non
1025 1225 1225 1294 poterit
1269 1225 1423 1296 [ναι.
1477 1227 1681 1298 potest]
1717 1245 1729 1280 :
1763 1242 1863 1297 ego
1910 1225 2035 1282 misi

439 1315 652 1370 haedum
682 1331 842 1385 quem
878 1316 1258 1385 promiseram,
1288 1327 1344 1373 et
1374 1328 1428 1373 tu
1461 1334 1567 1374 non
1599 1320 1852 1377 invenisti
1886 1335 2028 1376 eam.

439 1407 578 1461 Ecce
608 1414 789 1461 autem
823 1416 942 1477 post
983 1415 1095 1463 tres
1127 1423 1344 1464 menses
1376 1411 1833 1466 renuntiaverunt
1856 1411 2030 1478 Iudae,

443 1498 692 1554 dicentes
721 1518 733 1552 :
764 1498 1054 1555 Fornicata
1083 1509 1167 1556 est
1196 1499 1433 1556 Thamar
1465 1518 1634 1558 nurus
1661 1514 1746 1558 tua
1766 1548 1778 1572 ,
1806 1513 1861 1559 et
1887 1503 2038 1560 vid’c-

443 1604 528 1650 tur
550 1604 736 1650 uterus
761 1595 907 1650 illius
931 1596 1312 1652 intumescere.
1341 1596 1492 1652 Dixit
1514 1597 1683 1653 Judas
1709 1618 1722 1654 :
1748 1598 2037 1656 Producite

442 1706 585 1757 eam,
612 1690 1050 1746 utcomburatur.
1076 1691 1206 1760 Qua:
1221 1706 1343 1747 cum
1371 1693 1769 1749 educereturad
1796 1709 2032 1765 poenam,

443 1784 594 1839 misit
619 1784 686 1838 ad
717 1800 967 1840 socerum
998 1802 1178 1852 suum,
1207 1786 1393 1843 dicens
1425 1807 1438 1842 :
1470 1788 1547 1844 De
1572 1789 1713 1858 viro,
1741 1789 1894 1859 cujus
1919 1789 2038 1848 haec

2128 565 2373 634 singulos
2401 567 2516 622 dies
2543 612 2557 637 ,
2589 577 2647 623 et
2691 568 2886 624 mulier
2923 569 3152 624 molesta
3183 579 3306 626 erat
3343 571 3668 628 adolescenti
3689 613 3705 640 ,

2129 668 2185 715 et
2232 659 2325 715 ille
2370 660 2661 715 recusabat
2709 671 2977 732 stuprum.
3020 661 3233 719 Accidit
3276 672 3462 720 autem
3488 665 3710 737 quadam

2129 752 2239 819 die,
2275 763 2330 808 ut
2362 754 2590 811 intraret
2615 753 2819 826 Joscph
2851 756 3074 812 domum
3102 800 3117 825 ,
3149 768 3202 814 et
3229 760 3411 830 operis
3439 761 3710 833 quidpiam

2130 846 2336 918 absque
2366 847 2585 903 arbitris
2631 847 2836 904 iaceret
2877 866 2889 903 :
2921 859 2977 905 et
3006 849 3115 916 illa,
3151 851 3491 922 apprehensa
3524 852 3713 909 lacinia

2130 943 2441 999 vestimenti
2470 935 2608 1014 ejus,
2638 943 3084 1000 diceretzDurmi
3115 961 3350 1002 meeum.
3375 946 3499 1016 Qui,
3530 948 3714 1005 relicto

2134 1035 2189 1090 in
2221 1051 2384 1090 manu
2417 1035 2563 1090 illius
2605 1037 2802 1107 pallio,
2843 1037 3015 1109 fugit,
3055 1049 3111 1094 et
3151 1021 3404 1112 egressus
3431 1050 3514 1097 cst
3553 1042 3712 1098 foras.

2133 1125 2377 1200 Cumque
2407 1129 2633 1186 vidisset
2670 1133 2865 1188 mulier
2892 1142 3097 1188 vestem
3131 1133 3182 1189 in
3215 1135 3465 1191 manibus
3497 1137 3636 1202 suis,
3664 1142 3719 1192 et

2134 1239 2193 1278 se
2216 1237 2338 1279 esse
2356 1233 2751 1295 contemptam,
2768 1226 2984 1282 vocavit
3003 1226 3195 1300 [γαίᾳ.
3211 1229 3337 1283 add.
3364 1231 3428 1285 ad
3443 1229 3526 1303 se]
3551 1230 3722 1286 homi-

2137 1332 2233 1372 nes
2259 1316 2455 1372 (lumus
2481 1332 2626 1385 sum,
2661 1327 2715 1373 et
2746 1319 2822 1373 ait
2851 1318 2918 1374 ad
2947 1334 3042 1376 eos
3072 1338 3084 1374 ε
3122 1320 3198 1375 En
3227 1320 3527 1377 introduxit
3549 1323 3722 1378 virum

2138 1410 2450 1479 Hebraeum,
2481 1419 2539 1466 ut
2567 1411 2818 1468 illudcret
2852 1412 3011 1468 nobis
3046 1431 3058 1466 :
3089 1413 3369 1484 ingressus
3400 1424 3484 1470 est
3510 1415 3574 1470 ad
3606 1431 3721 1484 me,

2139 1513 2196 1561 ut
2226 1506 2402 1560 coiret
2429 1521 2665 1576 mecum,
2695 1521 2925 1577 cumque
2951 1521 3052 1577 ego
3075 1509 3519 1573 succlamassem,
3551 1519 3605 1564 et
3632 1525 3726 1565 au-

2139 1597 2310 1653 disset
2338 1613 2525 1652 vocem
2555 1613 2754 1667 meam,
2784 1598 3003 1669 reliquit
3031 1599 3255 1669 pallium
3277 1601 3420 1672 quod
3453 1601 3724 1672 tenebam,

2139 1701 2194 1746 et
2237 1691 2369 1763 fugit
2410 1692 2579 1747 foras.
2623 1693 2679 1748 ln
2721 1702 3101 1764 argumentum
3147 1708 3277 1766 ergo
3305 1694 3428 1751 ﬁdei
3462 1705 3726 1751 retentum

2143 1785 2367 1856 pallium
2403 1785 2644 1842 ostendit
2684 1785 2883 1842 marito
2915 1786 3213 1843 revertenti
3249 1788 3301 1842 in
3332 1787 3550 1843 domum
3582 1803 3728 1844 suam

440 1888 588 1944 sunt,
611 1880 834 1949 concepi
861 1896 876 1937 :
901 1895 1135 1952 agnosce
1159 1881 1314 1950 cujus
1341 1882 1412 1936 sit
1439 1883 1694 1951 annulus,
1719 1891 1774 1938 et
1801 1883 2032 1951 armilla,
2065 1880 2113 1941 B
2143 1877 2328 1951 [γαίῃ.
2366 1889 2495 1933 tacet
2528 1878 2581 1934 in
2624 1889 2670 1932 et
2705 1878 2914 1952 suam],
2959 1887 3013 1935 et
3051 1880 3128 1934 ait
3168 1896 3182 1934 :
3213 1863 3499 1952 Ingressus
3540 1891 3622 1937 est
3660 1881 3730 1936 ad

442 1981 498 2028 et
529 1973 771 2028 baculus.
806 1973 908 2040 Qui
935 2019 948 2043 ,
983 1974 1177 2044 agnitis
1206 1975 1547 2041 muneribus,
1579 1975 1651 2030 ait
1679 1995 1690 2029 :
1720 1975 1926 2031 Justior
1952 1991 2040 2032 me

447 2080 552 2136 est,
595 2077 619 2104 ει
651 2069 772 2139 quia
805 2083 912 2124 non
942 2067 1139 2123 tradidi
1169 2083 1288 2123 eam
1317 2067 1441 2124 Seia
1473 2069 1586 2124 lilio
1614 2085 1754 2125 meo.
1785 2069 2038 2125 Attamen

448 2161 588 2215 ultra
619 2175 724 2215 non
755 2163 1010 2232 cognovit
1038 2161 1210 2216 illam.
1242 2161 1482 2217 Instante
1513 2170 1693 2217 autem
1723 2171 1911 2233 partu,
1948 2178 2044 2233 ap-

455 2263 754 2324 paruerunt
781 2254 983 2325 gemini
1011 2254 1064 2308 in
1095 2264 1256 2310 utero
1295 2273 1309 2308 :
1342 2265 1508 2326 atque
1535 2257 1587 2311 in
1631 2257 1747 2326 ipsa
1778 2256 2044 2312 en'nsionc

452 2347 742 2415 infantum,
777 2362 919 2404 unus
947 2348 1174 2417 protulit
1198 2362 1437 2417 manum,
1467 2348 1520 2403 in
1549 2363 1654 2418 qua
1679 2349 1942 2404 obstetrix
1981 2349 2049 2402 li-

446 2441 595 2511 gavit
627 2441 938 2509 coccinum,
970 2440 1161 2497 dicens
1209 2457 1222 2495 :
1266 2442 1371 2496 iste
1402 2442 1712 2512 egredietur
1741 2442 1914 2512 prior.
1949 2440 2046 2496 ιιιο

453 2549 585 2591 vero
614 2534 934 2592 retrahente
981 2551 1201 2591 manum
1231 2581 1245 2607 ,
1275 2551 1526 2606 egressus
1551 2545 1635 2592 est
1661 2536 1799 2592 alter
1833 2553 1846 2590 :
1879 2536 2047 2592 dixit-

451 2644 560 2700 que
587 2629 791 2685 mulier
819 2647 832 2684 :
859 2629 1040 2698 Quare
1065 2629 1236 2685 divisa
1265 2639 1348 2684 est
1376 2639 1598 2700 propter
1622 2638 1674 2684 te
1700 2630 1970 2685 maceria?
1996 2638 2052 2686 et

453 2723 525 2778 ob
549 2723 688 2780 hanc
716 2737 934 2779 causam
976 2723 1190 2780 vocavit
1224 2739 1423 2780 nomen
1450 2724 1566 2794 ejus
1595 2723 1819 2779 Phares.
1854 2724 2049 2780 Postea

453 2831 705 2887 egressus
733 2827 816 2872 est
844 2819 1012 2873 frater
1042 2817 1161 2887 ejus
1187 2859 1204 2885 ,
1245 2817 1300 2872 in
1330 2817 1486 2889 cujus
1525 2833 1688 2873 manu
1729 2825 1847 2874 erat
1874 2820 2053 2876 cocci-

454 2928 583 2966 num
616 2929 630 2966 :
662 2928 826 2982 quem
855 2913 1153 2984 appellavit
1181 2913 1340 2968 Zara.

531 3005 617 3078 [T.
655 3005 889 3072 XXXIII,
926 3007 985 3061 Β.
1018 3004 1265 3069 XXXIX.
1298 3005 1360 3061 Ο.
1394 3005 1581 3072 LXIX,
1617 3005 1744 3079 Cap.
1779 3005 2052 3080 XXXIX.]

458 3097 628 3169 igitur
651 3097 854 3168 Joseph
883 3099 1084 3155 ductus
1115 3101 1168 3154 in
1199 3098 1493 3172 ngyptum
1526 3108 1629 3168 est,
1662 3102 1902 3171 emitque
1931 3116 2052 3156 eum

459 3191 724 3261 Putiphar
765 3192 1047 3248 eunuchus
1093 3192 1398 3248 Pharaonis
1424 3235 1439 3261 ,
1483 3193 1736 3264 princeps
1781 3193 2056 3250 exercitus

2146 1989 2231 2028 me
2277 1989 2469 2030 servus
2525 1973 2783 2030 Hebraeus
2825 1990 2986 2046 quem
3033 1974 3306 2031 adduxiSti
3364 1985 3424 2031 ut
3484 1976 3734 2032 illuderet

2147 2065 2282 2120 mihi
2316 2083 2328 2119 :
2358 2082 2589 2138 cumque
2611 2066 2639 2105 δ
2664 2067 2904 2122 audisset
2945 2083 3032 2123 me
3069 2068 3334 2136 clamare,
3368 2069 3588 2140 reliquit
3615 2070 3735 2142 pal-

2147 2162 2278 2217 lium
2310 2161 2495 2234 [Vulg.
2531 2163 2657 2217 add.
2692 2163 2836 2236 quod
2872 2163 3167 2237 tenebam],
3202 2172 3256 2219 et
3288 2165 3419 2236 fugit
3449 2167 3613 2220 foras.
3641 2166 3736 2222 llis

2149 2256 2345 2311 auditis
2376 2257 2629 2312 dominus
2656 2299 2670 2323 ,
2717 2268 2772 2313 et
2817 2258 3043 2313 nimium
3087 2258 3346 2314 credulus
3385 2258 3568 2315 verbis
3607 2273 3741 2315 con-

2146 2352 2291 2423 jugis
2315 2393 2330 2418 ,
2361 2351 2531 2406 iratus
2559 2359 2643 2407 est
2671 2351 2828 2408 valde
2867 2372 2879 2408 :
2918 2353 3247 2424 tradiditque
3273 2352 3479 2423 Joseph
3528 2354 3582 2408 in
3623 2368 3744 2409 car-

2150 2459 2330 2500 cerem
2353 2486 2369 2512 ,
2403 2445 2492 2500 ubi
2522 2445 2684 2501 vincti
2729 2447 2874 2518 regis
2915 2447 3386 2516 custodiebantur,
3433 2458 3487 2503 et
3518 2457 3638 2504 erat
3669 2448 3744 2504 ibi

2151 2539 2386 2595 clausus.
2422 2539 2547 2594 Fuit
2574 2553 2758 2596 autem
2791 2541 3052 2598 Dominus
3095 2557 3217 2598 cum
3242 2541 3443 2614 Josepb
3473 2585 3489 2609 ,
3537 2550 3593 2598 et
3635 2543 3743 2598 mi—

2155 2641 2333 2687 sertus
2364 2631 2509 2687 illius
2534 2632 2684 2688 dedit
2707 2633 2756 2689 ei
2782 2634 3013 2705 gratiam
3043 2635 3095 2690 in
3139 2645 3439 2706 conSpectu
3477 2635 3746 2706 principis

2153 2723 2409 2790 carceris,
2441 2725 2531 2794 qui
2572 2724 2798 2780 tradidit
2827 2727 2882 2781 in
2919 2741 3081 2782 manu
3108 2727 3279 2798 ipsius
3315 2727 3601 2784 universos
3628 2729 3745 2783 vin-

2156 2828 2272 2876 ctos
2285 2820 2373 2892 qui
2390 2820 2444 2874 in
2460 2819 2704 2875 custodia
2727 2820 3056 2877 tenebantur
3072 2841 3083 2877 :
3100 2831 3153 2877 et
3168 2821 3427 2892 quidquid
3444 2823 3624 2888 liehat,
3647 2821 3751 2876 sub

2160 2915 2278 2986 ipso
2299 2924 2437 2971 erat.
2465 2915 2572 2971 Nec
2594 2927 2820 2972 noverat
2846 2916 3051 2988 aliquid
3077 2917 3286 2973 cunctis
3307 2917 3355 2971 ei
3377 2915 3601 2973 creditis
3618 2935 3628 2968 :
3645 2915 3755 2971 Do—

2160 3009 2340 3064 minus
2355 3012 2498 3064 enim
2513 3019 2762 3066 eratcum
2779 3011 3141 3073 illo,etomnia
3154 3026 3317 3081 opera
3331 3010 3449 3081 ejus
3462 3010 3751 3082 dirigebat.

2234 3103 2319 3178 [Τ.
2349 3103 2593 3172 XXXIV,
2623 3104 2686 3159 C.
2719 3104 2882 3170 LXX,
2909 3105 3037 3178 Cap.
3064 3105 3207 3178 XL.]
3231 3106 3326 3161 llis
3351 3106 3532 3178 itaque
3559 3106 3754 3176 gestis.

2164 3197 2364 3253 accidit
2404 3206 2462 3253 ut
2503 3211 2790 3268 peccarent
2813 3198 2922 3253 duo
2947 3198 3219 3266 eunuchi,
3249 3209 3272 3273 οὶ
3301 3199 3560 3270 pincerna
3610 3198 3760 3267 regis

467 3281 655 3357 [Vulg.
690 3285 819 3338 add.
853 3285 981 3357 sui],
1010 3285 1095 3340 vir
1124 3285 1444 3357 Egyptius,
1488 3286 1555 3341 de
1596 3301 1759 3340 manu
1807 3286 2055 3342 lsmaeli-
2084 3282 2130 3346 ϐ
2165 3291 2392 3364 ίΕςγρῐί
2416 3335 2430 3358 ,
2463 3301 2518 3347 et
2549 3291 2742 3362 pistor,
2773 3291 2998 3348 domino
3047 3309 3171 3348 suo.
3220 3291 3502 3364 iratusque
3544 3290 3763 3346 Pharao

465 3388 643 3432 tarum
666 3423 682 3447 ,
715 3395 745 3433 a
777 3379 970 3450 quibus
999 3379 1295 3450 perductus
1336 3388 1474 3436 erat.
1521 3380 1751 3452 Fuitque
1794 3381 2058 3437 Dominus

463 3484 586 3525 cum
619 3486 708 3540 eo,
740 3479 795 3527 et
832 3480 952 3527 erat
979 3473 1062 3528 vir
1088 3473 1140 3528 in
1177 3475 1392 3531 cunctis
1420 3489 1685 3546 prospere
1714 3491 1882 3548 agens
1913 3495 1925 3530 :
1962 3475 2059 3531 ha-

462 3563 763 3635 bitavitque
794 3565 846 3620 in
875 3565 1040 3622 domo
1069 3567 1276 3623 domini
1319 3569 1402 3624 sui
1431 3614 1444 3638 ,
1474 3571 1564 3640 qui
1593 3569 1801 3640 optime
1834 3579 2063 3625 noverat

462 3669 587 3712 esse
617 3657 907 3713 Dominum
935 3675 1060 3715 cum
1105 3675 1194 3726 eo,
1227 3672 1283 3717 et
1313 3663 1530 3726 omnia,
1563 3677 1685 3733 qua:
1714 3671 1964 3731 gereret,
1995 3663 2063 3718 ab

467 3765 534 3806 eo
557 3749 719 3822 dirigi
749 3752 802 3806 in
831 3767 994 3807 manu
1034 3751 1202 3809 illius.
1244 3753 1558 3825 Invenitque
1586 3753 1788 3827 Joseph
1831 3757 2062 3826 gratiam

469 3859 658 3899 coram
682 3843 904 3900 domino
936 3861 1059 3913 suo,
1083 3853 1139 3901 et
1161 3846 1506 3902 ministrabat
1534 3849 1620 3917 ei,
1653 3863 1681 3902 a
1715 3865 1822 3919 quo
1856 3862 2097 3920 prccpo-'

468 3938 606 3992 situs
646 3938 900 3994 omnibus
926 3938 1269 4009 gubernabat
1296 3938 1560 3995 creditam
1593 3940 1698 3995 sibi
1726 3941 1943 3998 domum
1966 3984 1981 4010 ,
2015 3950 2068 3998 et

468 4030 722 4086 universa
753 4046 878 4102 quae
921 4032 969 4086 ei
1005 4031 1202 4086 tradita
1246 4030 1464 4087 fuerant
1496 4049 1510 4089 :
1550 4032 1936 4104 benedixitque
1966 4033 2068 4088 Do-

473 4124 656 4179 minus
687 4123 874 4179 domui
903 4123 1145 4194 }Egyptii
1193 4134 1416 4195 propter
1447 4124 1651 4196 Joseph
1671 4168 1686 4194 ,
1720 4135 1774 4181 et
1803 4124 2069 4197 multipli-

474 4218 619 4272 cavit
659 4224 767 4272 tam
816 4217 867 4272 in
911 4217 1140 4283 aedibus,
1169 4232 1328 4288 quam
1361 4216 1414 4272 in
1446 4220 1609 4289 agris,
1659 4228 1909 4274 cunctam
1951 4219 2072 4290 ejus

478 4309 840 4365 substantiam
875 4327 890 4365 :
923 4326 1025 4367 nec
1055 4309 1348 4381 quidquam
1384 4311 1528 4367 aliud
1561 4322 1808 4380 noverat,
1843 4315 1945 4368 nisi
1977 4329 2075 4384 pa-

476 4419 604 4459 nem
650 4420 757 4475 quo
798 4405 1144 4460 vescebatur.
1196 4404 1327 4460 Erat
1379 4417 1562 4463 autem
1600 4407 1803 4478 Ioseph
1845 4408 2074 4478 pulchra

474 4497 647 4564 facie,
683 4507 740 4553 et
767 4497 1002 4554 decorus
1046 4506 1290 4568 aspectu.
1338 4498 1463 4554 Post
1505 4500 1706 4556 multos
1751 4500 1934 4572 itaque
1961 4502 2076 4557 dies

477 4589 667 4660 injecit
694 4587 919 4644 domina
951 4588 1138 4644 oculos
1170 4604 1298 4645 suos
1327 4590 1378 4645 in
1405 4589 1632 4659 Joseph,
1665 4601 1720 4646 et
1749 4592 1824 4646 ait
1857 4610 1870 4646 :
1896 4594 2077 4649 Dormi

2163 3394 2356 3440 contra
2386 3399 2483 3440 eos
2519 3385 2666 3457 (nam
2705 3385 2843 3439 alter
2872 3385 3147 3454 pincernis
3175 3393 3441 3457 praeerat,
3471 3385 3609 3440 alter
3639 3384 3762 3453 pis-

2170 3475 2406 3548 toribus)
2442 3485 2496 3531 et
2526 3477 2673 3532 misit
2700 3491 2794 3532 eos
2822 3477 2873 3532 in
2903 3492 3180 3534 carcerem
3211 3477 3471 3549 principis
3519 3477 3767 3533 militum

2169 3569 2221 3624 in
2249 3585 2358 3640 quo
2403 3579 2521 3624 erat
2551 3569 2768 3625 vinctus
2806 3580 2861 3625 et
2901 3571 3128 3640 Joseph.
3176 3573 3244 3624 At
3287 3578 3476 3626 custos
3525 3569 3772 3625 carceris

2169 3663 2394 3718 tradidit
2422 3678 2517 3718 eos
2545 3662 2773 3734 Joseph,
2807 3665 2898 3736 qni
2927 3674 2981 3720 ct
3010 3664 3351 3719 ministrabat
3378 3664 3480 3720 eis.
3503 3663 3775 3734 Aliquan-

2172 3764 2282 3810 tum
2310 3757 2572 3827 temporis
2594 3756 2850 3824 ﬂuxerat,
2881 3767 2935 3812 ct
2959 3757 3033 3812 illi
3058 3757 3111 3812 in
3142 3756 3384 3813 custodia
3410 3755 3772 3813 tenebantur.

2171 3851 2553 3923 Videruntque
2582 3853 2744 3908 ambo
2782 3853 3053 3908 somnium
3088 3861 3247 3908 nocte
3275 3867 3378 3907 una
3403 3851 3555 3923 juxta
3595 3850 3782 3906 inter-

2175 3945 2531 4017 pretationem
2563 3960 2861 4016 congruam
2888 3945 2988 4000 sibi
3015 3962 3029 4001 :
3073 3943 3139 3999 ad
3170 3959 3306 4015 quos
3331 3959 3452 3999 cum
3487 3943 3785 4000 introisset

2171 4038 2376 4110 Joseph
2405 4054 2583 4105 mane,
2616 4048 2672 4094 et
2699 4039 2932 4095 vidisset
2965 4053 3061 4094 eos
3091 4039 3278 4094 tristes
3302 4079 3316 4103 ,
3349 4037 3660 4094 sciscitatus
3691 4048 3787 4093 est

2174 4131 2363 4187 dicens
2398 4150 2412 4186 :
2447 4131 2559 4188 Cur
2590 4133 2797 4188 tristior
2823 4142 2910 4188 est
2938 4131 3103 4188 hodie
3135 4132 3303 4188 Solito
3339 4133 3504 4188 facies
3541 4143 3732 4188 vestra
3759 4132 3786 4187 ’Ξ

2177 4227 2278 4294 Qui
2314 4227 2725 4299 responderunt
2755 4245 2769 4283 :
2796 4228 3077 4282 Somnium
3109 4227 3382 4295 vidimus,
3427 4237 3481 4282 ct
3527 4243 3638 4282 non
3694 4237 3792 4284 est

2179 4319 2271 4389 qui
2307 4319 2704 4389 interpretetur
2746 4320 2921 4375 nobis.
2970 4318 3222 4390 Dixitque
3269 4319 3334 4376 ad
3379 4333 3473 4375 eos
3517 4318 3731 4388 Joseph
3772 4337 3789 4374 :

2183 4413 2457 4486 Numquid
2499 4429 2606 4468 non
2651 4413 2748 4468 Dei
2794 4421 2880 4468 est
2926 4413 3350 4484 interpretatio?
3391 4411 3591 4468 referte
3639 4412 3796 4468 mihi

2181 4505 2309 4576 quid
2343 4505 2606 4560 videritis.
2661 4504 2913 4561 Narravit
2962 4507 3134 4576 prior,
3181 4507 3502 4576 praepositus
3551 4507 3797 4576 pincer-

2184 4613 2396 4665 narum,
2423 4598 2698 4654 somnium
2732 4614 2888 4653 suum
2916 4618 2929 4654 :
2960 4597 3222 4654 Videbam
3253 4614 3437 4654 coram
3471 4613 3557 4654 me
3585 4599 3802 4668 vitem,

477 4697 713 4738 mecum.
754 4681 856 4749 Qui
887 4697 1231 4753 nequaquam
1264 4683 1621 4754 acquieseens
1652 4683 1806 4755 Operi
1838 4685 2067 4754 nefario,
2101 4676 2154 4737 D
2183 4693 2235 4746 in
2261 4708 2365 4763 qua
2396 4700 2558 4747 erant
2599 4701 2708 4748 tres
2738 4692 3066 4764 propagines
3088 4735 3102 4759 ,
3134 4707 3386 4749 crescere
3428 4691 3699 4762 paulatim
3734 4693 3807 4749 in

476 4766 614 4832 dirit
646 4776 713 4831 ad
746 4792 864 4832 eam
901 4795 912 4830 :
940 4777 1081 4833 Ecce
1110 4777 1360 4834 dominus
1405 4793 1558 4835 meus
1583 4821 1598 4845 ,
1641 4779 1896 4836 omnibus
1941 4782 2076 4837 mihi

479 4868 719 4937 traditis,
749 4869 963 4940 ignorat
986 4871 1114 4942 quid
1145 4872 1341 4927 habeat
1367 4872 1421 4927 in
1447 4873 1613 4930 domo
1637 4889 1736 4929 sua
1761 4893 1772 4928 :
1798 4890 1898 4931 nec
1920 4876 2077 4947 quid-

482 4977 643 5032 quam
675 4963 932 5034 estquod
980 4980 1087 5020 non
1128 4965 1181 5020 in
1224 4982 1344 5022 mea
1386 4968 1457 5022 sit
1507 4978 1790 5039 potestate,
1835 4972 1922 5027 vel
1966 4988 2076 5028 non

484 5054 775 5110 tradiderit
804 5056 963 5124 mihi,
995 5067 1194 5128 praeter
1215 5068 1269 5116 te
1294 5075 1462 5131 ,quae
1488 5077 1627 5117 uxor
1659 5063 1779 5132 ejus
1815 5079 1876 5120 es
1905 5081 1919 5119 :
1943 5081 2079 5136 quo-

483 5148 648 5203 modo
674 5162 805 5219 ergo
835 5163 1053 5219 possum
1083 5151 1284 5208 malum
1315 5153 1419 5209 hoc
1444 5151 1650 5225 facere,
1680 5163 1736 5212 et
1764 5172 1996 5228 peccare
2023 5159 2076 5215 in

479 5400 502 5408 ι-
556 5337 586 5366 ι
610 5328 681 5408 In_
695 5329 924 5408 Hebraeo
944 5329 1153 5408 habet;
1176 5332 1478 5408 Justiﬁcata
1499 5342 1575 5388 est
1587 5349 1655 5408 ea
1673 5351 1774 5405 me,
1805 5351 1913 5408 non
1929 5337 2073 5408 quod

483 5401 626 5472 justa
657 5401 841 5467 fuerit,
870 5401 965 5457 sed
996 5401 1138 5470 quod
1161 5406 1730 5473 comparationeillius
1745 5401 1922 5463 minus
1947 5401 2075 5465 inali

484 5473 698 5537 fecerit,
733 5489 1072 5548 nequaquam
1099 5489 1233 5546 vaga
1266 5475 1332 5530 ad
1366 5477 1776 5548 turpitudinem,
1811 5482 1907 5536 sed
1941 5481 2078 5540 libe-

487 5560 578 5601 ros
608 5545 959 5614 requirendo.
991 5547 1172 5601 ΜΑιιτ.

573 5647 644 5659 ——
678 5617 843 5672 Addit
873 5632 976 5672 ms.
1008 5617 1245 5674 Urbinas
1280 5619 1365 5675 hic
1394 5634 1589 5676 nomen
1624 5621 1870 5678 Thamar.

560 5687 591 5726 ιι
617 5689 787 5768 Aliter
812 5703 942 5743 mss.
971 5690 1190 5768 codices
1219 5700 1271 5745 et
1304 5705 1475 5768 canon
1502 5692 1664 5768 Hebr.
1695 5696 1858 5768 verit.
1891 5695 1984 5768 qui
2009 5697 2088 5754 le-

486 5770 620 5831 gunt
649 5777 662 5813 :
696 5759 922 5832 Cumque
944 5762 1153 5815 vidisset
1183 5779 1262 5817 me
1291 5763 1538 5830 clamare;
1573 5765 1667 5821 sed
1693 5766 1834 5823 idem
1856 5759 1940 5825 es't
1961 5785 2086 5826 sen-

490 5847 584 5888 sus
607 5833 919 5904 ingutraque
942 5833 1193 5889 lectione.
1231 5835 1405 5890 MART.

568 5933 638 5944 —
668 5903 847 5961 Nostri
877 5914 932 5963 et
960 5919 1098 5978 quos
1121 5905 1373 5964 Martian.
1398 5907 1673 5965 consuluit
1703 5927 1834 5970 mss.
1877 5914 2090 5971 vidisset

2184 4801 2428 4856 gemmas
2453 4829 2467 4853 ,
2498 4797 2554 4842 et
2585 4795 2705 4856 post
2731 4786 2895 4843 ﬂores
2922 4802 3055 4842 uvas
3085 4799 3456 4843 maturescere
3484 4806 3497 4842 :
3525 4788 3812 4844 calicem-

2185 4896 2290 4950 que
2331 4881 2633 4936 Pharaonis
2680 4881 2740 4938 in
2787 4897 2956 4938 manu
3001 4882 3296 4943 meaztuii
3344 4898 3474 4954 ergo
3524 4897 3688 4950 uvas,
3741 4894 3816 4941 et

2185 4978 2426 5046 expressi
2457 4977 2509 5031 in
2540 4977 2764 5032 calicem
2791 4993 2952 5049 quem
2985 4978 3233 5054 tenebam
3257 5020 3272 5044 ,
3301 4986 3356 5034 et
3383 4977 3582 5033 tradidi
3612 4993 3817 5048 pocu-

2187 5068 2298 5124 lum
2330 5069 2624 5125 Pharaoni.
2673 5070 2975 5141 Respondit
3002 5069 3204 5142 Joseph
3251 5088 3264 5125 :
3313 5069 3440 5126 Hice
3483 5079 3569 5127 est
3605 5071 3820 5128 inter-

2186 5161 2418 5232 pretatio
2463 5161 2658 5217 somnii
2692 5161 2866 5218 :Tres
2909 5162 3261 5234 prepagines,
3307 5170 3419 5218 tres
3449 5161 3631 5219 adhuc
3670 5162 3824 5224 dies

2181 5353 2283 5411 pro
2311 5341 2566 5396 audisset.

2263 5445 2285 5473 ο
2330 5435 2493 5510 ῌριιιι
2520 5444 2737 5510 sanctus
2776 5436 3142 5510 Hieronymus
3171 5435 3226 5494 in
3257 5437 3486 5495 Hebraeo
3513 5440 3824 5510 scriptum

2189 5521 2312 5579 esse
2341 5506 2537 5576 Masec,
2561 5508 2688 5562 illud
2711 5508 2933 5564 verbum
2959 5506 3101 5579 quod
3130 5509 3184 5564 in
3210 5513 3587 5567 nomineservi
3613 5506 3836 5569 Abra-

2192 5577 2317 5634 ham
2349 5594 2510 5650 supra
2532 5580 2748 5649 legitur.
2783 5579 2951 5636 llodie
2977 5577 3157 5637 tamen
3179 5585 3232 5638 in
3260 5583 3646 5639 Hehraeoillud
3676 5602 3839 5641 vcr-

2195 5651 2323 5725 bum
2375 5652 2622 5708 nonnihil
2663 5653 2824 5708 habet
2877 5652 3246 5719 diversitatis,
3293 5655 3419 5725 quia
3473 5671 3570 5724 pro
3625 5671 3840 5715 servo

2200 5724 2477 5779 Abraham
2509 5738 2697 5793 supra,
2739 5739 2860 5794 cap.
2893 5740 2990 5793 xv,
3022 5725 3079 5791 2,
3108 5724 3384 5782 scribitur.
3410 5737 3555 5816 Ρωγο
3586 5745 3790 5784 mesce
3814 5748 3842 5787 :

2193 5816 2282 5871 hic
2302 5832 2431 5871 vero
2455 5825 2640 5906 ripam
2661 5833 2850 5872 masce.
2869 5816 3075 5873 Nomen
3089 5829 3273 5874 autem
3290 5835 3459 5875 masec
3475 5835 3634 5878 more
3657 5822 3846 5896 vulgi

2195 5912 2492 5985 pincemam
2522 5917 2680 5969 vocat
2699 5909 3087 5986 Hieronymus.
3117 5913 3300 5971 Mur.
