4044 6360
272 356 378 414 217

1654 340 1859 400 LIBER
1898 340 2036 399 GEN
2046 337 2211 399 ESIS.

3468 332 3576 392 2l8

279 482 427 538 sunt,
464 478 592 542 post
616 480 753 542 quos
794 463 1173 523 recordabitur
1197 462 1412 519 Pharao
1444 461 1732 517 ministerii
1762 461 1835 516 tui
1858 502 1871 527 ,
1902 462 1949 522 Α
1977 482 2056 537 ἀει
2086 480 2281 553 joseph
2317 497 2331 535 ε
2364 479 2569 551 absque
2596 493 2684 536 me
2715 480 2857 535 Deus
2885 476 3237 551 respondet,“
3263 486 3287 515 ιι
3318 456 3587 547 prosper;

279 578 333 623 et
378 569 639 622 restituet
681 573 734 619 te
781 564 835 617 in
882 560 1107 631 gradum
1158 559 1490 630 pristinum:
1523 556 1783 627 dabisque
1826 555 1876 610 ei

282 661 512 719 calicem
536 660 693 731 juxta
721 656 960 712 ofﬁcium
993 666 1178 721 tuum,
1204 655 1346 710 sicut
1374 653 1551 709 facere
1591 662 1719 707 ante
1748 666 1879 706 con-

281 769 567 813 sueveras.
617 753 854 809 Tantum
906 760 1182 807 memento
1229 749 1378 817 mei,
1423 762 1545 803 cum
1597 747 1691 802 tibi
1741 745 1879 801 bene

282 851 473 915 fuerit,
509 858 563 904 et
589 847 755 902 facias
787 860 996 901 mecum
1026 842 1455 898 misericordiam
1491 858 1504 895 :
1537 849 1591 895 ut
1622 854 1878 910 suggeras

281 943 582 1007 Pharaoni,
619 948 673 996 et
698 938 888 1012 [ναις.
920 936 1004 1011 ιιι]
1036 937 1236 996 educat
1265 951 1353 992 me
1381 936 1447 990 de
1475 935 1578 989 isto
1604 949 1828 989 carcere
1863 952 1873 986 :

276 1038 405 1108 quia
435 1034 588 1091 furto
616 1033 868 1089 sublatus
896 1046 1013 1087 smn
1042 1030 1109 1087 de
1140 1039 1280 1087 terra
1314 1028 1687 1095 llehrreorttm,
1715 1035 1767 1081 et
1795 1025 1881 1081 hic

278 1130 550 1188 innocens
600 1130 651 1183 in
702 1129 876 1183 lacum
925 1127 1127 1182 missus
1172 1140 1312 1180 sum.
1370 1122 1570 1178 Videns
1617 1122 1879 1193 pistorum

278 1226 546 1296 magister
570 1221 712 1295 quod
742 1220 1043 1293 prudenter
1065 1219 1339 1274 somnium
1360 1215 1727 1280 dissolvisset,
1758 1215 1833 1269 ait
1863 1232 1876 1269 :

278 1318 352 1374 Et
382 1334 487 1389 ego
510 1318 618 1372 vidi
656 1314 929 1370 somnium
959 1311 1151 1381 τρυοά
1195 1312 1449 1367 haberem
1502 1310 1604 1364 tria
1641 1309 1881 1364 canistra

278 1412 481 1467 farinae
512 1425 678 1480 super
713 1415 877 1479 caput
907 1421 1087 1463 meum
1116 1424 1129 1460 :
1159 1414 1213 1461 et
1246 1404 1298 1459 in
1331 1418 1439 1459 uno
1478 1402 1717 1459 canistro
1740 1401 1881 1472 quod

279 1514 406 1559 erat
429 1501 725 1563 excelsius,
745 1510 963 1571 portare
987 1514 1073 1553 me
1095 1512 1286 1552 omnes
1312 1496 1465 1552 cibos
1486 1495 1576 1566 qui
1605 1496 1739 1550 ﬁunt
1765 1506 1883 1551 arte

281 1601 518 1674 pistoria
544 1641 559 1664 ,
603 1610 845 1668 avesque
887 1594 1174 1651 comedere
1213 1608 1282 1649 ex
1319 1607 1407 1648 eo.
1452 1590 1755 1661 Respondit
1786 1590 1883 1646 Jo-

278 1693 425 1765 sepb
456 1712 468 1747 :
502 1692 627 1747 llaec
653 1702 738 1747 est
769 1686 1144 1759 interpretatio
1176 1685 1377 1741 somnii
1406 1704 1417 1739 :
1445 1685 1570 1739 Tria
1603 1684 1841 1739 canistra
1863 1725 1880 1752 ,

281 1799 407 1844 tres
436 1786 615 1843 adhuc
639 1785 758 1842 dies
786 1790 912 1840 sunt
941 1800 953 1837 :
981 1789 1103 1854 post
1131 1796 1267 1853 quos
1311 1778 1517 1835 auferet
1544 1778 1756 1834 Pharao
1787 1792 1877 1832 ca-

281 1890 395 1953 put
423 1892 569 1936 tuum
590 1924 603 1948 ,
640 1895 703 1934 ac
746 1876 1046 1953 suspendet
1075 1884 1127 1930 te
1160 1875 1213 1929 in
1244 1888 1407 1930 cruce
1433 1913 1449 1940 ,
1482 1881 1538 1928 et
1567 1870 1885 1927 lacerabunt
1914 1865 1961 1926 Β

277 1978 547 2034 volucres
573 1990 768 2033 carnes
791 1984 927 2030 tuas.
950 1974 1093 2029 Exin
1114 1973 1230 2028 dies
1252 1971 1446 2028 tertius
1473 1970 1669 2025 natalis
1693 1968 1880 2043 [Vn/9.

281 2069 595 2142 natalitius]
627 2069 926 2124 Pharaonis
961 2076 1081 2123 erat
1108 2084 1121 2121 :
1152 2067 1242 2137 qui
1273 2065 1476 2122 faciens
1511 2065 1720 2135 grande
1746 2080 1883 2119 con-

277 2165 498 2219 vivium
531 2164 715 2233 pueris
741 2162 889 2227 suis,
924 2160 1243 2217 recordatus
1273 2170 1354 2215 est
1383 2159 1527 2214 inter
1555 2159 1743 2229 epulas
1774 2173 1885 2213 ma-

275 2258 449 2328 gistri
502 2258 883 2328 pincernarnm
912 2298 927 2323 ,
961 2264 1016 2310 et
1062 2255 1326 2324 pistorum
1374 2252 1653 2322 principis.
1699 2250 1883 2307 Resti-

278 2352 514 2421 tuitque
552 2350 781 2406 alterum
814 2349 869 2403 in
901 2348 1083 2404 locum
1127 2360 1283 2401 suum
1310 2388 1327 2415 ,
1357 2355 1417 2401 ut
1441 2346 1746 2417 porrigeret
1772 2346 1885 2416 regi

279 2444 488 2517 [ναις.
528 2443 602 2517 ei]
653 2442 904 2515 poculum
959 2459 973 2497 :
1025 2442 1257 2498 alterum
1303 2440 1587 2512 suSpendit
1632 2441 1683 2495 in
1723 2454 1887 2495 cruce

279 2536 488 2611 [Vulg.
521 2536 806 2606 patibulo],
852 2545 907 2592 ιιι
939 2536 1270 2607 conjectoris
1298 2534 1500 2592 veritas
1535 2534 1883 2604 probaretur.

281 2633 363 2688 Et
398 2642 577 2689 tamen
611 2632 1034 2689 succedentibus
1067 2632 1369 2703 prosperis,
1402 2630 1735 2703 praepositus
1763 2630 1882 2701 pin-

278 2743 586 2784 cernarum
617 2728 822 2784 oblitus
852 2736 938 2783 est
966 2726 1283 2798 interpretis
1312 2727 1419 2783 sui.

373 2821 462 2896 [ϐ.
496 2821 684 2891 LXXI,
709 2822 837 2897 Cap.
872 2822 1034 2897 XLI.]
1059 2823 1185 2878 Post
1217 2822 1354 2878 duos
1387 2836 1561 2877 annos
1591 2820 1725 2877 vidit
1752 2820 1891 2875 Pha-

282 2931 401 2971 rao
441 2915 731 2972 somnium.
778 2916 1007 2973 Putabat
1054 2933 1113 2971 se
1150 2925 1295 2972 stare
1335 2932 1499 2987 super
1525 2915 1748 2971 ﬂuvium
1778 2957 1792 2980 ,
1825 2914 1891 2970 de

285 3028 412 3083 quo
440 3011 811 3069 ascendebant
855 3021 1069 3083 septem
1098 3012 1291 3077 boves,
1338 3012 1580 3083 pulchrae
1610 3020 1663 3065 et
1691 3024 1893 3065 crassae

286 3107 511 3163 nimis:
544 3114 597 3161 et
645 3106 1009 3178 pascebantur
1050 3106 1104 3161 in
1159 3106 1295 3160 locis
1343 3104 1700 3175 palustribus.
1754 3102 1894 3157 Alia:

287 3216 519 3271 quoque
559 3210 764 3272 septem
793 3199 1149 3271 emergebant
1176 3200 1243 3255 de
1271 3199 1494 3254 ﬂumine
1518 3244 1531 3265 ,
1567 3198 1723 3254 foeda:
1760 3213 1890 3253 con-

289 3296 568 3367 fectaque
623 3297 797 3353 macie

289 3390 421 3459 ripa
464 3389 515 3442 in
574 3388 707 3444 locis
759 3388 1059 3445 virentibus
1115 3405 1129 3443 :
1183 3389 1694 3458 devoraveruntque
1748 3402 1839 3442 eas
1878 3433 1892 3458 ,

288 3497 528 3553 quar.;m
584 3482 717 3536 mira
778 3483 990 3552 Species
1034 3491 1089 3538 et
1136 3481 1400 3538 habitudo
1429 3496 1717 3554 corporum
1757 3489 1892 3536 erat.

289 3574 727 3647 Expergefactus
756 3576 985 3646 Pharao,
1018 3594 1230 3633 rursum
1256 3577 1545 3644 dormivit,
1576 3588 1631 3633 et
1659 3576 1791 3631 vidit
1820 3576 1899 3630 al-

297 3676 488 3724 terum
520 3669 787 3724 somnium
808 3670 1055 3741 :Septem
1086 3672 1252 3741 spicae
1276 3670 1617 3741 pullulabant
1638 3670 1691 3724 in
1718 3669 1898 3724 culmo

290 3777 414 3816 uno
448 3760 621 3830 plena:
649 3771 810 3832 atque
859 3762 1113 3818 formosae
1144 3780 1156 3816 :
1182 3763 1305 3817 alia:
1361 3777 1577 3834 quoque
1627 3761 1847 3817 totidem
1878 3802 1894 3829 ,

290 3854 472 3923 Spicaa
500 3864 712 3923 tenues,
737 3866 793 3911 et
815 3871 1088 3927 percussae
1115 3856 1345 3912 uredine
1372 3857 1709 3924 oriebantur,
1736 3856 1899 3912 devo-

294 3958 497 4005 rantes
548 3964 763 4005 omnem
816 3952 1055 4020 priorum
1104 3950 1583 4021 pulchritudinem.
1626 3952 1899 4022 Evigilans

296 4046 521 4103 Pharao
553 4057 673 4117 post
702 4046 958 4118 quietem,
995 4056 1049 4101 et
1080 4046 1219 4101 facto
1246 4062 1423 4113 mane,
1459 4062 1659 4117 pavore
1691 4055 1899 4116 perter-

292 4142 466 4210 ritus,
516 4144 666 4198 misit
717 4141 783 4196 ad
839 4140 1049 4215 [Vulg.
1103 4143 1225 4197 add.
1269 4142 1501 4215 omnes]
1558 4142 1901 4213 conjectores

296 4234 529 4308 Egypti
562 4244 897 4304 cunctosque
927 4234 1200 4305 sapientes
1221 4278 1235 4302 ,
1269 4248 1324 4291 et
1350 4236 1626 4292 accersitis
1659 4236 1901 4291 narravit

294 4334 579 4389 somnium
606 4376 621 4399 ,
674 4348 774 4389 nec
818 4342 934 4389 erat
993 4334 1082 4404 qui
1126 4333 1595 4404 interpretaretur.
1627 4334 1778 4387 Tunc
1808 4332 1903 4387 de—

295 4442 455 4483 mum
486 4429 845 4483 reminiscens
896 4429 1279 4499 pincernarum
1330 4429 1587 4499 magister
1618 4427 1732 4483 ait:
1763 4426 1903 4482 Con-

300 4519 472 4576 ﬁteor
503 4532 785 4590 peccatum
812 4536 988 4576 meum
1026 4539 1038 4574 :
1072 4521 1244 4575 iratus
1273 4536 1368 4577 rex
1402 4521 1575 4577 servis
1615 4520 1729 4577 suis
1752 4562 1766 4589 ,
1816 4536 1903 4575 me

298 4625 357 4671 et
388 4616 711 4686 magistrum
741 4616 1006 4686 pistorum
1057 4614 1266 4670 retrudi
1308 4615 1472 4686 jussit
1525 4615 1577 4669 in
1624 4629 1901 4669 carcerem

853 3314 867 3351 :
918 3306 973 3352 et
1031 3296 1397 3366 pascebantur
1450 3295 1501 3349 itt
1552 3294 1668 3365 ipsa
1713 3276 1964 3349 amnisC

1980 574 2263 631 Pharaoni.
2293 573 2539 630 Narravit
2577 588 2705 643 ergo
2745 572 2954 627 Pharao
3004 573 3145 643 quod
3191 569 3440 627 viderat:
3470 569 3573 624 Pu-

1981 667 2157 723 tabam
2189 682 2273 722 me
2300 674 2446 723 stare
2476 682 2638 737 super
2664 666 2834 737 ripam
2853 664 3108 731 ﬂuminis,
3128 673 3398 735 etseptem
3414 664 3579 719 boves

1980 762 2049 819 de
2075 778 2235 819 amne
2267 762 2655 829 conscendere,
2682 760 2940 833 pulchras
2968 760 3148 827 nimis,
3177 770 3231 815 et
3254 759 3432 815 obesis
3459 774 3579 814 car-

1980 856 2178 923 nibus,
2234 872 2354 929 qua:
2400 857 2452 912 in
2512 863 2670 928 pastu
2717 856 2929 926 paludis
2957 856 3125 912 vireta
3164 854 3478 926 carpebant.
3513 854 3581 910 Et

1981 965 2144 1017 ecce,
2179 949 2275 1005 has
2313 950 2678 1020 sequebantur
2704 949 2827 1005 aliae
2859 957 3067 1018 septem
3102 948 3268 1005 boves
3297 948 3347 1003 in
3374 957 3577 1003 tantmn

1981 1044 2252 1101 deformes
2280 1053 2334 1099 et
2362 1044 2702 1114 macilentae',
2751 1053 2807 1098 ut
2854 1057 3145 1114 numquam
3190 1042 3325 1097 tales
3353 1042 3582 1097 interra

1983 1140 2205 1213 Egypti
2230 1139 2451 1194 viderim
2486 1158 2497 1193 :
2530 1154 2668 1208 qum,
2696 1138 2970 1193 devoratis
2994 1147 3049 1193 et
3073 1137 3411 1207 consumptis
3440 1136 3583 1204 prio-

1982 1233 2152 1300 ribus,
2177 1232 2383 1288 nullum
2409 1232 2705 1288 saturitatis
2729 1231 2927 1287 dedere
2950 1231 3239 1301 vestigium
3266 1248 3279 1285 :
3308 1230 3399 1285 sed
3421 1230 3585 1285 simili

1984 1325 2156 1380 macie
2182 1334 2234 1379 et
2259 1324 2509 1395 squalore
2541 1324 2847 1393 torpebant.
2899 1323 3176 1393 Evigilans
3198 1366 3212 1391 ,
3242 1338 3455 1378 rursum
3489 1338 3583 1375 so-

1983 1433 2117 1488 pore
2146 1417 2461 1489 depressus,
2490 1417 2599 1471 vidi
2630 1416 2896 1471 somnium
2930 1433 2942 1470 :
2974 1427 3182 1485 septem
3216 1419 3379 1486 spicae
3408 1416 3587 1487 pullu-

1986 1507 2168 1563 labant
2195 1510 2245 1563 in
2275 1509 2455 1564 culmo
2484 1522 2595 1563 uno
2625 1510 2797 1579 plena:
2832 1517 2991 1578 atque
3022 1508 3419 1579 pulcherrimte.
3450 1509 3586 1566 Alia:

1985 1620 2197 1677 quoque
2225 1613 2427 1676 septem
2458 1614 2649 1661 tenues
2681 1613 2733 1659 et
2765 1618 3033 1672 percussa:
3064 1603 3307 1671 uredine,
3338 1603 3584 1660 orieban-

1990 1708 2076 1753 tur
2106 1715 2134 1753 e
2156 1698 2352 1768 stipula
2384 1715 2397 1752 :
2426 1713 2546 1769 qua:
2598 1698 2837 1767 priorum
2868 1696 3322 1767 pulchritudinem
3353 1697 3582 1752 devora-

1989 1802 2136 1847 runt.
2164 1791 2388 1848 Narravi
2418 1790 2822 1861 conjectoribus
2862 1792 3197 1846 somniorum
3227 1787 3412 1862 [Vulg.
3442 1804 3588 1845 som-

1990 1884 2199 1959 nium],
2256 1894 2311 1941 et
2366 1901 2522 1941 nemo
2564 1895 2648 1941 est
2697 1886 2788 1956 qui
2815 1886 3099 1941 edisserat.
3135 1886 3437 1957 Respondit
3488 1886 3583 1942 Jo-

1989 1979 2122 2050 seph
2159 1997 2171 2033 :
2206 1978 2489 2034 Somnium
2540 1980 2682 2050 regis
2734 1995 2897 2033 unum
2930 1989 3012 2035 est
3046 1998 3056 2033 :
3084 1995 3204 2050 quae
3235 1978 3477 2035 facturus
3505 1988 3589 2035 est

1990 2074 2164 2142 Deus,
2196 2074 2435 2129 ostendit
2468 2072 2755 2128 Pharaoni.
2782 2072 2999 2143 Septem
3027 2072 3193 2127 boves
3222 2071 3461 2142 pulchrm
3486 2112 3500 2136 ,
3535 2079 3590 2126 et

1990 2176 2197 2237 septem
2247 2167 2410 2236 spicae
2461 2166 2635 2237 plenae
2661 2210 2675 2234 ,
2709 2173 2915 2236 septem
2951 2164 3229 2220 ubertatis
3259 2165 3385 2220 anni
3414 2173 3537 2219 sunt
3570 2180 3584 2220 :

1989 2259 2347 2330 eamdemque
2364 2259 2466 2314 vim
2492 2258 2691 2313 somnii
2709 2257 3196 2329 comprehendunt.
3219 2258 3434 2329 Septem
3450 2273 3587 2329 quo-

1989 2371 2095 2427 que
2124 2354 2290 2409 boves
2323 2362 2514 2409 tenues
2536 2362 2700 2423 atque
2724 2354 3049 2419 macilentze,
3080 2370 3201 2425 qua:
3229 2352 3592 2408 ascenderunt

1993 2456 2113 2521 post
2163 2463 2256 2505 cas
2281 2490 2295 2515 ,
2342 2458 2397 2503 et
2449 2458 2655 2518 septem
2690 2449 2852 2518 spicae
2881 2456 3093 2515 tenues,
3128 2456 3182 2503 et
3208 2457 3370 2501 vento
3398 2454 3590 2502 urente

1992 2556 2265 2613 percussm
2294 2557 2307 2595 :
2341 2550 2551 2611 septem
2599 2540 2727 2595 anni
2784 2549 2913 2595 sunt
2950 2550 3195 2595 ventura:
3250 2539 3427 2595 famis.
3486 2538 3590 2609 Qui

1992 2638 2097 2692 hoc
2140 2636 2332 2691 ordine
2379 2636 2797 2705 complebantur
2830 2653 2842 2689 :
2880 2635 3019 2690 Ecce
3079 2644 3289 2706 septem
3338 2636 3465 2691 anni
3498 2650 3589 2692 ve-

1993 2729 2142 2785 nient
2187 2728 2487 2785 fertilitatis
2518 2742 2727 2799 magnae
2771 2729 2823 2783 in
2855 2729 3107 2784 universa
3146 2737 3291 2784 terra
3320 2728 3541 2801 Egypti
3575 2746 3589 2784 :

1994 2839 2130 2895 quos
2166 2830 2462 2895 sequentur
2490 2834 2696 2893 septem
2741 2822 2869 2877 anni
2917 2824 3005 2878 alii
3051 2832 3213 2878 tanta:
3246 2823 3545 2879 sterilitatis
3573 2861 3590 2891 ,

1996 2925 2056 2972 ut
2084 2917 2340 2973 oblivioni
2384 2916 2625 2972 tradatur
2654 2926 2845 2973 cuncta
2880 2927 3027 2974 retro
3054 2918 3382 2973 abundantia
3418 2936 3432 2974 :
3462 2932 3595 2973 con-

1996 3019 2275 3083 sumptura
2298 3011 2545 3068 estenim
2577 3010 2747 3067 fames
2777 3026 2994 3067 omnem
3027 3020 3260 3075 terram,
3295 3020 3349 3067 et
3372 3012 3597 3067 uberta-

1998 3106 2068 3160 tis
2097 3103 2525 3177 magnitudinem
2561 3104 2835 3175 perditura
2870 3114 2955 3160 est
3012 3104 3207 3174 inopiae
3260 3104 3595 3175 magnitudo.

1997 3199 2151 3269 Quod
2196 3210 2375 3256 autem
2406 3200 2586 3255 vidisti
2617 3199 2856 3255 secundo
2887 3198 2951 3253 ad
2987 3198 3231 3255 eamdem
3272 3214 3387 3253 rem
3432 3198 3597 3267 perti-

1999 3308 2133 3349 nens
2160 3294 2452 3359 somnium,
2488 3293 2757 3349 ﬁrmitatis
2787 3292 3044 3348 indicium
3074 3303 3157 3349 est
3177 3337 3191 3361 ,
3227 3310 3292 3349 eo
3319 3292 3461 3364 quod
3504 3291 3596 3346 ﬁat

2001 3404 2181 3445 sermo
2212 3388 2305 3443 Dei
2326 3429 2339 3449 ,
2375 3398 2429 3443 et
2460 3388 2704 3443 velocius
2734 3381 3039 3459 impleatur.
3072 3388 3225 3444 Nunc
3254 3402 3383 3459 ergo
3415 3387 3596 3457 provi-

2000 3484 2125 3541 deat
2149 3500 2244 3540 rex
2270 3484 2442 3539 virmn
2470 3487 2771 3554 sapientem
2795 3494 2847 3539 et
2874 3483 3235 3551 industrium,
3266 3491 3320 3538 et
3340 3480 3598 3553 praeﬁciat

2000 3594 2127 3635 eum
2163 3588 2322 3635 terrae
2363 3578 2583 3651 {Egypti
2616 3598 2629 3633 :
2666 3579 2758 3649 qui
2806 3579 3103 3634 constituat
3148 3579 3468 3649 prazpositos
3500 3592 3598 3647 per

2001 3672 2240 3741 singulas
2268 3670 2452 3746 [γυιρ.
2484 3671 2747 3743 cunctas]
2796 3672 3043 3743 regiones
3069 3714 3082 3739 ,
3115 3681 3171 3726 et
3200 3673 3440 3741 quintam
3476 3686 3599 3741 par-

2002 3772 2112 3820 tem
2166 3765 2431 3820 fructuum
2486 3779 2583 3834 per
2614 3774 2820 3834 septem
2854 3779 3025 3819 annos
3078 3764 3370 3819 fertilitatis
3400 3762 3593 3836 [Vulg].

2002 3857 2365 3930 sterilitatis],
2398 3858 2488 3928 qui
2515 3858 2625 3928 jam
2659 3873 2801 3914 nunc
2834 3856 2997 3913 fttturi
3029 3867 3153 3912 sunt
3176 3898 3191 3923 ,
3225 3867 3512 3928 congregat
3547 3856 3599 3909 in

2005 3952 2208 4008 horrea
2238 3968 2252 4006 :
2285 3960 2339 4008 et
2359 3966 2519 4007 omne
2577 3951 2907 4006 frumentum
2950 3950 3049 4005 sub
3102 3950 3400 4005 Pharaonis
3451 3958 3603 4018 pote-

2004 4053 2145 4101 state
2176 4045 2445 4100 condatur
2476 4054 2829 4114 servcturque
2866 4043 2919 4098 itt
2953 4043 3197 4099 urbibus.
3256 4044 3319 4098 Et
3380 4055 3603 4114 paretur

2004 4140 2196 4195 futura:
2226 4150 2435 4209 septem
2473 4152 2735 4193 annorum
2786 4136 2915 4192 fanti
2940 4179 2955 4205 ,
3011 4152 3133 4209 quae
3172 4151 3496 4209 oppressura
3525 4142 3609 4190 est

2007 4231 2326 4304 Egyptum,
2360 4241 2414 4287 et
2446 4247 2553 4286 non
2584 4240 2938 4287 consumetur
2967 4240 3106 4286 terra
3158 4230 3359 4301 inopia.
3396 4228 3605 4284 Placuit

2007 4326 2276 4381 Pharaoni
2306 4326 2595 4381 consilium
2624 4333 2679 4381 et
2707 4324 2925 4381 cunctis
2972 4324 3236 4379 ministris
3266 4324 3386 4393 ejus
3414 4340 3425 4376 :
3456 4323 3608 4376 locu—

2009 4430 2199 4493 tusque
2248 4428 2333 4476 est
2357 4420 2424 4475 ad
2460 4434 2553 4476 eos
2589 4436 2601 4471 :
2635 4419 2781 4474 Nutu
2830 4419 3071 4474 invenire
3100 4418 3400 4488 poterimus
3444 4416 3605 4470 talem

2006 4517 2203 4583 virum,
2236 4516 2328 4582 qui
2359 4514 2553 4585 spiritu
2590 4514 2681 4569 Dei
2712 4513 2904 4584 plenus
2933 4512 3050 4567 sit?
3078 4511 3222 4566 Dixit
3251 4525 3380 4581 ergo
3410 4509 3475 4564 ad
3509 4508 3603 4565 Jo-

2007 4609 2140 4680 seph
2172 4627 2184 4663 :
2212 4609 2346 4677 Quia
2379 4607 2616 4663 ostendit
2647 4608 2791 4663 Deus
2846 4607 2939 4663 tibi
2998 4608 3178 4661 omnia
3222 4622 3342 4675 quae
3393 4606 3603 4663 locutus

301 4708 581 4779 principis
610 4707 846 4762 militum
883 4726 896 4761 :
926 4708 1017 4762 ubi
1065 4722 1173 4763 una
1206 4717 1369 4763 nocte
1418 4714 1644 4778 uterque
1673 4705 1905 4761 vidimus
1934 4678 1983 4738 D
2011 4721 2071 4762 es
2097 4749 2111 4775 ,
2144 4704 2403 4776 numquid
2443 4704 2831 4774 sapientiorem
2864 4712 2918 4758 et
2945 4700 3177 4757 similem
3230 4702 3303 4755 tui
3363 4700 3608 4756 invenire

303 4801 585 4856 somnium
608 4842 625 4867 ,
661 4800 981 4871 praesagium
1015 4800 1338 4856 futurorum.
1374 4800 1500 4856 Erat
1537 4801 1608 4856 ibi
1643 4816 1772 4871 puer
1800 4800 1909 4856 ile‘

308 4894 516 4961 ιιι-ωυρμ,
548 4894 793 4965 ejusdem
824 4895 976 4951 ducis
1002 4896 1228 4951 militum
1259 4895 1491 4951 famulus
1522 4913 1535 4950 ε
1568 4895 1657 4951 cui
1683 4912 1909 4950 narran-

308 4996 395 5044 tes
418 4989 632 5043 somnia
655 5029 670 5053 ,
701 4988 1004 5044 audivimus
1044 4989 1306 5061 quidquid
1333 5000 1523 5061 postea
1554 4989 1631 5045 rei
1661 4989 1911 5059 probavit

307 5089 543 5136 eventus
571 5097 585 5134 :
618 5094 719 5151 ego
748 5081 890 5136 enim
922 5080 1166 5137 redditus
1191 5096 1309 5136 sum
1333 5081 1511 5137 officio
1540 5097 1663 5138 meo
1696 5099 1708 5135 :
1739 5090 1793 5137 et
1816 5080 1910 5138 ille

307 5187 613 5243 suspensus
642 5184 727 5230 est
759 5174 813 5229 in
842 5189 1025 5230 cruce.
1057 5173 1163 5248 [Β.
1195 5174 1345 5248 XL.]
1377 5175 1633 5231 Protinus
1671 5176 1735 5231 ad
1759 5176 1911 5247 regis

311 5266 610 5337 imperium
640 5265 893 5323 eductum
926 5266 995 5324 de
1031 5282 1251 5324 carcere
1278 5267 1478 5339 .losepb
1510 5268 1862 5325 t0tonderuut
1896 5287 1907 5322 :

310 5375 376 5417 ac
410 5370 565 5417 veste
610 5370 814 5417 mutata
843 5403 857 5428 ,
907 5361 1122 5417 oblatus
1151 5371 1235 5417 est
1278 5364 1349 5419 ei.
1397 5362 1495 5419 Cui
1525 5364 1616 5420 ille
1646 5364 1760 5418 ait:
1790 5362 1912 5419 Vidi

314 5453 526 5508 somnia
549 5496 563 5520 ,
611 5470 713 5511 nec
739 5465 825 5511 est
862 5456 952 5527 qui
997 5455 1298 5512 edisserat:
1327 5472 1449 5527 quae
1493 5456 1677 5512 audivi
1711 5465 1762 5512 te
1792 5472 1917 5527 pru-

315 5546 636 5603 dentissime
666 5547 853 5621 [ναις.
882 5548 1311 5624 sapientissime]
1342 5549 1633 5620 conjicere.
1666 5548 1916 5620 Respon-

396 5718 423 5747 δ
448 5710 506 5795 in
543 5710 776 5795 liebrzeo
806 5695 961 5795 Etij
991 5712 1174 5795 Solam
1203 5712 1369 5795 habet
1396 5731 1409 5769 :
1442 5713 1911 5795 quareiiicrony-

319 5797 442 5836 mus
468 5783 521 5837 in
553 5783 959 5851 Quaestionibus
1004 5785 1114 5853 iam
1146 5786 1353 5841 centies
1380 5783 1676 5841 nominatis
1713 5787 1787 5841 ita
1828 5783 1911 5841 in-

324 5862 648 5928 terpretatur
687 5856 756 5910 ad
796 5856 1064 5911 verbum:
1101 5856 1227 5912 Sine
1276 5875 1359 5913 me
1395 5857 1536 5913 Deus
1583 5858 1913 5928 respondebit

324 5942 501 5995 pacem
524 5926 818 5985 Pharaoni.
849 5929 1110 6001 Denique,
1144 5929 1339 6003 inquit,
1372 5926 1735 6004 Symmachus
1758 5946 1915 5989 more

2013 4808 2201 4869 potero
2228 4798 2250 4852 ?
2281 4797 2359 4852 Tu
2387 4800 2496 4852 eris
2526 4810 2687 4867 super
2716 4795 2938 4851 domum
2971 4808 3148 4849 meam
3177 4839 3190 4864 ,
3226 4800 3280 4849 et
3303 4793 3369 4849 ad
3395 4794 3469 4849 tui
3498 4793 3610 4847 oris

2014 4896 2298 4965 imperium
2351 4900 2579 4948 cunctus
2634 4891 2869 4961 populus
2922 4888 3185 4945 obediet:
3232 4904 3338 4943 uno
3401 4896 3608 4943 tantunt

2012 4988 2161 5060 regni
2194 4987 2330 5043 solio
2361 4995 2411 5041 te
2442 4984 2774 5058 praecedam.
2807 4983 2952 5040 Dixit
2980 4998 3195 5054 quoque
3228 4998 3438 5037 rursum
3475 4980 3612 5034 Pha-

2012 5097 2110 5137 rao
2140 5081 2205 5136 ad
2232 5080 2431 5151 Joseph
2468 5098 2481 5134 :
2516 5079 2659 5135 Ecce
2686 5120 2699 5144 ,
2731 5077 2992 5133 constitui
3036 5085 3088 5132 te
3118 5091 3281 5146 super
3302 5075 3613 5131 universam

2018 5187 2217 5233 terram
2244 5175 2485 5248 Egypti.
2516 5174 2662 5229 Tulit
2689 5173 2943 5228 annulum
2967 5172 3035 5228 de
3068 5188 3229 5227 manu
3260 5186 3359 5227 sua
3388 5181 3441 5228 et
3470 5170 3621 5226 dedit

2019 5286 2141 5327 eum
2166 5269 2222 5325 in
2239 5285 2400 5324 manu
2421 5268 2539 5339 ejus
2572 5284 2587 5323 :
2616 5266 2943 5339 vestivitque
2974 5282 3098 5324 eum
3123 5267 3261 5321 stola
3286 5266 3501 5338 byssina
3520 5308 3534 5331 ,
3563 5273 3619 5321 et

2020 5352 2164 5423 collo
2204 5376 2452 5439 torquem
2482 5380 2701 5420 auream
2736 5364 3147 5435 circumposuit.
3202 5362 3461 5435 Fecitque
3492 5377 3617 5417 eum

2022 5459 2322 5516 ascendere
2352 5475 2518 5531 super
2546 5474 2767 5515 currum
2810 5475 2970 5514 suum
3000 5458 3318 5525 secundum,
3352 5457 3624 5513 clamante

2023 5569 2279 5625 praecone
2306 5596 2322 5622 ,
2365 5564 2423 5611 ut
2470 5570 2663 5612 omnes
2715 5570 2898 5612 coram
2949 5569 3016 5611 eo
3056 5570 3196 5626 genu
3226 5554 3536 5619 ﬂecterent,
3569 5558 3624 5606 et

2028 5708 2130 5748 suo
2157 5696 2401 5764 apertius
2434 5695 2745 5751 transtulit:
2780 5693 2904 5748 Non
2952 5694 3065 5765 égo,
3094 5690 3204 5747 sed
3236 5690 3376 5745 Deus
3406 5704 3625 5760 respon-

2023 5765 2157 5820 debit
2184 5784 2363 5839 pacem
2404 5768 2689 5823 Pharaoni.
2726 5767 2906 5839 MART_.

2115 5832 2194 5880 -'
2218 5838 2417 5895 Mavult
2463 5841 2514 5895 in
2555 5840 2808 5896 llebraic.
2863 5834 3267 5906 Qumstionibus
3298 5832 3581 5890 transferri
3610 5873 3629 5903 ,

2023 5948 2233 6007 pacem,
2260 5934 2413 6007 juxta
2446 5934 2582 5993 Heb.
2615 5914 2769 5993 ῠπικΰ
