4044 6360
432 274 539 337 Siti

1426 275 1481 332 S.
1527 273 1908 337 HIERONYII
1949 271 2187 337 DIVINA
2226 271 2705 341 BIBLIOTHECA.

3626 271 3733 331 31.0

437 392 786 463 praepositum
843 407 965 455 esse
1011 394 1215 459 scirent
1267 390 1537 449 universa:
1589 398 1749 445 terra:
1788 386 2025 460 :Egypti.
2058 390 2105 463 Α
2138 385 2288 445 Unde
2307 385 2569 447 venistis?
2592 385 2690 456 Qui
2717 383 3150 455 responderunt:
3177 384 3254 447 De
3286 395 3426 449 terra
3449 383 3726 453 Chanaan.

442 483 587 543 Dixit
615 502 828 572 quoque
852 502 949 542 rex
980 486 1047 551 ad
1080 486 1281 557 Joseph
1308 484 1454 555 :Ego
1476 498 1592 539 sum
1624 482 1871 537 Pharao:
1908 480 2034 539 abs-

437 591 544 649 que
587 572 679 645 tuo
721 579 951 650 imperio
981 594 1086 634 non
1119 577 1353 634 movebit
1384 576 1666 648 quisquam
1698 589 1915 629 manum
1944 583 2034 630 aut

436 652 631 742 pedem
680 672 732 739 in
779 673 927 727 omni
984 681 1126 727 terra
1177 671 1418 743 [EgyptL
1447 678 1474 707 ⁸
1503 668 1786 741 Vertitque
1834 682 2031 723 nomen

438 763 587 837 illius
610 805 627 833 ,
654 775 710 825 et
734 766 949 822 vocavit
970 781 1091 821 eum
1120 765 1298 837 lingua
1325 764 1664 836 Egyptiaca,
1684 760 2032 817 'Salvatorem

440 867 651 935 mundi.
686 867 950 941 Deditque
980 868 1058 934 illi
1086 882 1308 933 uxorem
1337 864 1577 921 Aseneth
1610 906 1625 933 ,
1676 863 1839 919 ﬁliam
1886 862 2037 919 Puti-

440 961 641 1032 pltares
663 1004 678 1028 ,
728 960 1025 1026 sacerdotis
1056 959 1416 1030 Heliupoleos.
1449 956 1535 1032 [T.
1565 954 1812 1029 XXXVJ
1845 956 2038 1028 Egres-

439 1068 534 1111 sus
561 1053 743 1126 itaque
767 1052 974 1126 Josepb
999 1052 1064 1107 ad
1096 1062 1291 1108 terram
1316 1049 1536 1122 Egypti
1565 1049 1806 1122 (triginta
1835 1054 2035 1109 autem

441 1161 711 1203 annorum
740 1155 858 1201 erat
888 1145 1103 1217 quando
1132 1145 1281 1200 stetit
1308 1144 1360 1199 in
1391 1150 1691 1212 consliectu
1722 1141 1864 1212 regis
1892 1139 2035 1196 Pha-

442 1238 657 1309 raonis)
684 1281 700 1309 ,
727 1239 977 1295 cireuivit
1002 1254 1193 1295 omnes
1219 1240 1471 1309 regiones
1491 1233 1735 1308 Egypti.
1775 1235 2038 1305 Venitque

441 1331 695 1388 fertilitas
743 1341 953 1405 septem
999 1347 1265 1409 annorum
1299 1348 1312 1386 :
1346 1341 1400 1386 et
1452 1330 1506 1387 itt
1539 1327 1844 1399 manipulos
1880 1328 2039 1382 reda-

440 1432 542 1481 cta:
588 1435 809 1496 segetes
848 1433 1187 1496 congregatae
1241 1432 1367 1479 sunt
1426 1423 1482 1481 in
1542 1422 1737 1476 horrea
1793 1418 2037 1493 IEgypti.

442 1515 632 1584 Omnis
659 1517 824 1573 etiam
854 1515 1063 1590 frugum
1090 1515 1418 1573 abundantia
1447 1514 1499 1569 in
1533 1512 1762 1585 singulis
1817 1512 2040 1567 urbibus

441 1620 660 1681 condita
709 1628 813 1677 est.
841 1619 1122 1692 Tantaque
1172 1620 1269 1674 fuit
1324 1616 1608 1681 multitudo
1646 1615 1838 1690 [Vulg.
1872 1615 2043 1671 abun-

444 1711 653 1787 dantia]
683 1713 871 1783 tritici,
906 1721 964 1777 ιιι
988 1728 1167 1769 arena:
1193 1711 1356 1775 maris
1380 1719 1773 1783 cowquarelur,
1802 1717 1858 1777 et
1883 1711 2039 1780 copia

446 1822 758 1881 mensuram
789 1805 1096 1869 excederet.
1142 1803 1264 1861 Nati
1304 1812 1432 1863 sunt
1482 1813 1660 1858 autem
1708 1799 1914 1872 Joseph
1943 1799 2037 1856 filii
2070 1788 2113 1849 Β

368 1968 375 1977 ,
441 1900 550 1963 duo
594 1910 883 1973 antequam
910 1901 1117 1961 veniret
1150 1900 1356 1955 fames:
1389 1912 1527 1970 quos
1573 1896 1623 1952 ei
1672 1895 1882 1969 peperit
1904 1892 2040 1951 Ase-

442 1994 612 2071 netb,
645 1992 753 2051 lilia
798 1993 1127 2063 Putipltares
1152 2035 1168 2061 ,
1211 1991 1509 2051 sacerdotis
1541 1979 1907 2062 Heliopnleos.
1936 1987 2041 2044 Vo.

443 2086 696 2160 cavitque
750 2101 948 2145 nomen
1000 2085 1347 2167 primogeniti
1378 2128 1392 2153 ,
1428 2084 1702 2142 Manasses
1736 2123 1752 2147 ,
1805 2081 1994 2138 dicens
2026 2102 2039 2139 :

442 2178 704 2237 Oblivisci
733 2194 821 2241 me
853 2178 982 2241 fecit
1010 2178 1151 2234 Deus
1178 2177 1418 2235 omnium
1459 2177 1703 2241 laborum
1748 2190 1992 2231 meorum
2022 2216 2041 2245 ,

445 2281 500 2330 et
525 2272 717 2329 domus
748 2273 915 2347 patris
940 2272 1069 2328 mei.
1113 2271 1319 2327 Nomen
1346 2283 1562 2343 quoque
1593 2269 1814 2323 secundi
1840 2267 2043 2341 apella-

443 2366 521 2431 vit
553 2365 849 2438 Ephraim,
904 2364 1091 2422 dicens
1123 2383 1139 2431 ;
1171 2364 1429 2421 Crescere
1476 2379 1563 2419 me
1611 2361 1741 2419 fecit
1801 2362 1940 2421 Deus
1987 2362 2040 2417 in

446 2471 590 2531 terra
640 2461 975 2535 paupertatis
1038 2475 1195 2527 mete.
1255 2460 1424 2531 [gitur
1487 2455 1776 2513 transactis
1830 2467 2042 2529 septem

439 2555 603 2631 annis
642 2553 914 2613 ubertatis
944 2594 958 2625 ,
1011 2555 1102 2624 qui
1144 2552 1360 2610 fuerant
1391 2552 1443 2607 in
1474 2550 1732 2624 Egypto,
1761 2556 2046 2621 coeperunt

441 2648 631 2713 venire
652 2656 862 2720 septem
886 2648 1013 2703 anni
1046 2646 1267 2718 inOpiae,
1297 2661 1433 2718 quos
1464 2643 1792 2716 praedixerat
1814 2644 2040 2715 Joscph:

444 2732 500 2796 et
526 2739 580 2799 in
606 2739 867 2801 universo
898 2738 1032 2795 orbe
1053 2738 1225 2805 fames
1253 2737 1576 2813 praevaluit;
1613 2737 1664 2792 in
1707 2745 1900 2805 cuncta
1943 2751 2037 2801 au-

440 2840 550 2889 tem
570 2841 717 2888 terra
735 2830 957 2905 Egypti
978 2832 1166 2888 deerat
1188 2831 1366 2903 panis.
1390 2832 1501 2897 Qua
1522 2828 1820 2894 esuriente,
1844 2827 2043 2884 clama-

427 2925 521 2979 'vit
544 2924 775 2997 populus
796 2922 864 2979 ad
899 2923 1236 2979 Pharaonem
1267 2965 1280 2988 ,
1306 2921 1561 2978 alimenta
1584 2931 1799 2996 petens.
1835 2919 2045 2991 Quibus

441 3018 538 3075 ille
591 3017 925 3090 respondit;
971 3017 1048 3085 ite
1096 3016 1163 3073 ad
1211 3016 1414 3089 Joseph
1445 3058 1459 3084 ,
1500 3027 1553 3072 et
1599 3015 1858 3089 quidquid
1888 3014 2043 3083 vobis

443 3113 687 3190 dixerit,
746 3112 927 3170 facite.
960 3111 1256 3170 Crescebat
1291 3125 1471 3170 autem
1502 3114 1743 3185 quoddie
1776 3112 1946 3169 fames
1987 3111 2040 3175 in

2134 490 2191 543 ut
2216 496 2463 547 emamus
2490 481 2650 545 victui
2686 479 3017 566 necessaria.
3062 480 3129 537 Et
3165 491 3341 535 tamen
3386 478 3587 539 fratres
3617 479 3735 553 ipse

2133 589 2467 647 cognoscens
2490 617 2507 643 ,
2538 589 2645 631 non
2688 584 2768 629 eSt
2808 573 3022 644 agnitus
3051 572 3120 626 ab
3149 572 3249 633 eis.
3286 572 3734 649 Recordatusque

2136 670 2468 729 somniorum
2497 710 2512 735 ,
2563 682 2685 739 qua-3
2734 660 3033 737 aliquando
3060 665 3295 736 viderat,
3357 665 3435 731 ait
3478 666 3542 727 ad
3588 681 3732 735 eos;

2138 764 2523 834 Exploratores
2570 762 2702 818 estis
2733 779 2745 818 :
2776 770 2835 825 ut
2867 759 3097 816 videatis
3172 759 3471 817 infirmiora
3529 768 3687 817 terra:
3712 802 3732 829 ,

2135 857 2380 917 venistis.
2436 855 2535 926 Qui
2586 855 2839 921 dixerunt
2874 872 2885 919 ς
2917 852 3033 909 Non
3062 863 3144 910 est
3177 853 3248 909 ita
3281 894 3295 921 ,
3356 852 3602 923 domine,
3636 852 3734 909 sed

2138 951 2279 1006 servi
2336 951 2407 1005 tui
2433 959 2697 1005 venerunt
2732 992 2747 1018 ,
2809 956 2866 1003 ut
2915 956 3164 1003 emerent
3210 947 3378 1002 cibos.
3411 946 3611 1003 Omnes
3639 946 3740 1002 lilii

2139 1053 2297 1113 unius
2323 1052 2421 1108 viri
2443 1066 2630 1107 sumus
2666 1069 2678 1104 :
2716 1048 2925 1123 paciﬁci
2956 1048 3205 1109 venimus
3231 1090 3247 1119 ,
3295 1063 3398 1107 nec
3441 1048 3735 1120 quidquam

2139 1145 2325 1205 famuli
2351 1144 2428 1205 tui
2453 1142 2833 1211 machinantur
2863 1142 3012 1205 mali.
3043 1142 3249 1217 Quibus
3279 1140 3371 1207 ille
3402 1140 3688 1212 respondit
3718 1158 3736 1197 :

2139 1240 2310 1299 Aliter
2335 1248 2419 1295 est
2451 1258 2462 1294 :
2494 1236 2774 1299 immunita
2802 1247 2960 1293 terrae
3015 1236 3175 1308 hujus
3207 1235 3559 1294 considerare
3579 1236 3741 1292 veni-2

2140 1335 2259 1391 stis.
2290 1332 2557 1406 l£t[Vulg.
2591 1330 2683 1405 At]
2713 1331 2787 1387 illi
2819 1349 2834 1387 :
2865 1330 3162 1391 Duodecim
3196 1374 3213 1400 ,
3262 1329 3515 1401 inquiunt
3542 1371 3557 1397 ,
3588 1327 3742 1397 servi

2141 1438 2240 1505 tui,
2265 1437 2460 1493 fratres
2485 1451 2693 1502 sumus,
2729 1435 2823 1491 filii
2854 1433 2957 1495 viri
2989 1435 3148 1491 unius
3176 1438 3230 1491 in
3270 1443 3411 1491 terra
3435 1431 3689 1493 Chanaan
3722 1448 3742 1487 :

2143 1531 2398 1591 minimus
2426 1545 2549 1589 cum
2578 1538 2732 1601 patre
2770 1539 2957 1587 nostro
2984 1540 3105 1598 est,
3150 1538 3204 1585 et
3231 1529 3371 1585 alius
3403 1543 3509 1585 non
3537 1536 3624 1583 est
3646 1542 3747 1585 su.-

2143 1638 2259 1694 per.
2290 1621 2407 1681 Hoc
2434 1633 2514 1678 est
2545 1666 2559 1692 ,
2588 1622 2702 1691 ait,
2742 1620 2888 1693 quod
2919 1622 3134 1679 locutus
3158 1637 3279 1679 sum
3310 1639 3324 1675 :
3353 1620 3746 1692 Exploratores

2143 1716 2297 1773 estis.
2353 1715 2471 1773 Jam
2522 1729 2663 1773 nunc
2704 1715 3137 1787 experimentum
3171 1714 3334 1772 vestri
3364 1715 3573 1787 capiam
3601 1732 3614 1770 :
3642 1728 3745 1787 per

2142 1812 2369 1871 salutem
2403 1810 2698 1869 Pharaonis
2729 1825 2838 1868 non
2862 1809 3221 1882 egrediemini
3251 1809 3380 1867 hinc
3400 1854 3413 1879 ,
3445 1808 3620 1865 donec
3650 1823 3746 1873 ve.

2144 1904 2256 1961 uiat
2307 1904 2474 1960 frater
2500 1912 2680 1959 vester
2731 1902 3007 1963 minimus.
3042 1901 3239 1958 Mittite
3277 1917 3308 1958 e
3345 1900 3501 1957 vobis
3529 1915 3691 1959 unum
3724 1940 3744 1969 ,

2144 2008 2197 2055 et
2224 1997 2458 2053 adducat
2488 2011 2613 2051 eum
2646 2013 2659 2051 :
2694 2009 2789 2053 vos
2819 2005 3002 2053 autem
3028 1994 3182 2050 eritis
3212 1995 3265 2049 in
3286 1993 3538 2062 vinculis,
3566 1991 3747 2049 donec

2145 2089 2443 2161 probentur
2471 2105 2591 2160 qua:
2635 2087 2847 2149 dixistis
2871 2128 2887 2159 ,
2934 2098 3113 2145 utrum
3156 2087 3289 2145 falsa
3329 2103 3397 2149 an
3430 2102 3557 2147 vera
3586 2089 3695 2145 sint
3728 2103 3747 2155 ξ

2143 2184 2382 2253 alioquin
2426 2198 2523 2256 per
2548 2183 2780 2239 salutem
2822 2181 3127 2239 Pharaottis
3156 2182 3536 2255 exploratores
3588 2182 3746 2245 estis.

2145 2278 2389 2343 Tradidit
2412 2294 2542 2348 ergo
2570 2293 2668 2334 eos
2693 2278 2955 2334 custodia:
2990 2279 3165 2335 tribus
3190 2278 3403 2343 diebus.
3438 2279 3537 2337 Die
3563 2288 3748 2349 autem

2146 2374 2304 2430 tertio
2351 2372 2562 2433 eductis
2590 2389 2622 2430 e
2648 2388 2870 2429 carcere
2895 2415 2909 2440 ,
2944 2374 3022 2429 ait
3052 2392 3064 2429 :
3097 2371 3283 2431 Facite
3306 2390 3430 2447 quae
3477 2373 3588 2431 dixi
3614 2414 3631 2443 ,
3688 2383 3751 2437 et

2144 2467 2338 2523 vivetis
2368 2485 2382 2522 :
2413 2469 2579 2524 Deum
2610 2467 2758 2525 enim
2788 2471 2977 2523 timeo.
3008 2466 3065 2523 Si
3113 2465 3322 2537 paciﬁci
3372 2466 3508 2525 estis
3532 2508 3546 2531 ,
3577 2466 3753 2524 frater

2146 2571 2325 2619 vester
2377 2577 2515 2619 unus
2563 2560 2765 2634 ligetur
2802 2561 2856 2625 in
2906 2575 3128 2621 carcere
3160 2579 3176 2627 ;
3210 2575 3309 2618 vos
3346 2572 3529 2625 autem
3559 2562 3702 2619 abite
3727 2603 3748 2633 ,

2146 2664 2201 2709 et
2234 2655 2367 2708 terte
2398 2654 2664 2709 frumenta
2693 2669 2815 2726 qua:
2844 2654 3057 2710 emislis
3083 2695 3099 2719 ,
3158 2654 3212 2709 in
3269 2654 3463 2712 domos
3494 2666 3703 2712 vestras
3726 2696 3744 2723 ,

2146 2756 2199 2809 et
2231 2746 2450 2809 fratrem
2483 2756 2720 2803 vestrum
2753 2748 3038 2815 minimum
3074 2746 3143 2803 ad
3200 2763 3286 2807 mc
3338 2747 3591 2813 adducite
3619 2790 3636 2815 ,
3688 2757 3752 2804 ut

2149 2840 2351 2911 possint
2378 2852 2591 2905 vesuos
2636 2841 2868 2912 probare
2906 2855 3221 2911 sermones,
3276 2850 3332 2917 et
3383 2857 3491 2899 non
3544 2841 3753 2907 moria-

2150 2934 2301 2990 mini.
2331 2934 2600 2997 Fecerunt
2630 2945 2683 2993 ut
2715 2935 2964 3002 dixerat,
3020 2946 3071 2990 et
3122 2936 3288 2997 locuti
3320 2945 3451 2999 sunt
3487 2936 3553 2992 ad
3608 2935 3749 2999 invi-.-

2147 3045 2264 3087 Cen)
2296 3047 2311 3085 :
2344 3029 2533 3086 Merito
2562 3028 2681 3086 haec
2725 3029 2981 3099 patimur,
3012 3029 3138 3101 quia
3174 3029 3520 3100 peceavimus
3554 3030 3605 3089 in
3635 3028 3749 3087 ira.-

2147 3130 2285 3181 trem
2329 3132 2575 3181 nostrum
2606 3164 2620 3190 ,
2648 3122 2896 3179 videntes
2949 3125 3254 3193 angustiam
3311 3123 3507 3181 anima:
3559 3122 3700 3191 illius
3727 3167 3745 3194 ,

440 3207 591 3265 omni
622 3213 766 3262 terra
796 3226 811 3263 ζ
844 3207 1163 3277 aperuitqne
1193 3206 1395 3278 Joseplt
1432 3208 1685 3273 universa
1708 3204 1903 3261 horrea
1928 3247 1946 3279 ρ
1987 3214 2042 3261 ΘΙ.
2066 3193 2111 3255 C
2145 3233 2266 3275 cum
2299 3215 2689 3288 deprecaretur
2718 3231 2819 3272 nos
2843 3259 2857 3284 ,
2894 3226 2948 3272 ει
2996 3232 3105 3280 μου
3160 3216 3468 3273 audivimus
3496 3233 3509 3269 ς

446 3300 718 3379 vendebat
743 3300 1013 3383 Egyptiis
1046 3319 1059 3355 :
1092 3316 1212 3357 nam
1236 3309 1292 3359 et
1323 3302 1442 3357 illos
1467 3310 1818 3373 oppresserat
1846 3300 2038 3356 fames.

442 3395 775 3473 Omnesque
809 3395 1105 3467 provincia:
1157 3395 1448 3450 veniebant
1507 3395 1559 3449 in
1613 3392 1932 3467 Egyptum,
1984 3401 2043 3466 ut

442 3498 691 3544 emerent
723 3501 900 3557 escas,
931 3496 984 3542 et
1008 3486 1208 3544 malum
1238 3486 1434 3556 inepia:
1454 3494 1845 3560 temperarent.

512 3578 613 3656 [Β.
650 3577 798 3645 XLI,
829 3578 890 3635 C.
919 3577 1153 3649 LXXII,
1194 3578 1322 3650 Cap.
1357 3576 1553 3661 XLII.]
1589 3576 1828 3649 Audiens
1860 3583 2039 3635 autem

440 3672 609 3733 Jacob
647 3670 789 3744 quod
824 3671 1079 3727 alimenta
1126 3674 1490 3727 venderentur
1516 3672 1567 3725 iu
1608 3668 1869 3749 Egypto,
1905 3668 2041 3741 dixit

441 3766 570 3824 filiis
600 3764 716 3847 suis
750 3764 968 3833 :Quare
1018 3764 1339 3841 negligitis?
1385 3763 1569 3820 audivi
1614 3764 1759 3843 quod
1804 3763 2039 3821 triticum

442 3862 782 3921 venundctur
844 3864 898 3920 in
920 3861 1192 3936 Egyp’to:
1225 3862 1559 3925 descendite»
1592 3874 1647 3920 et
1697 3866 1863 3931 emite
1883 3864 2042 3937 pubis

439 3958 752 4027 necessaria
776 3997 795 4025 ,
826 3964 883 4011 ut
904 3957 1173 4029 possimus
1197 3958 1404 4029 vivere,
1448 3969 1501 4015 et
1528 3952 1632 4015 non
1657 3973 2043 4021 consumantur

440 4049 649 4121 inopia.
694 4049 1097 4108 Descendentes
1131 4051 1296 4122 igitur
1333 4050 1527 4107 fratres
1570 4049 1771 4131 Joseph
1803 4052 1991 4108 decem
2021 4098 2036 4129 ,

439 4152 500 4205 ut
530 4152 776 4208 emerent
795 4142 1067 4209 frumenta
1094 4146 1144 4199 in
1170 4142 1407 4221 Egypto
1436 4143 1753 4216 (Beniamin
1779 4143 1923 4205 domi
1952 4160 2042 4202 re-

444 4244 595 4295 tento
624 4238 693 4301 ab
719 4237 911 4305 Jacob,
940 4239 1031 4309 qui
1056 4238 1277 4301 dixerat
1299 4236 1558 4303 fratribus
1586 4239 1706 4309 ejus
1738 4258 1749 4294 :
1783 4238 1860 4303 Ne
1905 4240 2043 4299 forte

441 4330 497 4386 iu
530 4330 734 4388 itinere
763 4331 1058 4404 quidquam
1089 4332 1326 4404 patiatur
1362 4332 1487 4403 mali
1510 4332 1858 4415 )’,!{ingressi
1915 4342 2045 4391 sunt

438 4434 639 4484 terram
662 4425 876 4501 Ευριὶ
900 4442 1022 4485 cum
1051 4428 1173 4501 aliis
1192 4429 1281 4507 qui
1309 4430 1607 4503 pergebant
1634 4430 1701 4484 ad
1718 4416 2039 4505 emendum;

440 4519 578 4586 Erat
620 4530 805 4589 autem
852 4521 1023 4575 fames
1083 4520 1134 4576 in
1193 4531 1332 4577 terra
1382 4520 1664 4589 Chanaan,
1695 4522 1764 4577 Et
1814 4522 2045 4597 Joseph,

2145 3310 2291 3364 venit
2347 3323 2512 3380 super
2547 3323 2645 3367 nos
2693 3309 2795 3369 ista
2823 3308 3122 3371 tribulatio.
3154 3310 3193 3364 Ε
3224 3308 3420 3378 quibus
3458 3324 3597 3365 unus
3630 3307 3747 3363 [tu-

2144 3399 2246 3463 ben
2273 3444 2287 3471 ,
2333 3402 2412 3457 ait
2446 3420 2459 3457 :
2486 3400 2756 3473 Numquid
2790 3418 2894 3456 non
2926 3401 3035 3457 dixi
3066 3401 3223 3458 vobis
3256 3420 3272 3458 :
3304 3400 3487 3459 Nolite
3516 3415 3750 3473 peccare

2141 3493 2196 3565 in
2228 3508 2455 3565 puerum
2484 3535 2499 3559 ,
2533 3501 2589 3553 et
2634 3509 2742 3549 non
2784 3492 3016 3548 audistis
3064 3488 3190 3548 me?
3222 3506 3301 3551 'en
3359 3493 3579 3561 sanguis
3628 3492 3755 3564 ejus

2143 3584 2465 3657 exquiritur,
2498 3585 2823 3645 Nesciebant
2869 3597 3050 3645 autem
3104 3588 3248 3658 quod
3292 3586 3627 3659 intelligeret
3652 3585 3753 3647 Jo-

2143 3680 2283 3751 septi
2315 3698 2328 3736 :
2360 3696 2425 3735 eo
2454 3679 2599 3752 quod
2646 3695 2743 3752 per
2789 3680 3145 3752 interpretem
3178 3680 3497 3755 loqueretur
3521 3679 3586 3741 ad
3626 3694 3748 3745 eos.

2147 3773 2465 3844 Avertitque
2489 3786 2548 3831 se
2578 3788 2893 3847 parumper,
2922 3784 2975 3829 et
3005 3772 3154 3835 licvit
3186 3792 3199 3828 :
3231 3781 3287 3829 et
3314 3788 3570 3835 reversus
3600 3773 3753 3846 loeu-

2149 3875 2239 3936 tus
2262 3865 2439 3935 estad
2486 3881 2602 3931 eos.
2656 3865 2984 3937 Tollensque
3021 3864 3240 3929 Simeon
3274 3906 3291 3935 ,
3347 3874 3402 3921 et
3428 3865 3605 3937 ligans
3636 3864 3754 3931 illis

2145 3959 2538 4032 praisentibus,
2580 3957 2748 4031 jussit
2794 3957 3061 4016 ministris
3115 3968 3167 4013 ut
3225 3958 3518 4031 implerent
3563 3972 3756 4029 saccos

2146 4067 2332 4123 eorum
2362 4036 2560 4137 tritico,
2592 4062 2643 4108 et
2669 4060 3000 4124 reponerent
3016 4053 3285 4135 pecunias
3316 4051 3660 4122 _singulorum
3689 4052 3751 4119 in

2143 4143 2382 4200 saeculis
2407 4145 2520 4207 suis
2548 4186 2562 4214 ,
2610 4143 2750 4209 datis
2798 4160 2959 4217 supra
2992 4144 3211 4213 cibariis
3243 4143 3296 4200 in
3326 4144 3467 4209 viam
3502 4161 3513 4198 :
3542 4144 3637 4215 qui
3667 4145 3755 4201 fe-

2143 4245 2338 4297 cerunt
2390 4238 2487 4297 ita.
2550 4236 2621 4293 At
2665 4237 2744 4309 illi
2806 4248 3095 4315 portantes
3148 4237 3421 4295 frumenta
3468 4237 3521 4307 in
3579 4237 3755 4297 asinis

2146 4330 2355 4407 [Vulg.
2388 4331 2516 4387 add.
2556 4331 2693 4408 suis]
2748 4332 2980 4405 profecti
3036 4341 3187 4388 sunt.
3240 4335 3553 4417 Aperloque
3607 4347 3755 4402 unus

2142 4414 2306 4482 Sacco
2334 4468 2350 4496 ,
2408 4439 2464 4481 ut
2508 4426 2668 4484 daret
2715 4426 2967 4499 jumento
3021 4414 3364 4497 pabulumin
3398 4425 3700 4482 diversorio
3735 4466 3753 4490 ,

2148 4519 2548 4591 contemplatus
2578 4520 2867 4593 pecuniam
2896 4520 2949 4593 in
2982 4535 3078 4593 ore
3102 4519 3305 4576 saeculi
3332 4560 3348 4595 ,
3392 4518 3527 4574 dixit
3567 4518 3757 4573 fratri-

446 4612 705 4692 pt-inceps
733 4612 919 4687 [ναις.
954 4614 1077 4668 add.
1110 4622 1230 4672 erat
1252 4613 1304 4670 in
1329 4613 1513 4697 terra]
1563 4614 1785 4699 Αἰθικιί
1814 4659 1834 4689 ,
1880 4628 2043 4689 atque
2070 4603 2119 4666 Β
2145 4611 2247 4667 bus
2278 4611 2390 4668 suis
2423 4631 2434 4665 :
2472 4611 2694 4668 Reddita
2725 4620 2811 4668 est
2840 4612 2971 4667 mihi
3006 4613 3235 4683 pecunia
3270 4628 3384 4683 mea
3416 4611 3605 4685 [γαίῃ.
3642 4623 3749 4666 tac.

438 4708 509 4771 ad
535 4706 680 4763 illius
708 4716 893 4763 nutum
922 4708 1192 4778 frumenta
1218 4709 1433 4781 populis
1454 4708 1848 4769 vendebantur.
1872 4709 2042 4781 Cum-

441 4814 549 4871 que
574 4800 893 4856 adorassent
922 4816 1044 4856 eum
1066 4800 1268 4867 fratres
1295 4803 1419 4871 sui,
1461 4811 1516 4869 et
1564 4805 1874 4876 agnovisset
1903 4820 1999 4862 eos
2018 4850 2037 4879 ,

442 4892 595 4966 quasi
624 4892 692 4949 ad
718 4893 924 4950 alienos
950 4893 1141 4951 durius
1163 4893 1507 4969 loquebatur,
1531 4896 1879 4975 interrogans
1908 4912 2003 4954 eos
2020 4884 2039 4954 ἐ
2092 4896 2101 4907 ⁸

2149 4704 2335 4787 mea],
2364 4720 2430 4761 en
2460 4703 2692 4761 habetur
2718 4706 2771 4760 in
2800 4720 2980 4761 sacco.
3016 4705 3083 4773 Et
3115 4704 3495 4781 obstupefacti,
3529 4705 3760 4767 turbati:

2149 4818 2255 4874 que
2279 4843 2297 4874 ,
2356 4801 2612 4858 dixerunt
2641 4810 2829 4860 mutuo
2858 4821 2872 4860 :
2897 4802 3166 4872 Quidnam
3200 4816 3283 4859 est
3317 4798 3427 4865 hoc
3447 4803 3591 4876 quod
3622 4802 3758 4860 fecit.

2151 4897 2309 4954 nobis
2339 4896 2523 4953 Deus?
2551 4895 2937 4970 Veneruntque
2969 4897 3034 4954 ad
3065 4896 3231 4967 Jacob
3260 4906 3472 4981 patrem
3501 4912 3657 4954 suum
3692 4894 3755 4959 in

516 5122 727 5201 illunc
756 5123 937 5201 locum
966 5125 1415 5201 paraphra'stieus
1438 5128 1605 5183 vertit
1622 5126 2029 5201 Hiergnymus:
2133 5126 2376 5201 ψρμσθὸμ
2404 5129 2604 5200 φανῆχ,
2623 5122 3123 5201 ϐᾳινειιιξῌηψμάὶε
3147 5137 3207 5201 e9
3226 5120 3365 5201 md
3382 5121 3569 5177 orbam
3598 5130 3759 5178 terra:

438 5195 761 5275 in‘liebrmo
784 5196 934 5275 enim
983 5194 1114 5275 hate
1147 5207 1354 5261 tantum
1402 5198 1697 5275 leguntur:
1730 5197 1797 5275 Et
1826 5194 2032 5275 pacavit
2134 5194 2939 5275 ab'inmunitatefatuisexcidio
2962 5194 3222 5275 (iacuerit.
3254 5195 3439 5263 Nam.

444 5268 869 5352 Phprap‘nomen
897 5266 1093 5352 ,ΙΙ-θερμὴ
1120 5280 1267 5352 ΠΞἸΞΞ
1292 5279 1439 5352 Πξξὶἳ
1457 5266 1793 5352 ἶςαρΙζαῃειΙι·
1818 5268 2022 5324 Pitane.

440 5340 548 5401 Sed
576 5341 641 5395 ad
670 5353 893 5412 sensum
918 5338 1215 5409 Scriptura:
1241 5338 1451 5397 facilius
1480 5338 1891 5412 percipiendum
1923 5357 2030 5397 non

438 5427 635 5486 parum
661 5410 975 5487 conducunt
995 5427 1153 5487 gum“
1173 5413 1244 5487 ab
1275 5410 1606 5487 Hieronymo
1634 5410 1817 5470 addita
1844 5428 2037 5487 mone-

2228 5262 2567 5347 ——Nonnih_il
2585 5266 2654 5333 ab
2682 5262 3173 5347 ilelirmtrabludit,
3208 5262 3555 5347 nequeenim
3584 5265 3756 5347 habet

2142 5348 2323 5397 textus
2353 5387 2367 5409 ,
2390 5343 2640 5410 vertitque
2666 5356 2851 5394 nomen
2877 5341 2989 5411 ejus
3016 5380 3030 5402 ,
3059 5336 3341 5408 multoque
3372 5341 3565 5411 minus
3581 5336 3746 5411 illud,

2142 5414 2323 5483 lingua
2357 5407 2681 5485 '5’h‘gyptiafa
2719 5428 2739 5485 .j
2766 5413 2858 5466 sed
2884 5407 3108 5485 Ltantum
3135 5407 3264 5485 ,__et
3294 5410 3510 5485 vocarit
3535 5407 3758 5485 Pharao

440 5480 568 5549 inus
604 5503 615 5538 :
648 5482 794 5557 node
822 5481 973 5557 l_ibro_
995 5480 1369 5557 Traditionutn
1406 5480 1795 5557 Hebraicarum
1836 5485 1905 5542 de
1934 5502 2036 5545 no-
2140 5480 2325 5540 nonum
2348 5480 2565 5557 Ioseph,
2594 5480 3131 5557 Zaphnatfqnlach.
3159 5480 3276 5557 Nec
3292 5482 3591 5557 ignorabat
3616 5482 3748 5557 llic-

441 5558 593 5614 mine
648 5554 907 5625 imposito
946 5552 1145 5621 Ioseph
1180 5553 1297 5625 ipse
1331 5559 1520 5612 scribit
1558 5576 1569 5609 :
1603 5556 1742 5612 Licet
1779 5556 2039 5613 Hebrm'ce

442 5630 543 5687 hoc
581 5643 777 5698 nomen
810 5625 1252 5698 absconditorum
1302 5641 1636 5698 repertorem
1667 5640 1832 5696 sonet,
1868 5638 2039 5695 tamen

443 5701 570 5773 quia
610 5700 674 5753 ab
706 5696 964 5773 /E_gyptio
987 5699 1221 5769 ponitur,
1258 5696 1425 5769 ipsius
1461 5701 1657 5773 lingua:
1673 5702 1817 5761 debet
1843 5701 2037 5757 habere

444 5769 725 5845 rationem.
751 5769 1132 5845 Interpretatur
1157 5787 1277 5844 ergo
1296 5769 1809 5845 sermone/Egyptio
1836 5775 2045 5843 Sapha-

450 5841 582 5899 neth
623 5845 818 5916 pltane,
862 5841 964 5896 sive
992 5851 1047 5896 ut
1076 5841 1425 5933 Septuaginta
1467 5841 1747 5917 t‘raasferre
1776 5841 2044 5915 voluerunt

2148 5572 2245 5611 l‘ntt
2282 5602 2296 5627 ,
2353 5553 2700 5613 commodum
2741 5556 2796 5610 in
2849 5555 3077 5627 llebra-o
3121 5553 3506 5627 signiﬁcatum
3544 5553 3757 5627 habere

2149 5627 2249 5687 has
2283 5624 2504 5691 voces,
2574 5627 2836 5696 scilicet,
2902 5625 3203 5696 abscondita
3259 5624 3533 5696 revetentia
3582 5639 3601 5678 :
3650 5625 3753 5680 sed

2150 5700 2345 5756 maluit
2384 5698 2683 5774 Egyptite
2710 5694 2919 5774 putare
2946 5694 3176 5774 originis
3205 5738 3219 5762 ,
3256 5696 3398 5774 quod
3425 5695 3515 5774 alii
3565 5704 3752 5765 tamen

2151 5768 2403 5831 auctores
2431 5767 2551 5839 non
2568 5767 2824 5843 probant:
2864 5769 2998 5841 Vide
3023 5767 3227 5837 Quwst.
3257 5767 3572 5839 l'lebraicas.
