4044 6360
188 356 289 413 iii

1566 354 1765 413 LIBER
1801 353 2117 421 GENESIS.

3380 351 3489 407 29.2

190 481 395 525 terram
427 469 707 540 Chanaan,
740 477 794 526 et
817 478 1173 528 narraveruut
1212 467 1263 523 ei
1288 468 1469 525 omnia
1499 484 1620 541 qua:
1651 468 1792 525 acci-
1817 482 1868 546 Α
1895 478 1949 525 et
1996 469 2214 527 fratrem
2248 478 2485 527 vestrum
2542 469 2735 537 tollite,
2768 480 2822 524 et
2867 471 2942 526 ite
2988 470 3056 525 ad
3106 471 3306 526 virum.
3351 469 3490 533 Deus

186 564 405 623 dissent
462 565 561 623 sibi
592 608 607 633 ,
666 565 907 620 dicentes
944 579 958 619 :
992 564 1227 618 Locutus
1247 572 1329 618 est
1359 564 1514 620 nobis
1538 562 1792 619 dominus

188 669 357 715 terra!
384 658 522 723 dure
548 705 563 729 ,
616 668 673 717 et
704 659 909 728 putavit
939 673 1039 717 nos
1068 658 1448 729 exploratores
1474 658 1787 730 provincizn.

185 751 286 807 Cui
318 751 747 824 respondimus:
780 748 996 806 Paciﬁci
1037 763 1260 815 sumus,
1296 764 1399 806 nec
1450 748 1589 805 ullas
1636 748 1793 809 moli-

185 859 313 899 mur
348 843 600 899 insidias.
630 842 925 899 Duodecim
960 840 1155 899 fratres
1185 856 1294 897 uno
1326 848 1478 909 patre
1504 840 1671 911 geniti
1704 856 1795 896 su~

184 953 315 994 mus
352 956 364 991 :
396 952 536 997 unus
565 953 671 997 nan
704 948 787 997 εει
808 953 995 1008 super,
1030 936 1287 993 minimus
1318 952 1443 997 cum
1490 946 1643 1007 patre
1675 952 1795 991 ver-

184 1041 349 1088 satur
380 1033 436 1087 in
474 1041 614 1089 terra
635 1031 916 1095 Chanaan.
962 1032 1065 1101 Qui
1096 1033 1171 1093 ait
1197 1032 1353 1089 nobis
1388 1051 1397 1085 :
1430 1032 1521 1089 Sic
1553 1031 1794 1102 probabo

184 1124 337 1196 quod
368 1126 580 1196 pacifici
601 1127 718 1181 sitis
750 1143 763 1184 :
794 1126 1041 1187 Fratrem
1073 1136 1310 1182 vestrum
1340 1142 1504 1187 unum
1535 1127 1794 1189 dimittite

183 1221 336 1289 apud
373 1236 463 1277 me
484 1263 497 1286 ,
530 1230 584 1281 et
611 1221 815 1277 cibaria
863 1220 1113 1279 domibus
1141 1222 1335 1276 vostris
1366 1222 1669 1277 necessaria
1703 1237 1795 1275 su-

188 1314 352 1375 mite.
373 1325 428 1369 et
453 1313 621 1379 abite,
656 1312 993 1385 fratremque
1018 1326 1256 1369 veStrtnu
1308 1313 1589 1368 minimum
1622 1312 1793 1367 addu-

185 1407 294 1461 cite
328 1408 399 1463 ad
428 1422 516 1462 me
542 1448 559 1475 ,
616 1415 674 1461 ut
723 1406 889 1462 sciam
922 1406 1064 1477 quod
1094 1421 1198 1462 non
1228 1406 1346 1462 sitis
1380 1407 1749 1477 exploratores
1777 1446 1792 1473 ,

183 1510 234 1555 et
260 1500 465 1567 istum,
489 1502 579 1572 qui
623 1512 838 1558 tenetur
882 1502 935 1557 in
960 1502 1220 1570 vinculis,
1253 1502 1494 1572 recipere
1533 1501 1792 1573 possitis:

184 1608 246 1648 ac
278 1591 553 1665 deinceps
582 1593 796 1655 emendi
840 1608 964 1667 qua:
1014 1593 1176 1655 vultis
1208 1593 1451 1649 habeatis
1495 1593 1794 1651 licentiam.

185 1686 287 1751 llis
312 1687 508 1757 dictis,
541 1704 665 1744 cum
698 1690 966 1747 frumenta
1006 1688 1372 1751 effunderent.
1405 1689 1600 1759 singuli
1634 1704 1794 1759 repe-

186 1788 393 1837 rerunt
432 1780 486 1836 in
539 1795 635 1838 ore
686 1795 969 1839 saccorum
1002 1782 1191 1853 ligatas
1224 1782 1481 1852 pecunias
1512 1800 1527 1839 :
1562 1780 1793 1837 exterri-

1895 573 2075 620 autem
2094 564 2279 637 [Vult].
2311 565 2437 623 add.
2460 564 3002 638 meus]omnipotens
3015 564 3347 631 faciatvobis
3363 579 3489 620 eum

1894 660 2234 732 placabilem,
2274 669 2330 717 et
2370 660 2607 721 remittat
2652 660 2929 715 vobiscum
2976 658 3201 715 fratrem
3250 667 3490 727 vestrum

1896 767 2055 822 quem
2085 761 2252 818 tenet,
2281 761 2337 806 et
2366 750 2511 807 hunc
2540 750 2823 819 Beniamin
2850 768 2863 808 :
2888 766 2988 823 ego
3024 760 3202 813 autem
3225 751 3376 823 quasi
3403 766 3493 807 or—

1895 845 2053 902 batus
2084 844 2285 916 absque
2306 845 2490 902 liberis
2511 859 2631 900 ero.
2667 844 2927 900 Tuleruut
2954 859 3083 916 ergo
3115 843 3211 899 viri
3236 857 3485 918 munera,

1896 950 1951 997 et
2004 941 2287 1010 pecuniam
2346 938 2648 1009 duplicem,
2707 948 2761 994 et
2817 938 3096 1009 Benjamin
3138 956 3148 991 :
3190 936 3492 993 descendet

1896 1045 2135 1103 ruutque
2189 1035 2243 1097 in
2293 1031 2610 1104 Egyptnm.
2666 1042 2720 1087 et
2747 1040 3017 1089 steterunt
3062 1046 3244 1087 coram
3266 1028 3491 1101 Ioseph.

1896 1128 2044 1198 Quos
2067 1144 2187 1182 cum
2217 1126 2311 1183 ille
2334 1127 2579 1195 vidisset,
2604 1133 2659 1181 et
2688 1125 2966 1196 Benjamiu
3002 1125 3187 1192 simul,
3237 1121 3498 1194 prtecepit

1896 1222 2259 1299 dispensatori
2314 1221 2509 1295 donius
2559 1235 2706 1290 suze,
2765 1220 2993 1275 dicens:
3028 1216 3283 1275 Introduc
3347 1216 3496 1273 viros

1897 1315 2143 1383 domum,
2178 1326 2230 1371 et
2259 1314 2442 1369 occide
2494 1313 2770 1381 victimas,
2813 1322 2862 1365 et
2906 1311 3112 1367 instrue
3159 1308 3492 1377 convivium,

1898 1412 2151 1482 quoniam
2183 1408 2383 1483 [Vulg.
2414 1409 2538 1463 add.
2571 1406 2763 1480 hodie]
2789 1421 2997 1467 mecum
3026 1412 3153 1460 sunt
3196 1401 3494 1467 comesturi

1898 1500 2143 1563 meridie.
2178 1500 2330 1561 Fecit
2377 1500 2468 1554 ille
2496 1500 2639 1568 quod
2686 1498 2791 1555 sibi
2830 1498 3007 1553 fuerat
3063 1498 3406 1567 imperatum,
3442 1502 3498 1555 et

1900 1592 2203 1648 introduxit
2238 1593 2377 1649 viros
2405 1592 2645 1647 domum.
2698 1589 2886 1660 Ibique
2927 1588 3196 1656 exterriti.
3243 1588 3499 1651 dixerunt

1900 1695 2121 1742 tnutuo:
2156 1686 2704 1758 Iiropterpecuuiam,
2736 1700 2896 1755 quam
2929 1684 3215 1745 retulimus
3260 1684 3409 1755 prius
3441 1683 3495 1743 in

1899 1780 2071 1833 saccis
2106 1780 2326 1848 nostris,
2362 1778 2651 1834 introducti
2698 1793 2904 1843 sumus,
2937 1787 2995 1833 ttt
3037 1778 3287 1839 devolvat
3315 1777 3365 1837 in
3397 1791 3497 1843 nos

186 1876 382 1946 lisque
431 1874 592 1935 simul
652 1875 901 1931 omnibus
932 1919 947 1941 _.
989 1875 1120 1931 dixit
1148 1885 1300 1947 pater
1328 1875 1499 1931 Jacoh
1536 1893 1547 1929 :
1580 1874 1795 1945 Absque
1825 1880 1873 1941 Β
1900 1872 2248 1940 calumniam,
2276 1883 2328 1927 et
2353 1872 2617 1928 violenter
2646 1871 2905 1943 subjiciat
2952 1871 3220 1937 servituti,
3269 1878 3325 1925 et
3374 1885 3496 1943 nos,

183 1967 394 2025 liberis
422 1985 508 2027 me
544 1982 667 2031 esse
710 1968 918 2027 fecistis
943 2011 958 2037 ,
1001 1969 1203 2039 Ioseph
1236 1986 1341 2027 non
1382 1980 1466 2026 est
1494 1985 1679 2039 super,
1706 1970 1796 2026 Si-

184 2075 367 2115 meon
396 2070 608 2121 tenetur
630 2061 683 2118 in
710 2062 963 2130 vinculis,
992 2064 1274 2132 Benjamin
1304 2064 1558 2119 auferetis
1584 2080 1598 2121 :
1625 2066 1678 2119 in
1711 2079 1797 2123 me

184 2153 313 2209 tunc
347 2154 488 2209 mala
516 2155 696 2210 omnia
728 2155 1054 2211 reciderunt.
1091 2155 1187 2215 Cui
1238 2157 1517 2227 respondit
1564 2155 1793 2212 Ruben:

185 2248 353 2307 Duos
374 2246 514 2303 ﬁlios
545 2264 698 2306 meos
730 2250 974 2306 iuterlice
1000 2294 1014 2319 ,
1072 2252 1116 2305 si
1159 2266 1268 2307 non
1321 2252 1596 2307 reduxero
1646 2252 1794 2308 illum

187 2340 289 2401 tibi
322 2358 340 2396 :
376 2341 526 2398 trade
547 2341 695 2397 illum
722 2343 773 2398 in
806 2360 965 2401 manu
990 2359 1140 2412 mea,
1173 2353 1229 2399 et
1250 2360 1352 2416 ego
1401 2360 1525 2402 eum
1574 2346 1667 2407 tibi
1712 2362 1797 2402 re-

184 2435 447 2493 Stituam.
481 2434 550 2490 At
582 2435 672 2491 ille
698 2453 712 2492 :
738 2435 853 2491 Non
882 2436 1200 2505 descendet,
1232 2438 1444 2509 inquit,
1478 2440 1619 2495 filius
1642 2456 1797 2501 meus

186 2526 526 2585 vobiscum:
559 2528 727 2587 frater
753 2529 870 2599 ejus
914 2540 1159 2585 mortuus
1181 2544 1298 2597 eSt,
1351 2532 1468 2602 ipse
1518 2534 1666 2588 solus
1711 2549 1796 2589 re-

187 2624 403 2685 mansit
436 2624 520 2681 :si
567 2624 695 2695 quid
755 2625 802 2681 ei
857 2625 1074 2681 adversi
1123 2625 1383 2682 acciderit
1437 2627 1490 2682 in
1546 2637 1690 2684 terra
1726 2628 1793 2684 ad

188 2728 369 2785 quam
403 2715 647 2786 pergitis,
675 2714 961 2780 deducetis
986 2731 1152 2773 cauos
1176 2732 1327 2774 meos
1357 2734 1480 2774 cum
1511 2719 1702 2776 dolore
1728 2719 1793 2776 ad

190 2808 431 2867 inferos.

266 2900 285 2971 ί
312 2898 377 2954 Β.
411 2898 571 2967 LXII,
595 2898 659 2961 C.
684 2898 920 2965 LXXIII.
952 2901 1080 2979 Cap.
1120 2902 1303 2960 XLIII.
1334 2904 1349 2976 ]
1377 2905 1594 2961 Interim
1625 2906 1795 2962 fames

192 3007 419 3048 otnnem
447 3004 640 3053 terram
660 2996 1013 3055 vehementer
1029 2999 1326 3068 premebat.
1344 3000 1576 3055 Consum
1585 3002 1795 3071 ptisque

195 3084 361 3153 cibis,
404 3101 536 3156 quos
558 3101 622 3142 ex
654 3084 887 3165 Egypto
956 3088 1285 3158 detulerant,
1339 3091 1473 3146 dixit
1519 3092 1683 3148 Iacob
1728 3092 1795 3148 ad

196 3180 347 3236 filios
373 3196 501 3237 suos
526 3182 932 3257 :Revertimini,
963 3194 1017 3241 et
1047 3187 1207 3241 emite
1230 3185 1418 3260 [Vulg.
1446 3187 1572 3241 add.
1617 3186 1793 3260 nobis]

1903 1981 1955 2027 et
1979 1971 2160 2027 asinos
2190 1981 2427 2025 nostros.
2452 1970 2816 2039 Quamobrem
2868 1971 2919 2025 in
2945 1972 3077 2041 ipsis
3104 1970 3310 2031 foribus
3341 1984 3498 2027 acce-

1901 2064 2093 2117 dentes
2122 2062 2188 2116 ad
2222 2063 2650 2134 dispenSatorem
2678 2063 2694 2137 [
2732 2062 2881 2136 Vulg.
2914 2064 3041 2117 add.
3070 2061 3296 2136 domus]
3331 2062 3499 2129 locuti

1900 2169 2025 2213 sunt
2056 2174 2068 2211 :
2102 2155 2355 2227 Oramus,
2388 2155 2630 2227 domine,
2658 2169 2712 2221 ut
2738 2156 2928 2212 audias
2956 2156 3153 2229 [Vulg.
3182 2156 3309 2217 add.
3340 2155 3497 2229 nos].

1900 2250 2018 2306 Jam
2052 2259 2178 2306 ante
2226 2249 2607 2315 descendimus
2651 2260 2707 2305 ut
2738 2264 3044 2315 emeremus
3095 2266 3271 2318 escas,
3302 2251 3498 2321 quibus

1901 2345 2118 2414 emptis,
2143 2361 2263 2400 cum
2298 2346 2640 2399 venissemus
2663 2344 2728 2397 ad
2761 2343 3142 2409 diversorium,
3183 2344 3496 2416 aperuimus

1900 2442 2145 2497 sacculos
2187 2449 2423 2505 nostros,
2449 2447 2504 2493 et
2536 2436 2841 2492 invenimus
2865 2438 3146 2506 pecuniam
3180 2436 3233 2491 in
3260 2452 3353 2493 ore
3380 2451 3500 2492 sac-

1900 2548 2089 2588 Corum
2127 2548 2322 2602 :quam
2346 2547 2488 2585 nunc
2535 2529 2722 2593 eodem
2778 2529 3017 2598 pondere
3070 2529 3496 2600 reportavimus.

1902 2628 2009 2684 Sed
2037 2638 2090 2682 et
2132 2626 2275 2681 aliud
2310 2626 2591 2681 attulimus
2646 2636 2949 2695 argentum,
3007 2633 3065 2679 ut
3092 2639 3337 2680 emamus
3378 2640 3499 2696 qua:

1901 2721 1921 2795 [
1960 2720 2112 2793 Vulg.
2141 2721 2268 2775 add.
2322 2721 2479 2777 nobis
2510 2720 2529 2795 ]
2563 2718 2872 2779 necessaria
2934 2727 3061 2774 sunt
3095 2736 3108 2772 :
3143 2732 3249 2772 non
3306 2725 3392 2773 est
3442 2716 3497 2781 in

1901 2825 2083 2873 nostra
2113 2815 2468 2884 conscientia,
2506 2818 2625 2886 quis
2655 2830 2775 2870 eam
2824 2815 3069 2886 pesuerit
3113 2814 3164 2869 in
3211 2814 3503 2885 marsupiis

1902 2912 2123 2967 nostris.
2179 2910 2247 2965 At
2279 2910 2369 2965 ille
2400 2909 2711 2979 restiondit.
2740 2907 2845 2962 Pax
2896 2906 3202 2971 vobiscum,
3244 2906 3411 2962 nolite
3434 2908 3504 2961 ti-

1903 3018 2051 3058 mere
2085 3022 2094 3054 :
2124 3002 2269 3058 Dens
2326 3010 2529 3067 vester,
2577 3009 2630 3054 ct
2682 2999 2824 3059 Deus
2873 2997 3041 3066 patris
3096 2998 3296 3064 vestri,
3354 2997 3505 3055 dedit

1900 3097 2053 3152 vobis
2082 3096 2364 3151 thesauros
2397 3096 2447 3149 in
2491 3093 2723 3150 sacculis
2752 3094 2985 3159 vestris;
3045 3108 3167 3149 nam
3195 3092 3500 3162 pecuniam,

1902 3207 2063 3262 quam
2087 3190 2318 3246 dedistis
2342 3187 2498 3259 mihi,
2528 3184 2807 3259 probatam
2838 3203 2938 3258 ego
2967 3186 3160 3245 habeo.
3192 3185 3503 3255 Eduxitque

199 3275 499 3347 pauxillum
544 3292 812 3333 esearum.
856 3278 1157 3350 Respondit
1197 3280 1363 3345 Judas
1396 3298 1407 3335 :
1442 3280 1796 3336 Dcnuntiavit

1905 3286 1967 3340 ad
1990 3301 2085 3343 eos
2112 3284 2357 3340 Simeon.
2384 3284 2447 3339 Et
2472 3281 2793 3337 introductis
2816 3280 3060 3348 domum,
3080 3279 3257 3341 attulit
3280 3293 3502 3348 aquam,

198 3368 286 3423 vir
310 3369 467 3427 nobis
509 3370 603 3427 ille
631 3371 733 3426 sub
757 3372 1135 3431 testificatione
1160 3374 1396 3444 jurandi,
1430 3375 1615 3431 dicens
1646 3374 1798 3439 :Non

204 3465 460 3525 videbitis
475 3465 665 3521 faciem
681 3469 993 3537 meam,nisi
1018 3469 1239 3529 fratrem
1255 3479 1491 3526 vestrum
1520 3468 1800 3527 minimum

202 3559 539 3615 adduxeritis
561 3558 857 3621 vobiscum.
883 3561 939 3619 Si
966 3578 1099 3634 ergo
1122 3563 1203 3619 vis
1230 3565 1445 3619 mittere
1463 3580 1587 3618 eum
1621 3563 1805 3618 nobis-

203 3664 357 3719 eum,
388 3666 677 3724 pergetuus
710 3653 933 3723 pariter,
968 3663 1023 3711 et
1053 3669 1296 3711 etnemus
1327 3656 1419 3711 tibi
1453 3658 1753 3711 necessaria
1785 3673 1799 3719 ι

206 3744 287 3797 sin
315 3751 499 3801 autem
548 3759 655 3800 non
699 3746 801 3817 vis,
852 3761 959 3805 non
983 3746 1179 3805 ibimus
1206 3765 1221 3801 :
1251 3748 1335 3805 vir
1362 3749 1529 3815 enim,
1561 3761 1615 3803 ιιι
1659 3763 1805 3820 stepe

207 3836 469 3907 diximus,
515 3838 850 3901 denuntiavit
904 3842 1092 3907 nobis,
1123 3840 1310 3899 dicens
1341 3859 1355 3897 :
1385 3841 1503 3897 Noti
1552 3841 1805 3898 videbitis

206 3927 402 3987 faciem
448 3946 627 3989 meam
682 3932 886 4005 absque
934 3934 1101 3997 fratre
1147 3946 1329 4001 vestro
1366 3936 1614 3993 minimo.
1664 3936 1807 3992 Dixit

208 4021 290 4076 eis
320 4019 525 4078 Israel:
558 4022 615 4083 In
660 4040 835 4087 meam
878 4025 978 4083 hoc
1008 4028 1211 4095 fecistis
1263 4029 1556 4097 miseriam,
1585 4036 1642 4083 ut
1668 4027 1807 4091 indi-

210 4121 410 4178 caretis
428 4131 487 4183 et
513 4122 684 4187 alium
729 4124 933 4183 habere
964 4141 1061 4191 vos
1089 4128 1333 4189 fratrem.
1378 4130 1447 4192 At
1474 4128 1551 4184 illi
1578 4144 1805 4201 respon-

212 4216 408 4271 derunt
431 4233 445 4270 :
468 4215 832 4289 Interrogavit
859 4234 959 4277 nos
982 4219 1145 4283 homo
1172 4237 1268 4292 per
1287 4221 1532 4277 ordinem
1566 4233 1804 4279 nostram

212 4310 529 4379 progeniem
556 4327 569 4363 :
601 4312 646 4368 si
680 4323 837 4383 pater
863 4314 1094 4382 viveret,
1124 4315 1171 4371 si
1197 4314 1524 4372 haberemus
1559 4316 1803 4385 fratrem.

214 4413 268 4459 et
313 4418 413 4465 nos
443 4404 826 4477 respondimus
854 4407 904 4473 ei
952 4421 1349 4480 consequenter
1391 4408 1547 4481 juxta
1579 4408 1631 4464 id
1661 4410 1805 4482 quod

214 4496 390 4555 fuerat
442 4499 1078 4574 sciscitatusznumquid
1127 4505 1270 4567 scire
1300 4516 1607 4575 poteramus
1660 4503 1805 4575 quod

218 4590 460 4647 dicturus
476 4603 658 4654 esset:
677 4593 950 4657 Adducite
975 4597 1251 4663 vobiscum
1270 4598 1493 4653 fratrem
1522 4610 1761 4654 vestrum
1784 4599 1807 4652 ἲ

1905 3392 1958 3437 et
2010 3381 2260 3439 laverunt
2292 3376 2458 3449 pedes
2489 3392 2639 3441 suos,
2666 3374 2924 3443 deditque
2958 3373 3149 3444 pabula
3200 3371 3368 3427 asinis
3408 3386 3501 3425 8οτ

1906 3488 2045 3528 rum.
2089 3470 2166 3528 Illi
2198 3486 2329 3533 vero
2357 3468 2617 3540 parabant
2640 3483 2885 3535 munera,
2914 3466 3089 3531 donec
3132 3465 3503 3543 ingrederetur

1903 3565 2103 3635 Joseph
2138 3565 2363 3623 meridie
2398 3564 2722 3621 :audieraut
2750 3560 2899 3621 enim
2930 3557 3074 3639 quod
3108 3558 3179 3612 ibi
3230 3555 3505 3621 comesuri

1904 3672 2091 3720 essent
2140 3675 2355 3735 panem,
2418 3660 2583 3729 Igitur
2622 3657 2900 3733 ingressus
2927 3664 3008 3711 cst
3037 3651 3240 3731 Ioseph
3281 3650 3500 3713 domum

1904 3772 2084 3826 suam,
2119 3754 2543 3823 obtuleruntque
2590 3751 2641 3807 ei
2674 3764 2917 3813 munera,
2948 3755 3199 3811 tenentes
3242 3743 3295 3803 in
3327 3742 3507 3798 moni-

1908 3852 2045 3924 bus[
2074 3850 2236 3922 Vulg.
2279 3849 2407 3905 add.
2459 3844 2667 3918 suis]:
2714 3841 2770 3903 ei
2825 3842 3191 3898 adoraverunt
3241 3837 3396 3909 proni
3450 3836 3505 3891 in

1910 3957 2134 4007 terram.
2166 3948 2235 4011 At
2259 3943 2349 4001 ille
2368 3942 2669 3999 clementer
2693 3937 3003 4003 resalutatis
3024 3935 3125 4000 eis,
3159 3929 3514 4000 interrogavit

1908 4040 1931 4115 [
1968 4041 2123 4113 Vulg.
2159 4038 2285 4101 add.
2314 4052 2407 4093 eos
2435 4034 2477 4109 ],
2501 4033 2688 4090 dicens
2714 4050 2727 4085 :
2749 4030 3016 4091 Salvusnc
3041 4036 3130 4085 .est
3148 4034 3301 4097 pater
3329 4032 3510 4089 vester

1908 4149 2096 4201 senex,
2156 4131 2224 4191 de
2272 4144 2385 4203 quo
2424 4126 2690 4187 discretis
2744 4121 2912 4179 mibi?
2960 4120 3139 4177 adhuc
3190 4117 3353 4179 vivit?
3404 4116 3508 4183 Qui

1908 4226 2345 4300 responderunt:
2376 4224 2577 4294 Sospes
2609 4230 2692 4277 est
2717 4232 2913 4279 servus
2940 4227 3061 4273 tuus
3109 4223 3263 4293 pater
3301 4220 3512 4275 noster,

1909 4323 2088 4381 adhuc
2119 4320 2273 4387 vivit.
2318 4318 2386 4377 Et
2430 4313 2723 4387 incurvati,
2765 4311 3126 4369 adoravereut
3152 4322 3297 4372 eum.
3334 4303 3515 4367 Attol-

1910 4418 2031 4474 Ieus
2071 4424 2254 4481 autem
2302 4411 2491 4477 oculos
2535 4406 2761 4479 Ioseph,
2794 4406 2927 4465 vidit
2976 4402 3255 4473 Benjamiu
3282 4396 3505 4461 fratrem

1910 4528 2068 4571 suum
2100 4511 2393 4577 uterimtm,
2427 4516 2481 4564 et
2509 4508 2583 4571 ait
2616 4505 2759 4561 :Iste
2787 4512 2873 4563 est
2902 4501 3071 4558 frater
3108 4510 3286 4555 vesmr
3312 4510 3509 4567 parvu-

1913 4609 2015 4675 lus,
2042 4608 2115 4669 de
2140 4622 2249 4679 quo
2280 4601 2539 4667 discretis
2568 4599 2738 4665 mihi?
2763 4599 2825 4654 Et
2857 4610 3043 4657 rursus
3062 4612 3073 4648 :
3092 4593 3256 4661 Deus,
3310 4588 3504 4660 inquit,

221 4681 381 4740 ludas
406 4700 626 4760 quoque
656 4689 793 4751 dixit
817 4690 955 4761 patri
978 4706 1113 4749 suo:
1133 4692 1283 4755 Mitte
1312 4709 1537 4763 puerum
1570 4708 1800 4761 mecum,

1911 4703 2233 4763 misereatur
2265 4696 2363 4767 tui,
2392 4694 2582 4761 filimi.
2616 4688 3039 4762 Festinavitque,
3068 4686 3191 4757 quia
3236 4688 3509 4739 commota

222 4795 277 4845 ut
300 4789 726 4860 proficiscamur,
750 4802 805 4851 et
854 4795 1125 4863 poesimus
1176 4796 1380 4865 vivere,
1416 4812 1485 4853 ne
1514 4798 1811 4854 moriamur

223 4906 316 4947 nos
345 4902 403 4950 et
429 4895 638 4964 parvuli
656 4897 850 4953 nostri.
879 4897 995 4969 Ego
1016 4900 1253 4970 suscipio
1282 4900 1624 4971 puerum:de
1647 4916 1807 4955 manu

226 5008 339 5050 mea
367 4998 584 5067 require
614 4997 766 5054 illum
792 5017 807 5055 :
836 5000 940 5057 nisi
970 5000 1265 5068 reduxere,
1310 5010 1364 5058 et
1389 5003 1662 5059 tradidero
1686 5019 1809 5060 eum

1908 4794 2129 4851 fuerunt
2158 4793 2367 4847 viscera
2389 4789 2507 4861 ejus
2531 4802 2697 4857 super
2727 4784 2894 4841 fratre
2915 4798 3036 4855 suo,
3078 4789 3137 4837 et
3158 4776 3515 4849 erumpebant

1910 4902 2191 4971 lacryma.
2223 4904 2279 4952 et
2300 4894 2567 4951 introieris
2608 4888 2943 4955 cubiculum,
2988 4884 3157 4942 flevit.
3199 4882 3514 4951 Rursusque

1913 5004 2024 5059 lota
2048 5001 2185 5057 facie
2209 5013 2486 5071 egressus,
2519 4995 2788 5053 continuit
2813 5007 2874 5049 se
2894 4999 2950 5048 et
2978 4990 3053 5046 ait
3072 5007 3084 5045 :
3102 4987 3295 5044 Ponite
3323 4998 3512 5056 panes.

225 5102 338 5171 tibi,
390 5119 487 5159 ero
522 5107 727 5177 peccati
780 5106 836 5162 in
870 5116 921 5163 te
947 5122 1073 5163 reus
1125 5108 1269 5163 omni
1300 5118 1563 5180 tempore.
1596 5108 1652 5165 Si
1704 5124 1800 5163 non

1912 5095 2120 5165 Quibus
2138 5091 2405 5165 appositis
2430 5104 2673 5147 seorsum
2703 5085 2927 5158 Ioseph,
2959 5093 3018 5140 et
3059 5096 3307 5139 seorsum
3338 5077 3516 5135 fratri-

230 5198 619 5257 iutercessisset
668 5201 880 5272 dilatio,
914 5203 1026 5274 jam
1074 5204 1196 5259 vice
1249 5203 1416 5259 altera
1447 5206 1809 5260 venissemus.

231 5303 390 5376 Igitur
421 5306 583 5363 Israel
616 5320 766 5380 pater
791 5323 979 5365 eorum
1008 5308 1143 5363 dixit
1162 5310 1228 5364 ad
1255 5324 1349 5365 eos
1369 5326 1381 5365 :
1403 5310 1457 5365 Si
1484 5309 1561 5365 sic
1590 5325 1815 5365 necesse

230 5420 329 5479 εει,
357 5409 513 5469 facile
538 5410 681 5482 quod
707 5412 890 5477 vultis,
914 5412 1112 5467 sumite
1134 5410 1201 5468 de
1222 5411 1479 5484 0ptitnis[
1501 5412 1657 5487 Vulg.
1686 5412 1815 5467 add.

233 5510 525 5587 fructibus]
572 5522 730 5570 terrae
764 5514 814 5568 in
870 5515 1015 5569 vasis
1036 5514 1255 5581 vestris,
1302 5521 1357 5568 et
1387 5512 1525 5569 ferte
1553 5514 1671 5569 viro
1694 5530 1817 5569 mu-

238 5630 380 5684 nera,
404 5616 678 5672 modicum
704 5616 920 5684 resinae,
946 5627 1000 5672 et
1018 5615 1224 5685 mellis,
1247 5614 1568 5688 etstyracis,
1595 5624 1816 5683 stactes,

237 5730 286 5775 et
314 5719 627 5789 terebinthi,
676 5731 731 5777 et
784 5720 1213 5793 amygdalarum.
1268 5720 1560 5789 Pecuniam
1608 5736 1826 5792 quoque

1919 5198 2043 5264 bus,
2074 5195 2342 5270 {Egyptiis
2366 5207 2601 5265 quoque,
2626 5190 2718 5261 qui
2753 5188 3119 5244 vescebantur
3155 5184 3337 5250 simul,
3367 5196 3520 5237 seor-

1922 5316 2039 5356 sum
2077 5299 2361 5372 (illicitum
2410 5304 2494 5351 est
2541 5295 2687 5352 enim
2738 5290 3006 5365 Egyptiis
3058 5287 3351 5344 comedere
3393 5297 3518 5338 cum

1924 5402 2187 5469 Hebraeis,
2240 5408 2295 5455 et
2342 5397 2623 5470 profanum
2664 5404 2859 5468 putant
2913 5386 3287 5463 hujuscemodi
3330 5385 3521 5441 convi-

1925 5504 2119 5577 vium),
2153 5503 2411 5560 sederunt
2431 5516 2612 5557 coram
2659 5514 2743 5565 eo,
2779 5495 3173 5568 primogenitus
3199 5493 3358 5563 juxta
3413 5489 3523 5559 pri—

1925 5608 2195 5678 mogenita
2223 5622 2343 5672 sua,
2369 5614 2427 5661 et
2482 5603 2737 5659 minimus
2781 5601 2937 5671 juxta
2964 5608 3179 5667 mtatcm
3232 5608 3407 5659 suam,
3453 5590 3520 5645 Et

1929 5710 2266 5765 mirabantur
2297 5705 2585 5781 (nimis)[
2616 5705 2671 5759 h.
2709 5704 2805 5759 viri
2849 5703 2917 5757 ad
2962 5695 3244 5782 invicem]
3290 5692 3524 5764 sumptis

234 5815 501 5885 duplicem
522 5815 997 5884 ferte-uobiscum,
1027 5825 1083 5881 et
1129 5815 1490 5886 illamquatu
1542 5814 1829 5880 invenistis
1930 5814 2176 5886 partibus
2204 5855 2217 5880 ,
2269 5828 2404 5885 quas
2453 5811 2522 5867 ab
2568 5825 2635 5866 eo
2679 5814 3002 5880 acceperant
3036 5802 3355 5873 :majorque
3401 5808 3529 5869 pars

238 5908 286 5964 in
311 5911 561 5981 sacculis,
586 5919 885 5984 rcportate,
914 5926 983 5969 ne
998 5910 1138 5970 forte
1162 5926 1350 5970 errore
1371 5910 1580 5968 factum
1610 5911 1703 5980 sit;
1734 5909 1831 5968 sed

1936 5909 2087 5968 venit
2141 5906 2424 5980 Deidamia
2460 5951 2474 5979 ,
2526 5906 2603 5963 ita
2669 5911 2727 5967 ut
2780 5901 3017 5975 quinque
3070 5894 3316 5970 partibus
3367 5905 3532 5952 exce-
