3912 6348
460 378 569 436 223

459 494 635 553 deret.
697 502 725 533 ει
775 492 1145 565 Biberuntque
1197 498 1253 549 et
1304 488 1554 549 inebriati
1615 496 1743 545 sunt
1786 501 1908 543 cum
1962 499 2052 543 eo.
2080 483 2137 546 Δ

532 589 553 663 [
571 589 699 664 Cap.
719 584 905 646 XLIV.
922 588 941 663 ]
963 588 1233 660 Praecepit
1250 596 1430 644 autem
1453 583 1662 655 Joseph
1691 581 2057 654 dispensatori

460 683 658 741 domus
684 700 818 752 sine,
848 682 1035 740 dicens
1065 700 1078 737 :
1114 681 1285 753 Imple
1314 695 1503 737 saccos
1534 694 1725 737 eorum
1758 677 2052 745 frumento,

457 786 727 851 quantum
760 780 966 849 possint
989 791 1210 849 capere,
1241 783 1298 832 et
1324 789 1466 848 pone
1505 772 1788 845 pecuniam
1820 771 2062 844 singulo-

459 888 581 929 rum
612 872 666 929 in
691 873 1007 928 summitate
1036 871 1203 928 sacci.
1234 868 1509 942 Scyphum
1551 877 1729 923 autem
1760 881 1942 922 meum
1964 880 2058 920 ar-

459 958 736 1040 genteum,
767 976 821 1024 et
843 968 1072 1039 pretium
1103 964 1248 1039 quod
1274 964 1424 1022 dedit
1447 965 1631 1036 tritici,
1655 964 1683 1004 ι»
1709 979 1848 1035 pone
1871 966 1925 1019 in
1964 978 2061 1020 ore

463 1061 606 1117 sacci
635 1061 881 1132 iunioris.
904 1060 1232 1130 Factumque
1246 1053 1331 1115 eSt
1344 1059 1438 1115 ita.
1458 1058 1655 1115 Etorto
1670 1072 1849 1127 mane,
1874 1058 2064 1133 dimis-

464 1155 511 1211 si
553 1164 678 1211 suut
706 1170 827 1210 cum
858 1154 1025 1210 asinis
1054 1154 1188 1209 suis.
1219 1152 1445 1225 Jamque
1499 1154 1632 1209 urbe
1684 1152 1948 1217 exierant,
2009 1160 2062 1208 et

467 1257 848 1319 processerant
872 1247 1145 1317 paululum
1165 1266 1178 1302 :
1197 1257 1324 1304 tunc
1344 1248 1543 1321 Ioseph
1557 1250 1827 1307 accersito
1857 1250 2064 1323 dispen-

467 1350 649 1397 satore
675 1340 869 1398 domus
902 1358 917 1397 :
950 1341 1153 1412 Surge,
1185 1342 1382 1412 inquit,
1434 1357 1765 1414 persequere
1790 1341 1939 1398 viros
1968 1362 1981 1398 :
2008 1352 2066 1400 ct

368 1458 380 1469 -
466 1435 825 1505 apprehensis
879 1434 1302 1502 dicitonuare
1346 1436 1664 1492 reddidistis
1718 1438 1918 1492 malum
1970 1453 2067 1508 pro

470 1526 653 1583 bono?
678 1526 957 1599 Scyphum
998 1543 1158 1598 quem
1191 1527 1355 1583 iurati
1385 1529 1541 1596 estis,
1573 1529 1691 1599 ipse
1736 1538 1816 1585 est
1853 1530 1905 1585 in
1958 1544 2066 1602 quo

468 1620 607 1678 bibit
628 1621 883 1679 dominus
911 1630 1157 1687 meus,et
1177 1623 1231 1677 iu
1263 1637 1371 1694 quo
1392 1623 1645 1695 augurari
1695 1623 1872 1679 solet:
1898 1623 2070 1692 pessi-

473 1731 616 1771 mam
641 1730 758 1772 rem
786 1713 1012 1772 fecistis.
1049 1716 1199 1772 Fecit
1236 1715 1330 1773 ille
1375 1726 1433 1772 ut
1473 1716 1732 1787 jusserat.
1783 1716 1851 1771 Et
1879 1730 2074 1787 appre-

475 1812 663 1869 hensis
698 1828 796 1886 per
825 1814 1079 1870 ordinem
1111 1813 1321 1870 locutus
1351 1822 1453 1870 est.
1486 1813 1589 1883 Qui
1620 1813 2021 1883 responderunt
2053 1831 2067 1867 :

477 1911 659 1979 Quare
706 1911 787 1967 sic
838 1911 1082 1982 loquitur
1123 1909 1377 1967 dominus
1432 1920 1638 1977 noster,
1687 1919 1746 1965 ut
1800 1908 1945 1966 servi
1993 1908 2071 1964 tui
2102 1874 2152 1936 Β

479 1991 685 2061 tantum
715 2002 901 2075 ﬂagitii
933 2004 1353 2060 commiserint?
1380 2003 1693 2072 Pecuniam,
1741 2019 1904 2075 quam
1925 2005 2079 2060 inve-

479 2099 657 2154 nimus
707 2097 762 2154 in
786 2098 1098 2155 summitate
1124 2113 1433 2169 saccorum,
1484 2098 1884 2169 reportavimus
1932 2099 1998 2154 ad
2024 2107 2077 2157 te

477 2191 545 2247 de
566 2198 712 2249 terra
732 2191 989 2249 Chanaan
1022 2201 1115 2249 :et
1150 2207 1260 2265 quo
1313 2192 1475 2249 modo
1520 2206 1861 2264 consequens
1911 2201 1995 2249 est
2019 2200 2080 2249 ut

478 2285 639 2341 iurati
685 2290 856 2343 simus
883 2284 952 2342 de
976 2285 1143 2342 domo
1185 2286 1395 2342 domini
1427 2286 1502 2342 tui
1541 2301 1730 2342 aurum
1752 2285 1840 2343 vel
1886 2301 2079 2358 argen—

485 2373 635 2435 tum?
662 2378 815 2450 Apud
851 2394 1249 2451 quemcumque
1290 2379 1453 2437 fuerit
1495 2381 1774 2438 inventum
1799 2394 2077 2435 servorum

483 2479 702 2526 tuorum
732 2470 879 2542 quod
906 2472 1127 2543 qumris,
1155 2472 1443 2541 moriatur,
1494 2482 1546 2528 et
1575 2487 1676 2528 nos
1703 2474 1846 2528 servi
1876 2470 2081 2528 erimus

484 2564 692 2621 domini
747 2565 941 2621 nostri.
996 2567 1098 2635 Qui
1141 2566 1276 2623 dixit
1305 2568 1386 2623 eis
1419 2585 1433 2623 :
1467 2566 1589 2624 Fiat
1635 2567 1788 2638 juxta
1841 2576 2081 2623 vestram

483 2658 812 2714 sententiam
849 2677 862 2714 :
896 2658 1041 2729 apud
1091 2674 1488 2731 quemcumque
1542 2659 1707 2716 fuerit
1760 2659 2038 2715 inventum
2067 2698 2082 2724 ,

488 2753 607 2825 ipse
630 2753 698 2808 sit
719 2768 914 2810 servus
937 2768 1112 2821 meus,
1139 2769 1235 2811 vos
1261 2762 1442 2811 autem
1467 2755 1619 2812 eritis
1643 2754 1869 2810 innoxii.
1898 2752 2086 2825 itaque

484 2843 744 2902 festinato
773 2846 1111 2917 deponentes
1143 2847 1197 2902 in
1251 2856 1454 2903 terram
1487 2861 1697 2917 saccos,
1752 2854 2089 2916 aperuerunt

489 2938 708 3008 singuli.
767 2939 914 3007 Quos
956 2947 1263 3008 scrutatus,
1319 2939 1585 3009 incipiens
1613 2954 1645 2992 a
1676 2939 1882 3007 majore
1912 2953 2087 3010 usque

488 3033 553 3087 ad
588 3033 890 3103 minimum,
938 3034 1150 3091 invenit
1187 3032 1459 3106 scyphum
1507 3033 1560 3088 in
1592 3047 1758 3089 sacco
1779 3032 2082 3102 Benjamin.

489 3125 561 3182 At
589 3126 690 3196 illi,
722 3126 909 3182 scissis
931 3126 1196 3197 vestibus,
1224 3127 1574 3197 oneratisque
1621 3142 1836 3181 rursum
1881 3125 2050 3181 asinis
2072 3167 2088 3193 ,

488 3218 692 3275 reversi
724 3228 850 3274 sunt
877 3219 928 3275 in
958 3218 1236 3291 Oppidum.
1271 3219 1594 3290 Primusque
1621 3219 1789 3275 Judas
1820 3234 1942 3275 cum
1982 3219 2090 3274 fra-

492 3312 667 3391 tribus
708 3313 985 3384 ingressus
1004 3322 1086 3369 est
1106 3313 1171 3369 ad
1196 3312 1397 3385 Ioseph
1431 3312 1685 3386 (necdum
1715 3314 1857 3369 enim
1882 3313 2090 3369 deloco

490 3406 735 3478 abierat)
766 3406 1063 3479 omnesque
1093 3416 1218 3463 ante
1269 3423 1395 3464 eum
1423 3408 1475 3462 in
1509 3417 1706 3462 terram
1737 3406 1942 3478 pariter
1972 3421 2092 3461 cor-

493 3508 737 3554 ruerunt.
787 3498 993 3567 Quibus
1030 3498 1120 3555 ille
1160 3498 1271 3555 ait:
1300 3497 1410 3555 Cur
1438 3500 1517 3557 sic
1539 3515 1699 3571 agere
1725 3499 2004 3555 voluistis?
2026 3514 2092 3554 an

491 3588 752 3660 ignoratis
773 3590 915 3661 quod
943 3607 1048 3647 non
1067 3591 1137 3648 sit
1148 3591 1340 3648 similis
1352 3592 1457 3647 mei
1477 3594 1526 3647 in
1542 3578 1833 3663 augurandi
1849 3591 2097 3647 scientia?

494 3680 596 3737 Cui
622 3682 788 3738 Judas
816 3703 829 3740 :
854 3684 989 3750 Quid
1007 3684 1483 3755 respondebimus,
1501 3685 1697 3756 inquit,
1713 3685 1931 3740 domino
1950 3684 2098 3739 meo?

500 3777 581 3831 vel
605 3777 732 3848 quid
764 3778 1071 3849 loquemur,
1103 3789 1196 3835 aut
1231 3779 1379 3850 juste
1422 3778 1725 3851 poterimus
1749 3777 2096 3835 obtendere?

502 3868 648 3925 Deus
713 3871 919 3926 invenit
983 3871 1319 3943 iniquitatem
1386 3887 1667 3929 servorum
1742 3881 2095 3929 tuorumzcn

500 3975 692 4018 omnes
718 3965 859 4019 servi
886 3980 1074 4021 sumus
1095 3965 1300 4022 domini
1324 3967 1452 4037 mei,
1481 3974 1537 4023 et
1566 3981 1685 4035 nos,
1706 3975 1761 4022 et
1780 3966 1921 4038 apud
1939 3982 2096 4032 quem

500 4055 755 4112 iuventus
776 4068 858 4115 est
880 4059 1141 4133 scyphus.
1166 4060 1468 4130 Respondit
1510 4059 1921 4131 Joseph:Absit
1948 4076 1976 4115 a
2011 4076 2099 4118 me

501 4156 562 4203 ut
593 4150 671 4206 sic
698 4166 881 4224 agam:
903 4153 993 4224 qui
1026 4152 1236 4209 furatus
1258 4162 1343 4209 est
1368 4153 1654 4226 scyphum,
1680 4153 1798 4225 ipse
1820 4154 1890 4209 sit
1912 4167 2100 4209 servus

508 4260 660 4301 meus
694 4261 828 4302 :vos
876 4260 1052 4303 autem
1085 4248 1232 4303 abite
1268 4247 1425 4303 liberi
1477 4247 1543 4303 ad
1595 4256 1808 4319 patrem
1835 4258 2127 4304 vestrum.’

507 4338 790 4396 Accedens
813 4350 996 4397 autem
1019 4342 1242 4413 propius
1267 4342 1298 4397 ,Ι
1304 4340 1460 4408 udas,
1481 4340 1821 4397 conﬁdenter
1841 4342 1914 4395 ait
1936 4360 1949 4395 :
1968 4340 2100 4407 Oro,

2116 3272 2164 3339 C

402 4481 409 4485 .
504 4432 730 4490 domine
758 4435 854 4501 mi,
879 4435 1134 4505 loquatur
1160 4449 1354 4492 servus
1390 4444 1512 4491 tuus
1541 4434 1765 4491 verbum
1795 4434 1849 4489 in
1878 4433 2104 4489 auribus

509 4525 637 4592 tuis,
687 4535 743 4581 et
783 4541 852 4582 ne
902 4525 1156 4583 irascaris
1182 4526 1390 4583 famulo
1429 4536 1560 4583 tuo:
1590 4536 1647 4582 tu
1686 4541 1744 4582 es
1787 4526 1936 4581 enim
1984 4526 2109 4595 post

508 4616 848 4675 Pharaonem
869 4619 1121 4677 dominus
1148 4636 1326 4677 meus.
1360 4620 1709 4692 lnterrogasti
1734 4620 1882 4690 prius
1909 4634 2103 4676 servos

1463 373 1523 431 S.
1569 367 1950 431 HIERONYMI
1988 365 2220 426 DlVlNA
2260 369 2741 429 BlBLlOTllECA.

3646 369 3747 428 224

2161 484 2303 541 nerit
2329 484 2497 542 frater
2524 495 2705 544 vester
2732 486 2990 545 minimus
3026 488 3328 559 vobiscum,
3361 502 3470 545 non
3498 488 3747 546 videbitis

2162 579 2392 649 amplius
2414 578 2605 637 faciem
2640 596 2840 638 meam.
2871 581 3006 638 Cum
3053 598 3185 654 ergo
3224 582 3651 639 ascendissemus
3683 581 3748 638 ad

2161 668 2429 728 famulum
2483 683 2653 740 tuum,
2709 684 2920 746 patrem
2980 686 3250 744 nostrum,
3307 677 3649 732 narravimus
3701 674 3750 730 ci

2161 764 2338 819 omnia
2366 780 2487 836 qum
2515 765 2728 823 locutus
2756 776 2841 823 est
2868 766 3120 823 dominus
3145 783 3318 823 meus.
3350 767 3417 824 Et
3445 768 3583 823 dixit
3604 776 3753 841 pater

2163 866 2349 911 noster
2383 857 2802 925 :Hevertimiui,
2837 868 2891 915 et
2928 858 3093 914 emite
3124 859 3283 915 nobis
3332 874 3521 929 parum
3570 856 3751 913 tritici.

2164 947 2267 1002 Cui
2307 949 2563 1005 diximus.
2582 950 2664 1007 lre
2689 966 2793 1007 nou
2824 965 3149 1022 possumus:
3177 952 3220 1006 si
3252 950 3424 1007 frater
3451 958 3639 1007 uoster
3666 948 3758 1005 mi-

2166 1039 2346 1096 nimus
2369 1040 2661 1098 descendat
2691 1041 2880 1115 [γαίῃ.
2908 1041 3275 1114 descenderit]
3300 1041 3578 1098 nobiscum
3596 1083 3610 1108 ,
3637 1055 3759 1113 pro-

2167 1131 2472 1189 ficiscemur
2494 1134 2657 1189 simul
2679 1134 2971 1207 :alioquin,
2992 1136 3082 1192 illo
3103 1136 3349 1203 absente,
3373 1150 3479 1190 non
3499 1134 3758 1190 audemus

2167 1224 2352 1281 videre
2374 1224 2567 1281 faciem
2597 1227 2721 1282 viri.
2755 1228 2834 1284 Ad
2860 1244 2980 1299 quae
3013 1228 3103 1285 ille
3152 1227 3588 1299 respondit:Vos
3615 1227 3762 1282 scitis

2170 1317 2313 1389 quod
2356 1318 2493 1374 duos
2546 1321 2796 1391 genuerit
2842 1323 2971 1377 mihi
3002 1337 3142 1377 uxor
3185 1336 3325 1393 mea.
3371 1322 3633 1393 Egressus
3680 1329 3765 1376 est

2171 1426 2334 1478 unus,
2365 1419 2423 1467 et
2449 1412 2697 1468 dixistis:
2726 1414 2901 1469 Bestia
2924 1414 3209 1470 devoravit
3228 1429 3349 1470 eum
3368 1430 3383 1471 :
3403 1426 3458 1471 et
3488 1413 3765 1485 hucusque

2173 1520 2279 1561 non
2310 1515 2612 1577 comparet.
2647 1506 2970 1584 Sittuieritis
2996 1517 3052 1565 et
3076 1510 3260 1574 istum,
3299 1517 3354 1565 et
3402 1506 3603 1580 aliquid
3630 1509 3680 1563 ei
3711 1509 3765 1563 iu

2172 1597 2256 1655 via
2286 1601 2593 1671 contigerit,
2626 1601 2913 1681 deducetis
2956 1618 3126 1660 canos
3172 1618 3323 1660 meos
3364 1617 3486 1659 cum
3533 1617 3768 1659 maerore

2174 1692 2241 1747 ad
2265 1692 2489 1750 inferos.
2520 1695 2687 1767 igitur
2715 1698 2761 1753 si
2816 1697 3186 1759 intraveroad
3234 1713 3452 1755 servum
3491 1706 3638 1754 tuum
3674 1713 3770 1770 pa-

2180 1797 2314 1844 trem
2344 1799 2609 1859 nostrum,
2644 1801 2697 1846 et
2725 1806 2860 1862 puer
2880 1791 3285 1865 defuerit(cum
3315 1791 3497 1847 anima
3530 1792 3679 1847 illius
3699 1807 3773 1847 ex

2180 1878 2340 1952 hujus
2371 1881 2545 1938 anima
2568 1884 2824 1964 pendeat)
2860 1884 3164 1957 videritque
3212 1901 3334 1941 eum
3367 1899 3475 1940 non
3525 1898 3645 1940 esse
3673 1898 3774 1939 no-

2179 1975 2408 2045 biscum,
2443 1978 2730 2048 morietur,
2761 1990 2815 2036 et
2846 1980 3114 2037 deducent
3148 1981 3330 2036 famuli
3355 1982 3430 2035 tui
3463 1995 3627 2049 canos
3651 1979 3774 2049 ejus

2180 2088 2301 2128 cum
2323 2073 2516 2129 dolore
2545 2076 2609 2130 ad
2634 2074 2855 2132 inferos.
2886 2077 2996 2149 Ego
3024 2077 3241 2148 proprie
3262 2091 3451 2132 servus
3473 2084 3595 2130 tuus
3643 2074 3773 2141 sim,

2180 2168 2274 2238 qui
2309 2169 2360 2223 in
2385 2183 2559 2224 meam
2590 2169 2732 2225 hunc
2755 2173 2933 2242 recepi
2958 2171 3117 2227 fidem
3136 2187 3149 2224 :
3170 2177 3226 2226 et
3245 2167 3529 2241 spopondi,
3556 2168 3776 2223 dicens:

2181 2258 2293 2315 Nisi
2312 2260 2580 2316 rcduxero
2599 2278 2743 2328 eum,
2771 2264 2975 2334 peccati
3002 2277 3128 2317 reus
3159 2275 3257 2318 ero
3277 2260 3330 2315 in
3356 2272 3565 2331 patrem
3593 2272 3776 2315 meum

2183 2352 2331 2408 omni
2363 2362 2625 2423 tempore.
2650 2354 2878 2410 Manebo
2905 2353 3090 2426 itaque
3110 2334 3299 2410 servus
3331 2362 3454 2407 tuus
3481 2365 3581 2423 pro
3607 2364 3780 2422 puero

2185 2445 2238 2502 iu
2265 2448 2628 2504 ministerium
2669 2448 2874 2504 domini
2923 2450 3049 2515 mei,
3083 2459 3136 2504 et
3172 2463 3307 2519 puer
3349 2446 3609 2502 ascendat
3653 2458 3783 2500 cum

2186 2540 2440 2597 fratribus
2470 2541 2600 2597 suis.
2635 2542 2753 2598 Non
2778 2543 2922 2600 enim
2957 2557 3176 2614 possum
3222 2540 3408 2597 redire
3452 2540 3519 2596 ad
3570 2548 3785 2611 patrem

2189 2649 2395 2702 meum,
2424 2635 2650 2692 absente
2679 2651 2869 2707 puero,
2898 2651 2966 2692 ue
3016 2634 3367 2703 calamitatis,
3399 2649 3520 2707 quae
3560 2647 3792 2704 oppres-

2190 2742 2314 2783 sura
2345 2737 2431 2783 est
2460 2739 2667 2799 patrem
2700 2745 2907 2796 meum,
2940 2731 3095 2785 testis
3120 2729 3394 2785 assistam.

2264 2821 2415 2895 [Cap.
2445 2822 2631 2897 XLV].
2659 2824 2777 2880 Non
2800 2840 2859 2880 se
2890 2833 3109 2896 poterat
3138 2823 3283 2879 ultra
3305 2822 3564 2880 cohibere
3581 2820 3790 2895 Ioseph

2194 2916 2379 2971 multis
2398 2930 2583 2972 coram
2615 2918 2917 2973 astantibus
2945 2933 2959 2972 :
2991 2916 3138 2973 unde
3166 2917 3426 2988 praecepit
3450 2914 3514 2987 ut
3558 2914 3805 2988 egrede-‘

2192 3020 2382 3067 rentur
2408 3009 2587 3066 cuncti
2615 3008 2778 3073 foras,
2805 3020 2857 3065 et
2885 3009 3066 3065 nullus
3096 3009 3388 3065 interesset
3407 3009 3619 3064 alienus
3636 3008 3796 3079 agni-

2196 3103 2330 3159 tioni
2356 3113 2576 3159 mutuae.
2597 3103 2947 3176 Elevavitque
2969 3116 3161 3158 vocem
3187 3100 3450 3156 cumiletu
3476 3119 3489 3161 :
3519 3117 3678 3172 quam
3693 3117 3796 3156 au-

2194 3196 2410 3253 dierunt
2431 3195 2691 3270 IEgyptii,
2730 3197 3011 3266 omnisque
3038 3195 3234 3251 domus
3256 3194 3580 3250 Pharaonis.
3612 3194 3680 3249 Et
3711 3194 3802 3249 di-

2196 3293 2274 3347 xit
2294 3292 2551 3347 fratribus
2588 3289 2705 3346 suis
2740 3306 2754 3344 :
2787 3289 2900 3360 Ego
2943 3303 3062 3344 sum
3110 3286 3314 3359 .loscph
3358 3306 3372 3344 :
3416 3285 3593 3342 adhuc
3637 3295 3803 3356 pater

2195 3400 2349 3441 meus
2370 3384 2542 3441 vivit?
2569 3383 2686 3440 Non
2717 3391 2964 3454 poterant
3006 3379 3335 3452 respondere
3380 3379 3581 3435 fratres
3623 3380 3805 3434 nimio

2195 3486 2403 3535 terrore
2435 3476 2730 3550 perterriti.
2763 3476 2844 3531 Ad
2867 3490 3002 3546 quos
3028 3474 3122 3530 ille
3142 3474 3481 3530 clementer:
3514 3470 3804 3539 Accedite,

2195 3573 2389 3644 inquit,
2416 3572 2483 3627 ad
2515 3587 2621 3627 me.
2654 3569 2723 3625 Et
2750 3584 2871 3626 cum
2893 3567 3251 3625 accessissent
3280 3582 3467 3636 prope,
3506 3564 3617 3636 Ego
3645 3578 3806 3632 sum,

2197 3668 2291 3731 ait,
2319 3665 2543 3735 Joseph,
2564 3664 2730 3719 frater
2758 3672 2959 3731 vester,
2979 3675 3137 3732 quem
3160 3657 3487 3716 vendidistis
3505 3658 3559 3712 iu
3588 3655 3812 3727 Egyp-

2198 3771 2332 3819 tum.
2366 3761 2545 3818 Nolite
2577 3774 2796 3832 pavere,
2842 3773 2941 3814 nec
2966 3756 3122 3813 vobis
3151 3754 3347 3810 durum
3377 3768 3498 3809 esse
3524 3750 3808 3819 videatur,

2199 3859 2340 3930 quod
2372 3855 2694 3912 vcndidistis
2723 3868 2811 3909 me
2843 3853 2896 3907 in
2944 3850 3029 3905 his
3070 3849 3386 3921 regionibus
3430 3863 3444 3900 :
3494 3860 3592 3916 pro
3620 3844 3816 3900 salute

2201 3952 2343 4006 enim
2375 3958 2553 4007 vestra
2585 3947 2734 4002 misit
2762 3960 2848 4001 me
2881 3945 3025 4000 Deus
3070 3953 3199 3999 ante
3242 3956 3362 3997 vos.
3398 3939 3685 3995 Biennium
3721 3946 3818 3992 est

2201 4045 2344 4117 quod
2374 4044 2546 4100 fames
2585 4058 2706 4099 esse
2732 4039 2900 4111 coepit
2945 4039 2998 4094 iu
3029 4045 3172 4093 terra
3200 4053 3214 4092 :
3266 4044 3319 4091 ct
3350 4033 3527 4091 adhuc
3557 4032 3821 4104 quinque

2201 4142 2328 4196 anni
2374 4147 2606 4206 restant,
2654 4136 2853 4207 quibus
2900 4147 3000 4189 nec
3030 4131 3171 4187 arari
3218 4130 3437 4201 poterit,
3495 4141 3595 4183 nec
3642 4127 3817 4181 meti.

2203 4234 2576 4302 Prmmisitque
2609 4246 2696 4285 me
2726 4230 2871 4284 Deus
2902 4235 2961 4283 ut
2986 4222 3348 4282 reservemini
3376 4236 3541 4293 super
3573 4230 3821 4287 terram,

2205 4336 2262 4385 et
2277 4341 2430 4383 escas
2449 4327 2512 4382 ad
2541 4324 2828 4381 vivendum
2846 4323 3045 4378 habere
3059 4319 3298 4392 possitis.
3318 4316 3436 4372 Non
3460 4325 3646 4372 vestro
3669 4329 3825 4369 com

2207 4422 2352 4488 silio,
2382 4421 2475 4476 sed
2490 4420 2704 4475 Deihuc
2733 4419 3011 4473 voluntate
3032 4416 3229 4471 missus
3258 4428 3376 4468 sum
3403 4429 3416 4464 :
3442 4411 3534 4482 qui
3557 4408 3688 4465 fecit
3719 4424 3829 4464 me

2206 4513 2364 4585 quasi
2395 4522 2599 4584 patrem
2628 4510 2953 4576 Pharaonis,
2986 4518 3042 4563 et
3089 4506 3368 4561 dominum
3410 4503 3678 4570 universa:
3710 4499 3833 4556 do-

2209 4623 2328 4662 mus
2356 4607 2494 4677 ejus,
2533 4620 2598 4660 ac
2625 4603 2924 4675 principem
2952 4601 3009 4655 in
3033 4599 3183 4655 omni
3217 4608 3360 4653 terra
3383 4593 3623 4666 Egypti.
3664 4591 3833 4649 Fes-

509 4717 673 4766 tuos:
699 4711 919 4768 Habetis
975 4721 1204 4787 patrem,
1236 4724 1328 4769 aut
1356 4669 1621 4770 fratremo‘?
1668 4669 1852 4769 etrnos
1873 4726 2103 4784 reSpon-
2130 4669 2186 4732 Β
2211 4701 2379 4756 ﬁnale
2414 4709 2469 4754 ει
2496 4697 2772 4754 θεεθηάίιθ
2800 4696 2867 4750 ad
2898 4703 3356 4787 Patrentmellm,
3388 4698 3444 4744 «τι
3468 4687 3667 4787 diﬁc“?
3705 4689 3775 4787 fi
3814 4707 3831 4745 ε

510 4802 688 4861 dimus
715 4806 808 4862 tibi
837 4807 1056 4863 domino
1082 4824 1204 4864 meo
1239 4826 1253 4863 :
1289 4810 1385 4864 Est
1413 4807 1569 4864 nobis
1615 4815 1771 4878 pater
1815 4822 1981 4864 senex
2004 4848 2020 4875 ,
2048 4816 2108 4864 et

512 4910 649 4968 puer
673 4899 950 4968 parvulus,
982 4900 1071 4973 qui
1102 4902 1154 4957 in
1186 4913 1405 4959 senecta
1441 4900 1585 4956 illius
1610 4909 1769 4956 natus
1793 4910 1915 4957 est:
1946 4900 2105 4970 cujus

512 4989 756 5047 uterinus
788 4991 955 5050 frater
980 5003 1226 5052 mortuus
1265 5003 1368 5064 est,
1416 5003 1472 5050 et
1514 4994 1692 5065 ipsum
1734 4994 1910 5049 solum
1945 4993 2107 5048 habet

514 5094 689 5141 mater
716 5101 836 5155 sua,
861 5098 1015 5160 pater
1043 5104 1175 5146 vero
1200 5100 1389 5146 tenere
1410 5088 1587 5158 diligit
1607 5102 1753 5144 eum.
1805 5088 2106 5157 Dixistique

511 5178 687 5236 servis
717 5181 821 5237 tuis
854 5181 1158 5239 :Adducite
1187 5197 1315 5239 eum
1346 5181 1413 5238 ad
1449 5197 1557 5246 me.
1588 5192 1643 5237 et
1691 5195 1887 5252 ponam
1916 5182 2107 5237 oculos

515 5274 668 5328 meus
697 5288 861 5346 super
904 5275 1075 5331 ilittm.
1130 5275 1509 5347 Suggessimus
1537 5273 1761 5330 domino
1787 5288 1911 5329 meo
1942 5292 1954 5328 :
1988 5274 2105 5329 Non

515 5376 697 5437 potest
720 5382 858 5441 puer
877 5370 1188 5441 relinquere
1220 5378 1434 5441 patrem
1456 5382 1611 5423 suum
1648 5382 1661 5418 :
1696 5367 1741 5422 si
1765 5367 1908 5422 enim
1956 5367 2104 5421 illum

514 5461 805 5535 dimiserit,
836 5464 1119 5523 morietur.
1154 5464 1224 5521 Et
1272 5463 1458 5521 dixisti
1489 5462 1662 5521 servis
1690 5460 1797 5518 tuis
1828 5479 1838 5517 τ
1868 5458 1983 5516 Nisi
2019 5476 2109 5518 ve-

528 5676 531 5679 ι
589 5640 619 5672 ι
646 5630 845 5689 ldioma
876 5637 959 5686 est
988 5629 1184 5698 lingua:
1229 5626 1506 5683 llebraieze
1531 5671 1544 5698 ,
1580 5633 1641 5681 ut
1675 5625 2097 5698 ebrietatempro

517 5705 752 5760 satietate
783 5713 944 5774 ponat
965 5744 980 5767 .
1027 5694 1168 5774 sicut
1197 5698 1343 5755 Psal.
1368 5694 1538 5774 aaut,
1564 5698 1638 5774 _ii_
1657 5716 1689 5774 _:
1722 5697 1785 5752 lu
1816 5694 2098 5774 stillicidiis

517 5779 628 5847 ejus
650 5768 981 5831 inebriabitur
1008 5773 1335 5847 germinans;
1367 5769 1507 5827 haud
1546 5769 1768 5827 dubium
1792 5768 1922 5841 quin
1953 5775 2099 5824 terra

517 5848 710 5921 pluviis
733 5847 969 5918 irrigata.
1004 5847 1183 5902 MART.

588 5919 617 5960 δ
645 5920 752 5977 Pro
774 5910 948 5991 sacco,
976 5933 1221 5994 peronem
1239 5916 1329 5977 vel
1354 5915 1536 5991 follem
1567 5916 1619 5973 in
1648 5913 1886 5973 Hebraeo
1911 5910 2095 5968 habet.

2212 4796 2339 4851 Haec
2382 4793 2602 4851 mandat
2631 4791 2774 4847 (ilius
2803 4800 2925 4845 tuus
2955 4785 3156 4858 Joseph
3186 4803 3202 4841 :
3245 4786 3387 4840 Deus
3417 4796 3505 4839 me
3543 4780 3674 4837 fecit
3705 4780 3841 4836 Do—

2209 4891 2415 4947 minum
2458 4889 2729 4943 universae
2768 4892 2931 4939 terrae
2952 4880 3177 4953 ~1Egypti
3210 4896 3225 4934 :
3256 4876 3537 4935 descende
3580 4874 3651 4931 ad
3702 4891 3837 4943 mc,

2211 4999 2280 5057 ne
2325 4980 2590 5047 moreris,
2633 4985 2688 5034 et
2736 4975 2924 5032 habita
2977 4972 3165 5047 [Vulg.
3213 4966 3507 5041 habitabis]
3558 4968 3610 5023 in
3669 4975 3845 5023 terra

2215 5087 2237 5116 ο
2269 5075 2448 5132 Gesen
2474 5087 2490 5127 :
2521 5072 2737 5141 erisque
2780 5068 2933 5139 juxta
2983 5073 3176 5131 metu,
3208 5073 3263 5120 et
3306 5062 3403 5117 ﬁlii
3452 5059 3551 5129 tui,
3605 5068 3669 5115 et
3722 5058 3850 5116 (iiii

2215 5169 2453 5225 filiorum
2487 5176 2724 5231 tuorum,
2775 5175 2904 5218 oves
2939 5169 3066 5225 tute,
3098 5168 3153 5214 et
3180 5163 3426 5213 armenta
3460 5162 3576 5220 tua,
3606 5160 3671 5208 et
3700 5153 3858 5208 uni-

2213 5279 2371 5322 versa
2414 5275 2538 5333 qua:
2583 5256 2850 5330 possides.
2884 5255 3069 5325 Ibique
3098 5259 3151 5309 te
3182 5264 3399 5323 pascam
3430 5246 3633 5321 (adhuc
3665 5248 3858 5304 enim

2214 5359 2452 5433 quinque
2481 5354 2608 5409 anni
2657 5350 2863 5408 residui
2903 5354 3029 5403 sunt
3071 5345 3273 5416 famis),
3321 5358 3388 5399 ne
3428 5351 3483 5398 tu
3512 5354 3743 5411 pereas,
3786 5350 3862 5398 ct

2216 5455 2411 5511 domus
2438 5461 2549 5518 tua,
2581 5458 2635 5506 et
2666 5444 2846 5502 omnia
2877 5457 2996 5515 quae
3027 5440 3294 5514 possides.
3335 5438 3416 5495 Eu
3445 5436 3587 5493 oculi
3619 5436 3860 5504 vestri,

2204 5619 2282 5676 Ita
2303 5617 2361 5673 S.
2393 5615 2779 5686 Hieronymus.
2808 5608 2989 5686 Mter.
3064 5684 3068 5686 Α
3562 5672 3575 5684 .

2284 5669 2538 5745 cEodem
2571 5669 2733 5740 modo
2769 5682 2897 5753 legit
2920 5684 3142 5734 sanctus
3175 5675 3538 5749 Hieronymus
3562 5672 3617 5728 in
3657 5669 3865 5740 Qum-

2211 5761 2479 5820 stionibus
2507 5752 3037 5829 Hebraicis.MAt_ifr._
3143 5822 3155 5829 .
3441 5818 3480 5829 η
3693 5815 3769 5829 ,,,

2290 5815 2363 5875 i—
2389 5829 2621 5888 Palatin.
2651 5843 2759 5884 ms.
2789 5841 2911 5882 cum
2938 5822 3188 5896 Vulgatis
3216 5819 3406 5893 libris,
3434 5818 3659 5877 Gessen.
3693 5815 3870 5876 Vide

2212 5905 2509 5976 Question.
2540 5900 2856 5959 Hebraicas.
3710 5914 3721 5921 -
