4044 6360
230 268 339 327 225

1610 258 1813 317 LIBER
1851 255 2156 318 GENESIS.

3434 258 3540 318 226

242 397 293 440 et
325 383 472 440 oculi
506 381 682 438 fratris
714 381 817 437 mei
848 376 1148 451 Benjamiu,
1182 377 1364 433 vident
1406 377 1547 447 quod
1578 392 1639 432 os
1672 391 1848 432 meum
1879 378 1930 438 A
1959 377 2103 430 nitus
2133 373 2345 430 Ruben.
2381 371 2500 429 Filii
2532 370 2722 428 Ruben
2753 380 2767 427 ξ
2795 371 2978 427 Enoch
3001 381 3053 427 et
3074 369 3263 428 Phallu
3291 379 3343 427 et
3366 371 3543 429 Esron

236 480 497 546 loquatur
527 477 594 531 ad
625 492 742 531 vos.
777 475 1033 529 Nuntiate
1067 472 1203 544 patri
1234 486 1355 526 meo
1386 470 1691 524 universam
1725 469 1844 538 glo-

235 573 375 626 riam
407 586 608 636 mcam,
639 579 694 625 et
723 580 917 624 cuncta
945 582 1063 638 quae
1094 565 1309 621 vidiSIis
1335 563 1386 619 in
1416 563 1674 635 Egypto.
1715 562 1847 617 Fes-

232 665 416 720 tinate
446 675 503 719 et
544 663 800 718 adducite
831 677 954 718 eum
986 661 1050 715 ad
1083 675 1190 716 me.
1220 657 1469 728 Cumque
1507 656 1845 726 amplexatus

233 756 531 813 recidisset
565 756 616 809 in
643 755 846 810 collum
870 752 1148 824 Benjamiu
1177 751 1357 805 fratris
1394 749 1501 816 sui,
1525 747 1677 803 ﬂevit
1706 763 1720 802 :
1752 746 1847 802 illo

234 867 461 922 quoque
514 850 678 906 ﬂente
711 848 967 904 similiter
1015 861 1180 916 super
1209 843 1406 900 collum
1440 841 1577 913 ejus.
1622 839 1848 896 Oscula-

235 954 436 1016 tusque
483 952 568 998 est
611 940 812 1012 Joseph
853 955 1047 996 omnes
1087 938 1285 993 fratres
1314 950 1466 1002 suos,
1511 942 1568 990 et
1615 931 1849 1004 ploravit

232 1055 405 1108 super
456 1036 722 1108 singulos.
773 1034 906 1090 Post
935 1049 1059 1105 qua:
1089 1030 1206 1086 ausi
1254 1038 1381 1084 sunt
1409 1026 1555 1098 loqui
1589 1025 1655 1080 ad
1697 1041 1845 1080 eum.

233 1129 614 1198 Auditumque
668 1136 772 1192 est,
823 1133 879 1182 et
921 1125 1127 1180 celebri
1181 1135 1436 1177 sermone
1467 1119 1742 1190 vulgatum
1792 1116 1846 1172 in

231 1223 362 1277 aula
396 1223 542 1292 regis
565 1237 580 1276 :
605 1219 886 1276 Venerunt
919 1217 1118 1272 fratres
1150 1213 1392 1284 Joscph:
1428 1220 1482 1267 et
1516 1211 1738 1282 gavisus
1768 1217 1850 1264 est

235 1315 480 1382 Pharao,
516 1323 686 1385 atque
723 1312 902 1368 omnis
942 1309 1148 1365 familia
1195 1309 1334 1377 ejus.
1370 1305 1629 1375 Dixitque
1657 1303 1722 1356 ad
1761 1301 1851 1358 Jo-

235 1408 379 1480 seph
403 1419 464 1464 ut
496 1409 796 1478 imperaret
822 1401 1078 1460 fratribus
1111 1401 1246 1466 suis,
1279 1399 1471 1454 dicens
1503 1413 1518 1452 :
1552 1396 1852 1450 Onerantes

237 1502 518 1574 jumenta,
550 1504 620 1556 ite
674 1501 726 1555 in
761 1510 961 1555 terram
993 1495 1270 1560 Chanaan,
1303 1501 1357 1547 et
1397 1491 1568 1546 tollite
1596 1488 1722 1544 inde
1757 1502 1853 1558 pa-

241 1608 385 1652 trem
415 1604 660 1652 vestrum
702 1602 758 1648 et
801 1589 1204 1662 cognationem,
1241 1594 1296 1642 et
1325 1586 1508 1639 venite
1537 1581 1604 1637 ad
1637 1596 1723 1636 me
1754 1597 1767 1635 :
1800 1587 1854 1635 et

233 1708 344 1763 ego
387 1691 548 1746 dabo
580 1687 735 1744 vobis
783 1685 964 1742 omnia
999 1685 1141 1738 bona
1172 1679 1412 1752 ZEgypti,
1465 1687 1522 1732 ut
1553 1673 1854 1731 comedatis

1949 480 2001 523 et
2033 466 2271 522 Charini.
2304 465 2420 520 Filii
2469 466 2728 522 Simeon:
2761 464 2967 521 Jemucl
3001 472 3055 518 et
3083 465 3280 528 .Iamiu,
3314 473 3367 520 ct
3393 463 3546 519 Ohad

1950 562 2141 636 [Vulg.
2174 561 2375 634 Ahad],
2403 572 2456 617 et
2488 561 2674 616 Jachin
2705 570 2759 616 et
2788 560 2985 627 Sohcr,
3014 572 3068 616 et
3093 560 3220 616 Saul
3251 561 3390 614 filius
3411 559 3548 614 Cha«

1949 654 2260 713 naanitidis.
2313 653 2433 709 Filii
2467 655 2628 710 Levi:
2675 654 2886 711 Gerson
2927 664 2980 710 et
3027 651 3196 709 Caath
3229 663 3283 708 et
3329 651 3546 707 Merari.

1948 746 2069 802 Filii
2097 746 2230 803 Juda
2259 764 2271 800 :
2303 748 2411 802 ller
2439 756 2494 802 et
2533 747 2686 803 Onan
2716 756 2772 802 et
2811 747 2937 804 Sela
2977 755 3033 802 et
3061 745 3260 802 Phares
3292 754 3346 801 et
3391 743 3549 813 Zara,

1950 842 2148 899 mortui
2197 851 2325 897 sunt
2356 851 2533 898 autem
2566 842 2676 898 IIer
2705 851 2759 898 et
2786 841 2940 897 Onan
2986 841 3039 896 in
3086 851 3228 896 terra
3264 837 3547 894 Chanaan.

1949 936 2305 1006 Fuerunlque
2338 936 2432 990 filii
2467 935 2654 1009 [ναις.
2699 935 2932 1008 Natique
2983 934 3134 1007 sunt]
3164 934 3364 990 Phares
3400 951 3412 986 :
3454 933 3554 988 Es-

1950 1045 2048 1085 ron
2098 1039 2150 1084 et
2178 1029 2358 1085 Amul.
2408 1028 2528 1084 Filii
2561 1029 2846 1084 Issachar:
2895 1029 3066 1084 'I‘hola
3097 1038 3151 1084 et
3178 1027 3332 1082 Phua
3364 1035 3418 1081 et
3447 1025 3553 1081 Job

1950 1133 2000 1180 et
2034 1125 2278 1178 Simron.
2315 1123 2433 1178 Filii
2469 1123 2709 1178 Zabulon
2737 1141 2749 1176 :
2780 1122 2950 1179 Sared
2981 1131 3032 1178 et
3066 1122 3204 1177 Elon
3237 1129 3292 1176 ct
3314 1119 3550 1176 Jahelel.

1952 1219 2014 1274 Ili
2043 1219 2134 1272 lilii
2169 1218 2282 1273 Liae
2310 1234 2443 1289 quos
2470 1219 2659 1290 genuit
2685 1217 2738 1272 iu
2783 1216 3176 1288 Mesopotamia
3221 1215 3394 1287 Syriae
3427 1229 3552 1270 cum

1954 1309 2087 1365 Dina
2114 1311 2216 1364 filia
2248 1326 2364 1376 sua,
2390 1326 2584 1366 omnes
2605 1309 2801 1364 anima:
2825 1309 3061 1364 filiorum
3087 1308 3206 1377 ejus
3222 1317 3275 1363 et
3294 1306 3549 1374 filiarum,

1955 1405 2166 1474 triginta
2200 1413 2253 1459 et
2286 1413 2416 1459 tres.
2459 1404 2584 1459 Filii
2613 1404 2726 1461 Gad
2755 1422 2767 1456 :
2803 1403 3040 1474 Sephion
3085 1413 3139 1458 et
3169 1402 3359 1473 llaggi,
3395 1400 3554 1468 Suni,

1955 1506 2010 1551 et
2055 1496 2272 1551 Esebon
2317 1506 2370 1552 et
2410 1497 2536 1552 IIeri
2576 1506 2632 1553 et
2673 1497 2842 1552 Arodi
2889 1506 2944 1553 et
2989 1495 3158 1552 Areli.
3209 1495 3328 1550 Filii
3357 1494 3500 1553 Aser
3542 1511 3556 1550 :

1956 1590 2157 1658 Jimna;
2204 1601 2258 1648 et
2295 1593 2469 1660 .Iisua,
2522 1601 2576 1649 et
2619 1593 2778 1661 Jisui,
2831 1601 2887 1649 et
2931 1592 3112 1661 Beria,
3163 1591 3301 1649 Sara
3340 1605 3559 1662 quoque

1959 1699 2116 1739 soror
2166 1700 2381 1740 eorum.
2427 1686 2551 1741 Filii
2600 1687 2757 1742 Beria
2801 1703 2816 1740 :
2866 1685 3048 1742 Iieber
3088 1693 3142 1741 et
3176 1684 3465 1742 Melchiel:
3501 1683 3559 1739 hi

235 1784 545 1841 medullam
581 1792 758 1837 terrae.
794 1779 1040 1847 Prmcipe
1085 1775 1248 1832 etiam
1283 1783 1341 1829 ut
1374 1773 1562 1828 tollant
1613 1771 1853 1841 plaustra
1884 1777 1932 1838 Β
1963 1776 2057 1831 mii
2088 1777 2330 1848 Ζοιριιω,
2374 1795 2532 1850 quam
2575 1779 2724 1834 dedit
2771 1779 2949 1834 Laban
2980 1777 3116 1844 Lm},
3153 1777 3280 1832 ηιίεε
3325 1785 3465 1844 sum
3506 1783 3562 1833 ει

237 1878 312 1933 de
349 1888 500 1933 terra
533 1875 780 1947 Egypti,
808 1873 874 1928 ad
915 1870 1318 1927 subvectioncm
1351 1865 1702 1938 parvulormn
1733 1879 1858 1918 suo-

234 1986 377 2028 rum
417 1981 472 2026 et
513 1969 800 2039 conjugum
845 1983 860 2021 :
905 1980 968 2020 ac
1010 1964 1223 2019 dicito:
1271 1960 1463 2016 Tollite
1497 1967 1704 2029 patrem
1760 1972 1855 2012 ve-

234 2073 450 2131 strum,
469 2073 522 2118 et
542 2071 832 2134 properate
863 2057 1185 2126 quantocius
1211 2055 1515 2110 venientes.
1539 2050 1648 2107 Nec
1669 2050 1858 2106 dimit-

239 2161 386 2214 tatis
427 2157 505 2230 [ὴ.
543 2153 824 2226 amittatis]
869 2151 1160 2223 quidquam
1191 2150 1256 2204 de
1283 2146 1609 2219 supellectili
1634 2156 1858 2204 vestro:

244 2255 388 2323 quia
417 2265 608 2306 omnes
640 2263 772 2320 opes
803 2246 1045 2318 Egypti,
1078 2256 1278 2299 vestra:
1313 2250 1495 2298 erunt.
1527 2240 1610 2313 [Β.
1651 2237 1860 2310 XLIII.]

243 2346 642 2415 Feceruntque
693 2342 786 2397 filii
839 2340 1028 2406 Israel,
1081 2349 1143 2393 ut
1190 2337 1269 2393 eis
1305 2335 1616 2391 mandatum
1665 2334 1859 2388 fuerat.

243 2442 472 2508 Quibus
501 2437 648 2494 dedit
680 2435 880 2506 Joseph
917 2435 1183 2506 plaustra,
1219 2430 1518 2488 secundum
1559 2426 1862 2484 Pharaonis

243 2535 551 2605 imperium
577 2549 592 2586 :
622 2539 677 2587 et
697 2529 899 2586 cibaria
926 2529 981 2583 in
1011 2527 1227 2582 itinere.
1269 2525 1615 2596 Singulisque
1636 2521 1861 2593 proferri

241 2627 426 2699 jussit
456 2626 611 2682 binas
642 2624 850 2682 stolas:
903 2620 1182 2690 Benjamiu
1215 2633 1347 2673 vero
1394 2616 1542 2672 dedit
1593 2623 1865 2670 trecentos

247 2729 554 2789 argenteos
595 2733 716 2773 cum
762 2715 998 2786 quinque
1028 2713 1184 2769 stolis
1221 2711 1480 2782 optimis:
1527 2707 1863 2763 tantumdem

249 2811 513 2883 pecunia:
541 2818 595 2866 et
638 2807 868 2864 vestium
923 2805 1148 2860 mittens
1194 2803 1334 2872 patri
1390 2815 1509 2867 suo,
1565 2799 1771 2854 addens
1810 2805 1866 2854 et

246 2904 449 2960 asinos
485 2904 689 2970 decem,
732 2900 825 2971 qui
857 2897 1228 2954 subveherent
1274 2912 1342 2952 ex
1368 2893 1621 2950 omnibus
1661 2891 1864 2948 divitiis

250 2995 492 3068 (Egypti
526 3013 541 3055 :
572 3004 626 3050 et
658 2993 883 3049 totidem
926 2991 1128 3055 asiuas,
1167 2988 1405 3044 triticum
1440 2987 1492 3041 in
1535 2986 1728 3040 itinere
1772 2999 1868 3055 pa-

249 3107 479 3160 nesque
501 3089 799 3160 portantes.
838 3084 1057 3140 Dimisit
1084 3098 1216 3154 ergo
1243 3082 1439 3137 fratres
1469 3094 1618 3147 suos,
1652 3089 1707 3136 ct
1740 3095 1863 3149 pro-

1963 1873 2449 1942 hosgenuitJacoh
2480 1873 2754 1928 sexdecim
2785 1871 3149 1928 auimas.Filii
3181 1869 3392 1926 Rachel
3421 1884 3561 1926 uxo-

1961 1963 2040 2018 ris
2068 1964 2270 2020 Jacob:
2304 1963 2509 2035 Joseph
2539 1976 2595 2020 et
2619 1965 2920 2036 Benjamiu.
2954 1965 3185 2035 Natique
3207 1973 3334 2019 sunt
3360 1961 3564 2034 Joseph

1963 2057 2056 2110 filii
2089 2057 2142 2112 in
2177 2067 2321 2112 terra
2367 2057 2609 2129 ZEgypti,
2657 2074 2795 2130 quos
2837 2059 3024 2130 genuit
3055 2058 3102 2114 ei
3144 2055 3412 2123 Aseneth,
3458 2055 3567 2111 filia

1965 2152 2280 2222 Putiphare,
2336 2152 2638 2208 sacerdotis
2694 2153 3044 2224 Heliopoleos
3101 2170 3114 2207 :
3178 2153 3458 2208 Manasses
3514 2158 3570 2207 et

1967 2245 2245 2315 Ephraim.
2280 2244 2406 2300 Filii
2439 2245 2720 2317 Benjamiu
2760 2265 2775 2300 :
2808 2246 2940 2303 Bela
2972 2257 3025 2302 et
3062 2245 3272 2302 Becher
3295 2255 3350 2301 et
3378 2245 3567 2312 Asbel,

1964 2338 2105 2396 Gcra
2129 2351 2185 2396 et
2214 2341 2478 2408 Naaman,
2507 2349 2561 2398 et
2590 2342 2715 2409 Ehi,
2743 2350 2800 2398 et
2820 2342 2952 2413 Ros,
2986 2341 3247 2412 Mophim,
3274 2339 3566 2411 etOphim,

1964 2443 2018 2490 ct
2046 2434 2215 2490 Arcd.
2265 2434 2325 2490 Hi
2359 2435 2453 2490 lilii
2489 2435 2693 2491 Rachel
2737 2452 2873 2506 quos
2902 2435 3089 2506 genuit
3120 2436 3324 2502 Jacob;
3373 2449 3568 2491 omnes

1964 2526 2186 2592 animae,
2212 2527 2645 2597 quatuordecim.
2673 2527 2795 2582 Filii
2822 2528 2932 2582 Dan
2957 2545 2968 2581 :
2998 2527 3206 2582 Ilusim.
3229 2525 3352 2582 Filii
3384 2525 3566 2597 Neph-

1967 2617 2096 2674 tbali
2124 2636 2135 2671 :
2167 2619 2372 2682 Jaseel,
2400 2631 2454 2672 et
2485 2619 2649 2686 Gunl,
2682 2629 2738 2675 et
2782 2619 2960 2688 Jeser,
3005 2628 3061 2676 et
3088 2620 3312 2677 Sellem.
3347 2619 3412 2674 Ili
3455 2618 3573 2675 filiii

1964 2713 2126 2782 Bal-.e,
2160 2729 2320 2785 quam
2350 2713 2500 2770 dedit
2522 2715 2703 2770 Laban
2730 2714 2981 2785 Racheli,
3017 2713 3140 2771 filiae
3173 2731 3284 2771 sua:
3316 2730 3330 2767 :
3363 2722 3419 2770 et
3468 2713 3572 2771 hos

1964 2807 2152 2880 genuit
2187 2806 2404 2863 Jacob:
2451 2822 2644 2864 omnes
2690 2808 2909 2877 animm,
2967 2819 3196 2879 septem.
3245 2807 3574 2879 Cunctarqtte

1965 2901 2184 2971 animae,
2218 2916 2338 2972 quae
2367 2901 2628 2972 ingressae
2663 2909 2787 2960 sunt
2815 2917 2937 2957 cum
2965 2900 3133 2958 Jacob
3164 2902 3216 2957 in
3245 2899 3572 2973 JEgyptum,

1967 3001 2019 3048 et
2052 3007 2287 3064 egressa:
2332 3003 2460 3047 sunt
2497 2992 2568 3049 de
2611 2991 2823 3050 femore
2865 2994 3032 3062 illius,
3061 2995 3267 3066 absque
3307 2993 3572 3050 uxoribus

1968 3082 2208 3139 filiorum
2238 3082 2377 3154 ejus,
2404 3084 2685 3156 sexaginta
2717 3101 2834 3141 sex.
2868 3085 2989 3141 Filii
3017 3096 3197 3142 autem
3228 3086 3452 3156 Ioseph,
3483 3085 3576 3156 qui

252 3185 639 3243 ﬁciscentibus
669 3184 778 3237 ait:
835 3181 915 3236 Ne
954 3177 1254 3235 irascimini
1295 3178 1350 3231 in
1394 3174 1500 3230 via.
1533 3173 1636 3244 Qui
1675 3189 1866 3230 ascen-
1891 3190 1937 3253 ρ
1969 3177 2081 3231 nati
2129 3186 2256 3232 sunt
2286 3177 2336 3232 ei
2371 3177 2435 3232 ~in
2481 3187 2624 3233 terra
2674 3176 2917 3249 IEgypti,
2945 3178 3140 3234 anima:
3181 3179 3323 3234 duae.
3370 3178 3574 3234 Omnes

254 3282 467 3336 dentes
497 3294 566 3334 ex
599 3276 859 3348 Egypto,
895 3281 1161 3330 venerunt
1201 3273 1252 3325 in
1282 3281 1481 3326 terram
1512 3267 1767 3324 Chanaan
1801 3267 1868 3322 ad

258 3383 483 3445 patrem
518 3386 674 3426 suum
716 3368 909 3425 Jacob.
944 3367 1010 3422 Et
1057 3363 1449 3420 nuntiaverunt
1476 3362 1549 3429 ei,
1583 3361 1866 3419 dicentes:

254 3465 474 3535 Joseplt
525 3465 668 3519 filius
708 3472 832 3518 tuus
859 3461 1014 3527 vivit,
1047 3468 1101 3515 et
1131 3459 1244 3529 ipse
1277 3456 1590 3512 dominatur
1621 3456 1674 3510 in
1721 3454 1870 3509 omni

260 3569 421 3616 terra
453 3558 696 3630 Egypti.
731 3558 848 3624 Quo
875 3554 1060 3610 audito
1089 3551 1279 3624 [Va/9.
1313 3550 1440 3604 add.
1473 3548 1687 3620 Jacobj,
1719 3548 1871 3620 quasi

257 3653 339 3708 de
370 3653 522 3724 gravi
565 3664 757 3707 somno
796 3648 1081 3718 evigilans,
1115 3655 1295 3700 tamen
1333 3659 1441 3700 non
1469 3643 1728 3699 credebat
1769 3643 1868 3697 eis.

261 3747 355 3802 Illi
402 3754 592 3799 contra
629 3742 940 3799 referebant
968 3754 1182 3796 omnem
1213 3739 1460 3794 ordinem
1500 3736 1597 3792 rei.
1633 3735 1872 3808 Cumque

266 3839 506 3893 vidisset
552 3838 791 3908 plaustra
823 3843 880 3891 et
919 3835 1172 3889 universa
1219 3847 1340 3902 quae
1392 3830 1634 3898 miserat,
1681 3830 1874 3886 revixit

263 3936 500 4007 Spiritus
521 3933 662 4004 ejus,
679 3941 736 3989 et
764 3933 874 3989 ait:
905 3930 1113 3987 Sufficit
1137 3928 1266 3983 mihi
1290 3927 1336 3982 si
1355 3929 1531 3982 adhuc
1555 3926 1697 3982 ﬁlius
1721 3941 1873 3982 meus

259 4027 477 4096 Joseph
498 4024 959 4091 vivit:vadam,et
974 4021 1165 4077 videbo
1180 4021 1328 4075 illum
1345 4031 1630 4091 antequam
1649 4019 1870 4074 moriar.

343 4121 432 4193 [Τ.
464 4118 708 4181 XXXVI,
739 4117 798 4173 C.
831 4113 1216 4184 LXXIV,Cap.
1239 4111 1450 4185 XLVI.]
1485 4111 1876 4181 Profectusque

262 4213 439 4269 Israel
472 4229 595 4269 cum
625 4211 878 4268 omnibus
907 4225 1027 4281 qua:
1077 4207 1327 4275 habebat,
1363 4207 1510 4262 venit
1549 4204 1617 4260 ad
1647 4204 1874 4260 Puteum

257 4306 590 4378 juramenti,
650 4314 705 4361 et
753 4302 1002 4360 mactatis
1049 4301 1123 4357 ibi
1154 4299 1389 4356 victimis
1434 4299 1546 4354 Deo
1578 4298 1744 4368 patris
1793 4298 1877 4354 sui

262 4401 445 4466 Isaac,
477 4399 687 4455 audivit
714 4412 835 4454 eum
858 4411 961 4471 per
983 4393 1249 4450 visionem
1295 4392 1472 4448 noctis
1501 4401 1784 4448 vocantem
1817 4404 1879 4448 se

264 4506 322 4551 et
351 4495 626 4550 dicentem
656 4491 758 4546 sibi
785 4501 800 4544 :
826 4488 1016 4554 Jacob,
1048 4487 1246 4556 Jacob;
1268 4487 1360 4558 qui
1387 4483 1669 4556 reSpondit
1693 4496 1708 4540 :
1734 4484 1878 4540 Ecce

1973 3269 2169 3324 animae
2193 3269 2384 3326 domus
2423 3270 2612 3337 Jacob,
2645 3286 2766 3341 qua:
2799 3272 3057 3342 ingressa:
3101 3271 3576 3345 sunt‘JEgyptum,

1973 3362 2124 3418 fuere
2155 3365 2524 3434 septuaginta.
2565 3363 2646 3438 [C.
2680 3363 2943 3438 LXXVI.]
2989 3366 3128 3422 Misit
3155 3376 3337 3423 autem
3369 3365 3569 3423 Judam

1974 3468 2098 3512 ante
2125 3473 2184 3513 se
2207 3457 2275 3514 ad
2307 3458 2529 3528 Joseph,
2556 3468 2613 3514 ut
2639 3459 2918 3516 nuntiaret
2944 3461 3014 3528 ei,
3043 3472 3098 3517 et
3129 3461 3224 3518 ille
3253 3470 3575 3519 occurreret

1975 3551 2026 3606 in
2059 3549 2258 3606 Gesen.
2283 3553 2402 3620 Quo
2427 3567 2550 3609 cum
2583 3555 2946 3624 pervenisset,
2965 3555 3156 3625 juncto
3179 3555 3384 3629 Joseph
3407 3571 3574 3614 curru

1973 3661 2097 3713 suo,
2129 3646 2376 3702 ascendit
2406 3648 2619 3703 obviam
2662 3649 2803 3720 patri
2833 3664 2935 3704 suo
2965 3651 3033 3705 ad
3065 3650 3319 3707 eumdem
3347 3651 3528 3708 locttm
3557 3668 3573 3708 :

1974 3741 2276 3812 vidensque
2315 3757 2460 3811 eum,
2503 3743 2664 3798 irruit
2711 3758 2876 3814 super
2911 3745 3113 3799 collum
3155 3744 3299 3816 ejus,
3347 3756 3401 3802 et
3432 3745 3580 3801 inter

1976 3832 2256 3904 amplexus
2312 3832 2480 3889 ﬂevit.
2526 3834 2780 3906 Dixitque
2828 3844 2983 3906 pater
3033 3835 3103 3892 ad
3153 3835 3404 3908 Joseph:
3457 3836 3577 3894 Jam

1977 3925 2134 3982 ltetus
2160 3927 2384 3996 moriar,
2417 3927 2543 3997 quia
2578 3927 2690 3983 vidi
2725 3928 2917 3986 faciem
2943 3938 3115 3997 tuam,
3145 3939 3200 3986 et
3229 3931 3578 3999 superstitem

1979 4031 2031 4077 te
2060 4021 2381 4093 relinquam.
2426 4021 2507 4095 [C.
2535 4021 2822 4096 LXXVII.]
2869 4024 2937 4080 Et
2965 4025 3154 4098 [Vulg.
3187 4027 3459 4099 relinquo.
3486 4027 3580 4100 At]

1977 4114 2071 4170 ille
2103 4114 2318 4171 locutus
2349 4125 2433 4172 cst
2461 4116 2528 4171 ad
2556 4115 2752 4173 fratres
2779 4133 2908 4176 suos
2933 4128 2988 4176 et
3009 4119 3077 4176 ad
3107 4137 3326 4181 omnem
3354 4121 3578 4177 domum

1979 4209 2153 4280 patris
2183 4209 2266 4264 sui
2293 4227 2306 4262 :
2339 4209 2646 4264 Ascendam
2675 4219 2733 4266 et
2761 4212 3025 4270 nuntiabo
3051 4213 3342 4282 Pharaoni,
3371 4214 3581 4270 dicam-

1980 4317 2084 4372 que
2107 4301 2155 4358 ei
2185 4319 2197 4357 :
2232 4300 2453 4357 Fratres
2484 4302 2614 4370 mei,
2638 4312 2693 4360 et
2716 4303 2913 4360 domus
2942 4305 3110 4376 patris
3140 4307 3271 4372 mei,
3303 4305 3394 4378 qui
3422 4317 3580 4363 erant

1983 4398 2035 4451 in
2069 4405 2212 4452 terra
2236 4394 2516 4467 Chanaan,
2549 4408 2816 4454 venerunt
2839 4397 2906 4454 ad
2947 4415 3069 4456 me:
3101 4399 3424 4456 ctsuntviri
3455 4414 3582 4472 pas-

1984 4497 2131 4544 tores
2162 4488 2367 4556 ovium,
2397 4503 2694 4560 curamque
2723 4490 2926 4546 habent
2955 4490 3272 4546 alendorum
3304 4506 3527 4563 gregum
3559 4507 3577 4546 :

263 4593 491 4649 adsum.
536 4591 630 4646 Ait
667 4588 746 4644 illi
791 4587 932 4643 Deus
975 4603 990 4641 :
1029 4585 1144 4657 Ego
1187 4598 1306 4639 sum
1355 4581 1684 4637 fortissimus
1734 4579 1877 4635 Deus
1903 4595 1953 4657 ι)
1983 4596 2181 4652 pecora
2203 4597 2320 4646 sua,
2345 4591 2402 4638 et
2431 4591 2700 4650 armenta,
2732 4593 2788 4640 ct
2807 4585 2991 4639 omnia
3019 4600 3141 4656 quae
3167 4585 3368 4641 habere
3391 4595 3582 4656 potue-

264 4682 446 4756 patris
475 4681 595 4737 tui:
628 4679 741 4736 noli
772 4679 990 4745 timere,
1023 4675 1295 4732 descende
1325 4676 1376 4729 in
1405 4672 1725 4744 Egyptum,
1751 4671 1873 4741 quia

269 4780 327 4834 in
361 4785 586 4848 gentem
638 4787 890 4844 magnam
931 4769 1123 4826 faciam
1162 4777 1214 4824 te
1262 4767 1356 4822 ibi.
1399 4765 1514 4836 Ego
1549 4763 1874 4821 descendam

270 4880 459 4926 tecum
499 4867 650 4934 illuc,
694 4876 750 4922 et
778 4879 878 4935 ego
910 4863 1035 4918 inde
1065 4860 1330 4916 adducam
1364 4867 1415 4914 te
1459 4865 1823 4913 revertentem
1857 4871 1873 4910 :

271 4963 488 5033 Joseph
537 4975 754 5032 quoque
807 4966 971 5029 ponet
1016 4969 1234 5011 manum
1282 4967 1436 5008 suam
1483 4966 1647 5021 super
1689 4949 1878 5004 oculos

278 5071 429 5115 tuos.
462 5053 548 5129 [C.
579 5049 822 5124 LXXV.]
851 5047 1103 5108 Surrexit
1131 5055 1312 5102 autem
1341 5046 1512 5102 Jacob
1541 5059 1571 5098 a
1601 5043 1769 5098 Puteo
1791 5041 1878 5112 ju-

274 5149 552 5207 ramenti:
586 5147 934 5216 tuleruntque
960 5157 1083 5198 eum
1112 5139 1210 5195 lilii
1237 5154 1359 5195 cum
1391 5136 1633 5209 parvulis
1663 5144 1719 5192 et
1748 5150 1880 5191 uxo-

272 5245 438 5300 ribus
468 5242 582 5298 suis
614 5241 669 5296 in
713 5237 971 5311 plaustris
995 5251 1114 5308 qua:
1161 5233 1382 5289 miserat
1415 5231 1628 5286 Pharao
1654 5229 1720 5284 ad
1753 5244 1879 5300 por-

275 5336 505 5393 tandum
535 5348 722 5390 senem
763 5341 817 5388 et
851 5330 1036 5388 omnia
1067 5343 1186 5399 qua:
1229 5325 1586 5398 possederant
1627 5323 1704 5396 [In
1737 5322 1794 5378 Il.
1823 5329 1880 5380 et

273 5431 558 5485 duxerunt
581 5440 765 5482 secum
793 5438 986 5496 greges
1015 5419 1167 5492 suos]
1195 5421 1246 5474 in
1278 5428 1427 5476 terra
1458 5417 1716 5473 Chanaan
1749 5431 1879 5473 :veo

275 5525 476 5596 nitque
530 5523 586 5576 in
641 5518 934 5592 Egyptum
976 5531 1100 5573 cum
1155 5513 1302 5570 omni
1353 5511 1569 5568 semine
1619 5525 1739 5579 suo,
1788 5510 1885 5566 filii

278 5619 424 5689 ejus,
459 5625 515 5672 et
543 5623 788 5686 nepotes,
840 5610 983 5679 filim,
1028 5618 1083 5666 et
1127 5618 1320 5664 cuncta
1369 5606 1528 5660 simul
1573 5605 1882 5676 progenies.

282 5711 416 5768 “(cc
438 5718 562 5766 sunt
591 5719 774 5765 autem
805 5708 1024 5763 nomina
1056 5703 1290 5758 ﬁliorum
1324 5700 1509 5767 Israel,
1534 5697 1624 5770 qui
1658 5697 1888 5770 ingrcssi

284 5814 416 5865 sunt
445 5805 497 5861 in
527 5802 846 5876 Egyptum,
879 5803 999 5874 ipse
1033 5815 1156 5856 cum
1205 5796 1391 5854 liberis
1437 5795 1579 5865 suis;
1613 5793 1891 5866 Primoge-

1980 4683 2130 4740 runt,
2166 4673 2515 4730 adduxerunt
2556 4689 2769 4732 secum.
2801 4676 3048 4747 Cumque
3073 4680 3353 4734 vocaverit
3375 4695 3494 4750 vos,
3527 4689 3584 4737 et

1979 4767 2220 4825 dixerit:
2253 4766 2412 4834 Quod
2457 4777 2540 4824 est
2587 4783 2723 4839 opus
2755 4770 3040 4826 vestrum?
3088 4770 3516 4842 Respondebitis
3564 4789 3578 4828 :

1980 4859 2093 4916 Viri
2125 4869 2372 4931 pastores
2403 4875 2590 4917 sumus
2617 4862 2764 4917 servi
2797 4861 2875 4918 tui
2916 4863 2984 4917 ab
3030 4862 3254 4919 infantia
3281 4874 3468 4922 nostra
3489 4881 3580 4922 us-

1981 4969 2086 5024 que
2114 4953 2167 5008 in
2197 4967 2460 5024 praesens,
2487 4963 2543 5010 et
2581 4969 2682 5010 nos
2721 4963 2776 5010 et
2807 4964 2988 5026 patres
3022 4958 3213 5012 nostri.
3246 4958 3373 5014 Haec
3399 4968 3581 5016 autem

1984 5046 2204 5114 dicetis,
2235 5056 2296 5102 ut
2317 5047 2561 5105 habitare
2587 5049 2807 5118 possitis
2831 5050 2884 5106 in
2919 5060 3060 5108 terra
3091 5052 3302 5109 Gesen:
3337 5057 3464 5126 quia
3487 5054 3587 5112 de-

1987 5147 2253 5195 testantur
2273 5137 2516 5212 }Egyptii
2545 5155 2735 5196 omnes
2766 5153 3017 5213 pastores
3043 5145 3249 5202 ovium.

2058 5232 2209 5305 [Cap.
2260 5232 2498 5307 XLVII.]
2557 5235 2841 5306 Ingressus
2889 5252 3018 5308 ergo
3061 5237 3268 5311 Joseph
3319 5240 3588 5298 nuntiavit

1982 5325 2274 5394 Pharaoni,
2319 5325 2546 5386 dicens:
2588 5327 2756 5384 Pater
2786 5343 2940 5387 meus
2972 5341 3028 5388 et
3065 5332 3290 5401 fratres,
3317 5348 3452 5391 oves
3491 5349 3586 5391 eo-

1985 5436 2104 5475 rum
2137 5430 2192 5476 et
2218 5429 2483 5489 armenta,
2511 5431 2566 5478 et
2591 5432 2783 5478 cuncta
2813 5439 2936 5496 quae
2964 5423 3268 5497 possident,
3311 5435 3587 5484 venerunt

1987 5515 2054 5572 de
2081 5525 2230 5571 terra
2251 5513 2507 5571 Chanaan
2529 5532 2544 5574 :
2568 5525 2623 5572 et
2647 5532 2780 5574 ecce
2803 5519 3110 5576 consistunt
3137 5520 3190 5576 in
3209 5531 3352 5577 terra
3379 5521 3585 5577 Gesen.

1989 5609 2279 5665 Extremos
2331 5623 2554 5682 quoque
2602 5609 2831 5668 fratrum
2880 5627 3104 5670 suorum
3153 5615 3392 5687 quinque
3437 5614 3590 5672 viros

1990 5703 2384 5760 statuitcoram
2416 5720 2580 5776 rege:
2613 5715 2751 5777 quos
2776 5705 2874 5764 ille
2902 5708 3293 5780 interrogavit:
3323 5708 3463 5779 Quid
3491 5710 3592 5782 has

1997 5797 2136 5854 betis
2169 5797 2392 5870 operis?
2423 5798 2840 5872 Responderunt
2873 5819 2887 5860 :
2914 5801 3170 5861 Pastores
3194 5804 3376 5862 ovium
3405 5817 3594 5865 sumus
