4044 6360
504 254 612 318 ’9⁸1

1506 259 1569 322 S.
1608 248 1996 318 HIERONYMI
2034 246 2263 313 DIVINA
2302 249 2784 317 BIBLIOTHECA.

501 374 648 435 servi
673 375 775 437 tui.
793 381 850 433 et
875 387 996 444 nos,
1016 378 1071 433 et
1096 380 1282 447 patres
1305 376 1501 432 nostri.
1532 375 1613 433 Ad
1638 376 2097 449 peregrinandum
2125 369 2183 433 Α
2204 391 2372 450 usque
2401 377 2452 433 in
2477 384 2804 449 prmsentem
2828 377 2996 446 diem,
3025 375 3078 432 in
3099 374 3360 434 universa
3384 378 3529 433 terra
3556 368 3801 449 Egypti,

525 482 559 525 n
592 456 737 526 terra
789 476 876 524 tua
910 469 1202 526 venimus:
1236 470 1493 542 quoniam
1534 476 1644 527 non
1673 478 1759 529 est
1782 469 1948 529 herba
1980 488 2103 543 gre-

501 559 660 634 gibus
682 572 975 617 servorum
1007 567 1247 628 tuorum,
1277 560 1692 635 ingravescente
1718 560 1857 620 fame
1882 562 1934 618 in
1960 570 2101 620 terra

496 646 758 709 Chanaan
780 668 797 716 ς
832 650 1179 726 petimusque
1204 663 1408 712 utesse
1435 668 1534 712 nos
1554 655 1746 725 jubeas
1769 671 1957 714 servos
1978 662 2103 714 tuos

503 744 561 804 lu
590 755 734 803 terra
776 746 979 805 Geseu.
1010 740 1096 823 [Ο.
1132 738 1443 825 LXXVII”
1480 738 1629 807 Dixit
1670 752 1852 825 itaque
1891 768 1985 809 rex
2035 752 2103 810 ad

499 832 744 914 Ieseph:
796 836 957 899 Pater
987 846 1112 900 tuus
1156 852 1213 901 et
1252 842 1452 902 fratres
1485 845 1559 901 tui
1591 856 1862 903 venerunt
1898 842 1967 903 ad
2013 846 2102 915 te;

495 940 643 994 terra
675 932 898 1010 Egypti
950 926 1005 993 in
1038 940 1338 1008 conSpéCtu
1370 948 1465 998 tuo
1492 944 1578 998 est
1609 960 1622 997 :
1657 940 1712 999 in
1744 940 1950 1013 optimo
1983 930 2105 998 loco

500 1020 587 1085 fac
619 1016 870 1086 habitare
891 1044 1010 1096 eos,
1046 1039 1103 1086 et
1132 1018 1284 1087 trade
1311 1031 1392 1087 eis
1424 1036 1626 1089 terram
1656 1034 1855 1089 Ges’en;
1883 1028 2034 1103 Quod
2060 1034 2104 1089 si

504 1122 647 1180 hosti
680 1128 802 1181 esse
831 1123 887 1181 in
916 1110 999 1181 eis
1022 1124 1172 1181 viros
1194 1124 1513 1192 industrius,
1539 1118 1812 1185 constitue
1841 1122 1965 1184 illos
1993 1144 2107 1184 ma-

500 1218 700 1292 gistros
722 1226 979 1290 pecorum
1005 1228 1270 1277 meorum.
1297 1214 1384 1295 [Β.
1407 1216 1618 1296 XLIY.]
1641 1221 1769 1279 Post
1797 1221 1913 1280 haec
1934 1222 2108 1280 intro-

499 1310 660 1369 dtlxit
688 1300 890 1384 Ioseph
923 1316 1136 1385 patrem
1167 1322 1322 1370 suum
1354 1314 1422 1371 ad
1445 1330 1654 1388 regem,
1686 1322 1742 1371 et
1766 1315 1957 1373 statuit
1981 1332 2105 1373 eum

502 1413 686 1464 coram
709 1420 811 1475 eo;
841 1407 935 1481 qui
967 1408 1298 1466 benedicens
1321 1408 1419 1478 illi,
1449 1422 1500 1467 et
1525 1412 1888 1484 interrogatus
1917 1411 1987 1467 ab
2007 1426 2103 1466 eo:

499 1499 646 1568 Quot
680 1508 808 1558 sunt
828 1501 948 1559 dies
979 1506 1246 1561 annorum
1274 1504 1399 1559 vita;
1440 1504 1585 1559 tuae?
1613 1494 1949 1575 Respondit:
1983 1503 2107 1560 Dies

499 1594 954 1667 peregrinationis
978 1605 1004 1635 ι
1022 1603 1160 1653 mete
1178 1602 1396 1653 centum
1421 1594 1637 1670 triginta
1665 1610 1936 1654 annorum
1960 1604 2105 1661 sunt,

498 1688 652 1760 parvi
680 1697 737 1745 et
775 1689 926 1757 mali,
949 1697 1005 1745 et
1031 1696 1135 1747 nun
1169 1698 1532 1762 pervenerunt
1575 1695 1746 1761 usque
1771 1678 1838 1746 ad
1861 1689 1974 1746 dies
2005 1703 2107 1761 pa-

2205 471 2422 542 regibus
2454 469 2638 542 quinta
2674 480 2802 543 pars
2829 460 3081 538 solvitur,
3131 479 3187 526 et
3214 470 3410 527 factum
3437 477 3519 526 est
3549 470 3700 541 quasi
3749 469 3806 524 in

2205 556 2402 634 legem,
2434 564 2638 635 absque
2683 566 2833 620 terra
2876 558 3224 627 sacerdotali,
3261 580 3382 636 qua:
3414 561 3582 619 libera
3609 562 3678 619 ab
3706 561 3811 618 hac

2205 656 2528 714 Conditione
2554 658 2669 711 fuit.
2701 647 2788 732 [(3.
2812 644 3078 730 ιχχιχ]
3100 648 3379 713 Habitavit
3400 671 3533 729 ergo
3562 646 3727 712 lsrael
3751 653 3809 710 in

2206 738 2467 822 Eg'ypto,
2501 748 2553 805 id
2583 757 2693 818 est,
2740 750 2791 804 in
2844 752 2988 804 terra
3019 744 3221 815 Geseu,
3252 757 3307 805 et
3348 740 3592 819 possedit
3637 758 3806 803 eam:

2204 846 2506 914 auctusque
2535 848 2640 908 est,
2670 850 2723 898 et
2750 840 3144 913 multiplicatus
3173 838 3355 897 nimis.
3389 830 3455 895 Et
3483 839 3615 894 vixit
3655 838 3710 893 in
3745 842 3813 893 ea

2206 938 2401 996 decem
2448 947 2504 995 et
2550 937 2760 1009 septem
2791 937 2991 994 annis:
3027 932 3263 1010 factique
3301 936 3428 992 sunt
3458 938 3649 994 omnes
3690 924 3816 990 dies

2209 1033 2333 1087 vita:
2374 1028 2520 1089 illius
2558 1041 2777 1089 centum
2805 1030 3167 1106 quadraginta
3197 1038 3250 1087 et
3276 1036 3484 1102 septeni
3514 1042 3811 1085 annorum.

2207 1118 2453 1196 Cumque
2477 1130 2919 1200 appropinquare
2944 1136 3189 1184 cerneret
3216 1125 3407 1182 mortis
3444 1120 3589 1181 diem
3616 1122 3816 1198 [γυῖα.

2208 1219 2336 1275 add.
2365 1217 2525 1294 suas],
2573 1221 2782 1277 Vocavit
2816 1220 2980 1278 filium
3011 1235 3168 1276 suum
3199 1206 3427 1290 Ioseph,
3462 1220 3519 1273 et
3556 1213 3696 1273 dixit
3741 1213 3817 1270 ad

2208 1326 2335 1369 eum
2360 1328 2375 1371 :
2405 1308 2459 1369 Si
2493 1312 2677 1369 inveni
2705 1304 2933 1385 gratiam
2969 1312 3021 1368 in
3044 1314 3347 1382 conspectu
3376 1314 3490 1376 tuo,
3523 1311 3667 1382 pone
3697 1314 3820 1363 ma-

2209 1421 2338 1462 num
2371 1417 2517 1462 tuam
2546 1406 2648 1462 sub
2680 1400 2887 1463 femore
2913 1420 3056 1474 meo,
3112 1413 3168 1461 et
3208 1400 3380 1461 facies
3420 1400 3554 1459 mihi
3593 1394 3820 1458 miscri-

2210 1496 2450 1555 cordiam
2471 1507 2526 1555 et
2548 1499 2863 1556 veritatem:
2884 1507 2945 1554 ut
2969 1514 3074 1553 non
3101 1495 3336 1569 sepelias
3348 1511 3437 1552 me
3460 1494 3514 1552 in
3536 1492 3780 1568 Egypto
3796 1508 3818 1548 :

2209 1589 2305 1645 scd
2329 1588 2598 1646 dormiam
2630 1607 2753 1647 cum
2788 1580 3031 1663 patribus
3072 1589 3235 1656 meis,
3268 1588 3325 1645 et
3368 1585 3585 1644 auferas
3616 1601 3705 1645 me
3744 1584 3823 1643 de

2212 1674 2316 1738 hac
2347 1692 2515 1751 terra,
2549 1682 2860 1755 condasque
2884 1688 2935 1739 in
2963 1683 3217 1755 sepulcro
3247 1676 3515 1755 majorum
3541 1692 3816 1739 raeorum.

501 1756 645 1837 trum
672 1794 918 1838 meorum
947 1781 1146 1854 quibus
1171 1756 1499 1854 peregrinati
1527 1756 1675 1847 sunt,
1722 1786 1778 1838 et
1821 1756 2102 1837 benedicto
2128 1756 2182 1831 Β
2207 1764 2307 1829 Cui
2348 1773 2631 1846 respondit
2666 1775 2869 1847 Ioseph
2925 1792 2942 1832 :
2977 1777 3089 1849 Ego
3138 1764 3336 1833 faciam
3382 1764 3527 1849 quod
3573 1774 3817 1847 jussisti.

503 1858 656 1947 rege,
681 1887 933 1946 egressus
963 1884 1045 1931 est
1076 1868 1239 1931 foras.
1272 1872 1479 1946 Ioseph
1515 1890 1649 1932 vero
1673 1873 1812 1947 patri
1838 1883 1895 1932 et
1924 1875 2104 1930 fratri-

499 1958 605 2025 bus
647 1968 761 2027 suis
801 1964 951 2026 dedit
998 1969 1399 2041 possessionem
1444 1970 1497 2026 in
1539 1964 1776 2043 Egypto
1812 1969 1865 2025 in
1898 1955 2105 2040 optimo

500 2068 664 2119 terra!
707 2062 828 2120 solo
868 2061 1058 2137 [ναις.
1095 2060 1258 2138 loco],
1306 2062 1619 2126 Ramesses.
1669 2071 1727 2121 ut
1770 2069 2106 2134 praeceperat

502 2144 737 2210 Pharao.
780 2144 852 2209 Et
893 2154 1074 2210 alebat
1123 2169 1239 2224 eos,
1292 2168 1620 2226 omnemque
1669 2150 1890 2211 domum
1937 2144 2103 2224 patris

502 2248 613 2317 Sui,
632 2248 880 2318 praebens
903 2238 1105 2303 cibaria
1132 2247 1390 2319 singulis:
1414 2247 1467 2303 in
1484 2234 1608 2304 toto
1626 2246 1770 2304 enim
1793 2246 1927 2303 orbe
1949 2245 2104 2318 panis

503 2334 711 2411 deerat,
737 2351 792 2397 et
812 2340 1160 2412 oppresserat
1190 2339 1359 2397 fames
1384 2351 1607 2406 tersum,
1630 2339 1864 2395 maxime
1885 2332 2103 2411 (Egypti

500 2444 558 2493 et
584 2435 868 2492 Chanaan.
900 2435 941 2493 E
964 2436 1159 2508 quibus
1186 2444 1401 2493 omnem
1448 2437 1728 2506 peeuniam
1757 2430 2105 2507 congregavit

502 2531 603 2601 pro
637 2529 950 2585 venditione
977 2520 1255 2600 frumenti,
1301 2539 1356 2586 et
1382 2529 1711 2585 intuliteam
1753 2528 1805 2584 in
1848 2528 2101 2584 mrarium

499 2618 666 2693 regis.
716 2622 961 2695 Cumque
1015 2622 1310 2680 defecisset
1355 2621 1385 2662 ι)
1438 2623 1780 2693 emptoribus
1832 2623 2101 2694 pretium,

503 2717 659 2774 venit
682 2720 877 2773 cuneta
907 2716 1174 2790 Egyptus
1210 2716 1278 2772 ad
1316 2716 1544 2786 Ioseph,
1575 2714 1805 2773 dicens:
1838 2714 1918 2771 Da
1949 2710 2105 2772 nobis

503 2813 709 2884 panes:
735 2827 904 2885 quare
933 2811 1198 2868 morimur
1215 2824 1395 2867 coram
1425 2820 1501 2880 te,
1525 2808 1817 2867 deficiente
1838 2808 2105 2881 pecunia?

503 2903 711 2972 Quibus
748 2902 840 2960 ille
877 2902 1163 2973 reSpondit
1201 2900 1526 2967 :_Addueite
1567 2910 1761 2974 pecora
1798 2908 2002 2968 vestra,
2050 2909 2107 2957 et

505 2988 648 3053 dabo
676 2996 835 3051 vobis
880 3009 976 3064 pro
1011 2997 1091 3051 eis
1120 2994 1293 3063 cibos,
1346 2998 1390 3051 si
1440 2997 1673 3066 pretium
1718 3011 1824 3052 non
1868 2995 2101 3051 habetis.

500 3086 638 3158 Quae
666 3104 790 3146 cum
815 3087 1193 3157 adduxissent,
1226 3088 1377 3146 dedit
1397 3090 1477 3145 eis
1503 3089 1761 3146 alimenta
1796 3103 1896 3160 pro
1926 3086 2102 3159 equis,

2212 1867 2278 1925 Et
2307 1869 2395 1925 ille
2424 1883 2441 1927 :
2479 1869 2601 1939 jura
2649 1887 2801 1943 ergo,
2849 1872 3042 1943 inquit,
3073 1871 3228 1928 mihi.
3259 1864 3378 1941 Quo
3401 1861 3644 1942 iurante,
3674 1867 3820 1926 ado-

2208 1964 2348 2019 ravit
2379 1962 2543 2022 Israel
2569 1962 2764 2033 Deum,
2798 1980 3096 2023 conversus
3121 1964 3189 2021 ad
3222 1960 3404 2021 lectuli
3430 1966 3614 2037 caput.

2279 2056 2368 2133 [Τ.
2395 2049 2611 2125 XXVII,
2640 2056 2705 2114 C.
2737 2048 3107 2132 LXXXJCap.
3127 2044 3390 2130 XLVIIIJ
3421 2050 3513 2111 His
3534 2054 3608 2112 ita
3634 2062 3822 2111 trans-

2208 2152 2386 2223 actis,
2431 2154 2745 2210 nuntiatum
2788 2158 2872 2208 est
2912 2140 3114 2225 Ioseph
3154 2149 3297 2221 quod
3337 2148 3632 2221 {egrotaret
3661 2152 3823 2219 pater

2207 2264 2339 2306 suus
2396 2266 2409 2302 :
2466 2246 2560 2320 qui
2594 2292 2609 2316 ,
2670 2246 2964 2317 assumptis
3013 2245 3225 2302 duobus
3278 2238 3405 2301 liliis
3456 2238 3705 2302 Manasse
3760 2251 3826 2298 et

2209 2340 2495 2412 Ephraim,
2527 2340 2607 2397 ire
2631 2338 2891 2412 perrexit.
2929 2338 3249 2413 Dictumque
3279 2348 3364 2396 est
3393 2332 3507 2396 seni
3538 2358 3553 2397 :
3579 2334 3722 2396 Ecce
3753 2328 3825 2394 ﬂ-

2208 2422 2313 2490 litts
2344 2442 2462 2489 tuus
2494 2432 2696 2502 Ioseph
2731 2434 2877 2489 venit
2901 2428 2967 2489 ad
2995 2440 3072 2490 te.
3095 2428 3200 2503 Qui
3232 2431 3570 2490 confortatus
3594 2432 3737 2489 sedit
3761 2432 3819 2486 in

2207 2522 2429 2583 lectulo.
2466 2525 2532 2582 Et
2561 2525 2808 2597 ingresso
2836 2525 2903 2581 ad
2934 2540 2992 2581 se
3023 2524 3097 2582 ait
3129 2544 3142 2580 :
3175 2525 3315 2582 Deus
3346 2526 3693 2596 omnipotens
3720 2530 3823 2596 ap-

2209 2617 2389 2690 paruit
2418 2618 2550 2677 mihi
2583 2621 2634 2675 in
2662 2619 2829 2687 Luza,
2859 2635 2977 2691 qua:
3004 2626 3082 2675 est
3116 2618 3171 2675 in
3198 2624 3345 2675 terra
3375 2610 3631 2675 Chanaan
3665 2634 3679 2672 :
3714 2612 3825 2674 Be-

2210 2713 2527 2784 netiixitque
2569 2713 2725 2779 mihi,
2757 2720 2813 2768 et
2841 2714 2917 2768 ait
2951 2730 2964 2767 :
2997 2712 3112 2784 Ego
3142 2721 3197 2769 te
3227 2712 3439 2782 augebo
3467 2718 3519 2767 et
3551 2704 3824 2784 multipli-

2212 2808 2370 2880 cabo,
2399 2820 2451 2865 et
2476 2810 2668 2865 faciam
2693 2807 2882 2882 [γυῖα.
2907 2806 3033 2863 add.
3061 2806 3135 2881 te]
3157 2807 3210 2862 in
3235 2806 3422 2863 turbas
3444 2808 3768 2878 populorum
3799 2825 3817 2863 :

2210 2906 2462 2978 daboque
2508 2903 2600 2961 tibi
2648 2914 2848 2961 terram
2889 2900 3060 2970 hanc,
3086 2914 3138 2958 et
3166 2902 3357 2961 semini
3385 2913 3478 2959 tuo
3509 2911 3629 2975 post
3657 2913 3731 2969 te,
3757 2900 3823 2957 in

2213 3000 2616 3072 possessionem
2665 3001 3074 3072 sempiternam.
3116 2997 3233 3055 Duo
3273 2996 3436 3068 igitur
3463 2992 3556 3053 filii
3587 2996 3684 3067 tui,
3720 2996 3823 3068 qui

2214 3092 2325 3148 nati
2349 3102 2477 3148 sunt
2496 3090 2685 3165 [ναις.
2707 3090 2829 3149 add.
2855 3086 2977 3165 tibi]
3006 3092 3056 3147 in
3083 3098 3234 3148 terra
3257 3084 3491 3164 .Egypti,
3519 3100 3819 3163 antequam

503 3187 559 3238 et
596 3180 808 3245 ovibus,
862 3188 917 3235 et
959 3180 1151 3246 bobus,
1193 3188 1249 3235 et
1286 3178 1453 3235 asinis
1484 3197 1497 3238 :
1536 3181 1964 3250 sustentavitquc
2011 3193 2104 3233 eos
2130 3164 2181 3232 Ο
2213 3177 2316 3241 huc
2348 3164 2595 3243 venirem
2635 3186 2700 3240 ad
2743 3194 2818 3247 te.
2861 3164 2973 3241 mei
2997 3195 3166 3244 erunt
3195 3205 3208 3243 :
3233 3185 3489 3258 Ephraim
3520 3195 3575 3243 et
3600 3185 3821 3242 Manas-

502 3274 603 3353 lllo
652 3288 799 3343 anno
848 3289 952 3347 pro
1002 3275 1429 3332 commutatione
1491 3287 1771 3345 pecorum.
1826 3272 2108 3328 Venerunt

498 3378 719 3442 quoque
743 3380 885 3425 anno
916 3366 1182 3435 secundo,
1214 3377 1269 3424 et
1294 3366 1618 3424 dixeruutei
1657 3383 1672 3421 :
1722 3365 1840 3422 Non
1868 3365 2106 3421 celamus

502 3462 729 3522 domino
779 3458 968 3538 [Vulg.
1023 3461 1324 3520 eelabimus
1365 3460 1593 3535 donum]
1656 3469 1884 3526 nostro,
1933 3458 2103 3530 quod,

498 3554 789 3614 deficiante
838 3555 1085 3627 pecunia,
1136 3568 1334 3625 pecora
1378 3553 1540 3609 simul
1581 3552 1951 3609 defecerunt:
2005 3560 2105 3607 nec

502 3648 645 3706 clam
675 3659 728 3707 te
775 3656 881 3719 est,
926 3647 1070 3722 quod
1099 3648 1304 3721 absque
1331 3645 1652 3718 corporibus
1681 3652 1734 3703 et
1779 3653 1923 3700 terra
1969 3643 2104 3699 nihil

500 3740 818 3802 habeamus.
859 3744 969 3801 Cur
1011 3758 1144 3817 ergo
1192 3743 1511 3809 moriemur,
1558 3752 1610 3797 te
1640 3737 1891 3805 vidente?
1920 3746 1975 3793 et
2004 3752 2103 3794 nos

497 3846 556 3898 et
602 3848 745 3897 terra
789 3844 977 3896 nostra
1007 3838 1083 3894 tui
1129 3836 1369 3893 erimus:
1402 3846 1524 3891 eme
1553 3849 1652 3890 nos
1690 3834 1743 3888 in
1784 3831 2099 3889 servitutem

494 3936 726 4005 regiam,
759 3938 817 3990 et
843 3928 1029 4005 praebe
1058 3931 1289 3996 semina,
1319 3944 1408 3995 ne,
1452 3937 1712 3999 pereunte
1752 3925 1984 3991 cultore,
2015 3936 2104 3979 re-

497 4025 715 4098 digatur
763 4026 907 4083 terra
952 4024 1007 4082 in
1062 4024 1433 4081 solitudinem.
1480 4021 1628 4079 Emit
1680 4021 1841 4094 igitur
1893 4018 2100 4089 Ioseph

434 4140 438 4144 ·
498 4128 719 4176 omnem
745 4128 943 4175 terram
973 4114 1220 4191 Egypti,
1246 4116 1607 4174 vendentibus
1629 4112 1856 4186 singulis
1888 4127 2100 4183 posses-

2207 3295 2321 3347 ses,
2363 3280 2504 3335 sicut
2535 3270 2723 3335 Ruben
2752 3291 2807 3336 et
2839 3280 3060 3336 Simeon
3093 3274 3491 3352 reputabuntur
3517 3278 3671 3335 mihi.
3705 3277 3819 3336 Re-

2208 3373 2384 3444 liquos
2424 3380 2611 3430 autem
2658 3388 2794 3443 quos
2832 3374 3087 3444 genueris
3129 3382 3252 3445 post
3289 3389 3408 3436 eos,
3443 3372 3517 3429 tui
3542 3382 3725 3440 erunt,
3755 3381 3815 3429 et

2207 3469 2425 3522 nomine
2465 3456 2693 3521 fratrum
2726 3476 2950 3522 suorum
2979 3460 3323 3523 vocabuntur
3352 3466 3406 3523 in
3450 3457 3820 3537 possessioni-

2207 3557 2309 3616 bus
2354 3560 2487 3615 suis.
2519 3557 2650 3615 Mihi
2690 3559 2857 3623 enim,
2902 3556 3121 3631 quando
3149 3552 3432 3616 veniebam
3462 3559 3533 3616 de
3561 3558 3821 3630 Mesopo-

2205 3653 2391 3719 tamia,
2439 3661 2652 3709 mortua
2702 3662 2786 3710 est
2829 3651 3034 3711 Rachel
3062 3650 3116 3708 in
3150 3662 3293 3709 terra
3325 3648 3579 3708 Chanaan
3609 3652 3663 3708 in
3690 3652 3819 3722 ipso

2205 3745 2421 3812 itinere,
2477 3757 2703 3819 eratque
2753 3762 2978 3802 vernum
3033 3755 3248 3817 tempus
3299 3762 3313 3800 :
3363 3755 3417 3801 et
3466 3745 3818 3818 ingrediebar

2206 3836 2521 3911 Ephratam,
2550 3849 2606 3895 et
2635 3839 2858 3911 sepelivi
2887 3855 3007 3895 eam
3028 3838 3182 3911 juxta
3210 3839 3353 3895 viam
3380 3828 3654 3909 Epitratre,
3685 3853 3817 3908 quas

2201 3934 2309 3991 alio
2340 3936 2557 3991 nomine
2587 3934 2893 4006 appellatur
2920 3931 3265 3990 Bethlehem.
3302 3930 3502 3989 Videas
3529 3941 3712 4002 autem
3748 3931 3819 3985 li-

2205 4029 2308 4085 lios
2329 4029 2445 4101 ejus
2470 4022 2607 4085 dixit
2632 4025 2698 4083 ad
2727 4043 2874 4083 eum.
2907 4020 3007 4096 Qtti
3037 4037 3158 4083 sunt
3190 4020 3317 4082 isti‘t
3341 4022 3642 4096 Respondit
3669 4040 3683 4078 :
3719 4020 3781 4079 Fi
3802 4052 3818 4064 -

2203 4118 2260 4177 lii
2296 4122 2399 4178 mei
2443 4130 2595 4188 sunt,
2626 4135 2762 4192 quos
2789 4114 2942 4175 dedit
2969 4116 3104 4176 mihi
3128 4113 3275 4176 Deus
3302 4108 3359 4174 in
3388 4116 3490 4173 hoc
3518 4114 3665 4173 loco.
3696 4116 3816 4171 Ad-

499 4212 686 4268 siones
714 4224 840 4267 suas
860 4222 970 4282 pra:
997 4209 1369 4283 magnitudine
1394 4207 1570 4263 famis.
1598 4206 1948 4278 Sultjecitque
1977 4218 2098 4262 eam
2201 4211 2325 4281 duc,
2352 4213 2546 4284 inquit,
2571 4227 2665 4269 eos
2686 4211 2752 4267 ad
2776 4228 2884 4279 me,
2911 4219 2971 4267 ιιι
2993 4210 3313 4268 benedicam
3343 4209 3468 4266 illis.
3497 4206 3583 4283 [8.
3613 4202 3815 4281 XLV.]

494 4303 795 4373 Pharaoni,
825 4313 882 4364 et
908 4314 1137 4363 cunctos
1165 4304 1395 4377 populos
1424 4304 1567 4373 ejus,
1591 4318 1620 4357 a
1650 4302 1959 4358 novissimis
1989 4307 2098 4357 ter-

2198 4302 2505 4363 Oculieuim
2525 4303 2688 4360 Israel
2710 4302 3076 4376 ealigaveraut
3098 4318 3213 4375 prae
3234 4296 3396 4359 nimia
3418 4310 3724 4369 senectute,
3750 4309 3813 4357 et

499 4400 663 4458 minis
694 4396 914 4473 Egypti
944 4413 1118 4472 u~que
1148 4398 1216 4456 ad
1248 4408 1533 4455 eXtremos
1565 4396 1700 4452 lines
1728 4394 1867 4468 ejus,
1899 4400 2100 4466 praeter

2207 4408 2346 4466 clare
2369 4407 2552 4463 videre
2576 4422 2683 4463 non
2713 4415 2950 4478 poterat.
2977 4405 3382 4479 Applicitosque
3405 4400 3471 4462 ad
3495 4420 3554 4461 se
3574 4403 3816 4460 deoscu-

492 4504 695 4552 terram
726 4492 1093 4561 sacerdotum,
1122 4506 1248 4565 quae
1298 4498 1326 4548 a
1359 4500 1485 4564 rege
1528 4491 1725 4547 tradita
1764 4489 1941 4546 fuerat
1968 4490 2049 4547 eis
2078 4505 2094 4546 :

498 4584 697 4659 quibus
722 4597 778 4644 et
803 4596 1006 4644 statuta
1037 4562 1242 4643 cibaria
1266 4594 1330 4641 ex
1362 4562 1575 4641 horreis
1612 4582 1842 4656 publicis
1877 4578 2091 4655 praebe-
2118 4562 2174 4632 Ῑ)

493 4678 715 4747 bantur,
746 4688 803 4736 et
846 4677 1051 4737 idcirCo
1092 4694 1199 4737 non
1232 4689 1361 4735 sunt
1398 4674 1665 4751 compulsi
1702 4676 1937 4734 vendere
1967 4694 2092 4747 pos-

493 4772 771 4829 sessiones
817 4787 964 4829 suas.
994 4770 1147 4828 Dixit
1176 4784 1306 4843 ergo
1343 4766 1552 4841 Ioseph
1580 4770 1647 4826 ad
1680 4769 1910 4843 populos
1948 4785 1963 4825 :
2008 4769 2086 4825 En

491 4872 555 4919 ut
582 4864 831 4930 cernitis,
860 4876 916 4922 et
942 4878 1042 4921 vos
1072 4874 1129 4922 et
1159 4874 1360 4921 terram
1400 4870 1637 4921 vestram
1668 4863 1878 4920 Pharao
1918 4863 2092 4935 possi«

492 4954 627 5016 tiet:
662 4960 895 5033 accipite
938 4963 1172 5029 semina,
1207 4970 1264 5019 et
1293 4956 1460 5018 serite
1485 4972 1668 5032 agros,
1701 4970 1757 5016 ut
1788 4962 1967 5034 fruges
1996 4960 2095 5016 ha-

484 5052 629 5113 bere
657 5056 899 5127 pessltis.
927 5052 1183 5125 Quintam
1214 5064 1425 5129 partem
1457 5056 1571 5129 regi
1601 5053 1832 5116 dabitis:
1863 5067 2097 5128 quatuor

2200 4511 2341 4566 latus
2371 4520 2454 4567 eSt
2475 4553 2490 4579 ,
2520 4519 2571 4564 et
2600 4507 3009 4580 circumplexus
3033 4507 3226 4580 [Vulg.
3252 4507 3380 4561 add.
3420 4504 3539 4579 eos]
3570 4503 3704 4562 dixit
3734 4502 3812 4561 ad

2196 4614 2366 4670 tilium
2405 4628 2561 4669 suum
2602 4631 2614 4668 :

2196 4731 2362 4789 super
2397 4715 2641 4773 ostendit
2670 4714 2802 4771 mihi
2835 4715 2983 4771 Deus
3009 4728 3195 4772 semen
3228 4722 3402 4771 tuum.
3437 4713 3680 4787 Cumque
3711 4724 3806 4769 tu-

2198 4821 2353 4878 lisset
2378 4822 2479 4877 eos
2505 4819 2709 4889 Ioseph
2736 4818 2808 4875 de
2835 4817 3046 4891 gremio
3069 4796 3552 4889 patris,adorsvrit
3596 4831 3810 4888 pronus

2195 4923 2251 4979 in
2283 4932 2502 4978 terram.
2533 4919 2602 4977 Et
2628 4921 2813 4991 posuit
2838 4919 3095 4991 Ephraim
3118 4919 3189 4975 ad
3216 4919 3504 4976 dexteram
3538 4931 3718 4985 sum,
3747 4918 3808 4976 id

2200 5035 2306 5096 est,
2339 5023 2405 5080 ait
2435 5024 2716 5080 sinistram
2745 4996 2913 5080 Israel
2946 5041 2960 5078 :
2990 5021 3276 5080 ManasSen
3300 5027 3435 5080 vero
3472 5022 3531 5080 in
3575 5023 3807 5080 sinistra

2657 4612 2773 4667 Non
2815 4627 2935 4669 sum
2970 4612 3251 4668 fraudatus
3295 4619 3518 4682 aspectu
3550 4618 3643 4667 tuo
3671 4627 3687 4665 :
3721 4608 3813 4666 in-

491 5119 738 5221 reliquas
785 5119 1039 5227 permitto
1076 5119 1234 5207 vobis
1274 5148 1328 5207 in
1369 5119 1698 5220 sementem,
1730 5150 1786 5207 et
1828 5119 1895 5205 in'
1913 5149 2093 5206 cibum

2207 5138 2297 5185 sua
2316 5169 2330 5192 ,
2359 5127 2425 5183 ad
2454 5125 2733 5183 dexteram
2757 5125 2969 5182 scilicet
2991 5126 3180 5197 patris,
3212 5119 3583 5198 applicuitque
3608 5124 3810 5183 ambos

500 5234 721 5302 familiis
750 5256 808 5303 et
849 5224 1042 5303 liberis
1070 5238 1295 5306 vestris.
1319 5248 1419 5317 Qui
1463 5247 1859 5319 responderunt
1886 5263 1903 5303 :
1935 5247 2099 5305 Salus

2207 5230 2264 5287 ad
2291 5246 2435 5287 eum.
2464 5227 2568 5298 Qui
2591 5226 2894 5286 extendens
2922 5236 3139 5284 manum
3167 5227 3470 5296 dexteram,
3493 5224 3677 5300 pesuil
3700 5236 3806 5286 su-
3858 5302 3873 5322 ι

490 5340 681 5397 nostra
709 5340 760 5395 in
786 5357 951 5396 manu
983 5344 1069 5397 lu'a
1099 5349 1222 5398 est:
1258 5343 1515 5411 rcSpirial
1539 5357 1639 5398 nos
1673 5350 1877 5397 tantum
1906 5330 2098 5397 Domi-

2199 5350 2295 5407 per
2318 5342 2481 5405 caput
2524 5331 2779 5403 prraim
2803 5320 3037 5404 junioris
3059 5320 3248 5404 quly.
3283 5320 3531 5404 minoris]
3562 5320 3754 5387 fratris
3785 5348 3802 5388 :

482 5438 597 5493 bus
635 5442 844 5504 noster,
885 5442 942 5493 et
982 5426 1090 5492 la-ti
1134 5437 1433 5495 serviemus
1474 5436 1611 5509 regi.
1644 5427 1729 5493 Ex
1756 5452 1824 5494 eo
1851 5445 2095 5509 tempore
2196 5439 2476 5496 sinistram
2499 5445 2679 5494 autem
2702 5449 2865 5507 super
2883 5440 3043 5506 caput
3067 5434 3336 5507 Manasse,
3356 5428 3451 5509 qui
3474 5426 3648 5506 major
3667 5443 3805 5492 natu

573 5607 600 5637 ι
627 5597 685 5654 1η
716 5599 960 5670 antiquis
981 5604 1116 5654 tnSs.
1143 5596 1309 5654 codd.
1336 5599 1501 5668 inque
1522 5604 1731 5655 canone
1763 5592 1900 5655 πει».
1927 5596 2087 5655 verit.

494 5670 715 5740 legitur,
748 5669 869 5731 Dies
894 5671 1328 5741 peregrinationis
1370 5671 1489 5725 siue
1517 5687 1660 5739 om,
1690 5671 1789 5728 sed
1821 5672 1946 5728 vim
1973 5684 2095 5725 mu-

495 5748 707 5817 tuatum
759 5741 976 5817 videtur
1012 5758 1043 5798 e
1088 5741 1702 5817 Ln_ittterpretibus,
1743 5745 1838 5814 qui
1882 5744 2090 5817 legum,

416 5845 427 5855 -
497 5804 621 5872 Dies
638 5823 899 5871 annorum
928 5814 1045 5870 vitae
1065 5829 1209 5871 ηιεω.
1234 5802 1421 5871 Mser.

2200 5614 2273 5644 σέ-
2307 5590 2528 5656 Addunt
2573 5599 2747 5654 nostri
2789 5606 2923 5655 mss.
2953 5596 3091 5657 vim.
3141 5590 3250 5655 Sed
3296 5599 3357 5655 et
3400 5590 3694 5666 ﬂebrteus,
3734 5602 3801 5654 et

2195 5671 2390 5744 Aquila
2424 5669 2754 5744 nescioquid
2788 5671 2909 5744 plus
2940 5671 3132 5736 habet.
3165 5684 3326 5740 quam
3350 5672 3466 5727 dics
3496 5671 3801 5743 pettsgritta-

2198 5742 2353 5818 nam
2370 5758 2521 5818 triste,
2548 5742 2761 5818 scilicet
2910 5759 3173 5818 annorum
3192 5742 3627 5818 peregrinatiﬂnis
3646 5759 3789 5798 mete.

2272 5815 2299 5855 ιι
2330 5814 2435 5870 Alii
2468 5812 2592 5868 libri
2621 5814 2935 5886 temporibus
2962 5812 3273 5885 pra'feru'nt.
