4044 6360
243 291 346 348 229

1612 281 1817 341 LIBER
1859 275 2172 344 GENESIS.

3438 283 3546 346 230

251 413 384 468 erat,
415 409 765 459 commutans
797 417 1012 458 manus.
1049 399 1443 473 Benediaitque
1467 410 1490 438 ³
1515 401 1714 474 Joscph
1743 402 1849 457 ﬁlio
1878 411 1930 467 Α
1955 420 2170 462 crescas
2205 424 2216 458 :
2249 406 2371 478 qttia
2401 403 2693 461 ascendisti
2732 404 2910 461 cubile
2952 403 3119 477 patris
3153 407 3250 472 tui,
3281 414 3335 462 et
3366 416 3548 462 macu—

247 515 364 565 suo,
401 507 458 553 et
484 500 557 553 ait
591 516 604 552 :
641 500 803 566 Deus,
839 498 891 553 in
926 497 1083 568 cujus
1106 507 1404 567 conspectu
1433 497 1848 552 ambulaverunt

249 599 422 660 patres
455 591 586 658 mei,
611 591 885 648 Abraham
913 599 966 646 et
990 590 1161 656 lsaac,
1186 591 1329 645 Deus
1358 591 1449 662 qui
1477 591 1648 661 pascit
1671 605 1756 644 me
1783 589 1850 644 ab

245 687 611 742 adolescentia
646 702 762 741 mea
808 697 978 756 usque
1010 686 1060 739 iu
1095 694 1413 756 praesentem
1450 684 1634 750 dicm;
1669 683 1849 754 Auge-

246 781 347 840 lus.
380 779 478 850 qui
518 779 661 833 eruit
689 794 774 834 me
805 778 872 834 de
900 779 1111 833 cunctis
1143 778 1316 847 malis,
1352 776 1641 833 benedicat
1667 776 1850 847 pueris

245 869 435 944 [Vulg.
481 870 606 924 add.
659 869 800 943 istis]
848 890 858 924 :
907 878 961 926 et
1004 871 1293 925 invocetur
1337 885 1498 940 super
1527 883 1623 925 eos
1651 875 1849 923 nomen

245 979 453 1030 meum,
483 963 701 1020 nomina
731 979 944 1035 quoque
975 975 1187 1035 patrum
1224 979 1469 1020 meorum
1501 963 1770 1018 Abraham
1798 971 1852 1018 et

243 1057 424 1121 lsaae;
456 1065 512 1112 et
535 1068 788 1112 crescant
813 1057 865 1111 in
891 1057 1291 1112 multitudinem
1321 1072 1486 1128 super
1512 1068 1731 1112 terram.
1767 1056 1852 1111 Vi-

244 1147 385 1203 dens
407 1157 590 1204 autem
618 1147 819 1218 loseph
851 1149 990 1220 quod
1021 1151 1287 1219 posuisset
1318 1157 1470 1220 pater
1500 1165 1632 1204 suus
1662 1147 1852 1204 dexte-

246 1257 365 1297 ram
398 1257 622 1297 manum
653 1259 818 1313 super
840 1252 999 1312 eaput
1021 1243 1304 1314 Ephraim,
1332 1245 1571 1315 graviter
1592 1245 1804 1314 accepit
1836 1262 1850 1304 :

242 1343 293 1392 et
330 1337 734 1407 apprehensam
763 1338 932 1408 patris
963 1353 1180 1392 manum
1213 1338 1390 1394 levare
1421 1345 1648 1393 conatus
1677 1348 1758 1393 est
1786 1336 1853 1394 de

239 1430 434 1500 capite
461 1427 746 1500 Ephraim,
779 1437 833 1485 et
865 1429 1161 1486 transferre
1199 1446 1364 1500 super
1393 1437 1554 1501 caput
1583 1430 1850 1485 Manasse.

241 1523 509 1596 Dixitque
551 1523 619 1579 ad
671 1533 876 1594 patrem
915 1523 1073 1580 :Non
1117 1525 1187 1578 ita
1228 1524 1478 1580 convenit
1508 1536 1658 1596 pater
1690 1541 1702 1578 :
1731 1526 1851 1595 quia

243 1616 336 1673 hic
371 1630 454 1674 est
483 1619 902 1691 primogenitus,
933 1634 1074 1690 pauc
1101 1619 1377 1675 dexteram
1410 1630 1551 1676 tuam
1580 1635 1742 1690 super
1764 1635 1857 1675 ca-

240 1721 347 1781 put
395 1713 535 1783 ejus.
578 1714 680 1781 Qui
726 1729 985 1779 renuens,
1028 1715 1143 1768 ait:
1175 1714 1322 1781 Scio,
1357 1713 1429 1768 liii
1484 1715 1577 1779 mi,
1611 1713 1722 1768 scio
1757 1730 1770 1766 :
1801 1724 1854 1768 et

1955 497 2074 553 lasti
2113 508 2340 554 stratum
2381 498 2518 567 ejus.
2560 493 2587 533 ἀ
2631 497 2849 552 Simeou
2892 508 2945 553 et
2974 496 3105 554 Levi
3139 496 3338 554 fratres
3370 519 3384 555 :
3417 514 3547 555 vasa

1955 589 2255 660 iniquitatis
2299 592 2571 648 bellantia.
2600 589 2654 646 lu
2682 591 2971 648 consilium
3013 607 3199 647 eorum
3231 605 3340 647 non
3371 591 3556 646 veniat

1955 683 2133 737 anima
2165 699 2304 746 mea,
2338 692 2393 739 et
2435 684 2487 738 in
2529 692 2670 740 coetu
2703 683 2917 738 illorum
2951 699 3055 738 non
3087 683 3151 739 sit
3183 681 3353 754 gloria
3384 691 3500 738 mea
3533 699 3549 742 :

1955 777 2078 847 quia
2109 775 2159 830 in
2196 775 2378 830 furore
2419 791 2519 832 suo
2547 775 2863 832 occiderunt
2893 777 3090 843 virum,
3119 785 3173 833 et
3199 778 3251 831 in
3281 776 3556 833 voluntate

1954 884 2047 924 sua
2096 867 2436 923 sullndcrunt
2487 885 2722 924 murum.
2774 867 3088 925 Maledictus
3133 865 3283 926 furor
3328 883 3552 936 eorum,

1955 965 2079 1035 quia
2120 967 2362 1035 pertinax
2390 980 2403 1030 ;
2451 969 2505 1018 et
2536 964 2828 1035 indignatio
2855 977 3040 1019 eorttm
3071 1007 3084 1033 ,
3117 964 3238 1035 quia
3268 963 3402 1019 dura
3434 979 3449 1022 :
3482 962 3562 1020 di-

1957 1056 2134 1111 vidam
2162 1066 2256 1111 eos
2283 1057 2336 1111 in
2361 1055 2548 1121 Jacob,
2574 1065 2625 1112 et
2652 1055 2965 1127 dispergam
2993 1069 3088 1113 eos
3111 1058 3162 1111 in
3185 1055 3370 1112 Israel.
3396 1055 3554 1125 Juda‘,

1957 1145 2010 1204 te
2053 1146 2348 1203 laudabunt
2389 1147 2580 1203 fratres
2630 1145 2706 1203 tui
2753 1164 2768 1204 :
2808 1161 3000 1203 manus
3047 1159 3136 1204 tua
3171 1150 3222 1203 in
3254 1147 3558 1205 cervicibus

1958 1243 2299 1299 inimiCorum
2329 1249 2538 1298 tuarum
2570 1260 2583 1296 :
2617 1241 2922 1299 adorabunt
2944 1239 2996 1298 te
3020 1241 3114 1297 lilii
3136 1243 3307 1313 patris
3335 1244 3430 1299 tui.
3456 1235 3558 1298 Ca-

1959 1335 2104 1390 tulus
2134 1335 2306 1390 leonis
2332 1335 2466 1390 inda
2499 1351 2512 1393 :
2551 1343 2574 1372 ο
2611 1334 2673 1388 ad
2703 1334 2960 1405 praedam,
2993 1335 3063 1389 liii
3097 1335 3190 1396 mi,
3215 1335 3509 1391 ascendisti
3539 1351 3553 1389 :

1959 1425 2307 1497 requiesCens
2346 1427 2641 1482 accubuisti
2690 1439 2744 1480 ut
2787 1427 2894 1495 leo,
2935 1439 2984 1484 et
3026 1428 3177 1498 quasi
3209 1427 3403 1497 lemna,
3436 1429 3556 1499 quis

1957 1517 2239 1575 suscitabit
2268 1521 2432 1575 eum?
2463 1514 2580 1573 Non
2610 1522 2880 1574 auferetur
2909 1525 3185 1589 sceptrum
3217 1520 3284 1575 de
3311 1515 3472 1586 Juda,
3502 1528 3558 1576 et

1961 1613 2072 1668 dux
2104 1611 2170 1669 de
2201 1613 2500 1670 femoribus
2532 1609 2715 1687 [Vulg
2750 1612 2976 1686 l'emorc]
3003 1613 3140 1685 ejus.
3175 1613 3348 1671 donec
3375 1607 3558 1671 veniat

1958 1705 2050 1777 qui
2091 1707 2388 1761 mittendus
2428 1713 2532 1772 est,
2563 1715 2616 1762 et
2644 1707 2756 1776 ipse
2784 1707 2886 1762 crit
2919 1709 3254 1778 exspectatio
3285 1711 3550 1780 gentium.

241 1805 359 1860 iste
397 1805 613 1875 quidem
645 1806 748 1861 erit
790 1807 842 1861 in
883 1811 1130 1878 populos,
1159 1815 1211 1861 et
1242 1805 1683 1876 multiplicabitur
1716 1828 1727 1860 :
1758 1806 1852 1862 sed
1887 1797 1932 1871 Β
1963 1799 2157 1871 Ligans
2194 1802 2258 1854 ad
2286 1800 2495 1855 vineam
2531 1801 2731 1870 pullmu
2756 1816 2912 1855 suum
2948 1795 2995 1870 ί,
3028 1813 3081 1858 et
3112 1797 3175 1856 ad
3202 1802 3385 1867 vitem,
3417 1817 3449 1858 ο
3482 1803 3556 1858 liii

239 1898 428 1956 frater
471 1900 589 1971 ejus
629 1900 815 1970 junior
856 1900 1030 1970 major
1070 1901 1160 1954 illo
1204 1901 1306 1955 erit
1350 1919 1362 1955 :
1411 1911 1463 1955 et
1496 1915 1680 1955 semen
1712 1900 1856 1955 illius

240 2000 473 2047 crescet
498 1991 547 2047 in
579 2001 782 2065 gentes.
822 1991 1109 2048 Benedixit
1131 2009 1212 2059 ine
1242 1993 1320 2049 eis
1353 1995 1403 2048 in
1434 1994 1554 2064 ipso
1587 2009 1853 2066 tempore,

239 2085 449 2142 dicens
483 2105 496 2142 :
524 2086 578 2142 in
610 2098 662 2143 te
694 2087 1041 2143 benedicetur
1074 2087 1259 2154 Israel,
1293 2097 1455 2160 atque
1483 2089 1729 2144 dicetur:
1757 2088 1858 2143 Fa-

238 2179 366 2232 ciat
395 2179 491 2235 tibi
538 2179 676 2234 Deus
717 2179 858 2235 sicut
887 2178 1145 2248 Ephraim
1177 2192 1222 2236 et
1256 2181 1392 2235 sicut
1423 2179 1686 2237 Manasse.
1718 2180 1853 2237 Con-

239 2273 539 2344 stituitque
571 2273 827 2343 prraim
859 2284 983 2328 ante
1019 2273 1337 2330 Manassem.
1368 2275 1433 2331 Et
1461 2278 1534 2330 ait
1561 2277 1627 2330 ad
1657 2275 1856 2347 Joseph

242 2364 430 2420 ﬁlium
466 2381 619 2420 suum
654 2386 665 2419 :
701 2367 774 2420 Eu
804 2383 904 2437 ego
925 2368 1148 2430 morior,
1172 2379 1225 2422 et
1251 2369 1351 2422 erit
1377 2369 1517 2423 Deus
1548 2367 1853 2436 vobiscum,

242 2459 589 2530 reducetque
616 2475 712 2515 vos
744 2460 808 2515 ad
834 2469 1032 2514 terram
1067 2470 1277 2531 patrum
1300 2472 1629 2518 vestrorum.
1662 2464 1736 2518 Do
1759 2463 1858 2518 tibi

241 2552 271 2591 δ
301 2563 518 2622 partem
542 2568 704 2607 unam
729 2563 883 2608 extra
912 2555 1103 2610 fratres
1120 2567 1270 2622 tuos,
1297 2566 1458 2627 quam
1486 2556 1580 2611 tuli
1609 2553 1674 2612 de
1699 2573 1857 2612 manu

251 2644 564 2701 Amorrhtei
595 2647 644 2699 in
677 2646 855 2715 gladio
882 2656 936 2703 et
966 2663 1092 2704 arcu
1134 2663 1276 2703 meo.

329 2737 417 2809 [Τ.
463 2735 752 2802 XXXVIII,
802 2737 864 2794 C.
915 2738 1155 2808 LXXXI,
1205 2740 1333 2809 Cap.
1377 2740 1593 2814 XLIX.]
1639 2741 1862 2798 Vocavit

258 2839 446 2885 autem
481 2829 647 2887 Jacob
675 2831 814 2885 ﬁlios
837 2847 984 2894 suos,
1019 2842 1074 2889 ct
1100 2833 1176 2888 ait
1203 2835 1281 2889 eis
1309 2854 1318 2888 :
1344 2832 1778 2906 Congregamini,
1804 2843 1863 2890 ut

253 2923 574 2977 annuntiem
620 2938 741 2992 quae
774 2934 998 2978 ventura
1036 2933 1161 2979 sunt
1187 2925 1340 2979 vobis
1373 2925 1424 2980 in
1455 2926 1648 2981 diebus
1679 2931 1860 2982 novis-

252 3015 429 3070 simis.
478 3012 915 3086 Congregamiui,
964 3023 1015 3072 et
1065 3017 1270 3087 audite,
1319 3019 1411 3073 lilii
1456 3019 1644 3090 Jacob,
1681 3019 1862 3076 audite

255 3109 421 3165 Israel
453 3117 660 3180 patrem
690 3119 927 3166 vestrum
956 3129 969 3166 :
1003 3123 1024 3151 ε
1053 3112 1238 3168 Ruben
1265 3114 1656 3184 primogenitus
1682 3131 1858 3181 incus,

1961 1891 2054 1959 mi,
2084 1893 2290 1947 asinam
2316 1907 2490 1947 suam.
2518 1889 2739 1948 Lavabit
2769 1893 2818 1946 in
2845 1893 2969 1946 vino
2990 1894 3180 1948 stolam
3213 1905 3388 1963 Suam,
3421 1903 3473 1949 et
3505 1895 3556 1950 in

1960 1986 2222 2055 sanguine
2267 2001 2390 2040 uvae
2437 1983 2654 2057 pallium
2687 2000 2863 2040 suum.
2897 1987 3245 2044 Pulchriores
3273 1989 3412 2043 oculi
3441 1989 3558 2057 eius

1958 2077 2103 2142 vino,
2139 2086 2192 2132 et
2223 2077 2413 2133 dentes
2444 2078 2582 2134 laete
2621 2078 2981 2134 candidiores.
3012 2079 3257 2135 Zabulon’
3289 2081 3340 2134 in
3370 2079 3553 2137 littore

1960 2172 2125 2227 maris
2165 2169 2431 2228 habitabit
2472 2171 2578 2246 [AL
2629 2173 2940 2246 habitavit],
2983 2187 3036 2229 et
3087 2176 3138 2230 in
3179 2177 3417 2232 statione
3460 2193 3560 2231 ua~

1960 2269 2103 2322 vium
2148 2268 2462 2338 pertingens
2494 2283 2664 2337 usque
2705 2268 2771 2323 ad
2802 2269 3083 2325 Sidonem.
3117 2279 3143 2317 ε
3175 2269 3425 2326 lssachar
3456 2272 3563 2325 asi-

1963 2375 2062 2415 nus
2110 2359 2265 2414 fartis
2310 2359 2582 2415 accubans
2628 2361 2769 2416 inter
2813 2362 3092 2417 terminos.
3139 2353 3285 2418 Vidit
3320 2363 3560 2434 requiem

1961 2451 2104 2522 quod
2145 2461 2289 2508 esset
2330 2451 2489 2518 bona,
2521 2461 2569 2508 et
2615 2463 2811 2507 terram
2843 2453 2984 2522 quod
3013 2454 3235 2524 optima,
3269 2453 3322 2511 et
3352 2470 3556 2526 suppo-

1962 2547 2071 2600 suit
2110 2544 2396 2599 httmcrum
2444 2561 2595 2599 suum
2643 2546 2707 2600 ad
2754 2547 3109 2616 portandum,
3156 2549 3436 2620 laetusque
3477 2561 3561 2605 est

1964 2639 2178 2695 tributis
2215 2638 2480 2694 serviens.
2513 2639 2626 2693 Dan
2657 2639 2919 2709 judicabit
2952 2641 3205 2710 populant
3236 2657 3391 2696 suum
3421 2643 3562 2698 sicut

1963 2745 2014 2787 et
2051 2734 2155 2787 alia
2186 2733 2358 2788 tribus
2390 2732 2441 2787 in
2473 2732 2656 2788 lsrael.
2696 2733 2813 2788 Fiat
2854 2734 2966 2788 Dan
2993 2734 3220 2790 coluber
3250 2734 3306 2790 in
3337 2736 3443 2803 via,
3474 2753 3560 2790 cc-

1969 2837 2140 2881 rastcs
2187 2827 2239 2881 in
2267 2827 2514 2898 semita,
2559 2827 2812 2882 mordens
2854 2829 3080 2898 ungulas
3121 2829 3266 2898 equi,
3312 2836 3369 2884 ut
3406 2829 3564 2883 cadat

1964 2933 2225 2976 ascensur
2265 2919 2384 2990 ejus
2413 2930 2582 2975 retro.
2615 2920 2866 2976 Salutare
2897 2929 3043 2976 tuum
3077 2921 3426 2993 exspectabo,
3459 2919 3567 2976 Do-

1965 3016 2131 3068 mine.
2164 3009 2192 3050 ¹³
2217 3012 2356 3078 Gad,
2383 3013 2660 3070 accinctus
2689 3014 3020 3084 praeliabitnr
3051 3025 3174 3070 ante
3202 3029 3344 3079 eum,
3371 3025 3422 3069 et
3451 3015 3567 3085 ipse

1965 3109 2281 3179 accingetur
2315 3119 2635 3163 retrorsum.
2676 3110 2867 3175 Asec’r,
2901 3109 3118 3181 pinguis
3149 3107 3304 3182 panis
3335 3109 3472 3181 ejus,
3507 3120 3562 3166 et

255 3212 315 3257 tu
349 3202 609 3256 fortitudo
636 3218 777 3272 mea,
808 3213 863 3258 et
886 3206 1206 3276 principium
1231 3206 1432 3261 doloris
1465 3207 1565 3261 mei
1594 3225 1606 3259 :
1635 3208 1781 3276 prior
1805 3207 1855 3260 in
1887 3191 1931 3268 C
1963 3201 2228 3274 prtebebit
2253 3201 2480 3257 delicias
2511 3201 2751 3272 regibus.
2791 3202 2805 3238 ι
2837 3201 3152 3272 Nephtbali,
3175 3216 3375 3258 cervus
3401 3203 3560 3257 eruis-

261 3294 438 3361 donis,
484 3296 662 3365 major
692 3297 742 3350 in
773 3297 1022 3368 imperio.
1057 3297 1269 3353 Ellusus
1298 3315 1354 3354 es
1384 3301 1526 3355 sicut
1552 3315 1715 3371 aqua,
1751 3315 1856 3354 non

335 3467 359 3492 ³·
395 3456 604 3527 Vulgati
646 3457 792 3523 libri,
837 3458 1193 3530 benedixitque
1219 3459 1382 3516 Jacob
1411 3461 1537 3530 ﬁliis
1567 3459 1784 3534 Joseph,
1813 3473 1857 3516 et

260 3530 353 3593 ait,
389 3538 496 3582 etc.

329 3599 359 3637 ι’
389 3599 649 3674 Hebraeus
698 3600 861 3656 habet
901 3612 1016 3663 "ms
1068 3613 1196 3662 D223
1229 3603 1437 3658 δὶσΙιειη
1489 3603 1662 3670 aliud,
1715 3603 1859 3674 quod

261 3671 608 3751 §eptnaginta
642 3673 1274 3751 interpretanturstum
1316 3677 1563 3751 έξᾳίρεςτον
1593 3723 1604 3744 ’
1662 3671 1857 3740 m'esj,

267 3744 513 3816 Sicinium
544 3745 882 3816 pra’cipuam.
909 3745 1058 3800 Hunc
1088 3744 1265 3800 locum
1290 3744 1734 3804 satis'obscurutn
1768 3763 1862 3800 va-

267 3815 349 3888 ria
370 3816 680 3888 eruditione
706 3815 1074 3888 Hieronymus
1125 3819 1421 3888 explicavit
1457 3837 1467 3870 :
1505 3820 1736 3885 Sicima,
1779 3820 1862 3872 iu-

265 3885 393 3954 quit,
417 3889 577 3958 jnxfa
600 3885 849 3958 Gra’camr
878 3885 929 3940 ei
948 3885 1214 3943 ‘Latinani
1235 3891 1659 3944 consuetudinea:
1704 3889 1865 3944 decli-

267 3969 384 4010 nata
406 3957 504 4012 est.
537 3959 777 4031 Alioquin
805 3957 1062 4013 Hebraice
1092 3960 1299 4015 Sichem
1321 3962 1529 4028 dicitur,
1562 3971 1616 4014 ut
1637 3958 1865 4015 Joannes

265 4045 464 4098 quoque
491 4031 804 4102 evangelista
837 4041 1086 4096 testatur;
1115 4032 1234 4087 licet
1255 4034 1460 4096 vitiose,
1495 4044 1549 4087 ut
1576 4032 1768 4089 Sichar
1791 4035 1865 4087 le-

267 4110 433 4172 gatur,
466 4119 610 4156 error
627 4100 874 4170 inolevit,
897 4115 941 4157 et
969 4113 1043 4157 est
1076 4121 1211 4157 nunc
1243 4103 1500 4172 Neapolis
1527 4104 1644 4158 urbs
1675 4105 1868 4160 Sama-

269 4175 584 4246 ritanorum.
609 4176 743 4239 Quia
767 4175 925 4243 igitur
963 4175 1184 4246 Sichem
1212 4175 1389 4246 lingua
1427 4175 1652 4230 Hebrtea
1694 4186 1865 4230 trans-

271 4247 459 4318 Leretur
489 4245 858 4318 inhumerum.
892 4245 1106 4318 pulchre
1128 4247 1306 4300 allusit
1336 4248 1404 4300 ad
1435 4263 1617 4301 nomen
1648 4249 1824 4301 dicens
1850 4263 1867 4300 :

271 4314 335 4389 Et
355 4332 454 4386 ego
473 4315 615 4370 dabo
636 4318 730 4371 tibi
761 4314 1046 4373 ltttmerum
1068 4335 1230 4372 ttutnu
1264 4335 1276 4372 :
1308 4335 1401 4389 pro
1422 4320 1683 4388 prmoipuo
1705 4321 1862 4385 enim,

270 4387 322 4438 id
344 4389 752 4464 est,_éi;’uiparov,
784 4405 953 4464 unum
985 4391 1229 4464 scribitur
1244 4387 1315 4464 in
1329 4387 1566 4464 Hebraro.
1584 4387 1587 4388 ⁷
1605 4391 1754 4457 Quod
1777 4407 1870 4443 au-

274 4466 369 4533 tem
399 4461 529 4533 dicit
556 4461 749 4533 secant
777 4461 829 4513 in
870 4477 998 4514 arcu
1024 4468 1071 4514 et
1107 4461 1283 4532 gladio
1317 4463 1602 4533 possedisse
1624 4504 1640 4529 ,
1689 4478 1869 4517 arcum

273 4529 365 4602 hic
386 4541 431 4583 et
475 4531 730 4602 gladium,
769 4533 1028 4602 justitiam
1055 4529 1220 4596 vocat,
1263 4529 1372 4588 etc.
1411 4533 1545 4589 Vide
1583 4537 1634 4587 in
1662 4536 1866 4600 Quaast.

275 4599 435 4655 Hebr.
472 4599 649 4656 Mam.

362 4671 616 4747 ——-No_stri
640 4689 796 4738 ursa,
822 4672 970 4728 Dabo
1001 4674 1052 4728 in
1084 4673 1304 4732 futuro:
1340 4676 1601 4730 l‘lebrtcus
1631 4678 1874 4747 prieteri-

283 4751 383 4797 tum
424 4745 601 4818 potius
633 4753 785 4800 notat
816 4754 974 4810 mm.
1007 4747 1144 4799 dedi.
1181 4747 1350 4802 Porro
1379 4748 1517 4815 quod
1550 4745 1645 4814 ait,
1675 4758 1876 4818 partem

282 4831 452 4868 unam.
486 4816 748 4872 Hebraeus
780 4818 1024 4890 pt‘mlert'
1060 4819 1334 4873 humerum
1375 4836 1539 4872 unum
1573 4816 1687 4880 ’τΠῇ
1720 4829 1872 4890 02:27,

282 4900 595 4956 quamquam
628 4873 793 4955 tam;
840 4904 936 4958 pro
973 4873 1084 4978 PLM
1113 4901 1281 4960 parte,
1312 4873 1878 4963 exponunt,qua:—sci:

281 4976 402 5104 licet
426 4979 480 5035 in
518 4980 749 5036 humero
781 4976 1044 5052 portatur.
1077 4981 1344 5038 Caeterum
1383 4985 1495 5040 vid.
1529 4985 1738 5054 Quasst.
1772 4985 1879 5040 He-

319 5065 504 5104 raucas.

319 5065 504 5107 ratcas.

354 5133 374 5159 ε
408 5123 578 5178 Verba
609 5125 877 5180 l-lebraica
910 5141 1016 5181 non
1047 5141 1264 5196 semper
1285 5127 1474 5183 eodem
1519 5131 1680 5183 tnodo
1704 5132 1871 5184 inter-

286 5206 518 5268 pretatur
553 5197 954 5268 Hieronymus:
989 5199 1041 5253 in
1075 5201 1277 5264 Qttarst.
1320 5202 1464 5255 enim
1504 5201 1782 5255 Hebraicis
1804 5202 1872 5255 de

286 5265 464 5321 Ruben
494 5268 545 5322 in
599 5265 828 5324 Hebraeo
867 5270 939 5322 ita
977 5270 1242 5337 scriptum
1283 5287 1406 5327 esse
1450 5272 1608 5328 tloeet
1642 5290 1653 5324 :
1690 5271 1871 5326 Ruben

285 5338 837 5412 printogenitusnteus,
875 5341 1126 5412 fortitudo
1157 5358 1291 5408 mea,
1327 5353 1371 5398 et
1409 5343 1697 5412 capilulum
1726 5346 1777 5399 in
1809 5345 1856 5398 li

286 5406 410 5486 be_ris
442 5406 796 5486 meis._Major
836 5411 904 5464 ad
946 5406 1291 5486 portandum,
1339 5425 1385 5467 et
1428 5406 1598 5486 ninjor
1650 5417 1870 5471 robore:

285 5476 473 5555 elusus
495 5497 545 5536 es
573 5476 893 5555 sicut'uquu,
923 5476 984 5537 ne
1014 5483 1257 5555 adjicias.
1281 5476 1585 5540 iAsccndisti
1616 5489 1748 5540 enim
1778 5505 1870 5540 cu-

287 5547 381 5623 bile
419 5556 583 5623 patris
629 5557 733 5622 tui,
779 5547 826 5608 et
858 5547 1224 5610 contaminasti
1273 5569 1493 5611 stratum
1536 5559 1590 5611 in
1633 5575 1870 5612 ascensu.

286 5619 502 5686 Quis—sit
538 5619 730 5680 hortuli
759 5627 1049 5699 verborum
1081 5644 1274 5684 sensus
1307 5633 1448 5699 apud
1480 5645 1631 5698 eum,
1657 5630 1872 5686 discere

286 5707 440 5766 nemo
472 5715 576 5751 non
611 5709 806 5766 poteSt.
842 5698 1018 5753 Man'r.
1227 5761 1232 5766 ,

352 5765 574 5842 -υῐιυε
604 5765 793 5842 Palat.
819 5769 903 5824 hic
930 5773 1146 5842 qquuo
1177 5769 1348 5838 addit,
1377 5781 1422 5827 et
1450 5772 1520 5827 ait
1553 5773 1644 5826 eis.
1675 5769 1756 5826 Ad
1789 5788 1874 5828 se-

278 5837 493 5906 quentia
544 5837 973 5910 patriarcharum
1017 5837 1236 5900 nomina
1277 5837 1468 5900 confer
1503 5843 1608 5913 Qu.
1642 5842 1874 5901 Hebrai-

1901 4503 1950 4564 D

1967 3309 2080 3362 sus,
2107 3305 2160 3350 et
2181 3293 2316 3350 dans
2345 3294 2559 3365 eloquia
2584 3293 3024 3365 pulchritudinis.
3051 3293 3220 3350 Filius
3243 3305 3563 3351 accrescens

1962 3474 2078 3532 eos,
2098 3457 2203 3532 ubi
2231 3458 2393 3514 aliter
2418 3475 2482 3513 ex
2513 3459 2742 3515 llebrato
2767 3460 2826 3516 S.
2857 3459 3458 3532 Paterinterprctatur.

2038 3529 2074 3601 ἀί
2098 3528 2176 3584 Ex
2199 3532 2389 3584 eodem
2419 3532 2748 3601 llieronymo
2767 3531 2965 3600 legitur
2989 3531 3076 3587 hic
3099 3528 3209 3586 loci
3226 3534 3275 3585 iu
3302 3533 3567 3590 llebraiea

1965 3600 2224 3674 veritate,
2253 3603 2461 3656 Simeon
2490 3612 2539 3656 et
2563 3600 2686 3656 Levi
2719 3604 2925 3671 fratres,
2961 3619 3082 3656 rasa
3104 3604 3393 3674 iniquitatis
3419 3623 3569 3660 arma

1967 3689 2163 3728 eorum.
2203 3672 2263 3726 In
2293 3690 2539 3728 arcanum
2572 3689 2749 3728 eorum
2781 3691 2840 3727 ne
2872 3675 3024 3728 intret
3047 3672 3238 3738 anima,
3277 3684 3327 3731 et
3358 3678 3412 3730 in
3442 3694 3566 3732 con-

1970 3754 2122 3800 ventu
2147 3761 2326 3799 eorum
2349 3762 2410 3799 ne
2431 3744 2746 3800 dissolvatur
2767 3745 2935 3818 gloria
2966 3761 3078 3799 mea
3103 3763 3120 3799 :
3149 3748 3273 3817 quia
3308 3749 3357 3800 in
3391 3751 3569 3818 furore

1969 3834 2063 3872 suo
2096 3818 2458 3887 interfecerunt
2490 3819 2676 3882 virum,
2706 3827 2754 3872 et
2783 3823 2835 3872 in
2863 3817 3076 3871 libidine
3117 3836 3214 3872 sua
3243 3817 3567 3887 stt/foderunt

1971 3905 2201 3942 murum.
2237 3889 2413 3942 illam.

2045 3969 2067 3996 θ
2094 3960 2148 4014 1η
2174 3958 2408 4035 Hebraeo
2442 3960 2600 4035 habet
2624 3961 2788 4035 juxta
2822 3960 3210 4032 Hieronymum
3250 3979 3260 4014 :
3298 3949 3374 4016 De
3399 3965 3566 4035 capti-

1968 4032 2143 4096 ritate,
2169 4032 2245 4101 ﬁli
2277 4033 2376 4095 uti,
2410 4032 2707 4087 ascendisti.
2746 4032 2922 4086 Man'r.

2049 4101 2066 4140 ί
2100 4103 2196 4158 Hie
2221 4118 2440 4180 quoque
2467 4103 2520 4158 in
2554 4103 2781 4180 Hebricg
2805 4105 3072 4180 scriptum
3094 4116 3172 4180 est
3200 4123 3211 4158 :
3240 4105 3477 4180 AAlligans
3497 4107 3566 4162 ad

1971 4175 2120 4246 citem
2142 4175 2342 4246 pullum
2374 4193 2544 4240 suum,
2577 4186 2625 4230 et
2648 4176 2704 4228 in
2737 4176 2920 4240 Sorec,
2949 4177 3027 4246 ﬁli
3055 4177 3142 4239 mi,
3172 4175 3373 4232 asinam
3395 4195 3566 4236 suam.

1974 4245 2338 4301 Sorrcautem
2363 4249 2523 4302 electa
2549 4247 2664 4301 vitis
2689 4247 2902 4303 dicitur.
2923 4247 3028 4303 Sed
3055 4258 3108 4302 et
3139 4251 3241 4303 hoc
3260 4249 3564 4316 sciendum,

1973 4318 2114 4387 quod
2141 4318 2229 4392 ubi
2249 4320 2599 4392 nosiegimus
2627 4337 2636 4372 :
2672 4319 2898 4392 alligans
2915 4320 2983 4372 ad
2997 4322 3145 4374 uitem
3163 4319 3362 4390 pullum
3389 4331 3563 4387 suum,

1975 4404 2071 4458 pro
2099 4388 2244 4460 pullo
2273 4392 2324 4446 in
2355 4390 2587 4446 Hebrteo
2624 4388 2797 4461 possit
2825 4392 2952 4461 legi,
2985 4388 3169 4444 urbem
3191 4409 3362 4518 suam,
3403 4397 3563 4459 Πέτην,

3365 4480 3490 4518 sar.

3365 4480 3490 4518 ΛΒΤ.

2049 4542 2073 4580 8
2106 4531 2347 4587 Issachar
2365 4534 2538 4588 asinus
2558 4547 2731 4588 osseus
2759 4535 3199 4588 recumbensinter
3223 4536 3491 4600 terminos,
3522 4548 3569 4591 et

1974 4606 2153 4659 videns
2175 4607 2567 4678 requiem,_quia
2590 4606 2720 4658 bona
2751 4615 2825 4661 est
2854 4621 2871 4660 :
2901 4615 2946 4678 et
2967 4615 3174 4668 terram,
3197 4608 3319 4674 quia
3347 4605 3567 4678 pulchra

1977 4688 2048 4731 est
2077 4693 2094 4731 :
2124 4678 2388 4730 inclinavit
2415 4676 2682 4730 humerum
2704 4693 2852 4730 suum
2875 4677 2944 4730 ad
2958 4679 3292 4748 portandum,
3320 4676 3366 4732 et
3397 4677 3565 4746 factus

1977 4760 2046 4802 est
2078 4749 2130 4802 in
2161 4749 2407 4802 tributum
2435 4749 2678 4802 serviens.
2708 4749 2781 4802 ita
2804 4751 2870 4803 ad
2895 4749 3117 4804 verbum
3147 4749 3563 4807 transtulitHieé

1981 4836 2260 4890 ronytnus.
2296 4820 2477 4874 MART.

2055 4889 2230 4980 ll'IQad
2259 4889 3008 4980 latrunculus'latroeigabitur
3029 4909 3170 4977 eum,
3202 4904 3247 4950 et
3279 4895 3389 4980 ipse
3411 4893 3572 4950 latro.

1983 4963 2236 5038 cinabitur
2279 4963 2536 5038 plantam.
2567 4961 2727 5018 Juxta
2773 4963 3054 5038 Hebraeum
3089 4968 3167 5021 sic
3194 4979 3253 5022 se
3298 4961 3570 5038 interpret

1985 5037 2085 5106 tari
2115 5033 2246 5088 dicit
2280 5033 2678 5106 Hieronymus,
2714 5046 2766 5090 et
2798 5036 2996 5092 deinde
3025 5055 3037 5090 :
3068 5039 3155 5092 ubi
3185 5054 3279 5092 nos
3300 5033 3570 5094 latruncus

1983 5105 2090 5160 lum
2115 5108 2400 5178 posuimus,
2436 5105 2512 5160 ibi
2533 5109 2782 5178 scriptum
2811 5121 2884 5162 est
2914 5122 3108 5174 GEDUD,
3144 5121 3196 5164 ut
3227 5111 3295 5164 ad
3330 5110 3444 5165 Gad
3475 5128 3566 5166 no-

1980 5195 2096 5231 men
2147 5178 2432 5248 alluderet,
2493 5179 2581 5248 qui
2633 5179 3011 5249 signiﬁcantius
3060 5181 3296 5248 εὔζωνος,
3355 5184 3408 5237 id
3455 5193 3529 5238 est
3558 5223 3574 5250 ,

1977 5251 2241 5322 accinctus
2269 5252 2375 5305 sive
2406 5250 2672 5322 expeditus
2699 5252 2916 5319 exprimi
2947 5263 3132 5320 potest.
3173 5255 3351 5308 MART.

2056 5321 2071 5359 ί
2101 5321 2154 5376 In
2186 5319 2416 5398 llebraco
2451 5319 2522 5398 ita
2563 5321 2823 5398 scriptum
2848 5319 2977 5398 est:
3015 5324 3269 5398 Neptunii
3298 5342 3421 5398 ager
3450 5326 3576 5380 irri‘

2015 5411 2132 5458 uus,
2162 5394 2291 5447 dans
2323 5394 2525 5462 eloquia
2556 5392 2978 5462 pulchritudinis.
3020 5392 3233 5452 ilebraai
3273 5392 3451 5452 autem
3479 5413 3576 5454 vo-

2015 5411 2132 5458 uus,
2162 5411 2291 5447 aans
2323 5411 2525 5462 etoquta
2556 5411 2978 5462 putcnrttuatnts.
3020 5411 3233 5452 ΙΙθυΓέΒι
3273 5411 3451 5452 autem
3479 5413 3575 5454 νο·-

1976 5411 2096 5520 i’unt
2121 5477 2342 5537 propter
2370 5464 2735 5537 Tiberiadem,
2759 5481 2876 5535 quae
2899 5465 3036 5537 legis
3065 5468 3349 5523 videbatur
3369 5469 3575 5524 habere

1978 5536 2258 5601 notitiam,
2285 5552 2471 5606 agrum
2505 5536 2789 5603 irriguum,
2819 5547 2870 5593 et
2901 5536 3114 5607 eloquia
3149 5539 3572 5604 pulchritudinis

1973 5609 2310 5678 pt'0pltetari.
2359 5609 2526 5663 Porro
2554 5608 2644 5663 ubi
2675 5625 2774 5663 nos
2805 5626 2990 5680 agrum
3025 5613 3310 5679 irriguum,
3343 5623 3394 5663 et
3429 5609 3574 5666 LXX

1977 5679 2268 5750 virgultum
2319 5679 2617 5736 resolutum
2666 5679 2988 5750 posuerunt,
3025 5684 3079 5737 in
3113 5683 3338 5737 Hebraeo
3382 5684 3576 5754 legi-tur

1977 5787 2140 5828 una
2170 5788 2340 5830 SELUA
2369 5755 2555 5847 (nnLM
2581 5758 2738 5843 nbis)
2778 5775 2920 5847 quod
2961 5787 3142 5847 potest
3167 5785 3224 5831 et
3251 5791 3427 5831 cervus
3457 5781 3582 5832 mis-

1979 5857 2066 5901 stu
2099 5845 2389 5903 translcrri
2419 5856 2644 5919 prepter
2671 5845 3051 5918 temporaueas
3080 5845 3285 5918 fruges,
3321 5847 3582 5906 velocita-
