3912 6348
504 268 605 326 Ξῖί

1471 263 1533 322 S.
1575 259 1950 322 HIERONYMI
1993 257 2224 318 DlVlNA
2267 256 2745 320 BIBLIOTIIECA.

3671 264 3763 325 259

507 382 733 452 .loseph,
769 392 793 420 ⁸
825 381 963 439 filius
992 393 1315 437 accrescens
1345 386 1399 435 et
1428 379 1658 436 decnrus
1686 385 1904 448 aspectu
1936 393 1950 432 :
1983 375 2106 431 filiae
2132 377 2180 438 A
2213 375 2407 431 llahuit
2429 390 2646 447 quoque
2675 375 2726 429 in
2751 373 3010 430 comitatu
3035 387 3229 430 currus
3252 380 3304 428 et
3326 375 3550 446 equites,
3575 387 3622 433 et
3648 378 3766 434 facta

418 498 427 504 ·
507 474 879 530 discurrerunt
901 490 1063 545 super
1085 491 1320 529 murum.
1341 473 1447 529 Sed
1471 480 1933 540 exasperaverunt
1957 486 2102 536 cum,

506 577 562 623 et
598 567 790 638 jurgati
829 575 974 636 sunt,
1023 568 1438 639 invideruntqne
1477 565 1556 620 illi
1600 565 1860 619 habentes
1902 565 2100 633 jacula.

509 657 667 714 Sedit
710 659 762 713 in
804 659 932 714 forti
971 674 1130 714 arcus
1165 658 1307 730 ejus,
1351 667 1407 713 et
1445 656 1706 711 dissoluta
1737 663 1863 710 sunt
1892 655 2105 710 vincula

506 751 854 806 brachiorum
899 761 958 808 et
1006 768 1258 807 manuum
1309 750 1458 805 illius
1497 764 1595 821 per
1638 741 2104 818 manus'potentis

507 844 676 901 Jacob
718 861 734 900 ε
778 845 904 917 inde
951 855 1137 917 pastor
1167 858 1418 916 egressus
1455 852 1538 899 est
1578 842 1720 913 lapis
1743 841 1932 898 Israel.
1967 843 2106 896 Deus

507 939 675 1010 patris
704 940 779 994 tui
809 940 913 996 erit
941 939 1158 1010 adjutor
1191 947 1334 1001 tuus,
1358 946 1414 994 et
1445 937 1795 1008 omnipotens
1823 935 2108 992 benedicet

505 1030 605 1085 tibi
647 1031 1124 1087 benedictionibus
1162 1031 1285 1088 οωιὶ
1320 1030 1589 1100 desuper,
1637 1029 2105 1086 benedictionibus

508 1123 687 1192 abyssi
709 1123 945 1194 jacentis
975 1123 1254 1190 deorsum,
1285 1122 1763 1179 benedictionibus
1792 1122 2018 1178 uberum
2051 1130 2107 1177 et

510 1216 704 1270 vulvaz.
740 1215 1164 1273 Denedictiones
1191 1216 1366 1287 patris
1397 1218 1473 1271 tui
1503 1213 1824 1271 confortata:
1854 1224 1979 1270 sunt
2011 1215 2107 1271 be-

506 1307 908 1362 nedictionibus
947 1316 1162 1376 patrum
1201 1310 1319 1377 ejus
1373 1325 1387 1360 :
1433 1307 1610 1363 donec
1640 1307 1858 1362 veniret
1887 1305 2105 1362 deside-

506 1401 646 1457 rium
678 1402 898 1457 collium
930 1412 1264 1458 aeternorum
1301 1419 1314 1456 :
1348 1402 1480 1457 fiant
1504 1403 1558 1456 in
1590 1403 1766 1472 capite
1794 1400 2020 1471 Joseph,
2052 1408 2108 1456 et

504 1494 558 1551 in
590 1496 797 1552 vertice
836 1495 1078 1550 Nazarrei
1124 1497 1266 1551 inter
1294 1494 1490 1551 fratres
1520 1509 1668 1556 suos.
1705 1493 1986 1564 Benjamin
2025 1493 2108 1548 lu-

509 1605 609 1660 pus
633 1605 819 1660 rapax,
850 1605 1007 1644 mane
1037 1589 1288 1645 comedet
1330 1588 1590 1659 prmdam,
1621 1595 1677 1643 et
1715 1595 1943 1657 VeSpere
1971 1585 2107 1641 divi-

509 1682 601 1738 det
628 1681 821 1753 Spolia.
853 1681 1054 1738 Omnes
1087 1681 1138 1736 hi
1164 1681 1219 1737 in
1244 1683 1417 1737 tribus
1446 1681 1612 1745 Israel
1633 1680 1925 1736 duodecim
1953 1698 1968 1733 :
1992 1680 2106 1736 haec

2207 477 2290 524 est
2319 469 2474 523 turba
2505 483 2612 524 non
2641 467 2881 523 modica.
2905 466 3288 538 Vcneruntque
3320 467 3384 521 ad
3413 469 3598 523 Arcam
3625 471 3766 535 Atad,

2207 576 2327 632 quae
2355 562 2456 615 sita
2486 571 2568 616 est
2599 569 2747 615 trans
2776 559 3068 615 Jordancm
3103 577 3116 614 :
3151 558 3242 613 ubi
3271 558 3601 614 celebrantes
3630 576 3772 616 exse-

2206 653 2362 724 quias
2401 653 2617 723 planctu
2658 666 2854 723 magno
2883 662 3044 724 atque
3075 650 3408 714 vehementi,
3443 651 3773 721 impleverunt

2207 754 2416 816 septem
2455 745 2592 800 dies.
2627 745 2782 814 Quod
2822 759 2944 801 cum
2986 744 3253 800 vidissent
3283 742 3606 799 habitatores
3635 754 3776 800 terra:

2207 840 2485 909 Chanaan,
2517 843 2773 898 dixerunt
2806 861 2819 897 :
2855 842 3110 897 Plancms
3138 855 3365 912 magnus
3390 846 3474 894 est
3501 838 3601 896 iste
3628 840 3777 911 Egy-

2208 934 2353 1006 ptiis.
2397 935 2466 990 Et
2513 935 2718 990 idcirco
2760 934 3172 1005 appellaverunt
3204 931 3389 1004 [ναις.
3421 940 3660 988 vocatum
3687 931 3777 1004 est]

2208 1044 2406 1084 nomen
2454 1028 2556 1084 loci
2600 1030 2738 1099 ejus,
2783 1028 3038 1084 Planctus
3080 1025 3320 1098 Egypti.
3363 1024 3626 1082 Fecerunt
3663 1040 3778 1095 ergo

2210 1121 2306 1176 ﬁlii
2332 1121 2500 1178 Jacob
2530 1123 2673 1177 sicut
2702 1132 3036 1193 praeceperat
3062 1121 3162 1176 eis.
3192 1119 3262 1175 Et
3293 1128 3570 1191 portantes
3601 1135 3714 1174 eum
3734 1119 3780 1174 in

2214 1225 2413 1272 terram
2457 1213 2713 1271 Chanaan
2745 1257 2760 1281 ,
2808 1215 3145 1286 sepelierunt
3183 1229 3306 1269 eum
3340 1213 3391 1268 in
3425 1214 3670 1282 spelunca
3696 1213 3784 1268 du-

2209 1310 2361 1380 plici,
2403 1325 2562 1379 quam
2601 1317 2813 1365 emerat
2848 1308 3122 1363 Abraham
3159 1323 3281 1363 cum
3324 1322 3457 1379 agro
3496 1308 3548 1362 in
3593 1321 3787 1377 posses-

2208 1395 2417 1461 sionem
2461 1403 2692 1473 sepulcri
2737 1403 2805 1459 ab
2847 1402 3066 1472 Ephron
3109 1400 3358 1457 llettlueo
3399 1409 3586 1456 contra
3614 1401 3782 1458 faciem

2206 1494 2435 1566 Mamre.
2482 1494 2865 1566 Reversusque
2899 1503 2984 1550 est
3021 1493 3226 1564 Joseph
3268 1494 3320 1549 in
3362 1493 3652 1567 Egyptum
3679 1511 3787 1567 cum

2210 1586 2468 1642 fratribus
2500 1587 2635 1657 suis,
2669 1597 2726 1641 et
2754 1586 2902 1642 omni
2931 1587 3212 1652 comitatu,
3242 1586 3456 1658 sepulto
3483 1595 3652 1658 patre.
3685 1586 3789 1655 Quo

2211 1687 2448 1744 mortuo,
2489 1678 2744 1735 timentes
2781 1678 2976 1734 fratres
3016 1679 3156 1749 ejus,
3201 1689 3251 1734 et
3283 1687 3473 1734 mutuo
3501 1680 3791 1751 colloquen-

513 1775 726 1830 locutus
757 1784 840 1831 est
869 1776 950 1831 eis
973 1784 1125 1846 pater
1153 1790 1302 1842 suus,
1332 1774 1715 1846 benedixitque
1739 1775 1986 1846 singulis,
2014 1773 2110 1830 be-
2138 1769 2187 1830 B
2221 1783 2302 1829 les
2335 1791 2348 1826 :
2379 1773 2457 1828 Ne
2490 1771 2628 1829 forte
2658 1789 2869 1830 memor
2898 1774 2968 1829 sit
2989 1774 3199 1844 injurite
3226 1789 3390 1845 quam
3415 1790 3607 1846 passus
3632 1786 3722 1841 est,
3747 1785 3794 1832 et

512 1869 917 1926 nedictionibus
946 1871 1203 1941 propriis.
1230 1869 1301 1925 Et
1331 1869 1589 1940 praecepit
1617 1870 1719 1938 eis,
1745 1868 1931 1925 dicens
1957 1885 1970 1922 :
1997 1869 2109 1938 Ego

511 1981 816 2038 congregor
844 1966 914 2022 ad
939 1965 1198 2036 populum
1227 1981 1406 2021 meum
1441 1983 1456 2020 :
1491 1965 1721 2034 sepelite
1750 1979 1836 2018 me
1862 1979 1984 2019 cum
2016 1978 2110 2034 pa-

505 2057 684 2112 tribus
732 2057 868 2112 meis
916 2057 967 2110 in
1015 2057 1271 2126 spelunca
1321 2055 1546 2126 duplici,
1593 2071 1712 2126 quae
1754 2065 1838 2112 est
1880 2056 1933 2111 in
1977 2070 2111 2126 agro

507 2149 726 2220 Ephron
776 2147 1013 2205 lietthtei
1058 2158 1247 2205 contra
1290 2148 1495 2205 Mamre
1534 2149 1589 2204 in
1642 2159 1782 2204 terra
1819 2147 2106 2212 Chanaan.

505 2258 668 2313 quam
712 2242 843 2298 emit
881 2243 1156 2298 Abraham
1197 2257 1318 2298 cum
1347 2258 1479 2314 agro
1509 2241 1579 2297 ab
1610 2241 1832 2314 Ephron
1857 2242 2108 2299 Hetthmo

506 2336 562 2391 in
607 2335 1012 2406 possessionem
1060 2337 1318 2408 sepulcri.
1368 2337 1445 2393 lbi
1491 2337 1825 2408 sepelierunt
1868 2353 2012 2404 eum,
2049 2346 2110 2394 et

506 2430 697 2487 Saram
729 2445 955 2488 uxorem
987 2431 1105 2502 ejus
1138 2450 1149 2486 :
1185 2431 1259 2487 ibi
1291 2431 1539 2502 sepultus
1565 2441 1650 2488 est
1677 2432 1824 2488 Isaac
1845 2447 1966 2488 cum
1998 2431 2106 2488 Re-

432 2580 434 2582 ,
507 2527 669 2584 becca
700 2528 930 2598 conjuge
958 2542 1054 2582 sua
1086 2543 1102 2582 :
1133 2527 1206 2582 ibi
1236 2535 1291 2582 et
1318 2527 1410 2582 Lia
1442 2526 1658 2583 condita
1682 2525 1847 2596 jacet.
1882 2525 2108 2582 Finitis-

503 2633 610 2690 que
637 2619 906 2676 mandatis
933 2620 1131 2691 quibus
1162 2619 1304 2675 filios
1335 2619 1660 2686 instruebat,
1691 2619 1914 2691 collegit
1944 2619 2108 2691 pedes

504 2728 634 2768 suos
668 2729 833 2782 super
863 2713 1151 2782 lectulum,
1193 2722 1250 2770 et
1283 2713 1419 2771 obiit
1449 2731 1463 2768 :
1490 2713 1884 2786 appositusque
1929 2723 2013 2771 est
2039 2714 2107 2772 ad

505 2806 765 2876 populum
795 2820 978 2862 suum.

577 2898 662 2970 [Β.
712 2897 898 2966 XLVI,
941 2899 1070 2971 Cap.
1114 2898 1203 2973 L.]
1247 2899 1404 2968 Quod
1455 2915 1691 2958 cernens
1729 2901 1956 2975 Joseph,
1999 2904 2110 2960 ruit

503 3004 666 3061 super
699 2990 890 3047 faciem
921 2992 1091 3063 patris
1119 2991 1258 3047 ﬂens
1289 3002 1342 3047 et
1373 2992 1702 3049 deosculans
1724 3009 1867 3050 eum.
1895 2996 2108 3051 Praece-

502 3085 691 3157 pitque
735 3086 909 3142 servis
951 3084 1066 3142 suis
1112 3086 1336 3143 medicis
1376 3098 1434 3143 ut
1461 3088 1798 3144 aromatibus
1825 3090 2108 3146 condirent

508 3193 744 3250 patrem.
785 3181 994 3250 Quibus
1029 3181 1182 3252 jussa
1214 3182 1580 3253 explentibus,
1613 3185 1946 3240 transierunt
1973 3199 2107 3255 qua-
2133 3160 2178 3224 C

500 3275 743 3348 draginta
772 3277 890 3334 dies
921 3294 934 3331 :
967 3277 1072 3333 iste
1102 3278 1300 3348 quippe
1332 3292 1452 3333 mos
1482 3287 1600 3334 erat
1623 3277 1954 3336 cadaverum
1975 3293 2106 3334 con-

501 3371 764 3439 ditorum,
793 3370 1050 3443 ﬂevitque
1078 3387 1202 3428 etim
1225 3371 1491 3444 [Egyptus
1521 3373 1861 3443 septuaginta
1891 3373 2103 3430 diebus.

502 3463 572 3519 Et
609 3466 828 3536 expleto
863 3467 1115 3536 planctus
1157 3479 1426 3535 tempore,
1457 3467 1670 3522 locutus
1697 3476 1780 3523 est
1808 3468 2011 3540 Joseph
2037 3469 2103 3524 ad

500 3555 763 3612 familiam
791 3556 1087 3612 Pharaonis
1121 3574 1133 3610 :
1167 3557 1228 3618 Si
1254 3557 1434 3613 inveni
1459 3561 1687 3629 gratiam
1719 3559 1772 3614 in
1804 3572 2100 3630 conspectu

500 3659 705 3718 vestro,
755 3651 1036 3722 loquimini
1086 3651 1139 3707 in
1184 3652 1404 3708 auribus
1447 3651 1754 3709 Pharaonis
1800 3669 1816 3713 :
1857 3669 1924 3710 eo
1953 3655 2098 3726 quod

499 3753 652 3815 pater
693 3759 846 3799 meus
877 3743 1212 3813 adjuraverit
1237 3759 1348 3812 me,
1378 3743 1568 3800 dicens
1603 3766 1617 3799 :
1649 3746 1725 3800 En
1759 3745 1997 3813 morior;
2043 3748 2097 3804 in

497 3835 758 3906 sepulcro
791 3850 933 3902 meo,
961 3835 1108 3907 quod
1136 3835 1248 3891 fodi
1284 3836 1419 3893 mihi
1445 3839 1496 3892 in
1532 3847 1679 3893 terra
1705 3838 1980 3909 Chanaan,
2015 3856 2102 3898 se-

499 3929 672 4001 pelies
717 3945 823 3988 me.
876 3929 1180 3986 Ascendam
1230 3931 1423 4002 igitur,
1472 3942 1528 3988 et
1572 3934 1834 4004 sepeliam
1892 3946 2097 4007 patrem

499 4036 704 4089 meum,
733 4036 797 4077 ac
826 4030 1090 4078 revertar.
1120 4022 1373 4094 Dixitque
1400 4024 1450 4079 ei
1480 4024 1695 4080 Pharao
1725 4043 1740 4081 :
1775 4027 2024 4084 Asccnde
2045 4036 2101 4084 et

499 4111 671 4184 sepeli
706 4124 914 4185 patrem
956 4123 1107 4171 tuum
1151 4115 1292 4171 sicut
1329 4116 1611 4186 adjuratus
1649 4134 1728 4175 es.
1760 4119 1877 4187 Quo
1905 4135 2100 4177 ascen-

497 4205 684 4276 dente,
718 4206 900 4264 ierunt
927 4223 1048 4263 cum
1070 4221 1139 4265 eo
1159 4223 1350 4265 omnes
1376 4224 1536 4266 senes
1560 4209 1752 4268 domus
1775 4211 2098 4282 Pharaonis,

495 4290 789 4372 cunctique
827 4300 1066 4371 majores
1110 4309 1241 4357 natu
1282 4311 1442 4358 terrae
1483 4300 1739 4375 Egypti;
1785 4304 1982 4361 domus
2008 4305 2102 4362 Jo-

496 4393 630 4464 seph
661 4408 785 4449 cum
810 4391 1070 4450 fratribus
1091 4394 1226 4464 suis,
1251 4393 1456 4465 absque
1483 4396 1722 4465 parvulis
1741 4406 1796 4452 et
1823 4399 2102 4468 gregibus,

493 4495 658 4559 atque
697 4487 982 4556 armentis,
1022 4502 1144 4560 quae
1171 4486 1584 4561 .dereliquerant
1619 4489 1677 4544 in
1719 4499 1859 4545 terra
1902 4489 2102 4549 Gesen.

2213 1865 2405 1923 reddat
2435 1868 2593 1924 nobis
2617 1883 2781 1923 omne
2809 1867 3033 1934 malum,
3061 1869 3206 1940 quod
3237 1867 3492 1936 fecimus,
3525 1870 3796 1926 mandave-

2212 1971 2341 2018 runt
2374 1963 2423 2018 ei
2464 1963 2712 2019 dicentes
2755 1979 2771 2020 :
2811 1963 2972 2019 Pater
3011 1971 3134 2019 tuus
3160 1964 3429 2035 praecepit
3461 1964 3622 2022 nobis
3660 1973 3797 2020 ante-

2212 2069 2372 2126 quam
2407 2065 2732 2124 moreretur,
2757 2064 2817 2112 ut
2839 2056 2955 2114 hrec
2977 2057 3073 2113 tibi
3095 2057 3276 2114 verbis
3299 2059 3450 2115 illius
3470 2058 3795 2115 diceremus:

2213 2147 2474 2213 Obsecro,
2509 2156 2569 2203 ut
2605 2148 2942 2204 obliviscaris
2973 2150 3197 2206 sceleris
3232 2151 3462 2206 fratrum
3499 2162 3727 2221 tuorum,
3753 2160 3800 2207 et

2213 2239 2425 2310 peccati
2466 2249 2628 2311 atque
2667 2241 2888 2297 malitiae
2917 2257 3075 2313 quam
3109 2252 3481 2300 exercuerunt
3511 2245 3564 2300 in
3593 2257 3644 2300 te
3670 2261 3684 2298 :
3714 2258 3801 2299 nos

2212 2349 2426 2405 quoque
2454 2349 2695 2401 oramus,
2720 2344 2778 2391 ut
2807 2337 2977 2391 servis
3006 2335 3100 2392 Dei
3131 2339 3302 2408 patris
3341 2339 3417 2392 tui
3449 2338 3688 2392 dimittas
3712 2338 3804 2391 ini-

2210 2428 2472 2500 quitatem
2504 2429 2661 2485 hanc.
2691 2429 2904 2498 Quibus
2934 2430 3155 2498 auditis,
3188 2430 3348 2486 ﬂevit
3373 2430 3608 2502 Ioseph.
3646 2427 3817 2487 Vencc‘

2211 2531 2442 2592 runtque
2464 2521 2532 2576 ad
2556 2537 2678 2577 eum
2703 2521 2902 2578 fratres
2924 2521 3032 2589 sui,
3061 2531 3116 2579 et
3136 2522 3295 2593 proni
3323 2521 3516 2596 [Vulg.
3541 2523 3666 2578 add.
3690 2521 3807 2577 ado-

2210 2614 2416 2688 rantes]
2451 2617 2502 2672 in
2534 2626 2735 2673 terram
2765 2616 3060 2672 dixerunt:
3090 2617 3244 2674 Servi
3271 2617 3355 2672 tui
3380 2632 3593 2673 sumus.
3619 2615 3807 2685 Quibus

2210 2712 2302 2768 ille
2340 2711 2628 2782 respondit
2669 2728 2683 2766 :
2726 2710 2907 2768 Nolite
2945 2712 3138 2768 timere
3180 2729 3194 2766 :
3237 2727 3371 2768 num
3409 2712 3504 2768 Dei
3538 2723 3809 2782 possumus

2209 2822 2440 2864 renuere
2463 2806 2648 2881 [ναις.
2673 2806 2953 2880 resistere]
2975 2806 3282 2861 voluntati?
3315 2805 3428 2862 Vos
3449 2804 3729 2875 cogitastis
3748 2802 3810 2857 de

2210 2916 2297 2956 me
2327 2899 2554 2962 malum,
2583 2908 2639 2954 et
2666 2899 2807 2954 Deus
2832 2899 2999 2953 vertit
3026 2897 3156 2953 illud
3183 2897 3236 2952 in
3271 2898 3505 2965 bonum,
3536 2907 3594 2952 ιιι
3621 2895 3813 2953 exalta-

2210 3002 2293 3048 ret
2323 3007 2432 3062 me,
2461 2991 2604 3047 sicut
2631 2991 2682 3045 in
2715 2990 3129 3060 prmsentiarum
3161 2990 3416 3059 cernitis,
3448 2999 3506 3047 et
3541 2991 3715 3045 salvos
3744 2987 3811 3041 fa-

2209 3097 2362 3144 ceret
2403 3085 2602 3143 multos
2629 3086 2883 3158 populos.
2924 3083 3105 3142 Nolite
3133 3095 3387 3142 metuere
3422 3103 3439 3144 :
3471 3101 3575 3158 ego
3608 3096 3811 3156 pascam

2210 3196 2307 3236 vos
2340 3189 2397 3238 et
2444 3180 2697 3250 parvulos
2743 3189 2990 3247 vestros;
3036 3179 3473 3252 consolatusque
3503 3187 3584 3235 est
3627 3193 3740 3243 eos,
3767 3183 3814 3230 et

2210 3276 2408 3333 blande
2450 3292 2513 3332 ac
2559 3276 2757 3333 leniter
2784 3285 2868 3332 est
2898 3276 3132 3332 locutus.
3171 3275 3236 3330 Et
3263 3275 3547 3331 habitavit
3577 3275 3630 3331 in
3659 3273 3815 3342 λΕεγο

2209 3382 2304 3442 pto
2343 3387 2466 3426 cum
2515 3371 2664 3426 omni
2697 3370 2862 3426 domo
2911 3370 3080 3442 patris
3118 3369 3205 3425 sui
3255 3387 3269 3426 :
3321 3371 3578 3439 vixitque
3605 3377 3813 3426 centum

2207 3466 2398 3522 decem
2449 3465 2627 3520 annis.
2677 3466 2744 3520 Et
2781 3464 2914 3519 vidit
2938 3462 3197 3534 Ephraim
3229 3463 3381 3520 filios
3414 3479 3593 3534 usque
3623 3463 3688 3517 ad
3721 3470 3818 3517 ter-

2205 3561 2338 3615 tiam
2359 3558 2788 3631 generationem.
2814 3557 2935 3612 Filii
2957 3572 3177 3628 quoque
3206 3556 3428 3613 Machir
3455 3555 3553 3611 lilii
3582 3555 3818 3610 Manasse

2203 3653 2313 3708 nati
2356 3659 2483 3705 sunt
2524 3651 2578 3705 in
2615 3650 2842 3722 genibus
2875 3648 3103 3721 Joseph.
3142 3648 3224 3722 [Ο.
3266 3647 3580 3721 LXXXIIJ
3625 3647 3819 3715 Quibus

2207 3743 2496 3800 transactis
2523 3788 2536 3812 ,
2581 3743 2797 3799 locutus
2835 3753 2920 3800 est
2945 3742 3204 3797 fratribus
3230 3743 3350 3798 suis
3384 3760 3400 3802 :
3436 3744 3574 3799 Post
3595 3753 3818 3797 mortem

2206 3853 2378 3895 meam
2412 3839 2552 3893 Deus
2582 3836 2823 3893 visitabit
2848 3850 2966 3902 vos,
2991 3845 3046 3892 et
3071 3835 3379 3894 ascendere
3402 3837 3572 3894 faciet
3594 3837 3662 3893 de
3687 3844 3818 3892 terra

2202 3931 2306 3986 ista
2336 3931 2403 3985 ad
2435 3941 2656 3998 terram,
2684 3946 2844 4001 quam
2872 3929 3075 3999 juravit
3105 3929 3418 3999 Abraham,
3453 3930 3632 3996 Isaac,
3661 3938 3716 3985 et
3738 3927 3821 3983 Ja-

2204 4026 2329 4082 cob.
2375 4024 2621 4095 Cumque
2658 4023 2967 4094 adjurasset
3012 4036 3128 4090 eos,
3160 4031 3329 4093 atque
3361 4023 3654 4080 dixisset:
3692 4023 3823 4077 Deus

2207 4118 2448 4176 visitabit
2491 4133 2589 4173 vos
2621 4133 2634 4170 :
2667 4123 2942 4187 asportate
2971 4115 3250 4172 vobiscum
3283 4131 3418 4173 ossa
3455 4132 3580 4173 mea
3613 4116 3680 4171 de
3710 4115 3822 4169 loco

2198 4215 2317 4270 ,isto
2346 4230 2361 4276 ;
2395 4223 2643 4269 mortuus
2676 4221 2781 4278 est,
2808 4211 3039 4282 expletis
3075 4219 3294 4268 centum
3326 4211 3537 4270 decem
3566 4214 3696 4270 vita:
3721 4224 3826 4265 sua:

2203 4307 2380 4361 annis.
2405 4305 2473 4360 Et
2491 4304 2746 4362 conditus
2769 4304 3119 4374 aromatibus,
3146 4304 3438 4376 repositus
3460 4315 3552 4363 est
3576 4307 3631 4362 in
3655 4302 3827 4361 loculo

2207 4400 2261 4456 in
2293 4399 2552 4473 Egypto.

1585 4603 1812 4678 Explicit
1836 4606 1965 4663 liber
1990 4607 2213 4681 Bresith,
2243 4611 2296 4666 id
2325 4619 2402 4666 est
2431 4608 2706 4667 Geueseos.

499 4769 610 4818 tem
651 4770 812 4819 terra!
844 4762 1113 4822 uberioris
1143 4763 1466 4822 ostendens.
1503 4765 1631 4821 llaec
1662 4775 1882 4822 sanctus
1910 4767 2100 4824 Hiero—

501 4849 718 4908 nymus.
746 4833 1032 4908 \{ariantes
1062 4845 1244 4893 autem
1294 4852 1363 4893 ex
1413 4838 1647 4893 Hebrreo
1679 4837 1990 4908 hujusmodi
2020 4841 2099 4896 le-

499 4905 710 4982 ctiOnes
730 4905 922 4982 afferre
943 4909 1276 4982 curavimus,
1303 4916 1365 4964 ut
1385 4908 1713 4982 intelligeret
1743 4905 1914 4966 lector
1938 4927 2098 4982 quam

500 4975 748 5058 diversas
776 4975 1070 5058 habeamus
1109 4980 1353 5058 ejusdem
1403 4975 1654 5035 liebraici
1699 4975 1989 5038 contextus
2027 4984 2095 5040 ab

499 5063 608 5104 uno
638 5047 969 5120 Hieronymo
1014 5047 1494 5123 interpretationes
1515 5093 1530 5121 ,
1577 5060 1633 5107 et
1674 5069 1742 5108 ne
1768 5068 2095 5126 quemquam

2125 4778 2179 4840 1)
2203 4780 2473 4839 moveret,
2497 4772 2543 4828 si
2568 4786 2758 4842 parum
2782 4769 2887 4826 sibi
2919 4777 3177 4827 constare
3198 4769 3470 4829 videatur
3501 4791 3513 4828 :
3541 4773 3675 4843 quia
3696 4783 3837 4829 nunc

2207 4843 2532 4970 vefbumbiie
2561 4845 2750 4912 verbo,
2791 4843 2956 4899 modo
2978 4858 3200 4900 sensum
3238 4859 3269 4900 e
3294 4858 3484 4901 sensu
3510 4847 3838 4918 eXprimerc

2207 4930 2274 4970 vo
2302 4927 2399 4970 uit.
2483 4931 2612 4970 sar.
3443 4929 3458 4939 ο

2205 4927 2399 4972 γοιιιιι.
2431 4927 2612 4971 MART.
3443 4929 3458 4939 '

2278 5017 2302 5046 ⁸
2325 5006 2590 5073 Alterum,
2615 5008 2754 5079 ﬁlius
2775 5024 3088 5077 accrescens,
3114 5009 3169 5065 in
3189 5007 3376 5065 Palat.
3396 5026 3512 5069 ms.
3533 5012 3836 5079 inducitur,

2203 5088 2393 5136 contra
2419 5080 2559 5136 sacri
2588 5087 2770 5136 textus
2799 5079 2982 5137 fidem.

507 5189 3839 5222 ___________________________________________

1713 5283 1985 5346 TI'I‘ULI
2028 5283 2243 5347 LIBRI
2284 5284 2564 5348 EXODI.

495 5434 537 5493 Ι.
581 5433 848 5493 Numerus
893 5451 1098 5507 eorum,
1130 5438 1218 5511 qui
1250 5436 1470 5512 ingressi
1495 5449 1618 5496 sunt
1644 5437 1959 5516 AZgyptum.
1993 5438 2093 5499 In-

562 5539 880 5586 crementum
911 5531 1127 5602 populi,
1160 5548 1222 5586 ac
1249 5532 1515 5603 depressio
1544 5533 1656 5604 eius
1686 5551 1716 5588 a
1741 5551 1879 5608 rege.
1911 5536 2094 5593 Obsteo

561 5623 712 5680 tricas
743 5632 1031 5693 convocat,
1073 5633 1120 5680 et
1156 5634 1213 5680 ut
1253 5626 1509 5681 masculos
1540 5637 1812 5698 necarent,
1845 5630 2089 5701 imperat.

562 5717 643 5773 De
674 5721 944 5775 natiuitate
976 5719 1171 5792 Moysi,
1203 5737 1263 5775 ac
1285 5720 1565 5792 adoptione
1589 5724 1734 5794 apud
1761 5723 1926 5794 ﬁliam
1947 5723 2093 5778 Pha-

566 5814 766 5871 raonis.
800 5813 1092 5889 /Egyptum
1119 5815 1339 5888 percutit
1368 5827 1388 5871 :
1418 5831 1450 5870 a
1483 5815 2091 5892 conspectuﬁPharaouis
2123 5865 2128 5868 .

2271 5443 2454 5522 fugit:
2481 5442 2651 5516 ﬁliam
2675 5447 2959 5503 sacerdotis
2985 5444 3202 5503 Madian
3229 5464 3262 5502 a
3288 5451 3618 5520 pastoribus
3658 5454 3844 5526 defen-

2267 5536 2346 5591 dit
2377 5553 2396 5593 :
2425 5547 2474 5594 et
2501 5538 2791 5612 Sephoram
2823 5541 3038 5596 sortitur
3067 5558 3305 5598 uxorem.

2196 5628 2261 5686 ll.
2305 5630 2516 5687 Mortuo
2545 5649 2662 5705 rege
2685 5632 2928 5707 .Egypti,
2960 5634 3238 5692 clamorem
3264 5632 3461 5694 Israel
3496 5640 3657 5696 Deus
3685 5657 3847 5697 exau-

2265 5725 2391 5781 divit
2431 5743 2450 5781 :
2493 5726 2699 5798 Moyses
2731 5729 2785 5784 in
2814 5739 2984 5785 monte
3015 5728 3148 5785 Oreb
3180 5729 3493 5790 Dominum
3526 5741 3801 5811 conspicit
3830 5753 3848 5790 :

2269 5817 2338 5876 In
2369 5821 2498 5876 rubo
2525 5822 2826 5892 ﬂammante
2853 5833 3063 5885 vocatas
3089 5822 3290 5882 accedit
3322 5841 3343 5880 .·
3374 5829 3455 5883 ad
3491 5829 3852 5889 Pharaonem
