  <div class='ocr_page' id='page_1' title='image "/cluster/home/n/w/nwhite01/storage/ocr_20150623/28/hvd.32044015471410/122.png"; bbox 0 0 4044 6360; ppageno 0'>
   <div class='ocr_carea' id='block_1_1' title="bbox 255 313 1809 392">
    <p class='ocr_par' dir='ltr' id='par_1_1' title="bbox 255 319 1809 392">
     <span class='ocr_line' id='line_1_1' title="bbox 255 319 1809 392; baseline -0.008 -1"><span class='ocrx_word' id='word_1_1' title='bbox 255 334 338 392; x_wconf 71' lang='lat'><strong>253</strong></span> <span class='ocrx_word' id='word_1_2' title='bbox 1474 319 1809 380; x_wconf 81' lang='lat' dir='ltr'><strong><em>CAPITULA</em></strong></span> 
     </span>
    </p>
   </div>
   <div class='ocr_carea' id='block_1_2' title="bbox 1966 313 3496 392">
    <p class='ocr_par' dir='ltr' id='par_1_2' title="bbox 1971 319 3496 391">
     <span class='ocr_line' id='line_1_2' title="bbox 1971 319 3496 391; baseline 0.009 -14"><span class='ocrx_word' id='word_1_3' title='bbox 1971 319 2199 379; x_wconf 82' lang='lat' dir='ltr'><strong><em>EXODI.</em></strong></span> <span class='ocrx_word' id='word_1_4' title='bbox 2227 319 2232 324; x_wconf 77' lang='grc'><em>’</em></span> <span class='ocrx_word' id='word_1_5' title='bbox 3389 332 3496 391; x_wconf 69' lang='grc'><strong><em>254</em></strong></span> 
     </span>
    </p>
   </div>
   <div class='ocr_carea' id='block_1_3' title="bbox 310 433 3492 516">
    <p class='ocr_par' dir='ltr' id='par_1_3' title="bbox 310 433 3492 516">
     <span class='ocr_line' id='line_1_3' title="bbox 310 433 3492 516; baseline 0 -15"><span class='ocrx_word' id='word_1_6' title='bbox 310 449 371 502; x_wconf 90' lang='lat' dir='ltr'><strong><em>ire</em></strong></span> <span class='ocrx_word' id='word_1_7' title='bbox 399 440 702 514; x_wconf 73' lang='lat' dir='ltr'><strong><em>prtecipitur.</em></strong></span> <span class='ocrx_word' id='word_1_8' title='bbox 736 437 902 512; x_wconf 88' lang='lat' dir='ltr'><strong><em>Signa</em></strong></span> <span class='ocrx_word' id='word_1_9' title='bbox 930 439 1191 510; x_wconf 88' lang='lat' dir='ltr'><strong><em>deposcit,</em></strong></span> <span class='ocrx_word' id='word_1_10' title='bbox 1226 446 1272 493; x_wconf 87' lang='lat' dir='ltr'><strong><em>et</em></strong></span> <span class='ocrx_word' id='word_1_11' title='bbox 1303 440 1490 510; x_wconf 83' lang='lat' dir='ltr'><strong><em>accipit</em></strong></span> <span class='ocrx_word' id='word_1_12' title='bbox 1517 458 1534 494; x_wconf 88' lang='lat'><strong><em>:</em></strong></span> <span class='ocrx_word' id='word_1_13' title='bbox 1562 449 1790 510; x_wconf 76' lang='lat' dir='ltr'><strong><em>excusat,</em></strong></span> <span class='ocrx_word' id='word_1_14' title='bbox 1823 433 1874 505; x_wconf 80' lang='grc' dir='ltr'>Ᾰ</span> <span class='ocrx_word' id='word_1_15' title='bbox 1972 438 2274 506; x_wconf 85' lang='lat' dir='ltr'><strong><em>dulcantur,</em></strong></span> <span class='ocrx_word' id='word_1_16' title='bbox 2297 447 2342 495; x_wconf 92' lang='lat' dir='ltr'><strong><em>ct</em></strong></span> <span class='ocrx_word' id='word_1_17' title='bbox 2367 439 2570 513; x_wconf 81' lang='lat' dir='ltr'><strong><em>judicia</em></strong></span> <span class='ocrx_word' id='word_1_18' title='bbox 2593 451 2956 511; x_wconf 86' lang='lat' dir='ltr'><strong><em>proponuntur</em></strong></span> <span class='ocrx_word' id='word_1_19' title='bbox 2981 459 2999 498; x_wconf 92' lang='lat'><strong><em>:</em></strong></span> <span class='ocrx_word' id='word_1_20' title='bbox 3021 445 3072 498; x_wconf 88' lang='lat' dir='ltr'><strong><em>in</em></strong></span> <span class='ocrx_word' id='word_1_21' title='bbox 3098 445 3239 499; x_wconf 86' lang='lat' dir='ltr'><strong><em>Etim</em></strong></span> <span class='ocrx_word' id='word_1_22' title='bbox 3260 448 3492 516; x_wconf 88' lang='lat' dir='ltr'><strong><em>veniunt,</em></strong></span> 
     </span>
    </p>
   </div>
   <div class='ocr_carea' id='block_1_4' title="bbox 309 532 3494 611">
    <p class='ocr_par' dir='ltr' id='par_1_4' title="bbox 309 532 3494 611">
     <span class='ocr_line' id='line_1_4' title="bbox 309 532 3494 611; baseline 0 -15"><span class='ocrx_word' id='word_1_23' title='bbox 309 550 350 597; x_wconf 89' lang='lat' dir='ltr'><strong><em>et</em></strong></span> <span class='ocrx_word' id='word_1_24' title='bbox 374 537 729 607; x_wconf 87' lang='lat' dir='ltr'><strong><em>ineloqnentem</em></strong></span> <span class='ocrx_word' id='word_1_25' title='bbox 754 551 807 588; x_wconf 88' lang='lat' dir='ltr'><strong><em>se</em></strong></span> <span class='ocrx_word' id='word_1_26' title='bbox 827 550 936 588; x_wconf 89' lang='lat' dir='ltr'><strong><em>esse</em></strong></span> <span class='ocrx_word' id='word_1_27' title='bbox 957 533 1283 605; x_wconf 91' lang='lat' dir='ltr'><strong><em>pronuntiat.</em></strong></span> <span class='ocrx_word' id='word_1_28' title='bbox 1317 532 1494 588; x_wconf 87' lang='lat' dir='ltr'><strong><em>Iratus</em></strong></span> <span class='ocrx_word' id='word_1_29' title='bbox 1519 533 1796 602; x_wconf 79' lang='lat' dir='ltr'><strong><em>Dominus,</em></strong></span> <span class='ocrx_word' id='word_1_30' title='bbox 1975 532 2247 588; x_wconf 85' lang='lat' dir='ltr'><strong><em>duodecim</em></strong></span> <span class='ocrx_word' id='word_1_31' title='bbox 2274 537 2441 606; x_wconf 89' lang='lat' dir='ltr'><strong><em>fontes</em></strong></span> <span class='ocrx_word' id='word_1_32' title='bbox 2465 577 2478 600; x_wconf 93' lang='lat'><strong><em>,</em></strong></span> <span class='ocrx_word' id='word_1_33' title='bbox 2529 542 2574 589; x_wconf 93' lang='lat' dir='ltr'><strong><em>et</em></strong></span> <span class='ocrx_word' id='word_1_34' title='bbox 2614 537 2942 608; x_wconf 87' lang='lat' dir='ltr'><strong><em>septuaginta</em></strong></span> <span class='ocrx_word' id='word_1_35' title='bbox 2969 539 3175 594; x_wconf 82' lang='lat' dir='ltr'><strong><em>arbores</em></strong></span> <span class='ocrx_word' id='word_1_36' title='bbox 3198 541 3494 611; x_wconf 88' lang='lat' dir='ltr'><strong><em>palmarum</em></strong></span> 
     </span>
    </p>
   </div>
   <div class='ocr_carea' id='block_1_5' title="bbox 309 625 3496 705">
    <p class='ocr_par' dir='ltr' id='par_1_5' title="bbox 309 625 3496 705">
     <span class='ocr_line' id='line_1_5' title="bbox 309 625 3496 705; baseline 0.004 -30"><span class='ocrx_word' id='word_1_37' title='bbox 309 642 354 687; x_wconf 71' lang='lat' dir='ltr'><strong><em>ut</em></strong></span> <span class='ocrx_word' id='word_1_38' title='bbox 379 647 480 684; x_wconf 72' lang='lat' dir='ltr'><strong><em>cum</em></strong></span> <span class='ocrx_word' id='word_1_39' title='bbox 499 628 669 682; x_wconf 75' lang='lat' dir='ltr'><strong><em>Aaron</em></strong></span> <span class='ocrx_word' id='word_1_40' title='bbox 702 635 957 697; x_wconf 74' lang='lat' dir='ltr'><strong><em>pergeret,</em></strong></span> <span class='ocrx_word' id='word_1_41' title='bbox 983 627 1151 698; x_wconf 80' lang='lat' dir='ltr'><strong><em>jubet.</em></strong></span> <span class='ocrx_word' id='word_1_42' title='bbox 1974 625 2238 680; x_wconf 84' lang='lat' dir='ltr'><strong><em>inveniunt</em></strong></span> <span class='ocrx_word' id='word_1_43' title='bbox 2265 672 2279 694; x_wconf 93' lang='lat'><strong><em>,</em></strong></span> <span class='ocrx_word' id='word_1_44' title='bbox 2325 643 2386 680; x_wconf 90' lang='lat' dir='ltr'><strong><em>ac</em></strong></span> <span class='ocrx_word' id='word_1_45' title='bbox 2426 627 2617 684; x_wconf 86' lang='lat' dir='ltr'><strong><em>deinde</em></strong></span> <span class='ocrx_word' id='word_1_46' title='bbox 2649 631 2700 683; x_wconf 93' lang='lat' dir='ltr'><strong><em>in</em></strong></span> <span class='ocrx_word' id='word_1_47' title='bbox 2732 629 2863 685; x_wconf 90' lang='lat' dir='ltr'><strong><em>Sina</em></strong></span> <span class='ocrx_word' id='word_1_48' title='bbox 2897 644 3222 689; x_wconf 80' lang='lat' dir='ltr'><strong><em>murmurant</em></strong></span> <span class='ocrx_word' id='word_1_49' title='bbox 3252 651 3272 690; x_wconf 88' lang='lat'><strong><em>:</em></strong></span> <span class='ocrx_word' id='word_1_50' title='bbox 3307 653 3496 705; x_wconf 86' lang='lat' dir='ltr'><strong><em>panem</em></strong></span> 
     </span>
    </p>
   </div>
   <div class='ocr_carea' id='block_1_6' title="bbox 252 717 3498 800">
    <p class='ocr_par' dir='ltr' id='par_1_6' title="bbox 252 717 3498 800">
     <span class='ocr_line' id='line_1_6' title="bbox 252 717 3498 800; baseline 0.001 -22"><span class='ocrx_word' id='word_1_51' title='bbox 252 723 321 781; x_wconf 90' lang='lat' dir='ltr'><strong><em>Ill.</em></strong></span> <span class='ocrx_word' id='word_1_52' title='bbox 358 719 516 792; x_wconf 85' lang='lat' dir='ltr'><strong><em>Moysi</em></strong></span> <span class='ocrx_word' id='word_1_53' title='bbox 558 719 825 774; x_wconf 83' lang='lat' dir='ltr'><strong><em>revertenti</em></strong></span> <span class='ocrx_word' id='word_1_54' title='bbox 871 719 926 773; x_wconf 91' lang='lat' dir='ltr'><strong><em>in</em></strong></span> <span class='ocrx_word' id='word_1_55' title='bbox 972 717 1264 792; x_wconf 82' lang='lat' dir='ltr'><strong><em>/Egyptum</em></strong></span> <span class='ocrx_word' id='word_1_56' title='bbox 1312 719 1538 775; x_wconf 85' lang='lat' dir='ltr'><strong><em>occurrit</em></strong></span> <span class='ocrx_word' id='word_1_57' title='bbox 1582 720 1796 791; x_wconf 79' lang='lat' dir='ltr'><strong><em>angelus</em></strong></span> <span class='ocrx_word' id='word_1_58' title='bbox 1972 729 2019 774; x_wconf 84' lang='lat' dir='ltr'><strong><em>et</em></strong></span> <span class='ocrx_word' id='word_1_59' title='bbox 2048 737 2228 775; x_wconf 88' lang='lat' dir='ltr'><strong><em>carnes</em></strong></span> <span class='ocrx_word' id='word_1_60' title='bbox 2256 721 2574 778; x_wconf 88' lang='lat' dir='ltr'><strong><em>desiderant.</em></strong></span> <span class='ocrx_word' id='word_1_61' title='bbox 2611 723 2813 779; x_wconf 88' lang='lat' dir='ltr'><strong><em>Manna</em></strong></span> <span class='ocrx_word' id='word_1_62' title='bbox 2845 726 2908 781; x_wconf 92' lang='lat' dir='ltr'><strong><em>de</em></strong></span> <span class='ocrx_word' id='word_1_63' title='bbox 2942 726 3071 782; x_wconf 76' lang='lat' dir='ltr'><strong><em>cazlo</em></strong></span> <span class='ocrx_word' id='word_1_64' title='bbox 3106 738 3380 800; x_wconf 74' lang='lat' dir='ltr'><strong><em>pra&#39;statur</em></strong></span> <span class='ocrx_word' id='word_1_65' title='bbox 3404 771 3419 795; x_wconf 96' lang='lat'><strong><em>,</em></strong></span> <span class='ocrx_word' id='word_1_66' title='bbox 3450 739 3498 784; x_wconf 84' lang='lat' dir='ltr'><strong><em>et</em></strong></span> 
     </span>
    </p>
   </div>
   <div class='ocr_carea' id='block_1_7' title="bbox 303 812 2869 888">
    <p class='ocr_par' dir='ltr' id='par_1_7' title="bbox 303 812 2869 888">
     <span class='ocr_line' id='line_1_7' title="bbox 303 812 2869 888; baseline 0 -16"><span class='ocrx_word' id='word_1_67' title='bbox 303 815 490 872; x_wconf 88' lang='lat' dir='ltr'><strong><em>Domini</em></strong></span> <span class='ocrx_word' id='word_1_68' title='bbox 518 813 575 867; x_wconf 86' lang='lat' dir='ltr'><strong><em>ob</em></strong></span> <span class='ocrx_word' id='word_1_69' title='bbox 604 812 1054 868; x_wconf 82' lang='lat' dir='ltr'><strong><em>circumcisionem</em></strong></span> <span class='ocrx_word' id='word_1_70' title='bbox 1081 812 1209 883; x_wconf 77' lang='lat' dir='ltr'><strong><em>ﬁlii,</em></strong></span> <span class='ocrx_word' id='word_1_71' title='bbox 1247 823 1295 868; x_wconf 89' lang='lat' dir='ltr'><strong><em>et</em></strong></span> <span class='ocrx_word' id='word_1_72' title='bbox 1321 815 1651 885; x_wconf 91' lang='lat' dir='ltr'><strong><em>sponsionem</em></strong></span> <span class='ocrx_word' id='word_1_73' title='bbox 1677 830 1797 868; x_wconf 90' lang='lat' dir='ltr'><strong><em>san-</em></strong></span> <span class='ocrx_word' id='word_1_74' title='bbox 1974 812 2158 867; x_wconf 91' lang='lat' dir='ltr'><strong><em>modus</em></strong></span> <span class='ocrx_word' id='word_1_75' title='bbox 2179 813 2266 884; x_wconf 92' lang='lat' dir='ltr'><strong><em>qui</em></strong></span> <span class='ocrx_word' id='word_1_76' title='bbox 2296 814 2535 884; x_wconf 67' lang='lat' dir='ltr'><strong><em>sufﬁciat,</em></strong></span> <span class='ocrx_word' id='word_1_77' title='bbox 2565 815 2869 888; x_wconf 86' lang='lat' dir='ltr'><strong><em>imperatur.</em></strong></span> 
     </span>
    </p>
   </div>
   <div class='ocr_carea' id='block_1_8' title="bbox 303 901 3496 984">
    <p class='ocr_par' dir='ltr' id='par_1_8' title="bbox 303 901 3496 984">
     <span class='ocr_line' id='line_1_8' title="bbox 303 901 3496 984; baseline 0.002 -20"><span class='ocrx_word' id='word_1_78' title='bbox 303 911 490 983; x_wconf 84' lang='lat' dir='ltr'><strong><em>guinum</em></strong></span> <span class='ocrx_word' id='word_1_79' title='bbox 528 907 705 961; x_wconf 85' lang='lat' dir='ltr'><strong><em>Aaron</em></strong></span> <span class='ocrx_word' id='word_1_80' title='bbox 748 906 1047 978; x_wconf 69' lang='lat' dir='ltr'><strong><em>praecipitur</em></strong></span> <span class='ocrx_word' id='word_1_81' title='bbox 1097 905 1299 961; x_wconf 86' lang='lat' dir='ltr'><strong><em>obviam</em></strong></span> <span class='ocrx_word' id='word_1_82' title='bbox 1336 904 1513 984; x_wconf 71' lang='lat' dir='ltr'><strong><em>Moysi</em></strong></span> <span class='ocrx_word' id='word_1_83' title='bbox 1561 923 1792 980; x_wconf 82' lang='lat' dir='ltr'><strong><em>pergere.</em></strong></span> <span class='ocrx_word' id='word_1_84' title='bbox 1899 901 1969 959; x_wconf 84' lang='grc' dir='ltr'><strong><em>Χ.</em></strong></span> <span class='ocrx_word' id='word_1_85' title='bbox 2019 904 2280 960; x_wconf 85' lang='lat' dir='ltr'><strong><em>Venerunt</em></strong></span> <span class='ocrx_word' id='word_1_86' title='bbox 2310 906 2632 980; x_wconf 85' lang='lat' dir='ltr'><strong><em>Raphidim,</em></strong></span> <span class='ocrx_word' id='word_1_87' title='bbox 2674 919 2721 964; x_wconf 93' lang='lat' dir='ltr'><strong><em>et</em></strong></span> <span class='ocrx_word' id='word_1_88' title='bbox 2764 927 2870 966; x_wconf 91' lang='lat' dir='ltr'><strong><em>non</em></strong></span> <span class='ocrx_word' id='word_1_89' title='bbox 2901 922 3013 967; x_wconf 88' lang='lat' dir='ltr'><strong><em>erat</em></strong></span> <span class='ocrx_word' id='word_1_90' title='bbox 3054 931 3189 984; x_wconf 91' lang='lat' dir='ltr'><strong><em>aqua</em></strong></span> <span class='ocrx_word' id='word_1_91' title='bbox 3223 914 3292 968; x_wconf 87' lang='lat' dir='ltr'><strong><em>ad</em></strong></span> <span class='ocrx_word' id='word_1_92' title='bbox 3318 914 3496 970; x_wconf 87' lang='lat' dir='ltr'><strong><em>biben-</em></strong></span> 
     </span>
    </p>
   </div>
   <div class='ocr_carea' id='block_1_9' title="bbox 302 982 3496 1076">
    <p class='ocr_par' dir='ltr' id='par_1_9' title="bbox 302 982 3496 1076">
     <span class='ocr_line' id='line_1_9' title="bbox 302 982 3496 1076; baseline 0.001 -18"><span class='ocrx_word' id='word_1_93' title='bbox 302 982 435 1058; x_wconf 75' lang='lat' dir='ltr'><strong><em>Audit</em></strong></span> <span class='ocrx_word' id='word_1_94' title='bbox 461 1002 521 1056; x_wconf 90' lang='lat' dir='ltr'><strong><em>ab</em></strong></span> <span class='ocrx_word' id='word_1_95' title='bbox 544 1017 602 1057; x_wconf 92' lang='lat' dir='ltr'><strong><em>eo</em></strong></span> <span class='ocrx_word' id='word_1_96' title='bbox 625 1017 741 1072; x_wconf 75' lang='lat' dir='ltr'><strong><em>qua:</em></strong></span> <span class='ocrx_word' id='word_1_97' title='bbox 765 999 1024 1055; x_wconf 85' lang='lat' dir='ltr'><strong><em>Dominus</em></strong></span> <span class='ocrx_word' id='word_1_98' title='bbox 1053 982 1360 1073; x_wconf 79' lang='lat' dir='ltr'><strong><em>imperaral.</em></strong></span> <span class='ocrx_word' id='word_1_99' title='bbox 1395 1000 1566 1074; x_wconf 87' lang='lat' dir='ltr'><strong><em>Signa</em></strong></span> <span class='ocrx_word' id='word_1_100' title='bbox 1593 1001 1794 1072; x_wconf 90' lang='lat' dir='ltr'><strong><em>faciunt</em></strong></span> <span class='ocrx_word' id='word_1_101' title='bbox 1971 997 2096 1052; x_wconf 89' lang='lat' dir='ltr'><strong><em>dum</em></strong></span> <span class='ocrx_word' id='word_1_102' title='bbox 2120 1015 2139 1053; x_wconf 82' lang='lat'><strong><em>.&#39;</em></strong></span> <span class='ocrx_word' id='word_1_103' title='bbox 2177 1015 2239 1053; x_wconf 91' lang='lat' dir='ltr'><strong><em>ac</em></strong></span> <span class='ocrx_word' id='word_1_104' title='bbox 2274 999 2419 1072; x_wconf 85' lang='lat' dir='ltr'><strong><em>virga</em></strong></span> <span class='ocrx_word' id='word_1_105' title='bbox 2445 1010 2640 1072; x_wconf 87' lang='lat' dir='ltr'><strong><em>petram</em></strong></span> <span class='ocrx_word' id='word_1_106' title='bbox 2683 1005 2966 1072; x_wconf 88' lang='lat' dir='ltr'><strong><em>percussit,</em></strong></span> <span class='ocrx_word' id='word_1_107' title='bbox 3019 982 3167 1074; x_wconf 75' lang='lat' dir='ltr'><strong><em>aqua:</em></strong></span> <span class='ocrx_word' id='word_1_108' title='bbox 3210 1008 3496 1076; x_wconf 57' lang='lat' dir='ltr'><strong><em>fluaterunt.</em></strong></span> 
     </span>
    </p>
   </div>
   <div class='ocr_carea' id='block_1_10' title="bbox 301 1088 3500 1170">
    <p class='ocr_par' dir='ltr' id='par_1_10' title="bbox 301 1088 3500 1170">
     <span class='ocr_line' id='line_1_10' title="bbox 301 1088 3500 1170; baseline 0 -17"><span class='ocrx_word' id='word_1_109' title='bbox 301 1113 448 1167; x_wconf 84' lang='lat' dir='ltr'><strong><em>coram</em></strong></span> <span class='ocrx_word' id='word_1_110' title='bbox 475 1092 665 1166; x_wconf 88' lang='lat' dir='ltr'><strong><em>populo</em></strong></span> <span class='ocrx_word' id='word_1_111' title='bbox 698 1110 716 1150; x_wconf 90' lang='lat'><strong><em>:</em></strong></span> <span class='ocrx_word' id='word_1_112' title='bbox 745 1095 986 1164; x_wconf 87' lang='lat' dir='ltr'><strong><em>credunt,</em></strong></span> <span class='ocrx_word' id='word_1_113' title='bbox 1023 1094 1296 1164; x_wconf 74' lang='lat' dir='ltr'><strong><em>laetantur,</em></strong></span> <span class='ocrx_word' id='word_1_114' title='bbox 1330 1097 1618 1160; x_wconf 70' lang='lat' dir='ltr'><strong><em>exsultant,</em></strong></span> <span class='ocrx_word' id='word_1_115' title='bbox 1650 1093 1796 1148; x_wconf 90' lang='lat' dir='ltr'><strong><em>Pha-</em></strong></span> <span class='ocrx_word' id='word_1_116' title='bbox 1972 1088 2049 1144; x_wconf 92' lang='lat' dir='ltr'><strong><em>De</em></strong></span> <span class='ocrx_word' id='word_1_117' title='bbox 2094 1107 2267 1162; x_wconf 89' lang='lat' dir='ltr'><strong><em>pugna</em></strong></span> <span class='ocrx_word' id='word_1_118' title='bbox 2315 1090 2483 1147; x_wconf 82' lang='lat' dir='ltr'><strong><em>Israel</em></strong></span> <span class='ocrx_word' id='word_1_119' title='bbox 2524 1102 2570 1148; x_wconf 90' lang='lat' dir='ltr'><strong><em>et</em></strong></span> <span class='ocrx_word' id='word_1_120' title='bbox 2621 1093 2890 1152; x_wconf 85' lang='lat' dir='ltr'><strong><em>Amalech.</em></strong></span> <span class='ocrx_word' id='word_1_121' title='bbox 2938 1095 3018 1152; x_wconf 90' lang='lat' dir='ltr'><strong><em>De</em></strong></span> <span class='ocrx_word' id='word_1_122' title='bbox 3059 1096 3240 1154; x_wconf 84' lang='lat' dir='ltr'><strong><em>Jethro</em></strong></span> <span class='ocrx_word' id='word_1_123' title='bbox 3281 1110 3500 1170; x_wconf 88' lang='lat' dir='ltr'><strong><em>cognato</em></strong></span> 
     </span>
    </p>
   </div>
   <div class='ocr_carea' id='block_1_11' title="bbox 300 1179 2939 1259">
    <p class='ocr_par' dir='ltr' id='par_1_11' title="bbox 300 1179 2939 1259">
     <span class='ocr_line' id='line_1_11' title="bbox 300 1179 2939 1259; baseline -0.001 -15"><span class='ocrx_word' id='word_1_124' title='bbox 300 1191 447 1244; x_wconf 91' lang='lat' dir='ltr'><strong><em>raonis</em></strong></span> <span class='ocrx_word' id='word_1_125' title='bbox 474 1187 679 1242; x_wconf 87' lang='lat' dir='ltr'><strong><em>auribus</em></strong></span> <span class='ocrx_word' id='word_1_126' title='bbox 711 1188 970 1259; x_wconf 87' lang='lat' dir='ltr'><strong><em>ingerunt.</em></strong></span> <span class='ocrx_word' id='word_1_127' title='bbox 1022 1186 1251 1255; x_wconf 90' lang='lat' dir='ltr'><strong><em>Imperio</em></strong></span> <span class='ocrx_word' id='word_1_128' title='bbox 1282 1185 1380 1242; x_wconf 89' lang='lat' dir='ltr'><strong><em>Dei</em></strong></span> <span class='ocrx_word' id='word_1_129' title='bbox 1406 1185 1700 1252; x_wconf 90' lang='lat' dir='ltr'><strong><em>resultant,</em></strong></span> <span class='ocrx_word' id='word_1_130' title='bbox 1733 1202 1793 1240; x_wconf 92' lang='lat' dir='ltr'><strong><em>ac</em></strong></span> <span class='ocrx_word' id='word_1_131' title='bbox 1973 1179 2132 1247; x_wconf 91' lang='lat' dir='ltr'><strong><em>Mosi,</em></strong></span> <span class='ocrx_word' id='word_1_132' title='bbox 2165 1192 2211 1238; x_wconf 92' lang='lat' dir='ltr'><strong><em>et</em></strong></span> <span class='ocrx_word' id='word_1_133' title='bbox 2239 1182 2301 1236; x_wconf 90' lang='lat' dir='ltr'><strong><em>de</em></strong></span> <span class='ocrx_word' id='word_1_134' title='bbox 2319 1183 2595 1256; x_wconf 88' lang='lat' dir='ltr'><strong><em>judicibus</em></strong></span> <span class='ocrx_word' id='word_1_135' title='bbox 2627 1187 2939 1242; x_wconf 85' lang='lat' dir='ltr'><strong><em>constitutis.</em></strong></span> 
     </span>
    </p>
   </div>
   <div class='ocr_carea' id='block_1_12' title="bbox 297 1272 3495 1353">
    <p class='ocr_par' dir='ltr' id='par_1_12' title="bbox 297 1272 3495 1353">
     <span class='ocr_line' id='line_1_12' title="bbox 297 1272 3495 1353; baseline 0 -15"><span class='ocrx_word' id='word_1_136' title='bbox 297 1284 483 1338; x_wconf 88' lang='lat' dir='ltr'><strong><em>duriora</em></strong></span> <span class='ocrx_word' id='word_1_137' title='bbox 509 1279 702 1353; x_wconf 82' lang='lat' dir='ltr'><strong><em>pOpulo</em></strong></span> <span class='ocrx_word' id='word_1_138' title='bbox 737 1297 891 1350; x_wconf 89' lang='lat' dir='ltr'><strong><em>quam</em></strong></span> <span class='ocrx_word' id='word_1_139' title='bbox 931 1278 1229 1353; x_wconf 87' lang='lat' dir='ltr'><strong><em>ingerebat,</em></strong></span> <span class='ocrx_word' id='word_1_140' title='bbox 1262 1278 1492 1349; x_wconf 87' lang='lat' dir='ltr'><strong><em>ingessit.</em></strong></span> <span class='ocrx_word' id='word_1_141' title='bbox 1526 1275 1792 1348; x_wconf 87' lang='lat' dir='ltr'><strong><em>Flagellat</em></strong></span> <span class='ocrx_word' id='word_1_142' title='bbox 1900 1272 1989 1329; x_wconf 77' lang='lat' dir='ltr'><strong><em>XI.</em></strong></span> <span class='ocrx_word' id='word_1_143' title='bbox 2032 1274 2111 1329; x_wconf 87' lang='lat' dir='ltr'><strong><em>De</em></strong></span> <span class='ocrx_word' id='word_1_144' title='bbox 2137 1276 2424 1348; x_wconf 87' lang='lat' dir='ltr'><strong><em>Raphidim</em></strong></span> <span class='ocrx_word' id='word_1_145' title='bbox 2454 1279 2660 1333; x_wconf 85' lang='lat' dir='ltr'><strong><em>veniunt</em></strong></span> <span class='ocrx_word' id='word_1_146' title='bbox 2693 1279 2847 1335; x_wconf 89' lang='lat' dir='ltr'><strong><em>Sinai</em></strong></span> <span class='ocrx_word' id='word_1_147' title='bbox 2871 1323 2886 1348; x_wconf 92' lang='lat'><strong><em>,</em></strong></span> <span class='ocrx_word' id='word_1_148' title='bbox 2940 1281 3026 1334; x_wconf 85' lang='lat' dir='ltr'><strong><em>ubi</em></strong></span> <span class='ocrx_word' id='word_1_149' title='bbox 3064 1281 3238 1337; x_wconf 83' lang='lat' dir='ltr'><strong><em>Moses</em></strong></span> <span class='ocrx_word' id='word_1_150' title='bbox 3269 1295 3495 1338; x_wconf 84' lang='lat' dir='ltr'><strong><em>montem</em></strong></span> 
     </span>
    </p>
   </div>
   <div class='ocr_carea' id='block_1_13' title="bbox 297 1369 3498 1449">
    <p class='ocr_par' dir='ltr' id='par_1_13' title="bbox 297 1369 3498 1449">
     <span class='ocr_line' id='line_1_13' title="bbox 297 1369 3498 1449; baseline 0 -18"><span class='ocrx_word' id='word_1_151' title='bbox 297 1377 525 1449; x_wconf 77' lang='lat' dir='ltr'><strong><em>principes</em></strong></span> <span class='ocrx_word' id='word_1_152' title='bbox 550 1373 725 1430; x_wconf 86' lang='lat' dir='ltr'><strong><em>Israel</em></strong></span> <span class='ocrx_word' id='word_1_153' title='bbox 749 1391 766 1429; x_wconf 92' lang='lat'><strong><em>:</em></strong></span> <span class='ocrx_word' id='word_1_154' title='bbox 803 1373 977 1446; x_wconf 81' lang='lat' dir='ltr'><strong><em>Moysi</em></strong></span> <span class='ocrx_word' id='word_1_155' title='bbox 1011 1383 1057 1430; x_wconf 89' lang='lat' dir='ltr'><strong><em>et</em></strong></span> <span class='ocrx_word' id='word_1_156' title='bbox 1081 1374 1256 1428; x_wconf 82' lang='lat' dir='ltr'><strong><em>Aaron</em></strong></span> <span class='ocrx_word' id='word_1_157' title='bbox 1285 1373 1382 1428; x_wconf 87' lang='lat' dir='ltr'><strong><em>Dei</em></strong></span> <span class='ocrx_word' id='word_1_158' title='bbox 1408 1372 1669 1446; x_wconf 86' lang='lat' dir='ltr'><strong><em>judicium</em></strong></span> <span class='ocrx_word' id='word_1_159' title='bbox 1697 1373 1793 1426; x_wconf 87' lang='lat' dir='ltr'><strong><em>im-</em></strong></span> <span class='ocrx_word' id='word_1_160' title='bbox 1971 1369 2205 1424; x_wconf 87' lang='lat' dir='ltr'><strong><em>ascendit</em></strong></span> <span class='ocrx_word' id='word_1_161' title='bbox 2234 1371 2302 1424; x_wconf 90' lang='lat' dir='ltr'><strong><em>ad</em></strong></span> <span class='ocrx_word' id='word_1_162' title='bbox 2335 1369 2506 1426; x_wconf 90' lang='lat' dir='ltr'><strong><em>Deum</em></strong></span> <span class='ocrx_word' id='word_1_163' title='bbox 2529 1413 2543 1439; x_wconf 94' lang='lat'><strong><em>,</em></strong></span> <span class='ocrx_word' id='word_1_164' title='bbox 2564 1373 2714 1444; x_wconf 86' lang='lat' dir='ltr'><strong><em>jubet</em></strong></span> <span class='ocrx_word' id='word_1_165' title='bbox 2755 1373 2904 1427; x_wconf 86' lang='lat' dir='ltr'><strong><em>tertio</em></strong></span> <span class='ocrx_word' id='word_1_166' title='bbox 2937 1374 3019 1428; x_wconf 90' lang='lat' dir='ltr'><strong><em>die</em></strong></span> <span class='ocrx_word' id='word_1_167' title='bbox 3048 1377 3380 1446; x_wconf 77' lang='lat' dir='ltr'><strong><em>sancti/icore</em></strong></span> <span class='ocrx_word' id='word_1_168' title='bbox 3408 1395 3498 1448; x_wconf 77' lang='lat' dir='ltr'><strong><em>po-</em></strong></span> 
     </span>
    </p>
   </div>
   <div class='ocr_carea' id='block_1_14' title="bbox 295 1464 1809 1548">
    <p class='ocr_par' dir='ltr' id='par_1_14' title="bbox 295 1471 1790 1548">
     <span class='ocr_line' id='line_1_14' title="bbox 295 1471 1790 1548; baseline -0.001 -20"><span class='ocrx_word' id='word_1_169' title='bbox 295 1484 560 1548; x_wconf 87' lang='lat' dir='ltr'><strong><em>precantur,</em></strong></span> <span class='ocrx_word' id='word_1_170' title='bbox 593 1489 686 1528; x_wconf 90' lang='lat' dir='ltr'><strong><em>nec</em></strong></span> <span class='ocrx_word' id='word_1_171' title='bbox 717 1471 858 1527; x_wconf 88' lang='lat' dir='ltr'><strong><em>ultra</em></strong></span> <span class='ocrx_word' id='word_1_172' title='bbox 880 1489 1057 1528; x_wconf 90' lang='lat' dir='ltr'><strong><em>eorum</em></strong></span> <span class='ocrx_word' id='word_1_173' title='bbox 1086 1471 1403 1528; x_wconf 83' lang='lat' dir='ltr'><strong><em>sermonibus</em></strong></span> <span class='ocrx_word' id='word_1_174' title='bbox 1433 1471 1646 1527; x_wconf 89' lang='lat' dir='ltr'><strong><em>credunt</em></strong></span> <span class='ocrx_word' id='word_1_175' title='bbox 1677 1488 1790 1526; x_wconf 91' lang='lat' dir='ltr'><strong><em>ma-</em></strong></span> 
     </span>
    </p>
   </div>
   <div class='ocr_carea' id='block_1_15' title="bbox 1966 1464 3501 1548">
    <p class='ocr_par' dir='ltr' id='par_1_15' title="bbox 1969 1464 3501 1540">
     <span class='ocr_line' id='line_1_15' title="bbox 1969 1464 3501 1540; baseline 0.006 -23"><span class='ocrx_word' id='word_1_176' title='bbox 1969 1464 2176 1535; x_wconf 90' lang='lat' dir='ltr'><strong><em>pulum.</em></strong></span> <span class='ocrx_word' id='word_1_177' title='bbox 2213 1464 2533 1538; x_wconf 87' lang='lat' dir='ltr'><strong><em>Dccaloyum</em></strong></span> <span class='ocrx_word' id='word_1_178' title='bbox 2571 1467 2816 1539; x_wconf 84' lang='lat' dir='ltr'><strong><em>praponit</em></strong></span> <span class='ocrx_word' id='word_1_179' title='bbox 2843 1509 2856 1534; x_wconf 90' lang='lat'><strong><em>,</em></strong></span> <span class='ocrx_word' id='word_1_180' title='bbox 2899 1469 3124 1540; x_wconf 89' lang='lat' dir='ltr'><strong><em>populus</em></strong></span> <span class='ocrx_word' id='word_1_181' title='bbox 3164 1479 3382 1525; x_wconf 88' lang='lat' dir='ltr'><strong><em>terretur</em></strong></span> <span class='ocrx_word' id='word_1_182' title='bbox 3412 1488 3501 1526; x_wconf 90' lang='lat' dir='ltr'><strong><em>vo-</em></strong></span> 
     </span>
    </p>
   </div>
   <div class='ocr_carea' id='block_1_16' title="bbox 287 1560 3500 1640">
    <p class='ocr_par' dir='ltr' id='par_1_16' title="bbox 287 1560 3500 1640">
     <span class='ocr_line' id='line_1_16' title="bbox 287 1560 3500 1640; baseline 0.001 -19"><span class='ocrx_word' id='word_1_183' title='bbox 287 1572 388 1639; x_wconf 88' lang='lat' dir='ltr'><strong><em>jore</em></strong></span> <span class='ocrx_word' id='word_1_184' title='bbox 409 1566 646 1640; x_wconf 87' lang='lat' dir='ltr'><strong><em>angustia</em></strong></span> <span class='ocrx_word' id='word_1_185' title='bbox 673 1567 945 1620; x_wconf 89' lang='lat' dir='ltr'><strong><em>coarctati.</em></strong></span> <span class='ocrx_word' id='word_1_186' title='bbox 1967 1561 2110 1616; x_wconf 87' lang='lat' dir='ltr'><strong><em>cibus</em></strong></span> <span class='ocrx_word' id='word_1_187' title='bbox 2155 1560 2294 1632; x_wconf 91' lang='lat' dir='ltr'><strong><em>Dei,</em></strong></span> <span class='ocrx_word' id='word_1_188' title='bbox 2345 1571 2393 1618; x_wconf 89' lang='lat' dir='ltr'><strong><em>et</em></strong></span> <span class='ocrx_word' id='word_1_189' title='bbox 2438 1573 2586 1638; x_wconf 84' lang='lat' dir='ltr'><strong><em>regat</em></strong></span> <span class='ocrx_word' id='word_1_190' title='bbox 2631 1573 2689 1618; x_wconf 90' lang='lat' dir='ltr'><strong><em>ut</em></strong></span> <span class='ocrx_word' id='word_1_191' title='bbox 2733 1581 2826 1636; x_wconf 90' lang='lat' dir='ltr'><strong><em>per</em></strong></span> <span class='ocrx_word' id='word_1_192' title='bbox 2869 1563 3050 1621; x_wconf 80' lang='lat' dir='ltr'><strong><em>Mosen</em></strong></span> <span class='ocrx_word' id='word_1_193' title='bbox 3097 1577 3359 1638; x_wconf 81' lang='lat' dir='ltr'><strong><em>prwcepta</em></strong></span> <span class='ocrx_word' id='word_1_194' title='bbox 3400 1567 3500 1624; x_wconf 89' lang='lat' dir='ltr'><strong><em>Dei</em></strong></span> 
     </span>
    </p>
   </div>
   <div class='ocr_carea' id='block_1_17' title="bbox 241 1655 2176 1731">
    <p class='ocr_par' dir='ltr' id='par_1_17' title="bbox 241 1655 2176 1731">
     <span class='ocr_line' id='line_1_17' title="bbox 241 1655 2176 1731; baseline -0.005 -13"><span class='ocrx_word' id='word_1_195' title='bbox 241 1660 308 1718; x_wconf 81' lang='lat' dir='ltr'><strong><em>IV.</em></strong></span> <span class='ocrx_word' id='word_1_196' title='bbox 344 1659 605 1730; x_wconf 84' lang='lat' dir='ltr'><strong><em>Catalogus</em></strong></span> <span class='ocrx_word' id='word_1_197' title='bbox 654 1658 871 1730; x_wconf 72' lang='lat' dir='ltr'><strong><em>familia:</em></strong></span> <span class='ocrx_word' id='word_1_198' title='bbox 907 1658 1253 1714; x_wconf 87' lang='lat' dir='ltr'><strong><em>Levitarum:</em></strong></span> <span class='ocrx_word' id='word_1_199' title='bbox 1290 1669 1338 1714; x_wconf 94' lang='lat' dir='ltr'><strong><em>et</em></strong></span> <span class='ocrx_word' id='word_1_200' title='bbox 1382 1659 1472 1713; x_wconf 90' lang='lat' dir='ltr'><strong><em>ubi</em></strong></span> <span class='ocrx_word' id='word_1_201' title='bbox 1513 1657 1718 1731; x_wconf 82' lang='lat' dir='ltr'><strong><em>Moyses</em></strong></span> <span class='ocrx_word' id='word_1_202' title='bbox 1760 1675 1792 1713; x_wconf 90' lang='lat' dir='ltr'><strong><em>a</em></strong></span> <span class='ocrx_word' id='word_1_203' title='bbox 1967 1655 2176 1709; x_wconf 84' lang='lat' dir='ltr'><strong><em>au-tiat.</em></strong></span> 
     </span>
    </p>
   </div>
   <div class='ocr_carea' id='block_1_18' title="bbox 294 1745 3499 1826">
    <p class='ocr_par' dir='ltr' id='par_1_18' title="bbox 294 1745 3499 1826">
     <span class='ocr_line' id='line_1_18' title="bbox 294 1745 3499 1826; baseline 0 -20"><span class='ocrx_word' id='word_1_204' title='bbox 294 1749 386 1806; x_wconf 81' lang='lat' dir='ltr'><strong><em>Deo</em></strong></span> <span class='ocrx_word' id='word_1_205' title='bbox 412 1749 542 1804; x_wconf 91' lang='lat' dir='ltr'><strong><em>Deus</em></strong></span> <span class='ocrx_word' id='word_1_206' title='bbox 574 1751 908 1806; x_wconf 88' lang='lat' dir='ltr'><strong><em>constituitur</em></strong></span> <span class='ocrx_word' id='word_1_207' title='bbox 938 1748 1206 1806; x_wconf 88' lang='lat' dir='ltr'><strong><em>Pharaoni</em></strong></span> <span class='ocrx_word' id='word_1_208' title='bbox 1255 1768 1272 1804; x_wconf 93' lang='lat'><strong><em>:</em></strong></span> <span class='ocrx_word' id='word_1_209' title='bbox 1323 1753 1572 1826; x_wconf 86' lang='lat' dir='ltr'><strong><em>signaque</em></strong></span> <span class='ocrx_word' id='word_1_210' title='bbox 1614 1768 1792 1806; x_wconf 89' lang='lat' dir='ltr'><strong><em>coram</em></strong></span> <span class='ocrx_word' id='word_1_211' title='bbox 1895 1745 2012 1803; x_wconf 84' lang='lat' dir='ltr'><strong><em>XII.</em></strong></span> <span class='ocrx_word' id='word_1_212' title='bbox 2056 1747 2216 1821; x_wconf 86' lang='lat' dir='ltr'><strong><em>Leges</em></strong></span> <span class='ocrx_word' id='word_1_213' title='bbox 2247 1765 2341 1820; x_wconf 91' lang='lat' dir='ltr'><strong><em>pro</em></strong></span> <span class='ocrx_word' id='word_1_214' title='bbox 2372 1748 2592 1821; x_wconf 87' lang='lat' dir='ltr'><strong><em>singulis</em></strong></span> <span class='ocrx_word' id='word_1_215' title='bbox 2629 1750 2784 1805; x_wconf 84' lang='lat' dir='ltr'><strong><em>rebus</em></strong></span> <span class='ocrx_word' id='word_1_216' title='bbox 2808 1748 3070 1808; x_wconf 87' lang='lat' dir='ltr'><strong><em>Dominus</em></strong></span> <span class='ocrx_word' id='word_1_217' title='bbox 3116 1752 3380 1823; x_wconf 90' lang='lat' dir='ltr'><strong><em>imperat,</em></strong></span> <span class='ocrx_word' id='word_1_218' title='bbox 3421 1754 3499 1809; x_wconf 85' lang='lat' dir='ltr'><strong><em>vel</em></strong></span> 
     </span>
    </p>
   </div>
   <div class='ocr_carea' id='block_1_19' title="bbox 293 1840 2890 1915">
    <p class='ocr_par' dir='ltr' id='par_1_19' title="bbox 293 1840 2890 1915">
     <span class='ocr_line' id='line_1_19' title="bbox 293 1840 2890 1915; baseline 0.001 -19"><span class='ocrx_word' id='word_1_219' title='bbox 293 1841 543 1897; x_wconf 82' lang='lat' dir='ltr'><strong><em>Pharaone</em></strong></span> <span class='ocrx_word' id='word_1_220' title='bbox 579 1843 826 1913; x_wconf 90' lang='lat' dir='ltr'><strong><em>faciunt;</em></strong></span> <span class='ocrx_word' id='word_1_221' title='bbox 867 1843 1009 1915; x_wconf 87' lang='lat' dir='ltr'><strong><em>virga</em></strong></span> <span class='ocrx_word' id='word_1_222' title='bbox 1049 1844 1364 1898; x_wconf 81' lang='lat' dir='ltr'><strong><em>convertitur</em></strong></span> <span class='ocrx_word' id='word_1_223' title='bbox 1396 1843 1449 1897; x_wconf 89' lang='lat' dir='ltr'><strong><em>in</em></strong></span> <span class='ocrx_word' id='word_1_224' title='bbox 1475 1843 1748 1898; x_wconf 83' lang='lat' dir='ltr'><strong><em>draconem</em></strong></span> <span class='ocrx_word' id='word_1_225' title='bbox 1775 1859 1792 1908; x_wconf 88' lang='lat'><em>;</em></span> <span class='ocrx_word' id='word_1_226' title='bbox 1823 1849 1872 1910; x_wconf 83' lang='grc' dir='ltr'><strong><em>Β</em></strong></span> <span class='ocrx_word' id='word_1_227' title='bbox 1969 1857 2071 1913; x_wconf 89' lang='lat' dir='ltr'><strong><em>quo</em></strong></span> <span class='ocrx_word' id='word_1_228' title='bbox 2092 1841 2302 1914; x_wconf 89' lang='lat' dir='ltr'><strong><em>judicio</em></strong></span> <span class='ocrx_word' id='word_1_229' title='bbox 2325 1843 2442 1912; x_wconf 89' lang='lat' dir='ltr'><strong><em>quis</em></strong></span> <span class='ocrx_word' id='word_1_230' title='bbox 2472 1840 2778 1909; x_wconf 85' lang='lat' dir='ltr'><strong><em>plectendas</em></strong></span> <span class='ocrx_word' id='word_1_231' title='bbox 2803 1845 2890 1899; x_wconf 87' lang='lat' dir='ltr'><strong><em>sit.</em></strong></span> 
     </span>
    </p>
   </div>
   <div class='ocr_carea' id='block_1_20' title="bbox 289 1932 3498 2010">
    <p class='ocr_par' dir='ltr' id='par_1_20' title="bbox 289 1932 3498 2010">
     <span class='ocr_line' id='line_1_20' title="bbox 289 1932 3498 2010; baseline 0.002 -20"><span class='ocrx_word' id='word_1_232' title='bbox 289 1953 415 2007; x_wconf 80' lang='lat' dir='ltr'><strong><em>aqua:</em></strong></span> <span class='ocrx_word' id='word_1_233' title='bbox 441 1945 710 1990; x_wconf 85' lang='lat' dir='ltr'><strong><em>vertuntur</em></strong></span> <span class='ocrx_word' id='word_1_234' title='bbox 738 1936 793 1990; x_wconf 92' lang='lat' dir='ltr'><strong><em>in</em></strong></span> <span class='ocrx_word' id='word_1_235' title='bbox 819 1936 1126 2008; x_wconf 89' lang='lat' dir='ltr'><strong><em>sanguinem</em></strong></span> <span class='ocrx_word' id='word_1_236' title='bbox 1153 1953 1172 2004; x_wconf 90' lang='lat'><em>;</em></span> <span class='ocrx_word' id='word_1_237' title='bbox 1217 1936 1573 2010; x_wconf 88' lang='lat' dir='ltr'><strong><em>producuntur</em></strong></span> <span class='ocrx_word' id='word_1_238' title='bbox 1607 1953 1750 1992; x_wconf 77' lang='lat' dir='ltr'><strong><em>rana:</em></strong></span> <span class='ocrx_word' id='word_1_239' title='bbox 1775 1978 1790 2002; x_wconf 95' lang='lat'><strong><em>,</em></strong></span> <span class='ocrx_word' id='word_1_240' title='bbox 1897 1932 2036 1989; x_wconf 79' lang='lat' dir='ltr'><strong><em>XIII.</em></strong></span> <span class='ocrx_word' id='word_1_241' title='bbox 2076 1933 2369 2004; x_wconf 65' lang='lat' dir='ltr'><strong><em>zEdiﬁcato</em></strong></span> <span class='ocrx_word' id='word_1_242' title='bbox 2398 1934 2576 2005; x_wconf 86' lang='lat' dir='ltr'><strong><em>altari,</em></strong></span> <span class='ocrx_word' id='word_1_243' title='bbox 2613 1935 2822 2009; x_wconf 83' lang='lat' dir='ltr'><strong><em>Moyses</em></strong></span> <span class='ocrx_word' id='word_1_244' title='bbox 2851 1937 3002 2005; x_wconf 80' lang='lat' dir='ltr'><strong><em>offert</em></strong></span> <span class='ocrx_word' id='word_1_245' title='bbox 3024 1937 3415 2010; x_wconf 80' lang='lat' dir='ltr'><strong><em>holocaustum,</em></strong></span> <span class='ocrx_word' id='word_1_246' title='bbox 3451 1951 3498 1995; x_wconf 88' lang='lat' dir='ltr'><strong><em>et</em></strong></span> 
     </span>
    </p>
   </div>
   <div class='ocr_carea' id='block_1_21' title="bbox 288 2027 3498 2108">
    <p class='ocr_par' dir='ltr' id='par_1_21' title="bbox 288 2027 3498 2108">
     <span class='ocr_line' id='line_1_21' title="bbox 288 2027 3498 2108; baseline 0.003 -26"><span class='ocrx_word' id='word_1_247' title='bbox 288 2045 383 2099; x_wconf 64' lang='lat' dir='ltr'><strong><em>quae</em></strong></span> <span class='ocrx_word' id='word_1_248' title='bbox 410 2036 560 2082; x_wconf 90' lang='lat' dir='ltr'><strong><em>totam</em></strong></span> <span class='ocrx_word' id='word_1_249' title='bbox 603 2028 882 2098; x_wconf 88' lang='lat' dir='ltr'><strong><em>inquinant</em></strong></span> <span class='ocrx_word' id='word_1_250' title='bbox 911 2028 1280 2100; x_wconf 90' lang='lat' dir='ltr'><strong><em>supellectilem</em></strong></span> <span class='ocrx_word' id='word_1_251' title='bbox 1323 2045 1340 2082; x_wconf 93' lang='lat'><em>:</em></span> <span class='ocrx_word' id='word_1_252' title='bbox 1380 2045 1472 2085; x_wconf 88' lang='lat' dir='ltr'><strong><em>nec</em></strong></span> <span class='ocrx_word' id='word_1_253' title='bbox 1509 2027 1591 2084; x_wconf 90' lang='lat' dir='ltr'><strong><em>his</em></strong></span> <span class='ocrx_word' id='word_1_254' title='bbox 1631 2027 1790 2084; x_wconf 87' lang='lat' dir='ltr'><strong><em>tribus</em></strong></span> <span class='ocrx_word' id='word_1_255' title='bbox 1967 2029 2222 2101; x_wconf 88' lang='lat' dir='ltr'><strong><em>sanguine</em></strong></span> <span class='ocrx_word' id='word_1_256' title='bbox 2251 2032 2500 2104; x_wconf 85' lang='lat' dir='ltr'><strong><em>respergit</em></strong></span> <span class='ocrx_word' id='word_1_257' title='bbox 2531 2031 2820 2103; x_wconf 81' lang='lat' dir='ltr'><strong><em>populum,</em></strong></span> <span class='ocrx_word' id='word_1_258' title='bbox 2853 2043 2902 2088; x_wconf 88' lang='lat' dir='ltr'><strong><em>et</em></strong></span> <span class='ocrx_word' id='word_1_259' title='bbox 2931 2033 3139 2090; x_wconf 83' lang='lat' dir='ltr'><strong><em>librant.</em></strong></span> <span class='ocrx_word' id='word_1_260' title='bbox 3184 2034 3498 2108; x_wconf 69' lang='lat' dir='ltr'><strong><em>Praecipitur</em></strong></span> 
     </span>
    </p>
   </div>
   <div class='ocr_carea' id='block_1_22' title="bbox 289 2121 3496 2199">
    <p class='ocr_par' dir='ltr' id='par_1_22' title="bbox 289 2121 3496 2199">
     <span class='ocr_line' id='line_1_22' title="bbox 289 2121 3496 2199; baseline 0.003 -25"><span class='ocrx_word' id='word_1_261' title='bbox 289 2121 430 2192; x_wconf 84' lang='lat' dir='ltr'><strong><em>plagis</em></strong></span> <span class='ocrx_word' id='word_1_262' title='bbox 456 2132 744 2187; x_wconf 86' lang='lat' dir='ltr'><strong><em>coercetur,</em></strong></span> <span class='ocrx_word' id='word_1_263' title='bbox 775 2123 866 2176; x_wconf 87' lang='lat' dir='ltr'><strong><em>sed</em></strong></span> <span class='ocrx_word' id='word_1_264' title='bbox 895 2123 1069 2193; x_wconf 88' lang='lat' dir='ltr'><strong><em>potius</em></strong></span> <span class='ocrx_word' id='word_1_265' title='bbox 1099 2121 1396 2178; x_wconf 90' lang='lat' dir='ltr'><strong><em>induratur.</em></strong></span> <span class='ocrx_word' id='word_1_266' title='bbox 1968 2123 2245 2178; x_wconf 83' lang='lat' dir='ltr'><strong><em>ascendere</em></strong></span> <span class='ocrx_word' id='word_1_267' title='bbox 2273 2124 2328 2176; x_wconf 88' lang='lat' dir='ltr'><strong><em>in</em></strong></span> <span class='ocrx_word' id='word_1_268' title='bbox 2356 2135 2604 2192; x_wconf 88' lang='lat' dir='ltr'><strong><em>montem,</em></strong></span> <span class='ocrx_word' id='word_1_269' title='bbox 2637 2134 2692 2180; x_wconf 90' lang='lat' dir='ltr'><strong><em>ut</em></strong></span> <span class='ocrx_word' id='word_1_270' title='bbox 2716 2126 2919 2182; x_wconf 83' lang='lat' dir='ltr'><strong><em>tabulas</em></strong></span> <span class='ocrx_word' id='word_1_271' title='bbox 2961 2128 3196 2198; x_wconf 87' lang='lat' dir='ltr'><strong><em>lapideas</em></strong></span> <span class='ocrx_word' id='word_1_272' title='bbox 3226 2130 3452 2199; x_wconf 86' lang='lat' dir='ltr'><strong><em>accipiat</em></strong></span> <span class='ocrx_word' id='word_1_273' title='bbox 3478 2146 3496 2185; x_wconf 94' lang='lat'><em>:</em></span> 
     </span>
    </p>
   </div>
   <div class='ocr_carea' id='block_1_23' title="bbox 238 2213 3502 2292">
    <p class='ocr_par' dir='ltr' id='par_1_23' title="bbox 238 2213 3502 2292">
     <span class='ocr_line' id='line_1_23' title="bbox 238 2213 3502 2292; baseline 0.002 -23"><span class='ocrx_word' id='word_1_274' title='bbox 238 2213 285 2269; x_wconf 84' lang='lat' dir='ltr'><strong><em>V.</em></strong></span> <span class='ocrx_word' id='word_1_275' title='bbox 318 2213 553 2268; x_wconf 86' lang='lat' dir='ltr'><strong><em>Dominus</em></strong></span> <span class='ocrx_word' id='word_1_276' title='bbox 593 2214 741 2288; x_wconf 88' lang='lat' dir='ltr'><strong><em>jubet</em></strong></span> <span class='ocrx_word' id='word_1_277' title='bbox 783 2213 1114 2270; x_wconf 89' lang='lat' dir='ltr'><strong><em>Pharaonem</em></strong></span> <span class='ocrx_word' id='word_1_278' title='bbox 1146 2216 1328 2282; x_wconf 84' lang='lat' dir='ltr'><strong><em>iterum</em></strong></span> <span class='ocrx_word' id='word_1_279' title='bbox 1363 2217 1650 2271; x_wconf 89' lang='lat' dir='ltr'><strong><em>convenire.</em></strong></span> <span class='ocrx_word' id='word_1_280' title='bbox 1683 2214 1794 2270; x_wconf 90' lang='lat' dir='ltr'><strong><em>Im-</em></strong></span> <span class='ocrx_word' id='word_1_281' title='bbox 1959 2215 2175 2286; x_wconf 88' lang='lat' dir='ltr'><strong><em>jubetur</em></strong></span> <span class='ocrx_word' id='word_1_282' title='bbox 2199 2233 2229 2270; x_wconf 90' lang='lat' dir='ltr'><strong><em>a</em></strong></span> <span class='ocrx_word' id='word_1_283' title='bbox 2263 2217 2457 2288; x_wconf 86' lang='lat' dir='ltr'><strong><em>papulo</em></strong></span> <span class='ocrx_word' id='word_1_284' title='bbox 2487 2217 2747 2287; x_wconf 82' lang='lat' dir='ltr'><strong><em>primitias</em></strong></span> <span class='ocrx_word' id='word_1_285' title='bbox 2779 2220 3014 2292; x_wconf 87' lang='lat' dir='ltr'><strong><em>accipere</em></strong></span> <span class='ocrx_word' id='word_1_286' title='bbox 3044 2235 3061 2273; x_wconf 95' lang='lat'><strong><em>:</em></strong></span> <span class='ocrx_word' id='word_1_287' title='bbox 3089 2237 3304 2289; x_wconf 90' lang='lat' dir='ltr'><strong><em>aurum,</em></strong></span> <span class='ocrx_word' id='word_1_288' title='bbox 3337 2231 3382 2275; x_wconf 91' lang='lat' dir='ltr'><strong><em>et</em></strong></span> <span class='ocrx_word' id='word_1_289' title='bbox 3415 2240 3502 2276; x_wconf 88' lang='lat' dir='ltr'><strong><em>ar-</em></strong></span> 
     </span>
    </p>
   </div>
   <div class='ocr_carea' id='block_1_24' title="bbox 287 2304 3503 2389">
    <p class='ocr_par' dir='ltr' id='par_1_24' title="bbox 287 2304 3503 2389">
     <span class='ocr_line' id='line_1_24' title="bbox 287 2304 3503 2389; baseline 0.002 -24"><span class='ocrx_word' id='word_1_290' title='bbox 287 2319 466 2381; x_wconf 86' lang='lat' dir='ltr'><strong><em>peratur</em></strong></span> <span class='ocrx_word' id='word_1_291' title='bbox 490 2304 966 2380; x_wconf 15' lang='lat' dir='ltr'><strong><em>Aaron‘pulverem</em></strong></span> <span class='ocrx_word' id='word_1_292' title='bbox 1010 2320 1162 2366; x_wconf 78' lang='lat' dir='ltr'><strong><em>terra:</em></strong></span> <span class='ocrx_word' id='word_1_293' title='bbox 1190 2320 1456 2382; x_wconf 86' lang='lat' dir='ltr'><strong><em>percutere</em></strong></span> <span class='ocrx_word' id='word_1_294' title='bbox 1480 2352 1494 2378; x_wconf 93' lang='lat'><strong><em>,</em></strong></span> <span class='ocrx_word' id='word_1_295' title='bbox 1535 2320 1588 2365; x_wconf 94' lang='lat' dir='ltr'><strong><em>ut</em></strong></span> <span class='ocrx_word' id='word_1_296' title='bbox 1627 2313 1792 2366; x_wconf 91' lang='lat' dir='ltr'><strong><em>omnis</em></strong></span> <span class='ocrx_word' id='word_1_297' title='bbox 1839 2365 1842 2368; x_wconf 84' lang='grc'><strong>,</strong></span> <span class='ocrx_word' id='word_1_298' title='bbox 1968 2321 2199 2382; x_wconf 90' lang='lat' dir='ltr'><strong><em>gentum,</em></strong></span> <span class='ocrx_word' id='word_1_299' title='bbox 2234 2313 2310 2367; x_wconf 89' lang='lat' dir='ltr'><strong><em>vel</em></strong></span> <span class='ocrx_word' id='word_1_300' title='bbox 2338 2323 2548 2368; x_wconf 70' lang='lat' dir='ltr'><strong><em>caeteras</em></strong></span> <span class='ocrx_word' id='word_1_301' title='bbox 2573 2317 2770 2386; x_wconf 87' lang='lat' dir='ltr'><strong><em>species</em></strong></span> <span class='ocrx_word' id='word_1_302' title='bbox 2793 2315 2861 2368; x_wconf 85' lang='lat' dir='ltr'><strong><em>ad</em></strong></span> <span class='ocrx_word' id='word_1_303' title='bbox 2884 2314 3271 2371; x_wconf 85' lang='lat' dir='ltr'><strong><em>tabernaculum</em></strong></span> <span class='ocrx_word' id='word_1_304' title='bbox 3305 2318 3503 2389; x_wconf 84' lang='lat' dir='ltr'><strong><em>facien-</em></strong></span> 
     </span>
    </p>
   </div>
   <div class='ocr_carea' id='block_1_25' title="bbox 286 2393 3501 2482">
    <p class='ocr_par' dir='ltr' id='par_1_25' title="bbox 286 2393 3501 2482">
     <span class='ocr_line' id='line_1_25' title="bbox 286 2393 3501 2482; baseline 0.002 -24"><span class='ocrx_word' id='word_1_305' title='bbox 286 2406 431 2476; x_wconf 82' lang='lat' dir='ltr'><strong><em>pulvis</em></strong></span> <span class='ocrx_word' id='word_1_306' title='bbox 456 2415 744 2461; x_wconf 81' lang='lat' dir='ltr'><strong><em>verteretur</em></strong></span> <span class='ocrx_word' id='word_1_307' title='bbox 772 2405 825 2460; x_wconf 90' lang='lat' dir='ltr'><strong><em>in</em></strong></span> <span class='ocrx_word' id='word_1_308' title='bbox 855 2404 1089 2477; x_wconf 86' lang='lat' dir='ltr'><strong><em>ciniphes</em></strong></span> <span class='ocrx_word' id='word_1_309' title='bbox 1113 2422 1130 2460; x_wconf 92' lang='lat'><strong><em>:</em></strong></span> <span class='ocrx_word' id='word_1_310' title='bbox 1151 2406 1374 2477; x_wconf 88' lang='lat' dir='ltr'><strong><em>itemque</em></strong></span> <span class='ocrx_word' id='word_1_311' title='bbox 1397 2405 1584 2459; x_wconf 88' lang='lat' dir='ltr'><strong><em>muscis</em></strong></span> <span class='ocrx_word' id='word_1_312' title='bbox 1607 2405 1794 2460; x_wconf 86' lang='lat' dir='ltr'><strong><em>diversi</em></strong></span> <span class='ocrx_word' id='word_1_313' title='bbox 1970 2407 2134 2473; x_wconf 89' lang='lat' dir='ltr'><strong><em>dum,</em></strong></span> <span class='ocrx_word' id='word_1_314' title='bbox 2177 2406 2256 2461; x_wconf 87' lang='lat' dir='ltr'><strong><em>vel</em></strong></span> <span class='ocrx_word' id='word_1_315' title='bbox 2293 2393 2588 2462; x_wconf 71' lang='lat' dir='ltr'><strong><em>universtim</em></strong></span> <span class='ocrx_word' id='word_1_316' title='bbox 2623 2408 3001 2480; x_wconf 83' lang='lat' dir='ltr'><strong><em>supellectilem</em></strong></span> <span class='ocrx_word' id='word_1_317' title='bbox 3040 2410 3149 2480; x_wconf 80' lang='lat' dir='ltr'><strong><em>eius</em></strong></span> <span class='ocrx_word' id='word_1_318' title='bbox 3175 2450 3192 2478; x_wconf 88' lang='lat'><strong><em>,</em></strong></span> <span class='ocrx_word' id='word_1_319' title='bbox 3237 2421 3501 2482; x_wconf 77' lang='lat' dir='ltr'><strong><em>vestesque</em></strong></span> 
     </span>
    </p>
   </div>
   <div class='ocr_carea' id='block_1_26' title="bbox 285 2499 3501 2575">
    <p class='ocr_par' dir='ltr' id='par_1_26' title="bbox 285 2499 3501 2575">
     <span class='ocr_line' id='line_1_26' title="bbox 285 2499 3501 2575; baseline 0.001 -20"><span class='ocrx_word' id='word_1_320' title='bbox 285 2501 455 2572; x_wconf 82' lang='lat' dir='ltr'><strong><em>generis</em></strong></span> <span class='ocrx_word' id='word_1_321' title='bbox 484 2510 680 2555; x_wconf 88' lang='lat' dir='ltr'><strong><em>cuncta</em></strong></span> <span class='ocrx_word' id='word_1_322' title='bbox 704 2500 937 2574; x_wconf 86' lang='lat' dir='ltr'><strong><em>repletur</em></strong></span> <span class='ocrx_word' id='word_1_323' title='bbox 965 2500 1230 2574; x_wconf 54' lang='lat' dir='ltr'><strong><em>.Iz&#39;gyplus</em></strong></span> <span class='ocrx_word' id='word_1_324' title='bbox 1248 2543 1262 2568; x_wconf 94' lang='lat'><strong><em>,</em></strong></span> <span class='ocrx_word' id='word_1_325' title='bbox 1295 2509 1508 2570; x_wconf 76' lang='lat' dir='ltr'><strong><em>excepta</em></strong></span> <span class='ocrx_word' id='word_1_326' title='bbox 1537 2509 1706 2567; x_wconf 89' lang='lat' dir='ltr'><strong><em>terra,</em></strong></span> <span class='ocrx_word' id='word_1_327' title='bbox 1739 2501 1794 2554; x_wconf 91' lang='lat' dir='ltr'><strong><em>in</em></strong></span> <span class='ocrx_word' id='word_1_328' title='bbox 1969 2499 2314 2554; x_wconf 85' lang='lat' dir='ltr'><strong><em>sacerdotales</em></strong></span> <span class='ocrx_word' id='word_1_329' title='bbox 2345 2509 2392 2555; x_wconf 92' lang='lat' dir='ltr'><strong><em>et</em></strong></span> <span class='ocrx_word' id='word_1_330' title='bbox 2415 2499 2690 2572; x_wconf 85' lang='lat' dir='ltr'><strong><em>Leviticas,</em></strong></span> <span class='ocrx_word' id='word_1_331' title='bbox 2724 2503 2803 2556; x_wconf 84' lang='lat' dir='ltr'><strong><em>vel</em></strong></span> <span class='ocrx_word' id='word_1_332' title='bbox 2828 2520 2930 2574; x_wconf 90' lang='lat' dir='ltr'><strong><em>quo</em></strong></span> <span class='ocrx_word' id='word_1_333' title='bbox 2955 2505 3136 2558; x_wconf 87' lang='lat' dir='ltr'><strong><em>ordine</em></strong></span> <span class='ocrx_word' id='word_1_334' title='bbox 3161 2505 3212 2560; x_wconf 89' lang='lat' dir='ltr'><strong><em>in</em></strong></span> <span class='ocrx_word' id='word_1_335' title='bbox 3241 2506 3501 2575; x_wconf 82' lang='lat' dir='ltr'><strong><em>sacriﬁcio</em></strong></span> 
     </span>
    </p>
   </div>
   <div class='ocr_carea' id='block_1_27' title="bbox 284 2591 3166 2668">
    <p class='ocr_par' dir='ltr' id='par_1_27' title="bbox 284 2591 3166 2668">
     <span class='ocr_line' id='line_1_27' title="bbox 284 2591 3166 2668; baseline 0.002 -23"><span class='ocrx_word' id='word_1_336' title='bbox 284 2609 367 2663; x_wconf 86' lang='lat' dir='ltr'><strong><em>qua</em></strong></span> <span class='ocrx_word' id='word_1_337' title='bbox 401 2593 492 2662; x_wconf 84' lang='lat' dir='ltr'><strong><em>ﬁlii</em></strong></span> <span class='ocrx_word' id='word_1_338' title='bbox 529 2591 716 2649; x_wconf 81' lang='lat' dir='ltr'><strong><em>Israel</em></strong></span> <span class='ocrx_word' id='word_1_339' title='bbox 759 2594 1080 2649; x_wconf 89' lang='lat' dir='ltr'><strong><em>habitabant.</em></strong></span> <span class='ocrx_word' id='word_1_340' title='bbox 1125 2593 1325 2649; x_wconf 82' lang='lat' dir='ltr'><strong><em>Pestent</em></strong></span> <span class='ocrx_word' id='word_1_341' title='bbox 1365 2611 1520 2665; x_wconf 89' lang='lat' dir='ltr'><strong><em>super</em></strong></span> <span class='ocrx_word' id='word_1_342' title='bbox 1552 2595 1796 2650; x_wconf 86' lang='lat' dir='ltr'><strong><em>universa</em></strong></span> <span class='ocrx_word' id='word_1_343' title='bbox 1971 2607 2326 2663; x_wconf 89' lang='lat' dir='ltr'><strong><em>consecretur,</em></strong></span> <span class='ocrx_word' id='word_1_344' title='bbox 2366 2608 2413 2653; x_wconf 91' lang='lat' dir='ltr'><strong><em>et</em></strong></span> <span class='ocrx_word' id='word_1_345' title='bbox 2436 2597 2566 2668; x_wconf 85' lang='lat' dir='ltr'><strong><em>jura</em></strong></span> <span class='ocrx_word' id='word_1_346' title='bbox 2589 2599 2837 2667; x_wconf 75' lang='lat' dir='ltr'><strong><em>sacrificii</em></strong></span> <span class='ocrx_word' id='word_1_347' title='bbox 2863 2600 3166 2652; x_wconf 88' lang='lat' dir='ltr'><strong><em>mandatur.</em></strong></span> 
     </span>
    </p>
   </div>
   <div class='ocr_carea' id='block_1_28' title="bbox 207 2686 3503 2763">
    <p class='ocr_par' dir='ltr' id='par_1_28' title="bbox 207 2686 3503 2763">
     <span class='ocr_line' id='line_1_28' title="bbox 207 2686 3503 2763; baseline 0.002 -23"><span class='ocrx_word' id='word_1_348' title='bbox 207 2719 210 2724; x_wconf 69' lang='grc' dir='ltr'><strong>ι</strong></span> <span class='ocrx_word' id='word_1_349' title='bbox 284 2689 538 2743; x_wconf 87' lang='lat' dir='ltr'><strong><em>animantia</em></strong></span> <span class='ocrx_word' id='word_1_350' title='bbox 568 2689 758 2744; x_wconf 86' lang='lat' dir='ltr'><strong><em>induci</em></strong></span> <span class='ocrx_word' id='word_1_351' title='bbox 799 2689 952 2763; x_wconf 89' lang='lat' dir='ltr'><strong><em>jubet</em></strong></span> <span class='ocrx_word' id='word_1_352' title='bbox 999 2705 1018 2741; x_wconf 95' lang='lat'><em>:</em></span> <span class='ocrx_word' id='word_1_353' title='bbox 1065 2688 1243 2761; x_wconf 80' lang='lat' dir='ltr'><strong><em>gravia</em></strong></span> <span class='ocrx_word' id='word_1_354' title='bbox 1278 2688 1494 2744; x_wconf 87' lang='lat' dir='ltr'><strong><em>vulnera</em></strong></span> <span class='ocrx_word' id='word_1_355' title='bbox 1529 2698 1576 2744; x_wconf 93' lang='lat' dir='ltr'><strong><em>et</em></strong></span> <span class='ocrx_word' id='word_1_356' title='bbox 1617 2690 1796 2744; x_wconf 80' lang='lat' dir='ltr'><strong><em>vesica:</em></strong></span> <span class='ocrx_word' id='word_1_357' title='bbox 1904 2686 2046 2744; x_wconf 77' lang='lat' dir='ltr'><strong><em>XIV.</em></strong></span> <span class='ocrx_word' id='word_1_358' title='bbox 2089 2687 2404 2762; x_wconf 71' lang='lat' dir='ltr'><strong><em>Praecipitur</em></strong></span> <span class='ocrx_word' id='word_1_359' title='bbox 2433 2693 2572 2761; x_wconf 88' lang='lat' dir='ltr'><strong><em>quod</em></strong></span> <span class='ocrx_word' id='word_1_360' title='bbox 2601 2691 2798 2763; x_wconf 88' lang='lat' dir='ltr'><strong><em>singuli</em></strong></span> <span class='ocrx_word' id='word_1_361' title='bbox 2833 2709 2927 2761; x_wconf 88' lang='lat' dir='ltr'><strong><em>pro</em></strong></span> <span class='ocrx_word' id='word_1_362' title='bbox 2956 2693 3227 2747; x_wconf 89' lang='lat' dir='ltr'><strong><em>animabus</em></strong></span> <span class='ocrx_word' id='word_1_363' title='bbox 3248 2694 3352 2746; x_wconf 88' lang='lat' dir='ltr'><strong><em>suis</em></strong></span> <span class='ocrx_word' id='word_1_364' title='bbox 3384 2709 3503 2761; x_wconf 88' lang='lat' dir='ltr'><strong><em>prc-</em></strong></span> 
     </span>
    </p>
   </div>
   <div class='ocr_carea' id='block_1_29' title="bbox 285 2781 3500 2854">
    <p class='ocr_par' dir='ltr' id='par_1_29' title="bbox 285 2781 3500 2854">
     <span class='ocr_line' id='line_1_29' title="bbox 285 2781 3500 2854; baseline 0.002 -22"><span class='ocrx_word' id='word_1_365' title='bbox 285 2788 513 2854; x_wconf 79' lang='lat' dir='ltr'><strong><em>turyentes</em></strong></span> <span class='ocrx_word' id='word_1_366' title='bbox 552 2782 617 2836; x_wconf 86' lang='lat' dir='ltr'><strong><em>in</em></strong></span> <span class='ocrx_word' id='word_1_367' title='bbox 641 2781 947 2850; x_wconf 72' lang='lat' dir='ltr'><strong><em>hominibus</em></strong></span> <span class='ocrx_word' id='word_1_368' title='bbox 984 2799 1048 2838; x_wconf 72' lang='lat' dir='ltr'><strong><em>ex</em></strong></span> <span class='ocrx_word' id='word_1_369' title='bbox 1077 2783 1264 2838; x_wconf 77' lang='lat' dir='ltr'><strong><em>eirteris</em></strong></span> <span class='ocrx_word' id='word_1_370' title='bbox 1305 2784 1602 2853; x_wconf 87' lang='lat' dir='ltr'><strong><em>aspersione</em></strong></span> <span class='ocrx_word' id='word_1_371' title='bbox 1641 2784 1792 2854; x_wconf 83' lang='lat' dir='ltr'><strong><em>fiunt.</em></strong></span> <span class='ocrx_word' id='word_1_372' title='bbox 1971 2783 2101 2837; x_wconf 89' lang='lat' dir='ltr'><strong><em>tium</em></strong></span> <span class='ocrx_word' id='word_1_373' title='bbox 2128 2783 2350 2850; x_wconf 78' lang='lat' dir='ltr'><strong><em>offerant</em></strong></span> <span class='ocrx_word' id='word_1_374' title='bbox 2375 2784 2620 2852; x_wconf 84' lang='lat' dir='ltr'><strong><em>Domino,</em></strong></span> <span class='ocrx_word' id='word_1_375' title='bbox 2653 2793 2701 2838; x_wconf 87' lang='lat' dir='ltr'><strong><em>et</em></strong></span> <span class='ocrx_word' id='word_1_376' title='bbox 2727 2783 2920 2839; x_wconf 75' lang='lat' dir='ltr'><strong><em>labiuzn</em></strong></span> <span class='ocrx_word' id='word_1_377' title='bbox 2953 2801 3154 2840; x_wconf 74' lang='lat' dir='ltr'><strong><em>a&#39;neum</em></strong></span> <span class='ocrx_word' id='word_1_378' title='bbox 3179 2786 3500 2852; x_wconf 79' lang='lat' dir='ltr'><strong><em>sanctuario,</em></strong></span> 
     </span>
    </p>
   </div>
   <div class='ocr_carea' id='block_1_30' title="bbox 285 2873 3503 2952">
    <p class='ocr_par' dir='ltr' id='par_1_30' title="bbox 285 2873 3503 2952">
     <span class='ocr_line' id='line_1_30' title="bbox 285 2873 3503 2952; baseline 0.001 -24"><span class='ocrx_word' id='word_1_379' title='bbox 285 2873 470 2929; x_wconf 80' lang='lat' dir='ltr'><strong><em>Grando</em></strong></span> <span class='ocrx_word' id='word_1_380' title='bbox 504 2876 936 2945; x_wconf 84' lang='lat' dir='ltr'><strong><em>superinducitur</em></strong></span> <span class='ocrx_word' id='word_1_381' title='bbox 959 2919 972 2944; x_wconf 91' lang='lat'><strong><em>,</em></strong></span> <span class='ocrx_word' id='word_1_382' title='bbox 1005 2878 1096 2949; x_wconf 88' lang='lat' dir='ltr'><strong><em>qui</em></strong></span> <span class='ocrx_word' id='word_1_383' title='bbox 1121 2877 1360 2932; x_wconf 86' lang='lat' dir='ltr'><strong><em>universa</em></strong></span> <span class='ocrx_word' id='word_1_384' title='bbox 1390 2878 1604 2933; x_wconf 89' lang='lat' dir='ltr'><strong><em>virentia</em></strong></span> <span class='ocrx_word' id='word_1_385' title='bbox 1630 2896 1797 2952; x_wconf 87' lang='lat' dir='ltr'><strong><em>papu—</em></strong></span> <span class='ocrx_word' id='word_1_386' title='bbox 1972 2877 2278 2946; x_wconf 89' lang='lat' dir='ltr'><strong><em>compositio</em></strong></span> <span class='ocrx_word' id='word_1_387' title='bbox 2302 2877 2658 2948; x_wconf 86' lang='lat' dir='ltr'><strong><em>thymiamatis</em></strong></span> <span class='ocrx_word' id='word_1_388' title='bbox 2684 2919 2698 2944; x_wconf 95' lang='lat'><strong><em>,</em></strong></span> <span class='ocrx_word' id='word_1_389' title='bbox 2734 2878 2910 2933; x_wconf 71' lang='lat' dir='ltr'><strong><em>oleum</em></strong></span> <span class='ocrx_word' id='word_1_390' title='bbox 2951 2879 3380 2946; x_wconf 82' lang='lat' dir='ltr'><strong><em>sanctiﬁcationis</em></strong></span> <span class='ocrx_word' id='word_1_391' title='bbox 3407 2921 3422 2947; x_wconf 93' lang='lat'><strong><em>,</em></strong></span> <span class='ocrx_word' id='word_1_392' title='bbox 3453 2887 3503 2933; x_wconf 91' lang='lat' dir='ltr'><strong><em>et</em></strong></span> 
     </span>
    </p>
   </div>
   <div class='ocr_carea' id='block_1_31' title="bbox 287 2967 3496 3045">
    <p class='ocr_par' dir='ltr' id='par_1_31' title="bbox 287 2967 3496 3045">
     <span class='ocr_line' id='line_1_31' title="bbox 287 2967 3496 3045; baseline 0.002 -25"><span class='ocrx_word' id='word_1_393' title='bbox 287 2967 454 3022; x_wconf 89' lang='lat' dir='ltr'><strong><em>laretur</em></strong></span> <span class='ocrx_word' id='word_1_394' title='bbox 476 3011 489 3033; x_wconf 92' lang='lat'><strong><em>,</em></strong></span> <span class='ocrx_word' id='word_1_395' title='bbox 521 2979 572 3023; x_wconf 88' lang='lat' dir='ltr'><strong><em>et</em></strong></span> <span class='ocrx_word' id='word_1_396' title='bbox 621 2970 973 3042; x_wconf 61' lang='lat' dir='ltr'><strong><em>paenitentiam</em></strong></span> <span class='ocrx_word' id='word_1_397' title='bbox 1007 2969 1218 3026; x_wconf 88' lang='lat' dir='ltr'><strong><em>Pharao</em></strong></span> <span class='ocrx_word' id='word_1_398' title='bbox 1247 2972 1500 3026; x_wconf 88' lang='lat' dir='ltr'><strong><em>simulans</em></strong></span> <span class='ocrx_word' id='word_1_399' title='bbox 1525 2972 1687 3027; x_wconf 88' lang='lat' dir='ltr'><strong><em>donec</em></strong></span> <span class='ocrx_word' id='word_1_400' title='bbox 1715 2989 1798 3028; x_wconf 89' lang='lat' dir='ltr'><strong><em>re-</em></strong></span> <span class='ocrx_word' id='word_1_401' title='bbox 1973 2972 2324 3028; x_wconf 88' lang='lat' dir='ltr'><strong><em>denominatio</em></strong></span> <span class='ocrx_word' id='word_1_402' title='bbox 2350 2973 2686 3045; x_wconf 88' lang='lat' dir='ltr'><strong><em>prudentium</em></strong></span> <span class='ocrx_word' id='word_1_403' title='bbox 2707 2973 2938 3028; x_wconf 90' lang='lat' dir='ltr'><strong><em>virorum</em></strong></span> <span class='ocrx_word' id='word_1_404' title='bbox 2960 3017 2973 3043; x_wconf 97' lang='lat'><strong><em>,</em></strong></span> <span class='ocrx_word' id='word_1_405' title='bbox 3005 2973 3093 3045; x_wconf 90' lang='lat' dir='ltr'><strong><em>qui</em></strong></span> <span class='ocrx_word' id='word_1_406' title='bbox 3124 2975 3360 3029; x_wconf 88' lang='lat' dir='ltr'><strong><em>universa</em></strong></span> <span class='ocrx_word' id='word_1_407' title='bbox 3389 2991 3496 3045; x_wconf 89' lang='lat' dir='ltr'><strong><em>per-</em></strong></span> 
     </span>
    </p>
   </div>
   <div class='ocr_carea' id='block_1_32' title="bbox 285 3059 2172 3135">
    <p class='ocr_par' dir='ltr' id='par_1_32' title="bbox 285 3059 2172 3135">
     <span class='ocr_line' id='line_1_32' title="bbox 285 3059 2172 3135; baseline 0.005 -23"><span class='ocrx_word' id='word_1_408' title='bbox 285 3059 404 3128; x_wconf 84' lang='lat' dir='ltr'><strong><em>quies</em></strong></span> <span class='ocrx_word' id='word_1_409' title='bbox 447 3060 706 3128; x_wconf 85' lang='lat' dir='ltr'><strong><em>daretur,</em></strong></span> <span class='ocrx_word' id='word_1_410' title='bbox 746 3061 1090 3134; x_wconf 88' lang='lat' dir='ltr'><strong><em>deprecatur;</em></strong></span> <span class='ocrx_word' id='word_1_411' title='bbox 1129 3079 1246 3118; x_wconf 91' lang='lat' dir='ltr'><strong><em>cum</em></strong></span> <span class='ocrx_word' id='word_1_412' title='bbox 1275 3072 1607 3135; x_wconf 63' lang='lat' dir='ltr'><strong><em>pra’staretur</em></strong></span> <span class='ocrx_word' id='word_1_413' title='bbox 1632 3063 1796 3120; x_wconf 88' lang='lat' dir='ltr'><strong><em>multo</em></strong></span> <span class='ocrx_word' id='word_1_414' title='bbox 1974 3065 2172 3134; x_wconf 67' lang='lat' dir='ltr'><strong><em>ﬁciant».</em></strong></span> 
     </span>
    </p>
   </div>
   <div class='ocr_carea' id='block_1_33' title="bbox 287 3154 3506 3232">
    <p class='ocr_par' dir='ltr' id='par_1_33' title="bbox 287 3154 3506 3232">
     <span class='ocr_line' id='line_1_33' title="bbox 287 3154 3506 3232; baseline 0.002 -25"><span class='ocrx_word' id='word_1_415' title='bbox 287 3158 470 3226; x_wconf 81' lang='lat' dir='ltr'><strong><em>gravius</em></strong></span> <span class='ocrx_word' id='word_1_416' title='bbox 490 3200 505 3224; x_wconf 91' lang='lat'><strong><em>,</em></strong></span> <span class='ocrx_word' id='word_1_417' title='bbox 534 3157 844 3212; x_wconf 87' lang='lat' dir='ltr'><strong><em>induratur.</em></strong></span> <span class='ocrx_word' id='word_1_418' title='bbox 1898 3154 2018 3212; x_wconf 81' lang='lat' dir='ltr'><strong><em>XV.</em></strong></span> <span class='ocrx_word' id='word_1_419' title='bbox 2041 3156 2272 3213; x_wconf 88' lang='lat' dir='ltr'><strong><em>Tabulas</em></strong></span> <span class='ocrx_word' id='word_1_420' title='bbox 2299 3158 2579 3213; x_wconf 88' lang='lat' dir='ltr'><strong><em>testimonii</em></strong></span> <span class='ocrx_word' id='word_1_421' title='bbox 2607 3159 2818 3231; x_wconf 89' lang='lat' dir='ltr'><strong><em>accipit,</em></strong></span> <span class='ocrx_word' id='word_1_422' title='bbox 2851 3166 2921 3228; x_wconf 89' lang='lat' dir='ltr'><strong><em>et,</em></strong></span> <span class='ocrx_word' id='word_1_423' title='bbox 2949 3160 3188 3215; x_wconf 88' lang='lat' dir='ltr'><strong><em>tardante</em></strong></span> <span class='ocrx_word' id='word_1_424' title='bbox 3209 3158 3373 3227; x_wconf 86' lang='lat' dir='ltr'><strong><em>Mose,</em></strong></span> <span class='ocrx_word' id='word_1_425' title='bbox 3407 3177 3506 3232; x_wconf 87' lang='lat' dir='ltr'><strong><em>po-</em></strong></span> 
     </span>
    </p>
   </div>
   <div class='ocr_carea' id='block_1_34' title="bbox 234 3247 3505 3327">
    <p class='ocr_par' dir='ltr' id='par_1_34' title="bbox 234 3247 3505 3327">
     <span class='ocr_line' id='line_1_34' title="bbox 234 3247 3505 3327; baseline 0.001 -23"><span class='ocrx_word' id='word_1_426' title='bbox 234 3247 303 3304; x_wconf 89' lang='lat' dir='ltr'><strong><em>VI.</em></strong></span> <span class='ocrx_word' id='word_1_427' title='bbox 337 3248 648 3322; x_wconf 74' lang='lat' dir='ltr'><strong><em>Prwcipitur</em></strong></span> <span class='ocrx_word' id='word_1_428' title='bbox 675 3249 851 3324; x_wconf 83' lang='lat' dir='ltr'><strong><em>Moysi</em></strong></span> <span class='ocrx_word' id='word_1_429' title='bbox 879 3261 934 3307; x_wconf 90' lang='lat' dir='ltr'><strong><em>ut</em></strong></span> <span class='ocrx_word' id='word_1_430' title='bbox 966 3253 1035 3307; x_wconf 90' lang='lat' dir='ltr'><strong><em>ad</em></strong></span> <span class='ocrx_word' id='word_1_431' title='bbox 1067 3269 1184 3308; x_wconf 91' lang='lat' dir='ltr'><strong><em>eum</em></strong></span> <span class='ocrx_word' id='word_1_432' title='bbox 1211 3252 1554 3327; x_wconf 88' lang='lat' dir='ltr'><strong><em>ingrediatur,</em></strong></span> <span class='ocrx_word' id='word_1_433' title='bbox 1590 3251 1800 3308; x_wconf 74' lang='lat' dir='ltr'><strong><em>locusta:</em></strong></span> <span class='ocrx_word' id='word_1_434' title='bbox 1824 3255 1869 3319; x_wconf 89' lang='lat' dir='ltr'><strong><em>C</em></strong></span> <span class='ocrx_word' id='word_1_435' title='bbox 1976 3253 2132 3323; x_wconf 89' lang='lat' dir='ltr'><strong><em>pulus</em></strong></span> <span class='ocrx_word' id='word_1_436' title='bbox 2163 3252 2366 3307; x_wconf 81' lang='lat' dir='ltr'><strong><em>idolum</em></strong></span> <span class='ocrx_word' id='word_1_437' title='bbox 2395 3252 2700 3324; x_wconf 80' lang='lat' dir='ltr'><strong><em>fabricatur.</em></strong></span> <span class='ocrx_word' id='word_1_438' title='bbox 2731 3251 2874 3308; x_wconf 89' lang='lat' dir='ltr'><strong><em>Mosi</em></strong></span> <span class='ocrx_word' id='word_1_439' title='bbox 2904 3254 3064 3307; x_wconf 90' lang='lat' dir='ltr'><strong><em>iratus</em></strong></span> <span class='ocrx_word' id='word_1_440' title='bbox 3088 3255 3316 3322; x_wconf 87' lang='lat' dir='ltr'><strong><em>nuntiat,</em></strong></span> <span class='ocrx_word' id='word_1_441' title='bbox 3345 3263 3390 3307; x_wconf 89' lang='lat' dir='ltr'><strong><em>et</em></strong></span> <span class='ocrx_word' id='word_1_442' title='bbox 3416 3254 3505 3308; x_wconf 89' lang='lat' dir='ltr'><strong><em>ille</em></strong></span> 
     </span>
    </p>
   </div>
   <div class='ocr_carea' id='block_1_35' title="bbox 291 3343 1795 3418">
    <p class='ocr_par' dir='ltr' id='par_1_35' title="bbox 291 3343 1795 3418">
     <span class='ocr_line' id='line_1_35' title="bbox 291 3343 1795 3418; baseline 0.003 -23"><span class='ocrx_word' id='word_1_443' title='bbox 291 3344 544 3399; x_wconf 81' lang='lat' dir='ltr'><strong><em>ducantur.</em></strong></span> <span class='ocrx_word' id='word_1_444' title='bbox 582 3343 835 3400; x_wconf 70' lang='lat' dir='ltr'><strong><em>Tenebrae</em></strong></span> <span class='ocrx_word' id='word_1_445' title='bbox 863 3347 1338 3418; x_wconf 88' lang='lat' dir='ltr'><strong><em>superiuducuntur</em></strong></span> <span class='ocrx_word' id='word_1_446' title='bbox 1359 3388 1374 3415; x_wconf 90' lang='lat'><strong><em>,</em></strong></span> <span class='ocrx_word' id='word_1_447' title='bbox 1401 3355 1450 3402; x_wconf 94' lang='lat' dir='ltr'><strong><em>et</em></strong></span> <span class='ocrx_word' id='word_1_448' title='bbox 1482 3348 1534 3401; x_wconf 90' lang='lat' dir='ltr'><strong><em>in</em></strong></span> <span class='ocrx_word' id='word_1_449' title='bbox 1561 3345 1795 3401; x_wconf 90' lang='lat' dir='ltr'><strong><em>omnibus</em></strong></span> 
     </span>
    </p>
   </div>
   <div class='ocr_carea' id='block_1_36' title="bbox 289 3435 908 3495">
    <p class='ocr_par' dir='ltr' id='par_1_36' title="bbox 289 3435 908 3495">
     <span class='ocr_line' id='line_1_36' title="bbox 289 3435 908 3495; baseline 0.006 -7"><span class='ocrx_word' id='word_1_450' title='bbox 289 3435 354 3490; x_wconf 88' lang='lat' dir='ltr'><strong><em>his</em></strong></span> <span class='ocrx_word' id='word_1_451' title='bbox 375 3437 584 3495; x_wconf 87' lang='lat' dir='ltr'><strong><em>minime</em></strong></span> <span class='ocrx_word' id='word_1_452' title='bbox 619 3437 908 3495; x_wconf 87' lang='lat' dir='ltr'><strong><em>cohibetur.</em></strong></span> 
     </span>
    </p>
   </div>
   <div class='ocr_carea' id='block_1_37' title="bbox 236 3524 1796 3606">
    <p class='ocr_par' dir='ltr' id='par_1_37' title="bbox 236 3524 1796 3606">
     <span class='ocr_line' id='line_1_37' title="bbox 236 3524 1796 3606; baseline 0.004 -25"><span class='ocrx_word' id='word_1_453' title='bbox 236 3524 323 3581; x_wconf 82' lang='lat' dir='ltr'><strong><em>VII.</em></strong></span> <span class='ocrx_word' id='word_1_454' title='bbox 358 3526 457 3585; x_wconf 74' lang='lat' dir='ltr'><strong><em>Lex</em></strong></span> <span class='ocrx_word' id='word_1_455' title='bbox 486 3530 704 3600; x_wconf 74' lang='lat' dir='ltr'><strong><em>pascha:</em></strong></span> <span class='ocrx_word' id='word_1_456' title='bbox 729 3533 1050 3606; x_wconf 67' lang='lat' dir='ltr'><strong><em>pracipitur,</em></strong></span> <span class='ocrx_word' id='word_1_457' title='bbox 1083 3543 1129 3588; x_wconf 93' lang='lat' dir='ltr'><strong><em>et</em></strong></span> <span class='ocrx_word' id='word_1_458' title='bbox 1158 3535 1299 3606; x_wconf 90' lang='lat' dir='ltr'><strong><em>quod</em></strong></span> <span class='ocrx_word' id='word_1_459' title='bbox 1326 3535 1493 3591; x_wconf 88' lang='lat' dir='ltr'><strong><em>media</em></strong></span> <span class='ocrx_word' id='word_1_460' title='bbox 1519 3542 1664 3590; x_wconf 90' lang='lat' dir='ltr'><strong><em>nocte</em></strong></span> <span class='ocrx_word' id='word_1_461' title='bbox 1692 3532 1796 3588; x_wconf 57' lang='lat' dir='ltr'><strong><em>1E-</em></strong></span> 
     </span>
    </p>
   </div>
   <div class='ocr_carea' id='block_1_38' title="bbox 289 3619 1800 3700">
    <p class='ocr_par' dir='ltr' id='par_1_38' title="bbox 289 3619 1800 3700">
     <span class='ocr_line' id='line_1_38' title="bbox 289 3619 1800 3700; baseline 0.005 -25"><span class='ocrx_word' id='word_1_462' title='bbox 289 3630 453 3693; x_wconf 79' lang='lat' dir='ltr'><strong><em>gyptus</em></strong></span> <span class='ocrx_word' id='word_1_463' title='bbox 484 3625 832 3698; x_wconf 86' lang='lat' dir='ltr'><strong><em>percutienda</em></strong></span> <span class='ocrx_word' id='word_1_464' title='bbox 869 3627 970 3695; x_wconf 91' lang='lat' dir='ltr'><strong><em>sit,</em></strong></span> <span class='ocrx_word' id='word_1_465' title='bbox 1015 3619 1306 3682; x_wconf 83' lang='lat' dir='ltr'><strong><em>nuntiatur.</em></strong></span> <span class='ocrx_word' id='word_1_466' title='bbox 1341 3627 1761 3700; x_wconf 89' lang='lat' dir='ltr'><strong><em>Superliminare</em></strong></span> <span class='ocrx_word' id='word_1_467' title='bbox 1783 3668 1800 3695; x_wconf 90' lang='lat'><strong><em>,</em></strong></span> 
     </span>
    </p>
   </div>
   <div class='ocr_carea' id='block_1_39' title="bbox 291 3715 1802 3794">
    <p class='ocr_par' dir='ltr' id='par_1_39' title="bbox 291 3715 1802 3794">
     <span class='ocr_line' id='line_1_39' title="bbox 291 3715 1802 3794; baseline 0.004 -26"><span class='ocrx_word' id='word_1_468' title='bbox 291 3725 329 3768; x_wconf 86' lang='lat' dir='ltr'><strong><em>et</em></strong></span> <span class='ocrx_word' id='word_1_469' title='bbox 357 3727 517 3785; x_wconf 84' lang='lat' dir='ltr'><strong><em>postes</em></strong></span> <span class='ocrx_word' id='word_1_470' title='bbox 547 3715 724 3774; x_wconf 84' lang='lat' dir='ltr'><strong><em>Israel</em></strong></span> <span class='ocrx_word' id='word_1_471' title='bbox 755 3735 848 3789; x_wconf 87' lang='lat' dir='ltr'><strong><em>pro</em></strong></span> <span class='ocrx_word' id='word_1_472' title='bbox 883 3719 1030 3794; x_wconf 90' lang='lat' dir='ltr'><strong><em>signo</em></strong></span> <span class='ocrx_word' id='word_1_473' title='bbox 1056 3764 1070 3790; x_wconf 91' lang='lat'><strong><em>,</em></strong></span> <span class='ocrx_word' id='word_1_474' title='bbox 1119 3723 1368 3793; x_wconf 89' lang='lat' dir='ltr'><strong><em>sanguine</em></strong></span> <span class='ocrx_word' id='word_1_475' title='bbox 1411 3722 1688 3776; x_wconf 89' lang='lat' dir='ltr'><strong><em>liniuntur.</em></strong></span> <span class='ocrx_word' id='word_1_476' title='bbox 1736 3719 1802 3779; x_wconf 90' lang='lat' dir='ltr'><strong><em>In</em></strong></span> 
     </span>
    </p>
   </div>
   <div class='ocr_carea' id='block_1_40' title="bbox 293 3813 1824 3890">
    <p class='ocr_par' dir='ltr' id='par_1_40' title="bbox 293 3813 1824 3890">
     <span class='ocr_line' id='line_1_40' title="bbox 293 3813 1824 3890; baseline 0.007 -28"><span class='ocrx_word' id='word_1_477' title='bbox 293 3813 440 3867; x_wconf 87' lang='lat' dir='ltr'><strong><em>noctis</em></strong></span> <span class='ocrx_word' id='word_1_478' title='bbox 479 3813 658 3870; x_wconf 86' lang='lat' dir='ltr'><strong><em>medio</em></strong></span> <span class='ocrx_word' id='word_1_479' title='bbox 697 3815 1046 3890; x_wconf 89' lang='lat' dir='ltr'><strong><em>primogenita</em></strong></span> <span class='ocrx_word' id='word_1_480' title='bbox 1069 3816 1441 3889; x_wconf 64' lang='lat' dir='ltr'><strong><em>ngyptiorum</em></strong></span> <span class='ocrx_word' id='word_1_481' title='bbox 1470 3819 1824 3890; x_wconf 75' lang='lat' dir='ltr'><strong><em>exstinguun-&#39;</em></strong></span> 
     </span>
    </p>
   </div>
   <div class='ocr_carea' id='block_1_41' title="bbox 293 3897 1808 3986">
    <p class='ocr_par' dir='ltr' id='par_1_41' title="bbox 293 3897 1808 3986">
     <span class='ocr_line' id='line_1_41' title="bbox 293 3897 1808 3986; baseline 0.006 -28"><span class='ocrx_word' id='word_1_482' title='bbox 293 3913 380 3960; x_wconf 89' lang='lat' dir='ltr'><strong><em>tur.</em></strong></span> <span class='ocrx_word' id='word_1_483' title='bbox 424 3906 648 3963; x_wconf 89' lang='lat' dir='ltr'><strong><em>Pharao</em></strong></span> <span class='ocrx_word' id='word_1_484' title='bbox 689 3911 960 3982; x_wconf 89' lang='lat' dir='ltr'><strong><em>consurgit</em></strong></span> <span class='ocrx_word' id='word_1_485' title='bbox 987 3951 1002 3978; x_wconf 92' lang='lat'><strong><em>,</em></strong></span> <span class='ocrx_word' id='word_1_486' title='bbox 1049 3927 1111 3965; x_wconf 89' lang='lat' dir='ltr'><strong><em>ac</em></strong></span> <span class='ocrx_word' id='word_1_487' title='bbox 1136 3912 1250 3967; x_wconf 89' lang='lat' dir='ltr'><strong><em>sine</em></strong></span> <span class='ocrx_word' id='word_1_488' title='bbox 1279 3929 1424 3968; x_wconf 91' lang='lat' dir='ltr'><strong><em>mora</em></strong></span> <span class='ocrx_word' id='word_1_489' title='bbox 1447 3897 1808 3986; x_wconf 51' lang='lat' dir='ltr'><strong><em>populunfde</em></strong></span> 
     </span>
    </p>
   </div>
   <div class='ocr_carea' id='block_1_42' title="bbox 293 4001 1026 4076">
    <p class='ocr_par' dir='ltr' id='par_1_42' title="bbox 293 4001 1026 4076">
     <span class='ocr_line' id='line_1_42' title="bbox 293 4001 1026 4076; baseline 0.011 -24"><span class='ocrx_word' id='word_1_490' title='bbox 293 4008 411 4055; x_wconf 87' lang='lat' dir='ltr'><strong><em>terra</em></strong></span> <span class='ocrx_word' id='word_1_491' title='bbox 436 4018 534 4057; x_wconf 92' lang='lat' dir='ltr'><strong><em>sua</em></strong></span> <span class='ocrx_word' id='word_1_492' title='bbox 562 4003 713 4058; x_wconf 72' lang='lat' dir='ltr'><strong><em>exire</em></strong></span> <span class='ocrx_word' id='word_1_493' title='bbox 738 4001 1026 4076; x_wconf 88' lang='lat' dir='ltr'><strong><em>compellit.</em></strong></span> 
     </span>
    </p>
   </div>
   <div class='ocr_carea' id='block_1_43' title="bbox 1976 3345 3506 3418">
    <p class='ocr_par' dir='ltr' id='par_1_43' title="bbox 1976 3345 3506 3418">
     <span class='ocr_line' id='line_1_43' title="bbox 1976 3345 3506 3418; baseline 0 -19"><span class='ocrx_word' id='word_1_494' title='bbox 1976 3362 2171 3417; x_wconf 87' lang='lat' dir='ltr'><strong><em>pronus</em></strong></span> <span class='ocrx_word' id='word_1_495' title='bbox 2202 3346 2430 3400; x_wconf 88' lang='lat' dir='ltr'><strong><em>adorat:</em></strong></span> <span class='ocrx_word' id='word_1_496' title='bbox 2465 3347 2529 3400; x_wconf 91' lang='lat' dir='ltr'><strong><em>de</em></strong></span> <span class='ocrx_word' id='word_1_497' title='bbox 2554 3356 2731 3401; x_wconf 89' lang='lat' dir='ltr'><strong><em>monte</em></strong></span> <span class='ocrx_word' id='word_1_498' title='bbox 2756 3345 3097 3414; x_wconf 76' lang='lat' dir='ltr'><strong><em>descendens,</em></strong></span> <span class='ocrx_word' id='word_1_499' title='bbox 3120 3345 3326 3400; x_wconf 91' lang='lat' dir='ltr'><strong><em>tabulas</em></strong></span> <span class='ocrx_word' id='word_1_500' title='bbox 3358 3350 3506 3418; x_wconf 85' lang='lat' dir='ltr'><strong><em>fran-</em></strong></span> 
     </span>
    </p>
   </div>
   <div class='ocr_carea' id='block_1_44' title="bbox 1976 3438 3505 3512">
    <p class='ocr_par' dir='ltr' id='par_1_44' title="bbox 1976 3438 3505 3512">
     <span class='ocr_line' id='line_1_44' title="bbox 1976 3438 3505 3512; baseline 0 -20"><span class='ocrx_word' id='word_1_501' title='bbox 1976 3440 2050 3512; x_wconf 89' lang='lat' dir='ltr'><strong><em>git</em></strong></span> <span class='ocrx_word' id='word_1_502' title='bbox 2077 3456 2094 3494; x_wconf 89' lang='lat'><em>:</em></span> <span class='ocrx_word' id='word_1_503' title='bbox 2125 3438 2347 3494; x_wconf 85' lang='lat' dir='ltr'><strong><em>vitulum</em></strong></span> <span class='ocrx_word' id='word_1_504' title='bbox 2371 3441 2616 3511; x_wconf 90' lang='lat' dir='ltr'><strong><em>arripuit,</em></strong></span> <span class='ocrx_word' id='word_1_505' title='bbox 2651 3441 2954 3510; x_wconf 84' lang='lat' dir='ltr'><strong><em>combussit,</em></strong></span> <span class='ocrx_word' id='word_1_506' title='bbox 2982 3450 3135 3511; x_wconf 89' lang='lat' dir='ltr'><strong><em>atque</em></strong></span> <span class='ocrx_word' id='word_1_507' title='bbox 3165 3439 3425 3506; x_wconf 89' lang='lat' dir='ltr'><strong><em>contrivit,</em></strong></span> <span class='ocrx_word' id='word_1_508' title='bbox 3458 3447 3505 3493; x_wconf 88' lang='lat' dir='ltr'><strong><em>et</em></strong></span> 
     </span>
    </p>
   </div>
   <div class='ocr_carea' id='block_1_45' title="bbox 1979 3519 3507 3605">
    <p class='ocr_par' dir='ltr' id='par_1_45' title="bbox 1979 3519 3507 3605">
     <span class='ocr_line' id='line_1_45' title="bbox 1979 3519 3507 3605; baseline -0.001 -19"><span class='ocrx_word' id='word_1_509' title='bbox 1979 3548 2096 3586; x_wconf 90' lang='lat' dir='ltr'><strong><em>cum</em></strong></span> <span class='ocrx_word' id='word_1_510' title='bbox 2135 3529 2366 3588; x_wconf 89' lang='lat' dir='ltr'><strong><em>Levitica</em></strong></span> <span class='ocrx_word' id='word_1_511' title='bbox 2393 3531 2598 3605; x_wconf 83' lang='lat' dir='ltr'><strong><em>familia</em></strong></span> <span class='ocrx_word' id='word_1_512' title='bbox 2622 3542 2842 3604; x_wconf 87' lang='lat' dir='ltr'><strong><em>quantos</em></strong></span> <span class='ocrx_word' id='word_1_513' title='bbox 2875 3534 3073 3605; x_wconf 90' lang='lat' dir='ltr'><strong><em>potuit,</em></strong></span> <span class='ocrx_word' id='word_1_514' title='bbox 3105 3519 3366 3604; x_wconf 79' lang='lat' dir='ltr'><strong><em>interfecit</em></strong></span> <span class='ocrx_word' id='word_1_515' title='bbox 3398 3548 3414 3586; x_wconf 93' lang='lat'><strong><em>:</em></strong></span> <span class='ocrx_word' id='word_1_516' title='bbox 3447 3548 3507 3586; x_wconf 91' lang='lat' dir='ltr'><strong><em>ac</em></strong></span> 
     </span>
    </p>
   </div>
   <div class='ocr_carea' id='block_1_46' title="bbox 1977 3627 2855 3700">
    <p class='ocr_par' dir='ltr' id='par_1_46' title="bbox 1977 3627 2855 3700">
     <span class='ocr_line' id='line_1_46' title="bbox 1977 3627 2855 3700; baseline 0.002 -18"><span class='ocrx_word' id='word_1_517' title='bbox 1977 3645 2187 3684; x_wconf 89' lang='lat' dir='ltr'><strong><em>rursum</em></strong></span> <span class='ocrx_word' id='word_1_518' title='bbox 2209 3627 2492 3683; x_wconf 90' lang='lat' dir='ltr'><strong><em>Dominum</em></strong></span> <span class='ocrx_word' id='word_1_519' title='bbox 2522 3627 2855 3700; x_wconf 87' lang='lat' dir='ltr'><strong><em>deprecatur.</em></strong></span> 
     </span>
    </p>
   </div>
   <div class='ocr_carea' id='block_1_47' title="bbox 1908 3719 3507 3794">
    <p class='ocr_par' dir='ltr' id='par_1_47' title="bbox 1908 3719 3507 3794">
     <span class='ocr_line' id='line_1_47' title="bbox 1908 3719 3507 3794; baseline -0.001 -17"><span class='ocrx_word' id='word_1_520' title='bbox 1908 3719 2052 3777; x_wconf 81' lang='lat' dir='ltr'><strong><em>XVI.</em></strong></span> <span class='ocrx_word' id='word_1_521' title='bbox 2095 3719 2510 3776; x_wconf 89' lang='lat' dir='ltr'><strong><em>Tabernaculum</em></strong></span> <span class='ocrx_word' id='word_1_522' title='bbox 2537 3722 2743 3794; x_wconf 70' lang='lat' dir='ltr'><strong><em>foederis</em></strong></span> <span class='ocrx_word' id='word_1_523' title='bbox 2767 3731 2913 3776; x_wconf 74' lang='lat' dir='ltr'><strong><em>extra</em></strong></span> <span class='ocrx_word' id='word_1_524' title='bbox 2936 3730 3112 3776; x_wconf 89' lang='lat' dir='ltr'><strong><em>castra</em></strong></span> <span class='ocrx_word' id='word_1_525' title='bbox 3133 3720 3296 3790; x_wconf 88' lang='lat' dir='ltr'><strong><em>ponit,</em></strong></span> <span class='ocrx_word' id='word_1_526' title='bbox 3331 3721 3384 3775; x_wconf 90' lang='lat' dir='ltr'><strong><em>in</em></strong></span> <span class='ocrx_word' id='word_1_527' title='bbox 3405 3738 3507 3793; x_wconf 90' lang='lat' dir='ltr'><strong><em>quo</em></strong></span> 
     </span>
    </p>
   </div>
   <div class='ocr_carea' id='block_1_48' title="bbox 1980 3813 3510 3887">
    <p class='ocr_par' dir='ltr' id='par_1_48' title="bbox 1980 3813 3510 3887">
     <span class='ocr_line' id='line_1_48' title="bbox 1980 3813 3510 3887; baseline -0.001 -16"><span class='ocrx_word' id='word_1_528' title='bbox 1980 3815 2238 3872; x_wconf 90' lang='lat' dir='ltr'><strong><em>Dominus</em></strong></span> <span class='ocrx_word' id='word_1_529' title='bbox 2280 3817 2413 3887; x_wconf 90' lang='lat' dir='ltr'><strong><em>facie</em></strong></span> <span class='ocrx_word' id='word_1_530' title='bbox 2455 3815 2524 3870; x_wconf 88' lang='lat' dir='ltr'><strong><em>ad</em></strong></span> <span class='ocrx_word' id='word_1_531' title='bbox 2568 3816 2758 3887; x_wconf 88' lang='lat' dir='ltr'><strong><em>faciem</em></strong></span> <span class='ocrx_word' id='word_1_532' title='bbox 2798 3831 2916 3869; x_wconf 91' lang='lat' dir='ltr'><strong><em>cum</em></strong></span> <span class='ocrx_word' id='word_1_533' title='bbox 2945 3813 3092 3871; x_wconf 87' lang='lat' dir='ltr'><strong><em>Mose</em></strong></span> <span class='ocrx_word' id='word_1_534' title='bbox 3136 3815 3362 3886; x_wconf 88' lang='lat' dir='ltr'><strong><em>loquitur</em></strong></span> <span class='ocrx_word' id='word_1_535' title='bbox 3396 3831 3414 3869; x_wconf 91' lang='lat'><strong><em>:</em></strong></span> <span class='ocrx_word' id='word_1_536' title='bbox 3461 3824 3510 3869; x_wconf 89' lang='lat' dir='ltr'><strong><em>et</em></strong></span> 
     </span>
    </p>
   </div>
   <div class='ocr_carea' id='block_1_49' title="bbox 1980 3907 3510 3983">
    <p class='ocr_par' dir='ltr' id='par_1_49' title="bbox 1980 3907 3510 3983">
     <span class='ocr_line' id='line_1_49' title="bbox 1980 3907 3510 3983; baseline 0.001 -20"><span class='ocrx_word' id='word_1_537' title='bbox 1980 3921 2130 3983; x_wconf 90' lang='lat' dir='ltr'><strong><em>rogat</em></strong></span> <span class='ocrx_word' id='word_1_538' title='bbox 2159 3910 2361 3965; x_wconf 90' lang='lat' dir='ltr'><strong><em>ostendi</em></strong></span> <span class='ocrx_word' id='word_1_539' title='bbox 2384 3910 2486 3965; x_wconf 90' lang='lat' dir='ltr'><strong><em>sibi</em></strong></span> <span class='ocrx_word' id='word_1_540' title='bbox 2505 3910 2733 3981; x_wconf 89' lang='lat' dir='ltr'><strong><em>gloriam</em></strong></span> <span class='ocrx_word' id='word_1_541' title='bbox 2753 3908 2850 3964; x_wconf 87' lang='lat' dir='ltr'><strong><em>Dei</em></strong></span> <span class='ocrx_word' id='word_1_542' title='bbox 2871 3925 2891 3974; x_wconf 88' lang='lat'><em>;</em></span> <span class='ocrx_word' id='word_1_543' title='bbox 2920 3926 2983 3964; x_wconf 87' lang='lat' dir='ltr'><strong><em>ac</em></strong></span> <span class='ocrx_word' id='word_1_544' title='bbox 3007 3909 3192 3964; x_wconf 84' lang='lat' dir='ltr'><strong><em>deinde</em></strong></span> <span class='ocrx_word' id='word_1_545' title='bbox 3206 3907 3352 3980; x_wconf 73' lang='lat' dir='ltr'><strong><em>jubet</em></strong></span> <span class='ocrx_word' id='word_1_546' title='bbox 3373 3909 3510 3964; x_wconf 87' lang='lat' dir='ltr'><strong><em>alias</em></strong></span> 
     </span>
    </p>
   </div>
   <div class='ocr_carea' id='block_1_50' title="bbox 1985 4002 3504 4076">
    <p class='ocr_par' dir='ltr' id='par_1_50' title="bbox 1985 4002 3504 4076">
     <span class='ocr_line' id='line_1_50' title="bbox 1985 4002 3504 4076; baseline -0.001 -18"><span class='ocrx_word' id='word_1_547' title='bbox 1985 4005 2186 4059; x_wconf 87' lang='lat' dir='ltr'><strong><em>tabulas</em></strong></span> <span class='ocrx_word' id='word_1_548' title='bbox 2217 4019 2511 4076; x_wconf 78' lang='lat' dir='ltr'><strong><em>praeparare</em></strong></span> <span class='ocrx_word' id='word_1_549' title='bbox 2539 4044 2553 4071; x_wconf 93' lang='lat'><strong><em>,</em></strong></span> <span class='ocrx_word' id='word_1_550' title='bbox 2599 4020 2716 4057; x_wconf 91' lang='lat' dir='ltr'><strong><em>cum</em></strong></span> <span class='ocrx_word' id='word_1_551' title='bbox 2745 4002 2933 4074; x_wconf 86' lang='lat' dir='ltr'><strong><em>quibus</em></strong></span> <span class='ocrx_word' id='word_1_552' title='bbox 2974 4002 3206 4057; x_wconf 90' lang='lat' dir='ltr'><strong><em>ascendit</em></strong></span> <span class='ocrx_word' id='word_1_553' title='bbox 3238 4012 3504 4070; x_wconf 86' lang='lat' dir='ltr'><strong><em>montem,</em></strong></span> 
     </span>
    </p>
   </div>
   <div class='ocr_carea' id='block_1_51' title="bbox 242 4091 1806 4169">
    <p class='ocr_par' dir='ltr' id='par_1_51' title="bbox 242 4091 1806 4169">
     <span class='ocr_line' id='line_1_51' title="bbox 242 4091 1806 4169; baseline 0.005 -23"><span class='ocrx_word' id='word_1_554' title='bbox 242 4091 348 4149; x_wconf 71' lang='lat' dir='ltr'><strong><em>VIII.</em></strong></span> <span class='ocrx_word' id='word_1_555' title='bbox 387 4095 658 4169; x_wconf 79' lang='lat' dir='ltr'><strong><em>Profectio</em></strong></span> <span class='ocrx_word' id='word_1_556' title='bbox 689 4099 874 4169; x_wconf 89' lang='lat' dir='ltr'><strong><em>papuli</em></strong></span> <span class='ocrx_word' id='word_1_557' title='bbox 895 4097 1067 4154; x_wconf 89' lang='lat' dir='ltr'><strong><em>Israel</em></strong></span> <span class='ocrx_word' id='word_1_558' title='bbox 1097 4099 1161 4162; x_wconf 85' lang='lat' dir='ltr'><strong><em>de</em></strong></span> <span class='ocrx_word' id='word_1_559' title='bbox 1185 4098 1433 4154; x_wconf 86' lang='lat' dir='ltr'><strong><em>Ramesse</em></strong></span> <span class='ocrx_word' id='word_1_560' title='bbox 1460 4100 1514 4154; x_wconf 92' lang='lat' dir='ltr'><strong><em>in</em></strong></span> <span class='ocrx_word' id='word_1_561' title='bbox 1542 4097 1806 4155; x_wconf 88' lang='lat' dir='ltr'><strong><em>Sochoth:</em></strong></span> 
     </span>
    </p>
   </div>
   <div class='ocr_carea' id='block_1_52' title="bbox 294 4189 1810 4265">
    <p class='ocr_par' dir='ltr' id='par_1_52' title="bbox 294 4189 1810 4265">
     <span class='ocr_line' id='line_1_52' title="bbox 294 4189 1810 4265; baseline 0.005 -25"><span class='ocrx_word' id='word_1_562' title='bbox 294 4189 584 4261; x_wconf 87' lang='lat' dir='ltr'><strong><em>religionem</em></strong></span> <span class='ocrx_word' id='word_1_563' title='bbox 613 4190 824 4263; x_wconf 77' lang='lat' dir='ltr'><strong><em>pascha:</em></strong></span> <span class='ocrx_word' id='word_1_564' title='bbox 852 4192 1108 4259; x_wconf 90' lang='lat' dir='ltr'><strong><em>audiunt,</em></strong></span> <span class='ocrx_word' id='word_1_565' title='bbox 1149 4202 1196 4247; x_wconf 93' lang='lat' dir='ltr'><strong><em>et</em></strong></span> <span class='ocrx_word' id='word_1_566' title='bbox 1219 4192 1404 4265; x_wconf 86' lang='lat' dir='ltr'><strong><em>quibus</em></strong></span> <span class='ocrx_word' id='word_1_567' title='bbox 1444 4194 1708 4249; x_wconf 90' lang='lat' dir='ltr'><strong><em>comedere</em></strong></span> <span class='ocrx_word' id='word_1_568' title='bbox 1746 4194 1810 4249; x_wconf 88' lang='lat' dir='ltr'><strong><em>sit</em></strong></span> 
     </span>
    </p>
   </div>
   <div class='ocr_carea' id='block_1_53' title="bbox 296 4280 1813 4359">
    <p class='ocr_par' dir='ltr' id='par_1_53' title="bbox 296 4280 1813 4359">
     <span class='ocr_line' id='line_1_53' title="bbox 296 4280 1813 4359; baseline 0.006 -25"><span class='ocrx_word' id='word_1_569' title='bbox 296 4280 500 4338; x_wconf 87' lang='lat' dir='ltr'><strong><em>licitum.</em></strong></span> <span class='ocrx_word' id='word_1_570' title='bbox 531 4284 796 4356; x_wconf 88' lang='lat' dir='ltr'><strong><em>Loquitur</em></strong></span> <span class='ocrx_word' id='word_1_571' title='bbox 827 4285 1080 4342; x_wconf 91' lang='lat' dir='ltr'><strong><em>Dominus</em></strong></span> <span class='ocrx_word' id='word_1_572' title='bbox 1106 4286 1175 4341; x_wconf 83' lang='lat' dir='ltr'><strong><em>ad</em></strong></span> <span class='ocrx_word' id='word_1_573' title='bbox 1207 4286 1446 4359; x_wconf 87' lang='lat' dir='ltr'><strong><em>Moysen,</em></strong></span> <span class='ocrx_word' id='word_1_574' title='bbox 1487 4287 1628 4359; x_wconf 87' lang='lat' dir='ltr'><strong><em>quod</em></strong></span> <span class='ocrx_word' id='word_1_575' title='bbox 1667 4297 1813 4344; x_wconf 85' lang='lat' dir='ltr'><strong><em>secu-</em></strong></span> 
     </span>
    </p>
   </div>
   <div class='ocr_carea' id='block_1_54' title="bbox 298 4377 1812 4454">
    <p class='ocr_par' dir='ltr' id='par_1_54' title="bbox 298 4377 1812 4454">
     <span class='ocr_line' id='line_1_54' title="bbox 298 4377 1812 4454; baseline 0.007 -26"><span class='ocrx_word' id='word_1_576' title='bbox 298 4384 425 4432; x_wconf 88' lang='lat' dir='ltr'><strong><em>turus</em></strong></span> <span class='ocrx_word' id='word_1_577' title='bbox 455 4379 522 4433; x_wconf 88' lang='lat' dir='ltr'><strong><em>sit</em></strong></span> <span class='ocrx_word' id='word_1_578' title='bbox 560 4377 783 4433; x_wconf 88' lang='lat' dir='ltr'><strong><em>Pharao</em></strong></span> <span class='ocrx_word' id='word_1_579' title='bbox 821 4380 958 4449; x_wconf 83' lang='lat' dir='ltr'><strong><em>ﬁlios</em></strong></span> <span class='ocrx_word' id='word_1_580' title='bbox 1011 4379 1219 4451; x_wconf 88' lang='lat' dir='ltr'><strong><em>Israel,</em></strong></span> <span class='ocrx_word' id='word_1_581' title='bbox 1275 4383 1463 4454; x_wconf 89' lang='lat' dir='ltr'><strong><em>quique</em></strong></span> <span class='ocrx_word' id='word_1_582' title='bbox 1500 4390 1702 4438; x_wconf 86' lang='lat' dir='ltr'><strong><em>secutus</em></strong></span> <span class='ocrx_word' id='word_1_583' title='bbox 1740 4392 1812 4438; x_wconf 87' lang='lat' dir='ltr'><strong><em>est</em></strong></span> 
     </span>
    </p>
   </div>
   <div class='ocr_carea' id='block_1_55' title="bbox 1984 4095 3507 4169">
    <p class='ocr_par' dir='ltr' id='par_1_55' title="bbox 1984 4095 3507 4169">
     <span class='ocr_line' id='line_1_55' title="bbox 1984 4095 3507 4169; baseline -0.002 -17"><span class='ocrx_word' id='word_1_584' title='bbox 1984 4096 2154 4167; x_wconf 90' lang='lat' dir='ltr'><strong><em>ibique</em></strong></span> <span class='ocrx_word' id='word_1_585' title='bbox 2179 4113 2294 4168; x_wconf 79' lang='lat' dir='ltr'><strong><em>qua:</em></strong></span> <span class='ocrx_word' id='word_1_586' title='bbox 2322 4096 2547 4169; x_wconf 87' lang='lat' dir='ltr'><strong><em>populus</em></strong></span> <span class='ocrx_word' id='word_1_587' title='bbox 2583 4095 2847 4150; x_wconf 89' lang='lat' dir='ltr'><strong><em>custodire</em></strong></span> <span class='ocrx_word' id='word_1_588' title='bbox 2877 4095 3090 4165; x_wconf 89' lang='lat' dir='ltr'><strong><em>debeat,</em></strong></span> <span class='ocrx_word' id='word_1_589' title='bbox 3121 4097 3434 4168; x_wconf 88' lang='lat' dir='ltr'><strong><em>imperatur,</em></strong></span> <span class='ocrx_word' id='word_1_590' title='bbox 3461 4108 3507 4152; x_wconf 89' lang='lat' dir='ltr'><strong><em>et</em></strong></span> 
     </span>
    </p>
   </div>
   <div class='ocr_carea' id='block_1_56' title="bbox 1987 4190 3026 4264">
    <p class='ocr_par' dir='ltr' id='par_1_56' title="bbox 1987 4190 3026 4264">
     <span class='ocr_line' id='line_1_56' title="bbox 1987 4190 3026 4264; baseline -0.004 -17"><span class='ocrx_word' id='word_1_591' title='bbox 1987 4193 2159 4249; x_wconf 83' lang='lat' dir='ltr'><strong><em>decem</em></strong></span> <span class='ocrx_word' id='word_1_592' title='bbox 2186 4193 2337 4246; x_wconf 88' lang='lat' dir='ltr'><strong><em>verba</em></strong></span> <span class='ocrx_word' id='word_1_593' title='bbox 2365 4191 2571 4264; x_wconf 75' lang='lat' dir='ltr'><strong><em>fmderis</em></strong></span> <span class='ocrx_word' id='word_1_594' title='bbox 2603 4190 3026 4245; x_wconf 88' lang='lat' dir='ltr'><strong><em>conscribuntur.</em></strong></span> 
     </span>
    </p>
   </div>
   <div class='ocr_carea' id='block_1_57' title="bbox 1913 4281 3512 4355">
    <p class='ocr_par' dir='ltr' id='par_1_57' title="bbox 1913 4281 3512 4355">
     <span class='ocr_line' id='line_1_57' title="bbox 1913 4281 3512 4355; baseline -0.004 -13"><span class='ocrx_word' id='word_1_595' title='bbox 1913 4286 2080 4342; x_wconf 78' lang='lat' dir='ltr'><strong><em>XVII.</em></strong></span> <span class='ocrx_word' id='word_1_596' title='bbox 2123 4283 2427 4355; x_wconf 85' lang='lat' dir='ltr'><strong><em>Clari/icato</em></strong></span> <span class='ocrx_word' id='word_1_597' title='bbox 2455 4283 2624 4352; x_wconf 85' lang='lat' dir='ltr'><strong><em>vultu,</em></strong></span> <span class='ocrx_word' id='word_1_598' title='bbox 2647 4283 2713 4339; x_wconf 91' lang='lat' dir='ltr'><strong><em>de</em></strong></span> <span class='ocrx_word' id='word_1_599' title='bbox 2748 4293 2919 4338; x_wconf 90' lang='lat' dir='ltr'><strong><em>monte</em></strong></span> <span class='ocrx_word' id='word_1_600' title='bbox 2941 4282 3224 4351; x_wconf 87' lang='lat' dir='ltr'><strong><em>descendit,</em></strong></span> <span class='ocrx_word' id='word_1_601' title='bbox 3259 4298 3320 4336; x_wconf 90' lang='lat' dir='ltr'><strong><em>ac</em></strong></span> <span class='ocrx_word' id='word_1_602' title='bbox 3346 4281 3512 4336; x_wconf 82' lang='lat' dir='ltr'><strong><em>velata</em></strong></span> 
     </span>
    </p>
   </div>
   <div class='ocr_carea' id='block_1_58' title="bbox 1987 4375 3526 4453">
    <p class='ocr_par' dir='ltr' id='par_1_58' title="bbox 1987 4375 3526 4453">
     <span class='ocr_line' id='line_1_58' title="bbox 1987 4375 3526 4453; baseline -0.004 -18"><span class='ocrx_word' id='word_1_603' title='bbox 1987 4382 2142 4453; x_wconf 85' lang='lat' dir='ltr'><strong><em>facie,</em></strong></span> <span class='ocrx_word' id='word_1_604' title='bbox 2174 4380 2369 4452; x_wconf 87' lang='lat' dir='ltr'><strong><em>populo</em></strong></span> <span class='ocrx_word' id='word_1_605' title='bbox 2395 4394 2512 4451; x_wconf 77' lang='lat' dir='ltr'><strong><em>qua:</em></strong></span> <span class='ocrx_word' id='word_1_606' title='bbox 2533 4375 2789 4433; x_wconf 89' lang='lat' dir='ltr'><strong><em>Dominus</em></strong></span> <span class='ocrx_word' id='word_1_607' title='bbox 2811 4381 3068 4451; x_wconf 90' lang='lat' dir='ltr'><strong><em>jusserat,</em></strong></span> <span class='ocrx_word' id='word_1_608' title='bbox 3095 4378 3392 4442; x_wconf 89' lang='lat' dir='ltr'><strong><em>enarrabat,</em></strong></span> <span class='ocrx_word' id='word_1_609' title='bbox 3419 4376 3526 4430; x_wconf 32' lang='lat' dir='ltr'><strong><em>ob-v</em></strong></span> 
     </span>
    </p>
   </div>
   <div class='ocr_carea' id='block_1_59' title="bbox 299 4469 3515 4542">
    <p class='ocr_par' dir='ltr' id='par_1_59' title="bbox 299 4469 3515 4542">
     <span class='ocr_line' id='line_1_59' title="bbox 299 4469 3515 4542; baseline 0.001 -22"><span class='ocrx_word' id='word_1_610' title='bbox 299 4484 372 4523; x_wconf 85' lang='lat' dir='ltr'><strong><em>cos</em></strong></span> <span class='ocrx_word' id='word_1_611' title='bbox 399 4487 555 4541; x_wconf 89' lang='lat' dir='ltr'><strong><em>super</em></strong></span> <span class='ocrx_word' id='word_1_612' title='bbox 581 4487 767 4527; x_wconf 88' lang='lat' dir='ltr'><strong><em>mare:</em></strong></span> <span class='ocrx_word' id='word_1_613' title='bbox 792 4489 852 4528; x_wconf 90' lang='lat' dir='ltr'><strong><em>ac</em></strong></span> <span class='ocrx_word' id='word_1_614' title='bbox 873 4474 1058 4528; x_wconf 90' lang='lat' dir='ltr'><strong><em>timore</em></strong></span> <span class='ocrx_word' id='word_1_615' title='bbox 1088 4476 1337 4530; x_wconf 88' lang='lat' dir='ltr'><strong><em>coarctati</em></strong></span> <span class='ocrx_word' id='word_1_616' title='bbox 1364 4485 1813 4532; x_wconf 86' lang='lat' dir='ltr'><strong><em>murmuraverunt</em></strong></span> <span class='ocrx_word' id='word_1_617' title='bbox 1988 4476 2324 4531; x_wconf 87' lang='lat' dir='ltr'><strong><em>servationem</em></strong></span> <span class='ocrx_word' id='word_1_618' title='bbox 2352 4474 2419 4528; x_wconf 89' lang='lat' dir='ltr'><strong><em>ad</em></strong></span> <span class='ocrx_word' id='word_1_619' title='bbox 2445 4472 2884 4531; x_wconf 89' lang='lat' dir='ltr'><strong><em>constructionem</em></strong></span> <span class='ocrx_word' id='word_1_620' title='bbox 2909 4471 3226 4526; x_wconf 86' lang='lat' dir='ltr'><strong><em>tabernaculi</em></strong></span> <span class='ocrx_word' id='word_1_621' title='bbox 3248 4487 3266 4524; x_wconf 90' lang='lat'><strong><em>:</em></strong></span> <span class='ocrx_word' id='word_1_622' title='bbox 3288 4469 3515 4542; x_wconf 87' lang='lat' dir='ltr'><strong><em>populus</em></strong></span> 
     </span>
    </p>
   </div>
   <div class='ocr_carea' id='block_1_60' title="bbox 299 4562 3516 4640">
    <p class='ocr_par' dir='ltr' id='par_1_60' title="bbox 299 4562 3516 4640">
     <span class='ocr_line' id='line_1_60' title="bbox 299 4562 3516 4640; baseline 0.001 -27"><span class='ocrx_word' id='word_1_623' title='bbox 299 4571 470 4617; x_wconf 81' lang='lat' dir='ltr'><strong><em>contra</em></strong></span> <span class='ocrx_word' id='word_1_624' title='bbox 499 4565 759 4637; x_wconf 81' lang='lat' dir='ltr'><strong><em>Moysen;</em></strong></span> <span class='ocrx_word' id='word_1_625' title='bbox 802 4565 1040 4639; x_wconf 88' lang='lat' dir='ltr'><strong><em>Mosique</em></strong></span> <span class='ocrx_word' id='word_1_626' title='bbox 1070 4568 1370 4640; x_wconf 73' lang='lat' dir='ltr'><strong><em>praecipitur</em></strong></span> <span class='ocrx_word' id='word_1_627' title='bbox 1396 4576 1452 4623; x_wconf 91' lang='lat' dir='ltr'><strong><em>ut</em></strong></span> <span class='ocrx_word' id='word_1_628' title='bbox 1479 4579 1618 4624; x_wconf 93' lang='lat' dir='ltr'><strong><em>mota</em></strong></span> <span class='ocrx_word' id='word_1_629' title='bbox 1645 4579 1816 4624; x_wconf 90' lang='lat' dir='ltr'><strong><em>castra</em></strong></span> <span class='ocrx_word' id='word_1_630' title='bbox 1991 4577 2173 4640; x_wconf 87' lang='lat' dir='ltr'><strong><em>sponte</em></strong></span> <span class='ocrx_word' id='word_1_631' title='bbox 2201 4565 2386 4634; x_wconf 82' lang='lat' dir='ltr'><strong><em>offerat</em></strong></span> <span class='ocrx_word' id='word_1_632' title='bbox 2412 4607 2428 4634; x_wconf 94' lang='lat'><strong><em>,</em></strong></span> <span class='ocrx_word' id='word_1_633' title='bbox 2474 4576 2521 4620; x_wconf 91' lang='lat' dir='ltr'><strong><em>et</em></strong></span> <span class='ocrx_word' id='word_1_634' title='bbox 2546 4565 2820 4637; x_wconf 82' lang='lat' dir='ltr'><strong><em>prudentes</em></strong></span> <span class='ocrx_word' id='word_1_635' title='bbox 2861 4563 2956 4617; x_wconf 89' lang='lat' dir='ltr'><strong><em>viri</em></strong></span> <span class='ocrx_word' id='word_1_636' title='bbox 2987 4563 3258 4634; x_wconf 73' lang='lat' dir='ltr'><strong><em>sapientia:</em></strong></span> <span class='ocrx_word' id='word_1_637' title='bbox 3283 4562 3473 4632; x_wconf 87' lang='lat' dir='ltr'><strong><em>spiritu</em></strong></span> <span class='ocrx_word' id='word_1_638' title='bbox 3501 4606 3516 4631; x_wconf 89' lang='lat'><strong><em>,</em></strong></span> 
     </span>
    </p>
   </div>
   <div class='ocr_carea' id='block_1_61' title="bbox 302 4649 2704 4733">
    <p class='ocr_par' dir='ltr' id='par_1_61' title="bbox 302 4649 2704 4733">
     <span class='ocr_line' id='line_1_61' title="bbox 302 4649 2704 4733; baseline 0.001 -25"><span class='ocrx_word' id='word_1_639' title='bbox 302 4673 425 4713; x_wconf 89' lang='lat' dir='ltr'><strong><em>mare</em></strong></span> <span class='ocrx_word' id='word_1_640' title='bbox 452 4661 710 4729; x_wconf 84' lang='lat' dir='ltr'><strong><em>percutiat</em></strong></span> <span class='ocrx_word' id='word_1_641' title='bbox 740 4677 801 4715; x_wconf 91' lang='lat' dir='ltr'><strong><em>ac</em></strong></span> <span class='ocrx_word' id='word_1_642' title='bbox 831 4649 1055 4718; x_wconf 85' lang='lat' dir='ltr'><strong><em>dividat.</em></strong></span> <span class='ocrx_word' id='word_1_643' title='bbox 1105 4661 1188 4718; x_wconf 91' lang='lat' dir='ltr'><strong><em>De</em></strong></span> <span class='ocrx_word' id='word_1_644' title='bbox 1235 4663 1458 4718; x_wconf 87' lang='lat' dir='ltr'><strong><em>transitu</em></strong></span> <span class='ocrx_word' id='word_1_645' title='bbox 1497 4680 1678 4718; x_wconf 90' lang='lat' dir='ltr'><strong><em>eorum</em></strong></span> <span class='ocrx_word' id='word_1_646' title='bbox 1704 4707 1719 4733; x_wconf 89' lang='lat'><strong><em>,</em></strong></span> <span class='ocrx_word' id='word_1_647' title='bbox 1773 4672 1818 4719; x_wconf 92' lang='lat' dir='ltr'><strong><em>et</em></strong></span> <span class='ocrx_word' id='word_1_648' title='bbox 1845 4670 1898 4733; x_wconf 81' lang='grc' dir='ltr'><strong><em>Ι)</em></strong></span> <span class='ocrx_word' id='word_1_649' title='bbox 1999 4672 2055 4717; x_wconf 92' lang='lat' dir='ltr'><strong><em>ut</em></strong></span> <span class='ocrx_word' id='word_1_650' title='bbox 2077 4662 2295 4733; x_wconf 90' lang='lat' dir='ltr'><strong><em>faciant,</em></strong></span> <span class='ocrx_word' id='word_1_651' title='bbox 2329 4657 2704 4731; x_wconf 88' lang='lat' dir='ltr'><strong><em>adimplentur.</em></strong></span> 
     </span>
    </p>
   </div>
   <div class='ocr_carea' id='block_1_62' title="bbox 302 4748 3521 4829">
    <p class='ocr_par' dir='ltr' id='par_1_62' title="bbox 302 4748 3521 4829">
     <span class='ocr_line' id='line_1_62' title="bbox 302 4748 3521 4829; baseline -0.001 -25"><span class='ocrx_word' id='word_1_652' title='bbox 302 4767 411 4806; x_wconf 85' lang='lat' dir='ltr'><strong><em>nece</em></strong></span> <span class='ocrx_word' id='word_1_653' title='bbox 435 4753 843 4826; x_wconf 62' lang='lat' dir='ltr'><strong><em>diggptiorum,</em></strong></span> <span class='ocrx_word' id='word_1_654' title='bbox 876 4765 922 4811; x_wconf 92' lang='lat' dir='ltr'><strong><em>et</em></strong></span> <span class='ocrx_word' id='word_1_655' title='bbox 949 4755 1154 4810; x_wconf 91' lang='lat' dir='ltr'><strong><em>cantico</em></strong></span> <span class='ocrx_word' id='word_1_656' title='bbox 1181 4755 1581 4829; x_wconf 90' lang='lat' dir='ltr'><strong><em>triumphorum.</em></strong></span> <span class='ocrx_word' id='word_1_657' title='bbox 1928 4756 2119 4813; x_wconf 77' lang='lat' dir='ltr'><strong><em>XVIII.</em></strong></span> <span class='ocrx_word' id='word_1_658' title='bbox 2159 4754 2403 4826; x_wconf 87' lang='lat' dir='ltr'><strong><em>Perfecto</em></strong></span> <span class='ocrx_word' id='word_1_659' title='bbox 2435 4750 2802 4818; x_wconf 88' lang='lat' dir='ltr'><strong><em>tabernaculo,</em></strong></span> <span class='ocrx_word' id='word_1_660' title='bbox 2836 4757 3048 4804; x_wconf 90' lang='lat' dir='ltr'><strong><em>cunctus</em></strong></span> <span class='ocrx_word' id='word_1_661' title='bbox 3077 4748 3300 4820; x_wconf 84' lang='lat' dir='ltr'><strong><em>papulas</em></strong></span> <span class='ocrx_word' id='word_1_662' title='bbox 3333 4748 3521 4817; x_wconf 76' lang='lat' dir='ltr'><strong><em>offert,</em></strong></span> 
     </span>
    </p>
   </div>
   <div class='ocr_carea' id='block_1_63' title="bbox 247 4840 3418 4924">
    <p class='ocr_par' dir='ltr' id='par_1_63' title="bbox 247 4840 3418 4924">
     <span class='ocr_line' id='line_1_63' title="bbox 247 4840 3418 4924; baseline 0.001 -30"><span class='ocrx_word' id='word_1_663' title='bbox 247 4840 319 4898; x_wconf 77' lang='lat' dir='ltr'><strong><em>IX.</em></strong></span> <span class='ocrx_word' id='word_1_664' title='bbox 341 4845 414 4902; x_wconf 93' lang='lat' dir='ltr'><strong><em>De</em></strong></span> <span class='ocrx_word' id='word_1_665' title='bbox 441 4850 579 4902; x_wconf 89' lang='lat' dir='ltr'><strong><em>mari</em></strong></span> <span class='ocrx_word' id='word_1_666' title='bbox 607 4847 782 4904; x_wconf 86' lang='lat' dir='ltr'><strong><em>Rubro</em></strong></span> <span class='ocrx_word' id='word_1_667' title='bbox 813 4850 1048 4905; x_wconf 88' lang='lat' dir='ltr'><strong><em>translati</em></strong></span> <span class='ocrx_word' id='word_1_668' title='bbox 1073 4851 1129 4904; x_wconf 89' lang='lat' dir='ltr'><strong><em>in</em></strong></span> <span class='ocrx_word' id='word_1_669' title='bbox 1155 4849 1365 4906; x_wconf 81' lang='lat' dir='ltr'><strong><em>Maraht</em></strong></span> <span class='ocrx_word' id='word_1_670' title='bbox 1406 4853 1632 4907; x_wconf 89' lang='lat' dir='ltr'><strong><em>veniunt.</em></strong></span> <span class='ocrx_word' id='word_1_671' title='bbox 1662 4851 1822 4924; x_wconf 76' lang='lat' dir='ltr'><strong><em>Aqua:</em></strong></span> <span class='ocrx_word' id='word_1_672' title='bbox 2003 4858 2051 4904; x_wconf 93' lang='lat' dir='ltr'><strong><em>et</em></strong></span> <span class='ocrx_word' id='word_1_673' title='bbox 2082 4866 2114 4902; x_wconf 82' lang='grc' dir='ltr'><em>α</em></span> <span class='ocrx_word' id='word_1_674' title='bbox 2141 4846 2406 4903; x_wconf 87' lang='lat' dir='ltr'><strong><em>sacerdote</em></strong></span> <span class='ocrx_word' id='word_1_675' title='bbox 2435 4843 2711 4913; x_wconf 90' lang='lat' dir='ltr'><strong><em>collocato,</em></strong></span> <span class='ocrx_word' id='word_1_676' title='bbox 2743 4843 2911 4915; x_wconf 87' lang='lat' dir='ltr'><strong><em>gloria</em></strong></span> <span class='ocrx_word' id='word_1_677' title='bbox 2933 4841 3144 4897; x_wconf 89' lang='lat' dir='ltr'><strong><em>Domini</em></strong></span> <span class='ocrx_word' id='word_1_678' title='bbox 3171 4843 3418 4914; x_wconf 86' lang='lat' dir='ltr'><strong><em>operitur.</em></strong></span> 
     </span>
    </p>
   </div>
   <div class='ocr_carea' id='block_1_64' title="bbox 1430 5111 2319 5178">
    <p class='ocr_par' dir='ltr' id='par_1_64' title="bbox 1430 5111 2319 5178">
     <span class='ocr_line' id='line_1_64' title="bbox 1430 5111 2319 5178; baseline -0.004 -3"><span class='ocrx_word' id='word_1_679' title='bbox 1430 5111 1744 5175; x_wconf 84' lang='lat' dir='ltr'><strong>BBEVES</strong></span> <span class='ocrx_word' id='word_1_680' title='bbox 1785 5112 2000 5178; x_wconf 81' lang='lat' dir='ltr'><strong><em>LIBRI</em></strong></span> <span class='ocrx_word' id='word_1_681' title='bbox 2043 5111 2319 5174; x_wconf 85' lang='lat' dir='ltr'><strong><em>EXODl.</em></strong></span> 
     </span>
    </p>
   </div>
   <div class='ocr_carea' id='block_1_65' title="bbox 253 5224 3538 5308">
    <p class='ocr_par' dir='ltr' id='par_1_65' title="bbox 253 5224 3538 5308">
     <span class='ocr_line' id='line_1_65' title="bbox 253 5224 3538 5308; baseline -0 -23"><span class='ocrx_word' id='word_1_682' title='bbox 253 5224 286 5285; x_wconf 81' lang='grc' dir='ltr'><strong>Ι.</strong></span> <span class='ocrx_word' id='word_1_683' title='bbox 325 5227 394 5286; x_wconf 88' lang='lat' dir='ltr'><strong><em>De</em></strong></span> <span class='ocrx_word' id='word_1_684' title='bbox 421 5247 543 5304; x_wconf 91' lang='lat' dir='ltr'><strong><em>rege</em></strong></span> <span class='ocrx_word' id='word_1_685' title='bbox 569 5234 658 5304; x_wconf 90' lang='lat' dir='ltr'><strong><em>qui</em></strong></span> <span class='ocrx_word' id='word_1_686' title='bbox 690 5235 1008 5308; x_wconf 89' lang='lat' dir='ltr'><strong><em>opprimebat</em></strong></span> <span class='ocrx_word' id='word_1_687' title='bbox 1037 5238 1174 5308; x_wconf 78' lang='lat' dir='ltr'><strong><em>ﬁlios</em></strong></span> <span class='ocrx_word' id='word_1_688' title='bbox 1197 5238 1389 5306; x_wconf 85' lang='lat' dir='ltr'><strong><em>Israel,</em></strong></span> <span class='ocrx_word' id='word_1_689' title='bbox 1422 5249 1471 5294; x_wconf 90' lang='lat' dir='ltr'><strong><em>et</em></strong></span> <span class='ocrx_word' id='word_1_690' title='bbox 1501 5239 1563 5294; x_wconf 86' lang='lat' dir='ltr'><strong><em>de</em></strong></span> <span class='ocrx_word' id='word_1_691' title='bbox 1590 5239 1828 5295; x_wconf 81' lang='lat' dir='ltr'><strong><em>obstetri-</em></strong></span> <span class='ocrx_word' id='word_1_692' title='bbox 1941 5237 2005 5295; x_wconf 82' lang='lat' dir='ltr'><strong><em>V.</em></strong></span> <span class='ocrx_word' id='word_1_693' title='bbox 2051 5237 2131 5294; x_wconf 90' lang='lat' dir='ltr'><strong><em>De</em></strong></span> <span class='ocrx_word' id='word_1_694' title='bbox 2158 5235 2376 5292; x_wconf 87' lang='lat' dir='ltr'><strong><em>introitu</em></strong></span> <span class='ocrx_word' id='word_1_695' title='bbox 2402 5233 2628 5287; x_wconf 90' lang='lat' dir='ltr'><strong><em>secundo</em></strong></span> <span class='ocrx_word' id='word_1_696' title='bbox 2651 5228 2859 5302; x_wconf 85' lang='lat' dir='ltr'><strong><em>Moysi,</em></strong></span> <span class='ocrx_word' id='word_1_697' title='bbox 2909 5239 2957 5286; x_wconf 93' lang='lat' dir='ltr'><strong><em>et</em></strong></span> <span class='ocrx_word' id='word_1_698' title='bbox 2986 5229 3160 5285; x_wconf 80' lang='lat' dir='ltr'><strong><em>Aaron</em></strong></span> <span class='ocrx_word' id='word_1_699' title='bbox 3187 5229 3256 5282; x_wconf 91' lang='lat' dir='ltr'><strong><em>ad</em></strong></span> <span class='ocrx_word' id='word_1_700' title='bbox 3298 5227 3538 5284; x_wconf 75' lang='lat' dir='ltr'><strong><em>Pharao-</em></strong></span> 
     </span>
    </p>
   </div>
   <div class='ocr_carea' id='block_1_66' title="bbox 308 5320 3537 5404">
    <p class='ocr_par' dir='ltr' id='par_1_66' title="bbox 308 5320 3537 5404">
     <span class='ocr_line' id='line_1_66' title="bbox 308 5320 3537 5404; baseline 0.001 -28"><span class='ocrx_word' id='word_1_701' title='bbox 308 5322 443 5378; x_wconf 85' lang='lat' dir='ltr'><strong><em>cibus</em></strong></span> <span class='ocrx_word' id='word_1_702' title='bbox 465 5323 834 5394; x_wconf 73' lang='lat' dir='ltr'><strong><em>Hebraeorum,</em></strong></span> <span class='ocrx_word' id='word_1_703' title='bbox 869 5337 918 5383; x_wconf 92' lang='lat' dir='ltr'><strong><em>et</em></strong></span> <span class='ocrx_word' id='word_1_704' title='bbox 943 5329 1008 5384; x_wconf 92' lang='lat' dir='ltr'><strong><em>de</em></strong></span> <span class='ocrx_word' id='word_1_705' title='bbox 1033 5331 1298 5386; x_wconf 89' lang='lat' dir='ltr'><strong><em>nativitate</em></strong></span> <span class='ocrx_word' id='word_1_706' title='bbox 1327 5330 1522 5404; x_wconf 87' lang='lat' dir='ltr'><strong><em>Moysi.</em></strong></span> <span class='ocrx_word' id='word_1_707' title='bbox 2015 5345 2154 5395; x_wconf 89' lang='lat' dir='ltr'><strong><em>nem,</em></strong></span> <span class='ocrx_word' id='word_1_708' title='bbox 2184 5333 2231 5383; x_wconf 91' lang='lat' dir='ltr'><strong><em>et</em></strong></span> <span class='ocrx_word' id='word_1_709' title='bbox 2257 5326 2322 5380; x_wconf 87' lang='lat' dir='ltr'><strong><em>de</em></strong></span> <span class='ocrx_word' id='word_1_710' title='bbox 2350 5323 2514 5380; x_wconf 89' lang='lat' dir='ltr'><strong><em>illatis</em></strong></span> <span class='ocrx_word' id='word_1_711' title='bbox 2545 5321 2779 5394; x_wconf 60' lang='lat' dir='ltr'><strong><em>Egypto</em></strong></span> <span class='ocrx_word' id='word_1_712' title='bbox 2802 5322 2970 5395; x_wconf 86' lang='lat' dir='ltr'><strong><em>plagis</em></strong></span> <span class='ocrx_word' id='word_1_713' title='bbox 2995 5338 3151 5393; x_wconf 91' lang='lat' dir='ltr'><strong><em>usque</em></strong></span> <span class='ocrx_word' id='word_1_714' title='bbox 3173 5320 3240 5376; x_wconf 91' lang='lat' dir='ltr'><strong><em>ad</em></strong></span> <span class='ocrx_word' id='word_1_715' title='bbox 3262 5321 3537 5378; x_wconf 87' lang='lat' dir='ltr'><strong><em>decimam.</em></strong></span> 
     </span>
    </p>
   </div>
   <div class='ocr_carea' id='block_1_67' title="bbox 255 5411 3542 5499">
    <p class='ocr_par' dir='ltr' id='par_1_67' title="bbox 255 5411 3542 5499">
     <span class='ocr_line' id='line_1_67' title="bbox 255 5411 3542 5499; baseline -0 -28"><span class='ocrx_word' id='word_1_716' title='bbox 255 5411 308 5468; x_wconf 87' lang='lat' dir='ltr'><strong><em>II.</em></strong></span> <span class='ocrx_word' id='word_1_717' title='bbox 347 5416 425 5472; x_wconf 90' lang='lat' dir='ltr'><strong><em>De</em></strong></span> <span class='ocrx_word' id='word_1_718' title='bbox 450 5435 700 5488; x_wconf 88' lang='lat' dir='ltr'><strong><em>percusso</em></strong></span> <span class='ocrx_word' id='word_1_719' title='bbox 724 5439 755 5475; x_wconf 90' lang='lat' dir='ltr'><strong><em>a</em></strong></span> <span class='ocrx_word' id='word_1_720' title='bbox 783 5421 968 5494; x_wconf 84' lang='lat' dir='ltr'><strong><em>Moyse</em></strong></span> <span class='ocrx_word' id='word_1_721' title='bbox 988 5423 1239 5497; x_wconf 62' lang='lat' dir='ltr'><strong><em>zEgyptio</em></strong></span> <span class='ocrx_word' id='word_1_722' title='bbox 1266 5467 1283 5495; x_wconf 92' lang='lat'><strong><em>,</em></strong></span> <span class='ocrx_word' id='word_1_723' title='bbox 1332 5435 1378 5482; x_wconf 90' lang='lat' dir='ltr'><strong><em>et</em></strong></span> <span class='ocrx_word' id='word_1_724' title='bbox 1409 5431 1535 5499; x_wconf 89' lang='lat' dir='ltr'><strong><em>fuga</em></strong></span> <span class='ocrx_word' id='word_1_725' title='bbox 1575 5425 1752 5498; x_wconf 85' lang='lat' dir='ltr'><strong><em>Moysi</em></strong></span> <span class='ocrx_word' id='word_1_726' title='bbox 1780 5426 1834 5481; x_wconf 91' lang='lat' dir='ltr'><strong><em>in</em></strong></span> <span class='ocrx_word' id='word_1_727' title='bbox 1946 5420 2035 5479; x_wconf 85' lang='lat' dir='ltr'><strong><em>Vl.</em></strong></span> <span class='ocrx_word' id='word_1_728' title='bbox 2082 5420 2157 5478; x_wconf 90' lang='lat' dir='ltr'><strong><em>De</em></strong></span> <span class='ocrx_word' id='word_1_729' title='bbox 2185 5419 2309 5491; x_wconf 91' lang='lat' dir='ltr'><strong><em>agni</em></strong></span> <span class='ocrx_word' id='word_1_730' title='bbox 2332 5415 2706 5483; x_wconf 90' lang='lat' dir='ltr'><strong><em>immolatione,</em></strong></span> <span class='ocrx_word' id='word_1_731' title='bbox 2733 5424 2778 5470; x_wconf 90' lang='lat' dir='ltr'><strong><em>et</em></strong></span> <span class='ocrx_word' id='word_1_732' title='bbox 2802 5415 2865 5470; x_wconf 86' lang='lat' dir='ltr'><strong><em>de</em></strong></span> <span class='ocrx_word' id='word_1_733' title='bbox 2885 5431 3090 5489; x_wconf 87' lang='lat' dir='ltr'><strong><em>egressu</em></strong></span> <span class='ocrx_word' id='word_1_734' title='bbox 3115 5413 3452 5470; x_wconf 73' lang='lat' dir='ltr'><strong><em>IIebrazorum</em></strong></span> <span class='ocrx_word' id='word_1_735' title='bbox 3478 5429 3542 5470; x_wconf 68' lang='lat' dir='ltr'><strong><em>ex</em></strong></span> 
     </span>
    </p>
   </div>
   <div class='ocr_carea' id='block_1_68' title="bbox 313 5507 3257 5590">
    <p class='ocr_par' dir='ltr' id='par_1_68' title="bbox 313 5507 3257 5590">
     <span class='ocr_line' id='line_1_68' title="bbox 313 5507 3257 5590; baseline 0.003 -26"><span class='ocrx_word' id='word_1_736' title='bbox 313 5516 501 5566; x_wconf 84' lang='lat' dir='ltr'><strong><em>terram</em></strong></span> <span class='ocrx_word' id='word_1_737' title='bbox 529 5510 771 5580; x_wconf 85' lang='lat' dir='ltr'><strong><em>Madian,</em></strong></span> <span class='ocrx_word' id='word_1_738' title='bbox 791 5515 875 5569; x_wconf 88' lang='lat' dir='ltr'><strong><em>ubi</em></strong></span> <span class='ocrx_word' id='word_1_739' title='bbox 901 5527 1114 5589; x_wconf 89' lang='lat' dir='ltr'><strong><em>accepta</em></strong></span> <span class='ocrx_word' id='word_1_740' title='bbox 1139 5535 1322 5590; x_wconf 75' lang='lat' dir='ltr'><strong><em>uxore,</em></strong></span> <span class='ocrx_word' id='word_1_741' title='bbox 1340 5520 1472 5575; x_wconf 89' lang='lat' dir='ltr'><strong><em>duos</em></strong></span> <span class='ocrx_word' id='word_1_742' title='bbox 1494 5519 1633 5590; x_wconf 78' lang='lat' dir='ltr'><strong><em>ﬁlios</em></strong></span> <span class='ocrx_word' id='word_1_743' title='bbox 1661 5535 1838 5576; x_wconf 87' lang='lat' dir='ltr'><strong><em>susce—</em></strong></span> <span class='ocrx_word' id='word_1_744' title='bbox 2016 5514 2256 5586; x_wconf 53' lang='lat' dir='ltr'><strong><em>Egi/pla</em></strong></span> <span class='ocrx_word' id='word_1_745' title='bbox 2286 5511 2338 5566; x_wconf 79' lang='grc' dir='ltr'><strong><em>ἱη</em></strong></span> <span class='ocrx_word' id='word_1_746' title='bbox 2364 5507 2806 5565; x_wconf 59' lang='lat' dir='ltr'><strong><em>consummatione</em></strong></span> <span class='ocrx_word' id='word_1_747' title='bbox 2829 5507 3040 5564; x_wconf 68' lang='grc' dir='ltr'><strong><em>άεοὶιηω</em></strong></span> <span class='ocrx_word' id='word_1_748' title='bbox 3067 5507 3257 5578; x_wconf 65' lang='lat' dir='ltr'><strong><em>plaga?-</em></strong></span> 
     </span>
    </p>
   </div>
   <div class='ocr_carea' id='block_1_69' title="bbox 315 5599 3549 5678">
    <p class='ocr_par' dir='ltr' id='par_1_69' title="bbox 315 5599 3549 5678">
     <span class='ocr_line' id='line_1_69' title="bbox 315 5599 3549 5678; baseline -0.001 -22"><span class='ocrx_word' id='word_1_749' title='bbox 315 5603 408 5671; x_wconf 83' lang='lat' dir='ltr'><strong><em>pit,</em></strong></span> <span class='ocrx_word' id='word_1_750' title='bbox 438 5616 488 5660; x_wconf 90' lang='lat' dir='ltr'><strong><em>et</em></strong></span> <span class='ocrx_word' id='word_1_751' title='bbox 520 5605 590 5660; x_wconf 89' lang='lat' dir='ltr'><strong><em>de</em></strong></span> <span class='ocrx_word' id='word_1_752' title='bbox 610 5607 798 5663; x_wconf 89' lang='lat' dir='ltr'><strong><em>visione</em></strong></span> <span class='ocrx_word' id='word_1_753' title='bbox 824 5613 879 5665; x_wconf 87' lang='lat' dir='ltr'><strong><em>in</em></strong></span> <span class='ocrx_word' id='word_1_754' title='bbox 900 5611 1050 5667; x_wconf 90' lang='lat' dir='ltr'><strong><em>rubo.</em></strong></span> <span class='ocrx_word' id='word_1_755' title='bbox 1257 5634 1262 5636; x_wconf 94' lang='grc'>·</span> <span class='ocrx_word' id='word_1_756' title='bbox 1949 5607 2064 5664; x_wconf 81' lang='lat' dir='ltr'><strong><em>VII.</em></strong></span> <span class='ocrx_word' id='word_1_757' title='bbox 2091 5605 2166 5661; x_wconf 93' lang='lat' dir='ltr'><strong><em>De</em></strong></span> <span class='ocrx_word' id='word_1_758' title='bbox 2193 5603 2551 5678; x_wconf 84' lang='lat' dir='ltr'><strong><em>primogenitis</em></strong></span> <span class='ocrx_word' id='word_1_759' title='bbox 2583 5599 2810 5656; x_wconf 91' lang='lat' dir='ltr'><strong><em>Domino</em></strong></span> <span class='ocrx_word' id='word_1_760' title='bbox 2840 5599 3229 5668; x_wconf 89' lang='lat' dir='ltr'><strong><em>consecrandis,</em></strong></span> <span class='ocrx_word' id='word_1_761' title='bbox 3257 5607 3305 5654; x_wconf 89' lang='lat' dir='ltr'><strong><em>et</em></strong></span> <span class='ocrx_word' id='word_1_762' title='bbox 3327 5599 3390 5655; x_wconf 87' lang='lat' dir='ltr'><strong><em>de</em></strong></span> <span class='ocrx_word' id='word_1_763' title='bbox 3414 5599 3549 5655; x_wconf 89' lang='lat' dir='ltr'><strong><em>ossi-</em></strong></span> 
     </span>
    </p>
   </div>
   <div class='ocr_carea' id='block_1_70' title="bbox 258 5689 2936 5778">
    <p class='ocr_par' dir='ltr' id='par_1_70' title="bbox 258 5689 2936 5778">
     <span class='ocr_line' id='line_1_70' title="bbox 258 5689 2936 5778; baseline -0 -29"><span class='ocrx_word' id='word_1_764' title='bbox 258 5689 331 5750; x_wconf 88' lang='lat' dir='ltr'><strong><em>III.</em></strong></span> <span class='ocrx_word' id='word_1_765' title='bbox 347 5694 422 5751; x_wconf 89' lang='lat' dir='ltr'><strong><em>De</em></strong></span> <span class='ocrx_word' id='word_1_766' title='bbox 435 5697 589 5770; x_wconf 89' lang='lat' dir='ltr'><strong><em>virga</em></strong></span> <span class='ocrx_word' id='word_1_767' title='bbox 607 5699 656 5754; x_wconf 89' lang='lat' dir='ltr'><strong><em>in</em></strong></span> <span class='ocrx_word' id='word_1_768' title='bbox 671 5701 940 5758; x_wconf 88' lang='lat' dir='ltr'><strong><em>colubrum</em></strong></span> <span class='ocrx_word' id='word_1_769' title='bbox 953 5719 1120 5773; x_wconf 91' lang='lat' dir='ltr'><strong><em>versa,</em></strong></span> <span class='ocrx_word' id='word_1_770' title='bbox 1150 5718 1198 5764; x_wconf 90' lang='lat' dir='ltr'><strong><em>et</em></strong></span> <span class='ocrx_word' id='word_1_771' title='bbox 1213 5723 1371 5762; x_wconf 91' lang='lat' dir='ltr'><strong><em>manu</em></strong></span> <span class='ocrx_word' id='word_1_772' title='bbox 1396 5708 1451 5762; x_wconf 89' lang='lat' dir='ltr'><strong><em>in</em></strong></span> <span class='ocrx_word' id='word_1_773' title='bbox 1474 5707 1590 5762; x_wconf 88' lang='lat' dir='ltr'><strong><em>sinu</em></strong></span> <span class='ocrx_word' id='word_1_774' title='bbox 1612 5723 1632 5762; x_wconf 89' lang='lat'><strong><em>:</em></strong></span> <span class='ocrx_word' id='word_1_775' title='bbox 1655 5715 1703 5761; x_wconf 90' lang='lat' dir='ltr'><strong><em>et</em></strong></span> <span class='ocrx_word' id='word_1_776' title='bbox 1721 5722 1841 5778; x_wconf 88' lang='lat' dir='ltr'><strong><em>pro-</em></strong></span> <span class='ocrx_word' id='word_1_777' title='bbox 2029 5699 2120 5754; x_wconf 90' lang='lat' dir='ltr'><strong><em>bus</em></strong></span> <span class='ocrx_word' id='word_1_778' title='bbox 2140 5696 2334 5768; x_wconf 80' lang='lat' dir='ltr'><strong><em>Ioseph</em></strong></span> <span class='ocrx_word' id='word_1_779' title='bbox 2372 5711 2434 5750; x_wconf 77' lang='lat' dir='ltr'><strong><em>ea:</em></strong></span> <span class='ocrx_word' id='word_1_780' title='bbox 2465 5694 2697 5767; x_wconf 62' lang='lat' dir='ltr'><strong><em>zEgypto</em></strong></span> <span class='ocrx_word' id='word_1_781' title='bbox 2727 5692 2936 5749; x_wconf 88' lang='lat' dir='ltr'><strong><em>ablatis.</em></strong></span> 
     </span>
    </p>
   </div>
   <div class='ocr_carea' id='block_1_71' title="bbox 317 5784 3559 5874">
    <p class='ocr_par' dir='ltr' id='par_1_71' title="bbox 317 5784 3559 5874">
     <span class='ocr_line' id='line_1_71' title="bbox 317 5784 3559 5874; baseline -0 -30"><span class='ocrx_word' id='word_1_782' title='bbox 317 5791 535 5860; x_wconf 88' lang='lat' dir='ltr'><strong><em>fectione</em></strong></span> <span class='ocrx_word' id='word_1_783' title='bbox 563 5795 674 5866; x_wconf 87' lang='lat' dir='ltr'><strong><em>ejus</em></strong></span> <span class='ocrx_word' id='word_1_784' title='bbox 694 5795 747 5850; x_wconf 88' lang='lat' dir='ltr'><strong><em>in</em></strong></span> <span class='ocrx_word' id='word_1_785' title='bbox 759 5794 1070 5870; x_wconf 64' lang='lat' dir='ltr'><strong><em>Egyptum,</em></strong></span> <span class='ocrx_word' id='word_1_786' title='bbox 1093 5811 1138 5856; x_wconf 90' lang='lat' dir='ltr'><strong><em>et</em></strong></span> <span class='ocrx_word' id='word_1_787' title='bbox 1161 5803 1392 5874; x_wconf 87' lang='lat' dir='ltr'><strong><em>ingressu</em></strong></span> <span class='ocrx_word' id='word_1_788' title='bbox 1404 5801 1472 5856; x_wconf 86' lang='lat' dir='ltr'><strong><em>ad</em></strong></span> <span class='ocrx_word' id='word_1_789' title='bbox 1491 5799 1847 5857; x_wconf 86' lang='lat' dir='ltr'><strong><em>Pharaonem.</em></strong></span> <span class='ocrx_word' id='word_1_790' title='bbox 1957 5792 2090 5850; x_wconf 85' lang='lat' dir='ltr'><strong><em>VIII.</em></strong></span> <span class='ocrx_word' id='word_1_791' title='bbox 2120 5789 2197 5846; x_wconf 93' lang='lat' dir='ltr'><strong><em>De</em></strong></span> <span class='ocrx_word' id='word_1_792' title='bbox 2218 5787 2462 5844; x_wconf 88' lang='lat' dir='ltr'><strong><em>columna</em></strong></span> <span class='ocrx_word' id='word_1_793' title='bbox 2489 5787 2638 5844; x_wconf 88' lang='lat' dir='ltr'><strong><em>nubis</em></strong></span> <span class='ocrx_word' id='word_1_794' title='bbox 2667 5795 2715 5843; x_wconf 90' lang='lat' dir='ltr'><strong><em>et</em></strong></span> <span class='ocrx_word' id='word_1_795' title='bbox 2743 5785 2901 5860; x_wconf 88' lang='lat' dir='ltr'><strong><em>ignis,</em></strong></span> <span class='ocrx_word' id='word_1_796' title='bbox 2941 5793 2988 5841; x_wconf 94' lang='lat' dir='ltr'><strong><em>et</em></strong></span> <span class='ocrx_word' id='word_1_797' title='bbox 3014 5784 3234 5840; x_wconf 88' lang='lat' dir='ltr'><strong><em>transitu</em></strong></span> <span class='ocrx_word' id='word_1_798' title='bbox 3255 5785 3415 5841; x_wconf 89' lang='lat' dir='ltr'><strong><em>maris</em></strong></span> <span class='ocrx_word' id='word_1_799' title='bbox 3445 5785 3559 5843; x_wconf 84' lang='lat' dir='ltr'><strong><em>Ru-</em></strong></span> 
     </span>
    </p>
   </div>
   <div class='ocr_carea' id='block_1_72' title="bbox 253 5877 2448 5964">
    <p class='ocr_par' dir='ltr' id='par_1_72' title="bbox 253 5877 2448 5964">
     <span class='ocr_line' id='line_1_72' title="bbox 253 5877 2448 5964; baseline 0.003 -27"><span class='ocrx_word' id='word_1_800' title='bbox 253 5877 331 5938; x_wconf 88' lang='lat' dir='ltr'><strong><em>IV.</em></strong></span> <span class='ocrx_word' id='word_1_801' title='bbox 388 5880 468 5940; x_wconf 87' lang='lat' dir='ltr'><strong><em>De</em></strong></span> <span class='ocrx_word' id='word_1_802' title='bbox 495 5887 926 5956; x_wconf 87' lang='lat' dir='ltr'><strong><em>recapitulatione</em></strong></span> <span class='ocrx_word' id='word_1_803' title='bbox 948 5894 1344 5964; x_wconf 87' lang='lat' dir='ltr'><strong><em>generationum</em></strong></span> <span class='ocrx_word' id='word_1_804' title='bbox 1375 5892 1774 5951; x_wconf 86' lang='lat' dir='ltr'><strong><em>Hebraicarum.</em></strong></span> <span class='ocrx_word' id='word_1_805' title='bbox 2027 5885 2126 5956; x_wconf 85' lang='lat' dir='ltr'><strong><em>bri,</em></strong></span> <span class='ocrx_word' id='word_1_806' title='bbox 2156 5892 2201 5941; x_wconf 82' lang='lat' dir='ltr'><strong><em>et</em></strong></span> <span class='ocrx_word' id='word_1_807' title='bbox 2228 5882 2448 5939; x_wconf 73' lang='lat' dir='ltr'><strong><em>cantico-</em></strong></span> 
     </span>
    </p>
   </div>
   <div class='ocr_carea' id='block_1_73' title="bbox 519 5974 3048 6074">
    <p class='ocr_par' dir='ltr' id='par_1_73' title="bbox 519 5974 3048 6074">
     <span class='ocr_line' id='line_1_73' title="bbox 519 5974 3048 6074; baseline 0.011 -35"><span class='ocrx_word' id='word_1_808' title='bbox 519 5976 797 6042; x_wconf 57' lang='lat' dir='ltr'><strong><em>Pmoe.</em></strong></span> <span class='ocrx_word' id='word_1_809' title='bbox 875 5982 1174 6049; x_wconf 77' lang='lat' dir='ltr'><strong><em>XXVIII.</em></strong></span> <span class='ocrx_word' id='word_1_810' title='bbox 1831 6069 1841 6074; x_wconf 90' lang='grc' dir='ltr'><strong><em> </em></strong></span> <span class='ocrx_word' id='word_1_811' title='bbox 3008 5974 3048 6034; x_wconf 77' lang='grc'>8</span> 
     </span>
    </p>
   </div>
  </div>
