4044 6360
509 290 618 361 255

1478 292 1536 348 S.
1576 288 1959 351 IIIERONVMI
2000 285 2235 351 DIVINA
2278 285 2754 349 BIBLIOTIIECA.

3640 310 3645 315 -
3706 292 3816 372 εδδ

510 407 605 464 IX.
628 405 707 462 De
725 406 1074 463 amaritudine
1105 422 1255 480 aqua?
1282 407 1337 464 in
1374 407 1608 479 Marath,
1636 417 1685 465 et
1721 408 1785 464 de
1824 424 2016 465 manna
2053 407 2107 462 in
2137 412 2190 485 Α
2283 422 2402 461 rum
2438 406 2548 461 illic
2581 405 2969 461 demoratione:
3006 402 3093 467 ubi
3129 402 3195 460 de
3234 400 3556 471 tabernaculi
3591 414 3639 463 et
3680 424 3818 463 arcu:

583 502 783 558 deserto
812 502 1038 576 primum
1067 500 1306 577 delapso.

2286 499 2625 573 fabricatione
2646 499 2951 555 instituitur.

517 597 585 653 X.
617 597 697 653 De
735 598 1051 671 profectione
1090 597 1270 672 populi
1317 598 1371 651 in
1413 595 1718 670 Raphidim,
1752 596 1842 651 ubi
1875 612 2012 667 aqua
2047 597 2119 672 de
2212 589 2354 647 XVI.
2380 589 2458 646 De
2484 590 2892 655 sacerdotalibus
2918 590 3256 649 indumentis.

585 699 732 762 petra
761 691 937 762 ﬂuxit,
965 699 1013 746 et
1056 689 1119 744 de
1146 689 1277 745 bello
1326 697 1506 744 contra
1534 688 1865 755 Antalecitas,
1919 700 1967 744 et
2020 687 2110 743 ubi

582 779 768 838 Jethro
817 789 1064 855 cognatus
1096 780 1285 854 Moysi,
1341 796 1556 836 uxorem
1595 781 1645 847 ei
1690 797 1808 836 cum
1854 781 1979 854 ﬁliis
2027 797 2108 836 re-

580 881 875 951 praesentat,
904 874 1033 929 dans
1059 873 1336 928 consilium
1366 871 1431 927 de
1459 873 1811 948 prtzﬁciendis
1840 874 2103 930 centuriae

580 968 749 1024 nibus.

504 1060 595 1117 XI.
632 1059 709 1116 De
728 1060 1044 1133 profectione
1063 1058 1119 1114 in
1165 1058 1423 1119 desertum
1454 1058 1631 1130 Sinai,
1661 1060 1748 1115 ubi
1794 1060 2017 1132 populus
2045 1060 2102 1114 in

573 1156 706 1211 diem
771 1154 982 1209 tertium
1046 1153 1404 1223 sanctiﬁcatus
1476 1154 1759 1220 assistam,
1826 1165 1872 1208 et
1930 1152 2100 1213 Deum

571 1250 625 1302 in
655 1247 841 1302 vertice
867 1246 1052 1301 montis
1076 1248 1221 1315 vidit,
1249 1257 1298 1303 et
1327 1256 1581 1319 pratcepta
1608 1248 1736 1320 legis
1762 1247 1979 1316 accepit.

498 1340 615 1397 XII.
646 1338 724 1394 De
754 1341 909 1394 servis
942 1338 1197 1409 Hebraeis,
1229 1340 1551 1407 remissione,
1594 1350 1642 1394 et
1691 1339 2094 1413 percussoribus,

569 1432 650 1487 vel
671 1431 965 1498 homicidis,
999 1432 1222 1504 furibus,
1246 1433 1325 1487 vel
1349 1432 1500 1504 falsis
1531 1431 1769 1499 testibus,
1798 1440 1843 1488 et
1873 1432 1936 1487 de
1972 1434 2097 1488 reli-

567 1527 682 1605 quis
706 1525 944 1597 iudiciis.
1668 1512 1671 1513 ⁷

494 1618 635 1676 XIII.
667 1617 748 1674 De
776 1619 1007 1689 reliquiis
1037 1627 1187 1674 terrae
1213 1620 1267 1673 in
1294 1635 1431 1673 anno
1461 1619 1699 1690 septimo,
1732 1626 1781 1673 et
1808 1616 1873 1672 de
1902 1615 2091 1674 solem-

506 1750 511 1758 .
569 1710 836 1779 uitalibus,
859 1725 920 1765 ac
947 1709 1186 1766 decimis.

2211 683 2377 759 XVII.
2408 684 2483 740 De
2507 684 2801 757 sacriﬁciis,
2834 692 2883 740 et
2905 685 3145 742 victimis.

2211 778 2399 836 XVIII.
2427 777 2506 833 De
2525 779 2696 835 altare
2722 779 3095 851 thymiamatis,
3129 788 3177 836 et
3204 780 3266 835 de
3312 788 3573 855 unguento
3597 782 3810 854 ponti/i-

2280 873 2412 943 cali,
2450 882 2497 930 et
2522 874 2585 929 de
2607 872 2839 935 Beseleel
2858 884 2907 935 et
2940 873 3124 954 Oliab,
3157 883 3205 931 et
3251 875 3317 932 de
3339 875 3663 947 observantia
3690 878 3809 932 sab-

2279 965 2407 1022 bati.

2204 1055 2348 1114 XIX.
2381 1056 2461 1112 De
2501 1059 2670 1115 reditu
2717 1058 2891 1134 Moysi
2934 1071 3049 1137 post
3093 1062 3447 1139 quadraginta
3495 1064 3633 1135 dies,
3668 1074 3715 1120 et
3742 1066 3809 1120 de

2275 1152 2629 1227 confractione
2669 1154 2995 1226 tabularum,
3032 1167 3080 1221 et
3119 1158 3183 1213 de
3222 1159 3384 1214 vitulo
3423 1175 3489 1227 ex
3524 1175 3653 1214 auro
3682 1176 3809 1215 con-

2270 1246 2420 1323 flato,
2449 1257 2497 1302 et
2518 1247 2582 1301 de
2597 1248 2738 1303 ccede
2766 1250 2818 1303 in
2845 1250 3126 1327 sacrilegos
3151 1261 3314 1328 gesta,
3353 1262 3402 1308 et
3442 1253 3807 1324 deprecatione

2272 1339 2449 1413 Moysi
2476 1358 2571 1414 pro
2599 1342 2820 1417 populo.

2200 1435 2317 1492 XX.
2350 1434 2431 1492 De
2457 1439 2684 1493 secundo
2710 1456 2925 1496 ascensu
2957 1439 3133 1514 Moysi
3183 1443 3238 1497 in
3279 1451 3526 1512 montem,
3553 1453 3603 1499 et
3645 1460 3803 1517 repa-

2267 1530 2469 1585 ratione
2494 1531 2805 1600 tabularum,
2838 1544 2885 1589 et
2916 1552 3017 1590 non
3043 1536 3351 1605 aderandis,
3385 1554 3449 1592 ac
3490 1538 3556 1593 de
3600 1520 3803 1594 cunctis

2268 1625 2536 1699 praceptis
2558 1665 2576 1694 ,
2631 1636 2679 1680 et
2743 1627 2807 1695 de
2854 1628 3282 1705 recapitulatione
3346 1630 3801 1691 instrumenttrunt

2268 1716 2609 1785 tabernaculi,
2642 1728 2689 1773 et
2723 1720 2890 1775 reditu
2936 1718 3109 1793 Moysi
3150 1732 3263 1794 post
3290 1721 3639 1807 quadraginta
3665 1722 3797 1779 dies.

493 1802 633 1860 XIV.
666 1803 745 1858 De
771 1803 1099 1875 septuaginta
1124 1801 1407 1859 senioribus
1434 1802 1522 1867 qui
1551 1801 1723 1875 juncti
1743 1802 2096 1859 sacerdotibus
2202 1806 2345 1881 XXI.
2378 1807 2456 1865 De
2485 1809 2761 1867 collatione
2800 1813 3003 1885 papuli,
3047 1813 3128 1869 uel
3173 1801 3449 1887 apparatu,
3500 1823 3547 1881 et
3596 1814 3662 1869 de
3711 1816 3795 1889 fa-

566 1894 805 1950 viderunt
835 1893 1112 1955 Dominum
1135 1891 1325 1949 Israel.

490 1992 609 2050 XV.
642 1993 722 2050 De
742 2010 965 2050 ascensu
996 1992 1167 2065 Moysi
1200 1995 1253 2049 in
1294 2001 1483 2063 monte,
1513 2001 1559 2049 et
1602 1992 1952 2068 quadraginta
1980 1992 2089 2046 die-

2272 1904 2553 1961 bricatione
2627 1905 2988 1979 tabernaculi,
3045 1909 3255 1980 quando
3327 1909 3570 1983 apparuit
3625 1907 3799 1982 gloria

2273 1996 2501 2055 Domini.

1644 2247 2043 2313 CAPITULA
2085 2246 2216 2310 LIB
2225 2248 2301 2312 III
2347 2248 2627 2313 EXODI.

484 2381 526 2438 I.
563 2378 640 2436 De
669 2380 957 2436 nominibus
980 2381 1208 2451 ﬁliorum
1257 2375 1581 2449 Israelpqui
1616 2373 1835 2451 ingressi
1876 2380 1996 2429 sunt
2034 2372 2089 2427 in

561 2476 875 2551 AEgyptum,
905 2486 953 2533 et
979 2477 1041 2532 de
1068 2474 1361 2547 infantibus
1402 2471 1766 2538 Hebrworum,
1799 2485 1928 2545 quos
1955 2483 2089 2542 prte-

555 2572 709 2641 cepit.
722 2570 937 2626 Pharao
959 2571 1013 2626 in
1038 2573 1234 2640 ﬂumen
1259 2567 1468 2641 projici.

481 2664 547 2735 II.
581 2662 660 2720 De
689 2680 870 2737 puero,
901 2679 1050 2736 quem
1072 2662 1265 2718 invenit
1309 2660 1421 2731 ﬁlia
1466 2657 1786 2727 Pharaonis,
1815 2665 1860 2713 et
1898 2671 2087 2729 cogno-
2171 2736 2183 2748 .

555 2759 766 2823 minavil
792 2774 907 2815 eum
929 2756 1168 2829 Moysen.

476 2849 566 2907 III.
600 2849 678 2904 De
704 2848 978 2922 zEgyptio,
1007 2864 1157 2920 quem
1184 2844 1376 2902 occidit
1407 2843 1599 2909 Moses,
1623 2854 1671 2899 et
1691 2842 1846 2916 fugit.

483 2943 572 3000 IV.
608 2943 815 3000 Mortuo
858 2943 1169 3010 Pharaone,
1216 2940 1478 2997 exaudivit
1527 2936 1786 2993 Dominus
1831 2934 1969 3009 ﬁlios
2001 2933 2085 2991 Is-

552 3036 682 3091 rael.
1106 3040 1117 3053 ‘

479 3126 545 3183 V.
585 3126 685 3183 Ubi
713 3127 957 3201 apparuit
975 3125 1189 3198 angelus
1218 3123 1356 3179 Mosi
1386 3124 1439 3179 in
1460 3122 1612 3177 rubo.

480 3218 565 3275 VI.
598 3217 679 3274 De
704 3220 851 3294 signo
872 3218 1008 3291 quod
1030 3217 1170 3272 dedit
1200 3215 1455 3277 Dominus
1486 3212 1624 3270 Mosi
1649 3213 1703 3268 in
1734 3214 1897 3286 virga.

479 3311 592 3366 VII.
621 3311 694 3367 De
722 3312 870 3384 signa
905 3311 1155 3366 secundo.

477 3400 614 3457 VIII.
644 3399 722 3456 De
744 3400 893 3473 signo
920 3401 1091 3456 tertio.

476 3491 572 3575 IX‘.
606 3491 706 3548 Ubi
735 3494 869 3548 venit
899 3493 967 3547 ad
1007 3508 1241 3548 socerum
1280 3491 1507 3563 Moyses,
1550 3500 1599 3546 et
1639 3491 1774 3547 dixit
1810 3492 1900 3547 ei:
1932 3489 2077 3546 Vado

549 3583 618 3638 ad
645 3585 830 3655 fratres
859 3601 1021 3641 meos.

474 3676 543 3733 X.
597 3675 809 3732 Mortuo
860 3675 1171 3743 Pharaone,
1220 3675 1351 3733 dixit
1409 3674 1665 3730 Dominus
1712 3675 1781 3729 ad
1849 3672 2074 3730 Mosen:

550 3768 701 3824 Vade
742 3770 795 3823 in
836 3767 1154 3842 zEgyptum,
1198 3777 1243 3823 et
1289 3767 1611 3823 circumcidit
1645 3766 1881 3839 Sephora
1909 3765 2076 3837 ﬁlium

472 3878 745 4013 XITUDI'xit
795 3953 1052 4010 Dominus
1103 3954 1171 4009 ad
1210 3954 1427 4008 Aaron:
1461 3951 1605 4008 Vade
1638 3951 1845 4007 obviam
1877 3950 2071 4024 Moysi.

472 4051 588 4108 XII.
630 4049 826 4106 Dicunt
875 4049 1145 4105 Pharaoni
1181 4092 1195 4118 ,
1235 4059 1293 4105 ut
1351 4051 1576 4107 dimittat
1634 4048 1805 4106 Israel
1840 4050 1905 4105 de
1938 4060 2074 4106 terra

574 4159 661 4196 ua.

473 4160 809 4291 XIII‘.a:lubet
834 4233 1089 4288 Dominus
1122 4232 1295 4306 Moysi
1323 4233 1466 4306 loqui
1496 4235 1563 4289 ad
1590 4238 1862 4309 populum.

469 4325 612 4384 XIV.
642 4325 721 4381 De
740 4326 1061 4401 principibus
1091 4325 1281 4384 Israel.

467 4419 587 4476 XV.
625 4420 759 4476 Dedi
785 4429 853 4489 te,
884 4419 1011 4475 dicit
1039 4419 1318 4490 Dominus,
1349 4420 1514 4477 Deum
1544 4420 1832 4478 Pharaoni.

2266 2374 2324 2430 8.
2360 2372 2517 2430 Venit
2544 2373 2745 2430 locusta
2771 2389 2927 2447 super
2951 2389 3126 2430 omnes
3148 2373 3278 2445 ﬁnes
3307 2370 3548 2449 rEgypli.

2262 2467 2319 2524 9.
2393 2465 2575 2527 Facta:
2637 2478 2759 2525 sunt
2817 2456 3037 2539 tenebrat
3087 2469 3145 2527 in
3199 2477 3305 2523 tota
3366 2476 3504 2523 terra
3570 2465 3796 2542 Egypti

2332 2560 2531 2615 triduo.

2262 2655 2350 2712 IO.
2367 2655 2446 2715 De
2466 2656 2663 2715 decima
2677 2656 2859 2730 plaga,
2884 2657 2938 2711 in
2954 2671 3063 2729 qua
3083 2656 3331 2727 percussit
3358 2652 3619 2710 Dominus
3639 2669 3790 2710 omne

2328 2751 2732 2824 primogenitum
2760 2748 3158 2826 {Egyptiorunn

2189 2842 2351 2901 XVII.
2383 2842 2519 2897 Dicit
2552 2841 2808 2899 Dominus
2849 2841 3043 2919 Moysi,
3070 2843 3245 2898 adhuc
3265 2859 3427 2899 unam
3452 2842 3665 2916 plagam
3692 2857 3787 2915 ego

2254 2936 2443 2991 induco
2474 2935 2530 2990 in
2558 2933 2910 2991 Pharaonem.

2185 3029 2370 3088 XVIII.
2402 3028 2658 3102 Loquitur
2693 3027 2949 3101 Dominus
2995 3029 3167 3104 Moysi
3209 3039 3259 3087 et
3299 3031 3475 3085 Aaron
3505 3028 3573 3089 de
3606 3043 3788 3083 sacra-

2254 3133 2424 3187 mento
2454 3121 2683 3195 paschaz.

2104 3198 2150 3262 C
2182 3212 2324 3270 XIX.
2405 3213 2784 3275 Habitaverunt
2856 3215 2955 3282 ﬁlii
3014 3213 3183 3275 Israel
3223 3219 3277 3272 in
3340 3212 3581 3288 Egypto
3629 3212 3783 3268 annis

2228 3322 2512 3365 \CCCCXXX.

2182 3398 2302 3456 XX.
2337 3400 2524 3471 Legem
2550 3399 2756 3470 paschce
2783 3400 2872 3456 dat
2900 3398 3170 3455 Dominus.

2182 3491 2327 3548 XXI.
2381 3490 2520 3546 Dicit
2574 3490 2829 3546 Dominus
2860 3534 2875 3559 ,
2931 3500 2986 3546 ut
3030 3491 3355 3562 sanctiﬁcent
3398 3505 3548 3545 omne
3601 3488 3781 3560 primi-

2251 3587 2433 3641 tivum.

2179 3679 2346 3738 XXII.
2382 3682 2577 3750 Quinta
2630 3682 2873 3756 pragenie
2938 3682 3279 3738 ascenderunt
3337 3682 3433 3752 ﬁlii
3492 3681 3663 3738 Israel
3717 3684 3782 3738 de

2250 3774 2512 3850 2Egypto.

2176 3867 2367 3925 XXIII.
2394 3868 2713 3925 Consecutus
2733 3878 2807 3925 est
2820 3867 3042 3925 Pharao
3070 3868 3209 3940 ﬁlios
3231 3868 3423 3949 Israel,
3443 3878 3489 3925 et
3511 3870 3780 3943 coaperuit

2250 3961 2532 4033 {Egyptios
2562 3977 2723 4016 mare.

2177 4050 2367 4121 XXIV.
2389 4050 2680 4107 Canticum.

2173 4140 2343 4199 XXV.
2376 4140 2615 4199 Cantavit
2643 4152 2691 4199 et
2715 4143 2889 4200 Maria
2931 4162 3049 4201 cum
3093 4148 3394 4206 mulieribus
3430 4150 3485 4205 in
3514 4151 3778 4229 tympanis

2245 4244 2295 4288 et
2323 4234 2513 4290 choris.

2174 4325 2367 4383 XXVI.
2394 4325 2738 4384 Murmuravit
2766 4334 2993 4404 populus
3020 4333 3075 4387 in
3104 4334 3306 4389 deserto
3330 4351 3426 4408 pro
3444 4352 3600 4408 aqua.

2171 4418 2391 4475 XXVII.
2428 4418 2885 4478 Murmuraverunt
2911 4433 2960 4477 et
2982 4440 3077 4494 pro
3105 4426 3366 4481 carnibus.

472 4511 614 4573 XVI.
650 4511 876 4587 Projecit
899 4514 1072 4569 Aaron
1097 4514 1292 4588 virgam
1316 4531 1491 4569 coram
1521 4513 1825 4582 Pharaone,
1857 4524 1903 4571 et
1932 4517 2071 4587 facta
2174 4509 2413 4567 XXVIII.
2446 4510 2606 4567 Dedit
2630 4510 2888 4569 Dominus
2916 4515 3111 4587 populo
3154 4519 3443 4574 coturnices
3480 4528 3527 4575 et
3558 4537 3770 4575 manna.

540 4615 614 4659 est
638 4605 799 4661 draco
832 4622 850 4660 :
882 4617 928 4661 et
956 4606 1187 4677 fecerunt
1214 4608 1355 4680 magi
1381 4606 1638 4662 similiter.

610 4696 786 4769 Plagae
813 4697 1035 4771 (Egypti
1063 4716 1076 4753 :

540 4789 590 4845 I.
625 4787 726 4845 Ubi
751 4807 886 4861 aqua
915 4790 1151 4861 fluminis
1178 4790 1318 4862 facta
1361 4790 1436 4848 est
1471 4793 1725 4864 sanguis:
1756 4793 1986 4863 fecerunt
2016 4802 2065 4847 et

610 4881 748 4952 magi
772 4883 1029 4939 similiter.

533 4978 590 5032 2.
625 4974 890 5032 Percussit
920 4978 1105 5032 iterum
1135 4980 1307 5032 Aaron
1338 4995 1502 5049 aquas
1535 4977 1757 5053 /Egypti
1798 4987 1844 5034 et
1884 4978 2064 5033 eduxit

608 5085 806 5124 ranas:
836 5074 1067 5141 fecerunt
1097 5081 1143 5125 et
1170 5071 1308 5144 magi
1334 5071 1590 5126 similiter.

533 5162 587 5219 ὅ.
624 5161 891 5218 Percussit
918 5163 1096 5218 Aaron
1145 5165 1407 5236 pulverem
1449 5174 1627 5229 terrce,
1667 5175 1715 5219 et
1763 5164 1889 5235 facti
1939 5172 2060 5218 sunt

603 5252 832 5324 ciniphes
860 5254 915 5308 in
944 5242 1239 5309 hominibus
1257 5270 1277 5311 :
1306 5266 1352 5310 et
1382 5262 1645 5310 cesserunt
1670 5255 1830 5327 magi.

529 5347 587 5403 Δ.
622 5345 847 5403 Immisit
876 5352 1208 5419 coenomyiam
1235 5350 1290 5403 in
1314 5359 1470 5405 tatam
1494 5358 1686 5405 terram
1709 5346 1954 5423 Algypti.

530 5439 585 5495 5.
616 5439 761 5495 Misit
788 5438 1040 5496 Dominus
1061 5451 1276 5497 mortem
1299 5443 1352 5496 in
1379 5459 1563 5515 pecora
1586 5441 1980 5515 Aigyptiorum.

526 5536 580 5593 6.
606 5533 685 5590 De
709 5535 892 5607 favilla
918 5553 1071 5606 quam
1095 5537 1285 5607 sparsit
1309 5534 1518 5609 Moyses
1536 5537 1591 5592 in
1623 5535 1890 5605 malum,“
1912 5539 2054 5608 facta

595 5639 714 5685 sunt
751 5631 924 5685 ulcera
947 5630 1001 5684 in
1022 5627 1338 5684 hominibus.

524 5722 575 5778 7.
612 5721 863 5779 Extendit
890 5722 1097 5794 Moyses
1120 5739 1330 5779 manum
1348 5722 1402 5777 in
1434 5724 1696 5791 cwlum,et
1723 5723 1855 5795 pluit
1872 5721 2052 5779 Demi-

597 5829 693 5871 nus
714 5815 883 5890 ignem
908 5822 953 5871 et
976 5815 1300 5890 grandinem.

2091 4599 2147 4661 D
2172 4601 2365 4659 XXIX.
2395 4601 2844 4659 Manducaverunt
2871 4622 3063 4662 manna
3087 4609 3239 4664 annis
3265 4610 3636 4682 quadraginta.

2170 4692 2341 4750 XXX.
2388 4694 2840 4752 Murmuraverunt
2890 4715 2982 4769 pro
3018 4716 3177 4771 aqua,
3211 4711 3257 4757 et
3295 4703 3474 4758 eduxit
3510 4704 3575 4759 de
3622 4713 3773 4775 petra

2240 4803 2447 4843 aauanu

2240 4804 2273 4840 a
2308 4804 2447 4843 uam.

2168 4804 2363 5026 XXXI.
2400 4878 2551 4936 Venit
2590 4882 2837 4939 Amalech
2875 4886 2945 4938 ad
2979 4901 3241 4957 pugnam,
3284 4897 3333 4943 et
3367 4892 3619 4961 percussit
3647 4909 3769 4947 eum

2273 4988 2418 5026 osue.

2273 4988 2418 5028 οεκθ.

2165 5063 2384 5136 XXXII,
2420 5064 2573 5132 Venit
2594 5066 2779 5123 Jethro
2804 5067 2873 5122 ad
2906 5068 3121 5142 Moysen
3146 5072 3201 5126 in
3230 5073 3509 5129 desertum.

2163 5155 2410 5213 XXXIII.
2442 5156 2732 5213 Consilium
2754 5160 2895 5214 dedit
2924 5160 3107 5218 Jethro
3132 5163 3327 5236 Moysi,
3359 5176 3414 5221 ut
3437 5179 3769 5238 praeponeret

2237 5249 2472 5305 tribunos
2501 5260 2548 5305 et
2576 5253 2920 5307 centuriones.

2160 5339 2404 5396 XXXIV.
2440 5338 2683 5407 Testatur
2729 5342 2986 5399 Dominus
3032 5363 3123 5414 per
3177 5346 3396 5420 Moysen
3438 5352 3656 5423 populo,
3704 5362 3764 5406 ut

2227 5436 2445 5499 audiant
2466 5454 2602 5493 eum.

2159 5527 2379 5584 XXXV.
2441 5529 2723 5591 Descendit
2798 5529 3053 5588 Dominus
3119 5536 3175 5590 in
3239 5524 3463 5595 montem
3510 5537 3643 5594 Sina
3702 5540 3760 5594 in

2228 5640 2368 5680 iane.

2228 5642 2245 5677 ι
2284 5642 2368 5680 ne.

2160 5642 2404 5776 XXgXVI.
2446 5717 2691 5791 Prwsipit
2731 5717 2989 5777 Dominus
3038 5721 3212 5794 Moysi
3234 5760 3250 5790 ,
3310 5731 3368 5779 ut
3415 5723 3659 5781 ascendat
3705 5726 3762 5781 in

2232 5822 2459 5872 montem
2478 5812 2641 5871 solus.
3113 5840 3117 5844 >
