4044 6360
308 301 414 360 257

1603 306 2066 368 CAPI’I‘ULA'I‘IO
2105 307 2314 372 EXODI

3511 323 3618 384 238

311 422 571 480 XXXVII.
607 421 796 480 Decem
835 425 987 484 verba
1032 426 1179 500 legis,
1228 443 1344 500 qua!
1387 430 1630 502 praecepit
1663 431 1914 488 Dominus
1943 426 1991 486 A
2020 421 2306 484 LXXVIII.
2341 425 2540 486 Erratis
2567 427 2762 483 inimici
2779 429 3075 499 jumentum
3104 436 3463 491 revocandum.

379 519 637 573 custodiri
668 536 687 574 :

383 615 434 670 ‘I.
468 613 595 669 Non
623 624 776 670 erunt
804 615 897 670 tibi
927 616 1004 671 dii
1027 615 1218 689 absque
1243 635 1342 673 me.

377 713 431 767 9...
457 713 581 769 Non
608 714 773 784 facias
798 713 889 768 tibi
904 714 1105 769 idolum
1130 730 1289 786 neque
1309 715 1473 770 ullam
1493 716 1905 773 similitudinem.

381 808 434 861 5.
464 806 587 862 Non
615 823 785 862 sumes
811 824 999 870 nomen
1023 806 1121 862 Dei
1153 809 1226 862 tui
1248 809 1302 864 in
1325 825 1530 864 uanum.

379 903 434 958 4.
470 899 535 954 In
568 910 736 957 mente
762 901 893 955 habe
921 902 1058 954 client
1083 901 1436 957 sabbatorum.

383 996 435 1051 5.
471 994 691 1053 Honora
711 1004 914 1068 patrem
935 1004 1084 1050 tuum
1104 1005 1151 1051 et
1180 1003 1416 1050 matreni.

379 1091 434 1147 6.
469 1090 592 1145 Non
623 1091 849 1146 occides.

383 1185 434 1238 7.
472 1184 524 1238 Ν
527 1201 595 1239 on
623 1184 978 1241 moechaberis.

378 1281 434 1336 8.
468 1279 591 1335 Non
622 1280 818 1350 furtum
845 1279 1023 1348 facies.

377 1375 432 1432 9.
461 1374 587 1430 Non
616 1374 758 1430 dices
787 1374 982 1447 falsum
1009 1376 1373 1431 testimonium.

382 1470 468 1525 10.
497 1468 621 1524 Non
647 1469 977 1538 concupisces
999 1486 1217 1526 uxorem
1246 1471 1473 1540 proximi
1507 1470 1602 1537 tui,
1630 1485 1790 1540 neque
1811 1468 1910 1523 ali-

377 1591 384 1599 λ·
451 1563 578 1635 quid
603 1566 738 1635 ejus.

291 1656 600 1714 XXXVIII.
636 1657 829 1714 Timuit
855 1658 1079 1733 populus
1105 1669 1155 1716 et
1185 1659 1429 1715 dixerunt
1467 1660 1535 1717 ad
1571 1660 1808 1732 Moysen,
1853 1670 1907 1715 tu

379 1750 590 1820 loquere
609 1751 678 1806 ad
701 1768 814 1806 nos.

2011 515 2252 574 LXXIX.
2301 516 2513 574 Inimici
2563 523 2859 592 jumentum
2929 537 3164 592 pressum
3217 526 3446 597 pondere
3513 530 3614 584 eri-

2084 611 2329 681 gendum.

2012 703 2230 762 LXXX.
2253 705 2524 764 Iudicium
2551 710 2798 781 pauperis
2828 725 2931 765 non
2970 709 3382 768 subuertendum.

2013 797 2253 853 LXXXI.
2278 799 2355 853 Ab
2378 802 2518 855 omni
2538 801 2688 856 verbo
2717 803 2892 874 iniquo
2920 805 3281 863 recedendum.

2012 889 2279 952 LXXXII.
2310 890 2646 950 Innocentem
2675 905 2724 954 et
2748 899 2958 969 justum
2981 913 3086 958 non
3117 898 3475 958 occidendum.

2011 983 2299 1044 LXXXIII.
2325 983 2549 1042 Munera
2575 1003 2676 1046 non
2703 989 3025 1066 accipienda.

2013 1076 2300 1134 LXXXIV.
2332 1077 2412 1132 De
2441 1081 2747 1152 peregrinis,
2781 1094 2828 1138 et
2848 1085 3167 1148 remissionis
3196 1103 3358 1146 asino.

2011 1167 2278 1234 LXXXV.
2313 1169 2542 1232 Sabbato
2565 1189 2667 1230 non
2697 1176 3038 1245 operandam.

2013 1259 2300 1316 LXXXVI.
2335 1260 2522 1316 Omnia
2550 1282 2667 1336 qua:
2694 1269 2937 1342 praecepit
2967 1270 3136 1337 Deus,
3161 1270 3425 1341 (multa.

2012 1350 2320 1418 LXXXVII.
2341 1353 2527 1420 Tribus
2541 1359 2853 1429 temporibus
2868 1362 2995 1424 anui
3009 1363 3143 1424 diem
3166 1362 3614 1438 solemnemagen-
3655 1391 3658 1394 ’

2083 1446 2232 1499 dum.

2022 1534 2361 1602 LXXXVIII.
2396 1536 2474 1594 De
2503 1541 2774 1612 festivitate
2801 1544 3134 1618 Asyniorum.

2014 1629 2306 1694 LXXXIX.
2330 1630 2561 1690 Vacuum
2589 1637 2642 1698 in
2671 1652 2949 1716 conspectu
2977 1639 3193 1706 Domini
3217 1642 3430 1724 minime
3449 1661 3612 1715 appa-

2087 1725 2321 1784 rendam.

290 1815 554 1899 XXXIX.
585 1843 723 1900 Deos
753 1854 1022 1918 argenteos
1045 1846 1124 1901 vel
1154 1861 1340 1900 aureos
1367 1861 1470 1901 non
1497 1845 1896 1918 faciendos;sea

2018 1815 2130 1874 XC.
2160 1817 2692 1890 Tribusjcmporibus
2721 1828 2850 1891 arani
2878 1842 3028 1892 omne
3045 1827 3399 1890 masculinum
3439 1846 3619 1900 parere

379 1938 543 1992 altare
568 1937 814 1996 Domino.

288 2028 424 2085 XL.
456 2028 534 2086 De
557 2047 716 2104 puero
751 2030 971 2086 Hebrwo
1001 2042 1191 2104 empto.

288 2119 442 2178 XLI.
474 2120 555 2178 De
572 2121 685 2194 ﬁlia
710 2123 979 2178 distracta.

499 2217 573 2290 D_e
597 2235 841 2290 percusso
871 2228 917 2273 et
943 2227 1166 2290 mortuo.

286 2286 492 2346 XLIII.
519 2286 706 2348 Deliis
735 2290 824 2360 qui
848 2289 1133 2352 occiderint
1156 2290 1300 2345 dolo.

287 2377 492 2433 XLIV.
520 2377 592 2434 De
613 2381 691 2433 bis
715 2381 801 2450 qui
831 2381 1180 2453 percusserint
1209 2390 1406 2454 patrem
1432 2392 1524 2436 aut
1548 2394 1782 2438 matrem.

283 2469 467 2525 XLV.
496 2470 593 2537 Qui
623 2473 761 2542 furto
788 2481 1020 2546 ereptum
1041 2473 1379 2529 uindiderint.

283 2563 491 2618 XLVI.
519 2564 620 2633 Qui
657 2566 1020 2622 maledixerint
1040 2567 1185 2640 patri
1208 2566 1284 2622 uel
1309 2570 1489 2622 matri.

280 2655 514 2712 XLVII.
571 2659 632 2714 Si
680 2659 732 2714 in
786 2659 900 2714 rixa
975 2660 1284 2736 percusserit
1346 2659 1536 2732 aliquis
1581 2659 1761 2733 lapide
1813 2671 1906 2722 aut

379 2767 572 2824 pugno.

281 2840 534 2899 XLVIII.
565 2843 626 2900 Si
645 2861 850 2900 servum
871 2856 960 2901 aut
989 2846 1239 2900 ancillam
1276 2846 1592 2916 percusserit
1617 2846 1830 2916 aliquis,
1856 2854 1906 2900 et

375 2939 566 2991 mortui
591 2939 802 3009 fuerint.

280 3032 491 3090 XLIX.
527 3035 587 3090 Si
618 3035 882 3090 mulierem
911 3037 1243 3108 percusserit,
1269 3043 1314 3090 et
1343 3033 1662 3097 obortieerit.

281 3125 366 3181 L.
403 3123 624 3181 Oculum
651 3144 746 3198 pro
777 3126 929 3183 oculo
955 3127 1258 3182 eruendum.

283 3217 391 3273 LI.
426 3218 647 3274 Oculum
677 3220 809 3275 servi
831 3231 921 3274 aut
948 3219 1157 3275 ancillae
1183 3222 1272 3292 qui
1297 3223 1508 3276 eruerit.

285 3310 413 3366 LII.
449 3310 512 3366 Si
532 3328 694 3367 cornu
716 3312 938 3384 aliquem
969 3315 1278 3386 percusserit
1309 3324 1514 3368 taurus.

285 3401 435 3461 LIII.
465 3402 527 3458 Si
553 3404 749 3474 foveam
772 3407 888 3476 quis
913 3405 1125 3476 foderit.

285 3496 439 3552 LIV.
473 3496 531 3554 Si
556 3507 734 3554 taurus
753 3501 916 3554 alium
940 3517 1106 3556 cornu
1129 3501 1442 3573 percusserit
1469 3509 1697 3554 taurum.

286 3589 415 3646 LV.
445 3589 509 3646 Si
528 3592 642 3663 quis
668 3593 908 3660 vitulum,
936 3603 1026 3648 aut
1055 3610 1200 3648 ovem
1225 3597 1431 3665 furatus
1453 3594 1631 3663 fuerit.

286 3682 438 3739 LVI.
463 3682 539 3739 De
561 3686 674 3756 fure
693 3702 956 3758 percusso.

287 3777 460 3834 LVII.
495 3778 574 3834 De
587 3797 714 3852 agro
739 3780 916 3836 alieno
940 3782 1179 3854 depasta.

286 3869 484 3927 LVIII.
510 3871 589 3926 De
615 3889 737 3930 area
764 3875 998 3945 incensa,
1026 3878 1106 3931 uel
1135 3893 1315 3933 messe.

287 3965 439 4022 LIX.
475 3965 556 4022 De
581 3972 957 4034 commendato,
991 3979 1040 4025 et
1069 3970 1211 4041 furto
1238 3971 1302 4025 ab
1331 3973 1508 4044 aliquo
1535 3973 1755 4029 sublato.

293 4059 417 4116 LX.
453 4060 534 4115 De
570 4063 829 4134 fermento,
882 4065 960 4119 vel
988 4065 1164 4137 aliqua
1209 4067 1406 4136 pecude
1449 4067 1806 4123 commendata
1853 4079 1897 4123 et

297 4247 444 4304 LXI.
469 4249 534 4305 Si
559 4251 758 4319 petierit
778 4252 893 4323 quis
914 4255 1132 4320 annual,
1157 4263 1204 4310 et
1226 4263 1482 4310 mortuum
1523 4256 1700 4326 fuerit.

297 4342 469 4400 LXII.
500 4343 580 4399 De
599 4346 793 4418 uirgine
815 4348 1048 4403 nondum
1077 4359 1344 4421 sponsata.

297 4436 489 4494 LXIII.
528 4438 826 4506 Maleﬁcum
853 4441 1208 4497 occidendum.
1560 4502 1564 4506 ,

296 4529 490 4586 LXIV.
524 4530 630 4597 Qui
650 4532 917 4587 dormierit
937 4549 1058 4589 cum
1085 4536 1279 4605 pecude
1301 4535 1629 4592 occidendus.

291 4621 463 4677 LXV.
497 4623 600 4690 Qui
625 4625 963 4680 immolaverit
993 4628 1092 4681 diis
1115 4627 1476 4684 eradicandus.

291 4714 486 4774 LXVI.
519 4716 747 4774 uiuente
770 4733 874 4774 non
895 4719 1202 4776 nocendum.

291 4810 509 4875 LXVII.
545 4812 730 4867 Vidute
753 4823 802 4870 et
830 4814 1066 4884 orphano
1090 4833 1192 4872 non
1216 4819 1520 4874 nocendum.

294 4905 536 4968 LXVIII.
568 4907 647 4972 De
674 4911 850 4981 fenore
876 4921 922 4967 et
955 4912 1188 4986 pignore.

293 4997 492 5062 LXIX.
526 5001 652 5060 Non
683 5005 1167 5078 blasphemandum.

296 5091 465 5150 LXX.
504 5094 776 5159 Primitias
804 5098 1026 5157 Domino
1057 5101 1367 5170 oﬂ'erendas.

295 5183 491 5248 LXXI.
528 5187 692 5256 Omne
721 5193 1040 5262 primitivum
1063 5195 1289 5252 Domino
1314 5195 1658 5266 olferendum.

295 5280 512 5338 LXXII.
546 5283 764 5340 Carnem
794 5303 826 5341 a
851 5287 1013 5344 bestia
1042 5299 1414 5362 pragustatam
1441 5308 1544 5347 non
1563 5291 1838 5347 edutdam.

298 5373 534 5430 LXXIII.
572 5375 697 5432 Non
713 5362 1028 5434 credendum
1049 5381 1202 5452 facile
1230 5383 1369 5456 quod
1395 5384 1640 5441 audieris.

299 5468 550 5598 tXXlV.
567 5470 688 5535 Non
720 5475 1144 5537 consentiendum
1172 5477 1388 5534 testibus
1411 5479 1623 5551 iniquis.

345 5537 517 5597 XXV.
551 5543 674 5598 Non
699 5562 808 5598 esse
839 5544 1170 5598 malmcum
1203 5550 1403 5598 multis.

329 5537 517 5605 μχχν.
551 5543 674 5598 Non
699 5562 808 5608 esse
839 5544 1170 5612 malumcum
1203 5550 1403 5612 multis.

302 5632 536 5698 LXXVI.
560 5635 685 5694 Non
708 5639 970 5696 declinare
993 5657 1112 5704 cum
1137 5641 1313 5698 multis
1343 5644 1398 5698 in
1417 5644 1644 5714 judicio.

304 5723 563 5784 LXXVII.
603 5727 723 5783 Non
767 5732 1112 5800 spernendum
1158 5750 1434 5805 pauperem
1475 5737 1529 5790 in
1564 5737 1777 5805 iudicio,
1807 5755 1899 5793 nec

373 5836 468 5890 pro
496 5819 591 5874 illo
620 5821 935 5890 faciendum.

2083 1909 2327 1967 Domino.

2013 2005 2148 2062 XCI.
2187 2005 2456 2074 Primitias:
2479 2019 2628 2076 terras
2643 2010 2953 2084 oferendas.

2010 2098 2170 2156 CXII.
2198 2099 2322 2156 Non
2342 2103 2664 2174 coquendum
2686 2121 2878 2177 agnum
2903 2107 2956 2162 in
2979 2107 3110 2170 lacte
3126 2109 3306 2170 matris
3330 2125 3462 2174 suae.

2013 2189 2197 2248 XCIII.
2246 2194 2503 2268 Angelum
2536 2198 2793 2269 promittit
2837 2199 3088 2265 Dominus
3119 2199 3320 2274 Moysi,
3372 2205 3460 2274 qui
3490 2220 3610 2260 eum

2081 2285 2340 2356 pracedal
2350 2327 2363 2340 .

2012 2377 2196 2433 XCIV.
2231 2379 2335 2446 Qui
2365 2379 2535 2436 Deum
2565 2383 2789 2437 audierit
2842 2385 3052 2440 liberari
3097 2388 3162 2442 ab
3209 2389 3434 2444 inimicis
3477 2391 3607 2446 suis.

2011 2471 2174 2538 XCV.
2200 2471 2337 2528 Deos
2367 2475 2774 2544 alienigenarum
2803 2494 2906 2532 non
2937 2481 3254 2535 adorandos.

2011 2565 2194 2622 XCVI.
2223 2565 2479 2624 Timorem
2522 2580 2569 2623 et
2615 2588 2794 2641 vespas
2830 2575 3113 2630 missurum
3155 2575 3466 2646 Dominum,
3517 2582 3610 2650 qui

2081 2660 2330 2730 ejicerent
2356 2660 2696 2734 alienigenas.
3526 2680 3530 2683 ‘

2010 2748 2217 2807 XCVII.
2241 2753 2386 2808 Dixit
2416 2753 2674 2812 Dominus
2697 2755 2872 2828 Moysi
2896 2761 3170 2817 ascendere
3185 2763 3254 2818 ad
3282 2781 3337 2819 se
3364 2765 3417 2818 in
3440 2776 3607 2821 monte

2080 2862 2203 2900 cum
2223 2849 2508 2922 majoribus
2535 2861 2681 2906 natu.

2011 2941 2238 2999 XCVIII.
2272 2943 2581 3014 /Ediﬁcavit
2607 2944 2815 3018 Moyses
2844 2948 3013 3004 altare
3058 2967 3123 3006 ea:
3171 2952 3432 3024 lapidibus
3467 2955 3602 3009 duo-

2080 3035 2266 3090 decios.

2008 3132 2198 3190 XCIX.
2229 3133 2469 3190 Ascendit
2496 3134 2706 3207 Moyses
2729 3152 2844 3190 cum
2866 3139 3149 3209 majoribus
3172 3150 3317 3196 natu.

1929 3206 1972 3266 C
2007 3224 2068 3280 C.
2097 3225 2287 3281 Omnes
2313 3227 2462 3281 electi
2484 3237 2728 3282 venerunt
2758 3231 2810 3282 in
2838 3231 3006 3284 locum
3033 3230 3152 3286 Dei.

2007 3319 2095 3375 Cl.
2128 3318 2275 3373 Dicit
2318 3320 2567 3375 Dominus
2605 3319 2773 3393 Moysi
2815 3332 2867 3375 ut
2912 3325 3158 3378 ascendat
3187 3326 3240 3381 in
3274 3339 3497 3384 montem
3524 3350 3613 3386 ac-

2075 3415 2242 3486 cipere
2261 3417 2466 3472 tabulas
2492 3417 2830 3473 Testamenti.

2005 3505 2117 3563 CII.
2163 3507 2406 3564 Ascendit
2449 3509 2655 3583 Moyses
2682 3520 2731 3566 et
2781 3511 3041 3568 descendit
3087 3515 3158 3568 ad
3205 3532 3320 3571 eum
3361 3521 3603 3592 majestus

2075 3597 2308 3654 Domini.

2001 3691 2131 3748 CIII.
2167 3691 2307 3748 Dicit
2337 3693 2590 3751 Dominus
2619 3698 2796 3767 o/ferri
2826 3699 2976 3754 initia
3008 3701 3078 3755 ad
3098 3703 3492 3760 tabernaculum
3524 3708 3604 3778 fa-

2075 3787 2330 3841 ciendum.
2663 3794 2674 3800 ’

2005 3877 2138 3935 CIV.
2171 3881 2302 3949 Quae
2327 3881 2544 3938 debeant
2569 3886 2773 3956 offerri.

1999 3969 2113 4028 CV.
2145 3971 2223 4027 De
2249 3974 2452 4044 fabrica
2479 3991 2637 4043 arca,
2685 3993 2904 4044 meum,
2950 3981 3266 4038 tabernaculi
3307 3997 3354 4040 et
3395 3987 3596 4044 altaris.

2003 4065 2134 4120 CVI.
2161 4065 2238 4120 De
2265 4067 2380 4122 oleo
2409 4067 2652 4127 lucernae.

2000 4154 2158 4212 CVII.
2183 4158 2260 4213 De
2285 4162 2576 4217 sacerdotio
2598 4163 2773 4219 Aaron
2796 4178 2843 4222 et
2882 4170 3113 4239 ﬁliorum
3138 4177 3272 4246 ejus.

2000 4249 2186 4306 CVIII.
2215 4250 2292 4307 De
2307 4253 2445 4308 stola
2465 4266 2668 4312 sancta.

1999 4341 2137 4398 CIX.
2171 4344 2250 4398 De
2280 4356 2418 4402 veste
2445 4349 2782 4406 sacerdotali.

2000 4435 2114 4493 CX.
2165 4436 2244 4494 De
2288 4440 2594 4498 ordinandis
2636 4445 3010 4519 sacerdotibus,
3049 4459 3096 4504 et
3123 4452 3186 4506 de
3215 4451 3386 4508 hostia
3412 4456 3598 4513 immo-

2073 4531 2253 4585 lauda.

1925 4602 1976 4664 D
2009 4620 2148 4677 CXI.
2183 4623 2263 4677 De
2292 4623 2453 4680 altari
2487 4629 2706 4684 incensi.

2005 4713 2170 4770 CXII.
2197 4715 2276 4771 De
2305 4718 2566 4775 oblatione
2591 4723 2935 4780 odorationis.
3007 4761 3017 4767 -

1999 4809 2184 4866 CXIII.
2220 4811 2523 4870 Sacerdotes
2538 4817 2792 4887 jubentur
2826 4817 3004 4875 lavare
3045 4831 3096 4876 et
3122 4838 3308 4881 manus
3353 4839 3401 4884 et
3439 4833 3593 4902 pedes

2072 4913 2190 4960 eum
2213 4907 2497 4966 ascendunt
2521 4911 2820 4982 sacriﬁcare
2847 4913 3092 4978 Domino.

1889 5047 1892 5054 .
1999 4995 2186 5057 CXIV.
2221 4997 2300 5054 De
2331 5013 2593 5072 unguento
2617 5005 2834 5061 incensi.

1999 5087 2161 5145 CXV.
2201 5089 2278 5145 De
2320 5091 2552 5149 Beselecl
2572 5113 2720 5167 quem
2748 5098 2966 5169 replevit
2993 5102 3248 5163 Dominus
3299 5113 3483 5182 spiritu
3516 5135 3600 5171 sa-

2069 5184 2278 5256 pientia:
2302 5186 2372 5240 ad
2402 5205 2551 5244 omne
2571 5206 2718 5264 Opus.

1999 5272 2186 5338 CXVI.
2236 5276 2316 5339 De
2347 5277 2575 5338 Sabbato
2604 5281 2938 5343 obseruando.

1999 5367 2209 5425 CXVII.
2245 5369 2344 5426 Ubi
2373 5371 2466 5426 dat
2501 5375 2748 5432 Dominus
2799 5379 2971 5453 Moysi
3026 5387 3228 5443 tabulas
3261 5387 3593 5450 Testamenti.

1999 5461 2230 5522 CXVIII.
2264 5463 2363 5520 Ubi
2394 5468 2514 5538 fecit
2535 5468 2709 5530 Aaron
2734 5472 2953 5529 vitulum
2984 5482 3318 5551 con/latitem,

1999 5553 2188 5612 CXIX.
2219 5553 2360 5612 Dicit
2381 5555 2639 5620 Dominus
2671 5561 2842 5643 Moysi
2873 5583 2890 5622 :
2925 5569 3189 5631 Descende
3227 5578 3486 5636 velociter.

2000 5643 2168 5701 CXX.
2203 5645 2303 5701 Ubi
2332 5651 2499 5704 orauit
2530 5651 2741 5724 Moyses
2769 5674 2864 5727 pro
2891 5662 3102 5731 nopuio.

2231 5741 2372 5838 Vidit
2402 5745 2610 5818 Moyses
2635 5751 2878 5821 vitulum,
2907 5767 2956 5820 et
2987 5762 3237 5838 conlregit
3263 5766 3484 5829 tabulas.

2004 5832 2218 5894 CXXII.
2254 5835 2355 5894 {Ibi
2375 5844 2545 5912 arguit
2581 5841 2789 5917 Moyses
2822 5850 2994 5910 Aaron
3025 5832 3232 5928 propter
3253 5859 3487 5918 uitulum.
