4044 6360
461 318 570 374 239

1445 309 1503 370 S.
1545 303 1921 368 lllEROlVYIII
1964 301 2193 362 DIVINA
2237 301 2719 361 BIBLIOTIIECA.

3659 295 3769 354 ἳίο

471 429 710 486 CXXIII.
738 427 904 484 Iussit
934 426 1141 502 Moyses
1169 426 1362 500 papulo
1405 434 1462 480 ut
1499 425 1789 480 occiderent
1827 423 2064 477 invicem.
2093 431 2144 494 Α
2170 419 2462 477 CXXXIV.
2507 417 2673 473 Initia
2703 415 2845 485 iubet
2878 413 3087 487 Moyses
3129 413 3306 483 oﬂ‘erri
3354 413 3597 482 Domino,
3629 428 3770 484 qua:-

466 521 707 578 CXXIV.
763 520 937 594 Rogat
993 520 1200 591 Moyses
1261 518 1542 573 Dominum
1590 532 1684 590 pro
1744 513 1959 586 populo,
2007 522 2063 568 ut

539 615 764 669 dimittat
793 613 901 668 illis
933 622 1202 686 peccatum
1233 626 1429 666 eorum.

466 708 682 765 CXXV.
715 707 858 762 Dicit
890 708 1142 763 Dominus
1184 705 1362 778 Moysi
1391 721 1409 760 :
1439 701 1712 760 Ascendite
1738 703 1807 758 ad
1845 710 2058 772 terram,

539 819 699 873 quam
716 802 895 874 juravi
918 801 1148 874 patribus
1182 799 1383 856 vestris.
1849 873 1852 876 ἢ

471 896 709 953 CXXVI.
742 895 988 968 Increpat
1010 895 1264 956 Dominus
1286 893 1537 965 populum
1590 903 1637 948 et
1668 894 1813 966 jubet
1845 893 2064 964 Moysen

541 999 688 1046 ea'tra
716 991 1111 1046 tabernaculum
1135 989 1355 1061 erigere,
1399 997 1448 1042 et
1488 987 1716 1060 loquitur
1752 988 1820 1042 ad
1860 1003 1976 1042 eunt
2007 987 2061 1039 in

545 1087 788 1142 columna
810 1085 977 1140 nubis.
1919 1082 1922 1086 '

468 1181 724 1240 CXXVII.
753 1181 980 1237 Locutus
1024 1188 1098 1235 est
1129 1177 1384 1235 Dominus
1413 1181 1482 1234 ad
1524 1177 1762 1251 Moysen,
1803 1177 2061 1250 quontodo

541 1275 771 1346 loquitur
789 1275 904 1346 quis
929 1272 997 1327 ad
1024 1273 1246 1328 anticum
1271 1289 1444 1328 suunt.

472 1368 755 1427 CXXVIII.
808 1367 946 1424 Petit
980 1367 1187 1440 Moyses
1216 1367 1501 1424 Dominum
1535 1366 1738 1436 uidere,
1775 1376 1825 1422 et
1871 1367 1943 1421 ait
1984 1366 2064 1421 illi

533 1462 793 1518 Dominus
819 1479 838 1518 :
871 1462 993 1518 Non
1016 1474 1158 1535 potes
1182 1461 1354 1518 videre
1383 1462 1571 1533 faciem
1601 1478 1789 1516 nteam.

460 1555 702 1612 CXXIX.
753 1555 998 1611 Ascendit
1031 1555 1235 1627 Moyses
1275 1556 1328 1610 in
1360 1564 1585 1610 montem
1616 1572 1731 1610 cum
1761 1554 1884 1609 aliis
1913 1553 2064 1610 tabu-

533 1651 620 1718 lis,
643 1649 731 1711 ubi
759 1650 954 1722 accepit
985 1651 1147 1721 legem
1175 1659 1222 1704 et
1244 1659 1562 1720 praeceptum
1585 1646 1818 1703 Domini.
2021 1637 2032 1644 ’

459 1739 677 1799 CXXX.
713 1743 876 1799 Omne
903 1743 1219 1815 primitivum
1240 1741 1395 1815 jubet
1414 1741 1512 1796 sibi
1534 1740 1713 1809 o/ferri
1741 1741 2016 1796 Dominus.

451 1835 694 1892 CXXXI.
729 1836 854 1892 Non
876 1835 1204 1891 manducavit
1231 1835 1438 1907 Moyses
1467 1835 1645 1890 diebus
1670 1851 1760 1902 η,
1783 1851 1899 1890 cum
1918 1835 2055 1890 scri-
2104 1893 2108 1896 ,

531 1931 667 1988 beret
698 1931 848 1986 verba
891 1929 1224 1986 Testamenti.

2239 531 2454 585 cumque
2496 512 2868 586 disposuissent
2918 511 2969 565 in
3001 510 3154 564 corde
3181 526 3274 565 sno
3315 509 3385 564 ad
3424 525 3555 580 opus
3600 509 3770 563 taber-

2243 610 2444 679 naculi,
2478 621 2525 664 et
2551 609 2760 676 altaris,
2786 617 2833 663 et
2865 623 3034 663 rerum
3057 605 3478 662 sacerdotalium.

2164 703 2433 760 CXXXV.
2466 703 2726 759 Fecerunt
2756 701 3004 770 Beseleel,
3049 713 3097 756 et
3139 700 3350 769 Ooliab,
3373 711 3420 756 et
3468 699 3637 757 omnis
3681 715 3769 753 sa-

2237 798 2382 868 piens
2403 796 2564 851 stolas
2586 805 2810 862 sanctas,
2834 803 2881 850 et
2913 810 3061 849 omne
3092 810 3222 866 opus
3251 791 3593 848 tabernaculi.

2166 889 2453 948 CXXXVI.
2481 888 2628 944 Fecit
2657 888 2908 955 Beseleel,
2949 904 3128 943 arcam
3157 886 3494 952 Testamenti,
3537 893 3588 940 et
3627 900 3774 940 men-

2238 968 2373 1052 sam,
2417 992 2465 1036 et
2494 983 2889 1052 candelabrum,
2925 991 2972 1038 et
3000 991 3190 1054 septem
3239 981 3499 1048 lucernas,
3530 985 3576 1032 et
3606 977 3774 1032 altare

2238 1092 2458 1143 cuneum,
2491 1084 2537 1131 et
2578 1076 2748 1131 oleum
2777 1075 3066 1130 liniamenti
3101 1090 3120 1131 :
3149 1085 3196 1130 et
3219 1073 3283 1128 de
3321 1073 3479 1128 altari
3500 1086 3656 1139 ωηο,
3686 1086 3774 1125 co-

2242 1170 2436 1226 lumnis
2477 1179 2523 1225 et
2565 1169 2873 1224 utensilibus
2913 1168 3252 1237 tabernaculi,
3290 1176 3340 1223 et
3370 1165 3555 1222 oblatis
3581 1165 3650 1219 ad
3677 1181 3776 1219 nu-

2241 1281 2444 1321 merum
2475 1263 2785 1320 bellatorum
2810 1279 2829 1318 :
2852 1272 2899 1318 et
2921 1264 2986 1318 de
3006 1271 3143 1318 veste
3162 1256 3499 1325 sacerdotali,
3524 1257 3776 1312 tintinna-

2242 1358 2396 1426 bulis,
2425 1368 2473 1412 et
2514 1357 2654 1412 onmi
2681 1365 2874 1412 ornatu
2914 1363 2962 1411 et
2998 1355 3316 1428 perfectione
3353 1347 3696 1416 tabernaculi,
3727 1356 3774 1404 et

2241 1451 2479 1509 omnibus
2509 1452 2646 1507 vasis
2677 1451 2811 1522 eius.

2167 1545 2484 1607 CXXXVII.
2517 1544 2587 1600 In
2630 1545 2714 1599 die
2755 1544 2925 1615 primo
2964 1541 3152 1597 mensis
3181 1540 3355 1614 primi,
3390 1535 3631 1610 prazcepit
3657 1533 3775 1589 Do-

2240 1643 2410 1698 minus
2451 1641 2628 1712 Moysi
2671 1639 3000 1709 sanctiﬁcare
3026 1637 3221 1705 omnia,
3269 1645 3316 1691 et
3344 1634 3560 1689 induere
3598 1630 3776 1686 Aaron

2241 1734 2431 1789 stolam
2461 1741 2698 1788 sanctam
2718 1733 2854 1805 ejus.

2169 1825 2508 1885 CXXXVIII.
2541 1825 2610 1879 In
2651 1825 2819 1894 printo
2865 1839 3037 1880 mense
3077 1820 3204 1876 anni
3243 1819 3457 1876 secundi
3498 1815 3776 1890 profectio-

2235 1923 2315 1978 nis
2342 1921 2405 1976 de
2439 1918 2706 1993 ίΕθυριο,
2739 1918 2925 1974 statuit
2969 1915 3178 1988 Moyses
3209 1912 3598 1970 tabernaculum
3626 1910 3775 1965 testi-

452 2022 716 2080 CXXXII.
771 2022 1016 2078 Gloriosa
1057 2023 1196 2094 facta
1238 2029 1313 2077 est
1354 2021 1512 2094 facies
1540 2020 1748 2093 Moysi,
1779 2030 1829 2076 et
1868 2021 2064 2077 velabat
2095 2014 2143 2076 Β
2244 2016 2428 2071 monii.

525 2131 636 2171 eam
661 2131 838 2170 coram
865 2115 1082 2187 populo,
1116 2114 1255 2184 quod
1283 2114 1356 2170 eis
1385 2124 1607 2170 cornuta
1637 2114 1914 2171 videretur.

457 2206 743 2266 CXXXIII.
777 2206 857 2263 De
877 2207 961 2262 die
982 2207 1331 2264 sabbatorum.

2171 2109 2464 2170 CXXXIX.
2489 2110 2859 2166 Consnmntato
2891 2106 3245 2173 tabernaculo,
3275 2104 3400 2160 texit
3430 2102 3564 2158 illud
3592 2099 3774 2168 nubes,

2247 2217 2295 2262 et
2323 2207 2565 2278 majestas
2592 2202 2806 2258 Domini
2835 2200 3060 2272 implevit
3080 2198 3236 2254 illud.

460 2327 3738 2363 ____________________._________________.__.———————-—.

1886 2460 2330 2548 INCIPIT

1106 2641 1705 2794 LIBER
1801 2643 2303 2789 ELLE
2403 2644 2662 2792 SM
2686 2642 3114 2794 0TH

1781 2892 1904 2968 Qui
1951 2909 2154 2974 grtece
2183 2847 2428 2958 dicitur

1669 3051 2544 3188 EXODUS.

535 3399 622 3473 [Τ.
655 3397 696 3464 l,
726 3397 789 3452 Β.
823 3394 864 3461 l,
896 3394 962 3450 C.
995 3392 1039 3461 I,
1073 3389 1206 3462 Cap.
1238 3389 1306 3462 l._|
1341 3389 1467 3446 Hmc
1502 3395 1631 3443 sunt
1663 3385 1888 3443 nomina
1920 3386 2065 3442 lilio-
2092 3387 2139 3452 Ο
2172 3397 2282 3458 tus,
2321 3398 2381 3446 et
2442 3391 2635 3448 fortior
2675 3391 2833 3448 nobis
2873 3399 2974 3449 est.
3018 3391 3229 3461 Venite,
3274 3391 3548 3463 sapienter
3591 3389 3780 3460 oppri-

472 3507 592 3548 rum
652 3488 839 3554 Israel,
889 3486 979 3558 qui
1030 3484 1262 3556 ingressi
1315 3490 1442 3538 sunt
1495 3480 1552 3536 in
1594 3479 1888 3552 Egyptnm
1941 3494 2065 3534 cum

475 3585 646 3642 Iacob
696 3600 710 3637 :
761 3580 960 3652 singuli
1029 3594 1155 3636 cum
1216 3576 1469 3633 domibus
1525 3573 1641 3630 suis
1697 3574 2064 3629 introierunt:

468 3677 686 3741 Ruben,
729 3673 977 3736 Simeon,
1026 3669 1182 3734 Levi,
1225 3667 1417 3734 Iudas,
1466 3666 1736 3731 lssachar,
1798 3665 2064 3734 Zabulon,

471 3780 528 3826 et
587 3766 900 3836 Beniamin,
955 3765 1091 3829 Dan,
1142 3771 1198 3819 et
1244 3760 1557 3831 Nephthali,
1606 3759 1745 3828 (Iud,
1800 3768 1859 3816 et
1904 3759 2061 3817 Aser.

461 3865 634 3920 Erant
697 3859 861 3932 igitur
913 3871 1104 3913 omnes
1151 3855 1348 3911 animae
1395 3868 1582 3910 eorum
1649 3862 1673 3889 η
1722 3853 1812 3924 qui
1859 3853 2068 3925 egressi

463 3964 593 4011 sunt
615 3954 684 4010 de
713 3953 921 4008 femore
944 3949 1138 4016 Iacob,
1167 3945 1510 4019 septuaginta
1535 3964 1548 4001 :
1571 3945 1774 4018 Ioseph
1797 3955 1979 4002 autem
2009 3946 2065 4002 in

467 4048 706 4120 Egypto
727 4053 863 4102 erat.
880 4044 999 4110 Quo
1021 4052 1256 4111 mortuo,
1281 4049 1338 4097 et
1358 4038 1625 4096 universis
1643 4039 1902 4095 fratribus
1926 4038 2064 4110 ejus,

463 4140 491 4180 ι)
522 4141 777 4212 omnique
814 4136 1138 4209 cognatione
1169 4135 1284 4205 illa,
1329 4134 1426 4190 ﬁlii
1455 4133 1621 4190 Israel
1661 4144 1974 4201 creverunt,
2009 4143 2066 4192 et

466 4233 622 4304 quasi
679 4231 1048 4302 germinantes
1092 4226 1434 4300 multiplicati
1491 4234 1666 4283 sunt:
1714 4240 1778 4282 ac
1824 4226 2069 4284 roborati

465 4326 650 4390 nimis,
677 4323 1042 4394 impleverunt
1067 4330 1287 4377 terram.
1317 4319 1569 4376 Surrexit
1598 4320 1806 4376 interea
1835 4335 1930 4376 rex
1963 4333 2064 4376 no-

473 4435 573 4476 vus
604 4432 766 4489 super
793 4415 1110 4488 Egyptum,
1135 4413 1226 4486 qui
1251 4412 1535 4484 ignorabat
1556 4411 1756 4484 Ioseph
1785 4420 1870 4468 :et
1897 4412 1973 4467 ait
1998 4413 2065 4468 ad

466 4511 724 4584 populum
749 4524 907 4567 suum
942 4525 954 4562 :
987 4508 1150 4576 Ecce,
1183 4507 1416 4579 populus
1445 4505 1679 4563 ﬁliorum
1706 4505 1877 4564 Israel
1919 4507 2061 4564 mulo

2169 3496 2382 3538 mamus
2411 3498 2568 3550 eum,
2604 3499 2674 3540 ne
2718 3485 2856 3541 lorte
2885 3484 3302 3557 multiplicetur,
3333 3491 3392 3540 et
3429 3484 3476 3538 si
3513 3481 3780 3554 ingruerit

2170 3583 2360 3631 contra
2390 3592 2489 3632 nos
2526 3577 2750 3644 bellum,
2793 3577 3026 3634 addatur
3053 3577 3288 3635 inimicis
3332 3576 3576 3644 nostris,
3604 3589 3780 3646 expu-

2171 3669 2456 3740 gnatisque
2485 3669 2672 3740 nobis,
2697 3670 3007 3742 egrediatur
3036 3681 3254 3728 eterra.
3279 3669 3782 3741 Praeposuititaque

2172 3763 2254 3818 eis
2296 3764 2584 3835 magistros
2613 3779 2863 3836 operum,
2893 3776 2953 3822 ut
2982 3765 3292 3838 afﬂigerent
3311 3778 3432 3823 .eos
3461 3762 3724 3820 oneribus
3756 3779 3774 3816 :

2170 3855 2688 3927 tediﬁcaveruntque
2713 3857 2879 3914 urbes
2926 3869 2948 3898 ο
2977 3857 3455 3915 tabernaculorum
3481 3855 3776 3924 Pharaoni,

2175 3948 2429 4006 Phithom
2457 3960 2511 4008 et
2539 3951 2858 4010 Ramesses.
2891 3952 3215 4025 Quantoque
3245 3951 3628 4024 opprimebant
3656 3964 3777 4018 eos,

2179 4050 2332 4100 tanto
2373 4045 2544 4116 magis
2585 4045 3086 4119 multiplicabantur
3127 4055 3182 4104 et
3217 4045 3537 4102 crescebant
3577 4061 3594 4099 :
3641 4041 3779 4099 ode-

2172 4146 2406 4209 ranlque
2434 4137 2576 4194 ﬁlios
2603 4139 2768 4196 Israel
2797 4138 3062 4211 Egyptii,
3093 4147 3148 4195 et
3193 4137 3512 4210 afﬂigebant
3539 4135 3777 4193 illuden-

2174 4237 2258 4285 tes
2299 4230 2380 4286 eis
2406 4227 2434 4268 ά
2470 4247 2482 4284 :
2517 4238 2683 4302 atque
2725 4232 2793 4288 ad
2821 4231 3246 4288 amaritudinem
3276 4229 3650 4302 perducebant
3687 4228 3778 4285 vi-

2174 4329 2284 4378 tam
2314 4339 2505 4380 eorum
2551 4325 2813 4396 operibus
2838 4327 2992 4384 duris
3022 4326 3119 4382 luti
3149 4336 3207 4383 et
3251 4325 3464 4395 lateris,
3514 4323 3780 4395 omnique

2179 4414 2470 4486 famulatu,
2503 4433 2610 4490 quo
2641 4419 2696 4474 in
2729 4428 2889 4476 terra:
2907 4419 3166 4491 operibus
3191 4418 3602 4490 premebantur.
3632 4415 3782 4472 Dixit

2175 4517 2355 4565 autem
2389 4525 2486 4567 rex
2513 4509 2734 4584 IEgypti
2762 4510 3152 4570 obstetricibus
3195 4509 3552 4568 Hebraeorum
3587 4525 3600 4563 :
3641 4521 3782 4580 qua-

547 4726 573 4754 ει
601 4716 805 4771 Errore
832 4707 1180 4785 librariorum
1205 4709 1465 4785 nonnulla
1489 4707 1764 4785 ﬂuxerunt
1791 4722 1821 4764 e
1841 4707 2069 4785 Septuaj
2092 4710 2147 4773 D
2173 4708 2448 4785 legaturin
2461 4726 2566 4785 ms.
2585 4712 2984 4785 Alexandrino;
2992 4711 3327 4785 septuaginta
3340 4712 3577 4785 quinque.
3595 4709 3779 4768 Mans.

477 4789 626 4860 ginta
653 4787 707 4840 in
733 4787 1012 4860 Cimonem
1045 4779 1593 4860 llebraicaejeritatis
1624 4798 1634 4832 :
1669 4779 1792 4860 inde
1819 4790 1901 4836 est
1921 4779 2066 4852 Quod

475 4850 566 4915 hic
598 4859 741 4928 legat
766 4872 888 4911 cum
916 4857 1088 4928 altero
1115 4868 1220 4928 ms.
1247 4850 1482 4928 codice:
1518 4851 1684 4928 Erant
1710 4850 2067 4928 igituromnes

472 4921 882 4992 animceveorum,
912 4926 1002 4998 qui
1031 4923 1221 4998 egressi
1249 4931 1399 4998 sunt
1419 4923 1482 4976 de
1511 4925 1704 4995 femore
1731 4921 1914 4998 Iacob,
1947 4940 2066 4996 sep-

478 5004 714 5084 tuaginta
741 4993 1016 5084 quinque“:
1051 4993 1196 5084 quod
1244 4993 1301 5050 S.
1339 4993 1699 5084 Hier‘onxmus
1737 4993 1941 5084 diserjte
1984 4993 2070 5051 re-

473 5063 612 5130 l'ellit
661 5072 713 5125 in
753 5063 913 5124 libris
964 5063 1336 5136 Quaestionum
1383 5063 1807 5129 Hebraicarnm,
1868 5066 2070 5121 docens

469 5143 864 5215 paulatimper
887 5139 1129 5215 singulos
1171 5145 1462 5215 supputato
1494 5152 1742 5215 numero,
1787 5146 1842 5191 et
1872 5137 1924 5192 in
1964 5137 2072 5215 lle-

470 5207 639 5273 bra-is
668 5207 1033 5270 voluminibus
1054 5208 1289 5264 inveniri
1320 5207 1713 5279 tantummodo,
1742 5209 2069 5279 septuaginta

473 5289 692 5344 animas.
723 5283 806 5339 Ea;
832 5299 933 5354 quo
959 5281 1292 5354 manifestum
1331 5291 1440 5346 est,
1491 5278 1697 5354 inquit,
1736 5278 2071 5354 ontttes’ani-

475 5377 609 5429 mas,
639 5371 753 5426 quae
773 5348 1015 5429 ingressa:
1034 5348 1153 5429 sunt
1177 5350 1462 5429 Egyptum
1491 5352 1556 5406 de
1568 5348 1856 5429 femoribus
1882 5348 2065 5419 Iacob,

476 5421 636 5504 fuisse
651 5421 1021 5500 septuaginta;
1052 5423 1178 5504 dum
1206 5421 1480 5504 g‘xaginta
1505 5437 1596 5477 sea:
1619 5431 1799 5504 postea
1825 5421 2071 5504 ingressa:

473 5480 1038 5570 sanavet—rrcpé'rerunt
1084 5480 1413 5570 in___/Egypto
1445 5503 1547 5549 tres
1591 5480 1828 5570 animas,
1872 5480 2069 5564 Ioseph

472 5565 669 5628 scilicet
717 5565 831 5623 cum
872 5565 1074 5621 duobus
1099 5566 1229 5638 ﬁliis
1253 5569 1366 5638 ejus
1395 5579 1412 5616 :
1442 5565 1854 5634 septuagesimus
1893 5575 2068 5638 autem

470 5648 581 5717 ipse
601 5643 760 5717 fuerit
782 5639 972 5717 Iacob.
999 5636 1163 5717 Sua_t_n
1201 5636 1397 5717 deinde
1418 5639 1750 5717 .setLtentiam
1787 5646 1966 5717 tuetur
1995 5637 2064 5692 ab

471 5705 611 5786 i'psis'
625 5712 770 5770 LXX
806 5708 1226 5786 translatoribns
1245 5748 1260 5773 ,
1288 5705 1474 5786 quiin
1505 5707 1904 5786 Detttegonomii
1933 5720 2058 5786 cap.

468 5779 524 5856 κ’,
565 5787 658 5854 22,
699 5783 1040 5855 septuaginta
1070 5789 1278 5856 tantum
1313 5779 1617 5856 animas_in
1651 5779 1942 5856 {Egyptum
1973 5781 2058 5836 in-

2181 4782 2371 4864 —._Sic
2400 4784 2606 4864 optime
2631 4783 2797 4840 habet
2822 4799 2923 4864 ms:
2959 4782 3250 4864 Urbinaslz-
3287 4782 3480 4864 reliqui
3512 4792 3782 4864 autemnc

2171 4852 2371 4926 quibus
2416 4852 2469 4910 et
2511 4855 2622 4920 ille,
2669 4870 2831 4926 quem
2882 4857 3160 4911 Canonem
3204 4852 3485 4910 Ilebraicte
3528 4853 3783 4910 veritatis

2173 4923 2522 4997 Martianrens
2549 4923 2728 4991 vocat,
2755 4927 2906 4996 juxta
2937 4927 3182 4984 Graecum
3209 4934 3520 4992 numerant,
3546 4926 3806 4997 Septua-«

2171 4996 2584 5124 giétqtzeggtirétéue,
2617 4997 2752 5054 Vide
2791 4999 2995 5067 Quaest.
3029 4997 3282 5055 Hebraic.
3333 4997 3387 5053 iu
3415 4996 3775 5069 Genes.cap.

2267 5082 2412 5122 νει-8.
2441 5082 2532 5122 26.

2244 5135 2275 5219 bo
2297 5137 2404 5194 Pro
2425 5141 2728 5219 cognatione
2757 5141 2872 5208 illa,
2885 5145 2958 5219 _in
2983 5150 3187 5219 can._et
3215 5140 3422 5212 aliquot
3445 5156 3580 5208 mss.
3607 5140 3776 5199 codd.

2173 5208 2726 5334 Ieglilitrhcognatione
2747 5229 2859 5268 sua.
2885 5213 2940 5270 ld
2965 5228 3095 5270 vero
3111 5208 3457 5271 falsum'esse
3479 5229 3640 5271 nemo
3663 5229 3778 5271 non

2173 5298 2224 5334 Vl
2266 5296 2295 5334 6
2327 5320 2341 5334 .
2428 5298 2552 5334 ΛΒΤ.

2171 5296 2341 5335 γιαει.
2375 5296 2552 5338 MART.

2248 5351 2463 5431 -—ldem
2493 5370 2596 5409 ms.
2621 5355 2877 5421 Urbinas,
2895 5357 3195 5431 cognatione
3216 5373 3312 5431 sua
3338 5371 3646 5428 perperam.
3670 5355 3784 5415 lle-

2151 5422 2351 5500 'brteu_s
2379 5425 2539 5500 habet
2566 5435 2710 5500 ζητηη
2735 5438 2892 5498 ﬁrm,
2933 5422 3196 5500 g'eneratio
3219 5428 3334 5484 illa.

2203 5566 2216 5578 .
2248 5505 2271 5534 ε
2311 5496 2530 5578 Legerit
2568 5499 2627 5554 S.
2656 5497 2842 5578 Pater,
2872 5496 3108 5578 in}.sz
3127 5507 3256 5578 "Ill
3278 5515 3378 5572 PI‘O
3404 5509 3621 5562 I'I‘IJDD'D
3650 5510 3776 5578 νηνε

2171 5569 2366 5642 s_i_ve_w
2389 5583 2487 5635 pro
2507 5580 2546 5628 Π
2571 5610 2585 5633 ,
2611 5569 3058 5642 tabernaculorum
3090 5587 3187 5640 pro
3214 5569 3597 5638 thesaurorum,
3626 5573 3782 5642 quod

2170 5639 2456 5695 Chaldaeus
2489 5639 2730 5711 praefert,
2760 5652 2815 5697 et
2845 5639 3099 5711 Rabbini,
3135 5643 3338 5714 aliique
3363 5643 3566 5714 passim
3597 5639 3782 5700 inter-

2169 5721 2370 5782 pretes.

2240 5781 2268 5860 (ᾖ
2296 5782 2652 5860 ΔΑᾱάιιιιι-[ιίο
2693 5783 2795 5840 loci
2825 5797 2956 5842 mss.
2985 5785 3354 5860 quamplures,
3381 5795 3426 5843 et
3456 5788 3774 5859 invidentes,

470 5849 654 5916 trassc'
674 5849 983 5914 memorant
1012 5867 1026 5908 :
1061 5850 1307 5926 quamvis
1336 5851 1500 5908 etiam
1529 5849 1634 5908 hoc
1664 5849 1786 5908 loco
1805 5861 2060 5924 corrupte
2165 5853 2264 5912 sed
2290 5854 2509 5914 frustra.
2535 5856 2718 5912 Mser.
