4044 6360
267 358 378 415 ΞΗ

1681 370 1885 427 LIBER
1925 372 2163 433 EXODI.

3450 396 3586 467 (ate

268 494 398 535 rum
447 496 557 535 una
600 481 895 539 vocabatur
934 484 1177 557 Sephora
1203 486 1283 560 [In
1316 487 1370 544 h.
1417 486 1667 560 Siphra],
1702 490 1875 547 altera
1904 495 1955 556 Α
1981 502 2145 565 atque
2184 494 2343 565 illuc,
2392 506 2446 554 et
2494 500 2703 558 nullum
2750 504 2944 563 adesse
2974 507 3231 579 vidisset,
3264 524 3583 581 percussum

266 573 450 643 Phua,
484 576 806 646 praecipiens
851 579 930 634 eis
972 596 985 633 :
1029 579 1256 649 Quando
1301 580 1730 638 obstetricabitis
1776 583 1883 638 lle-

269 666 479 734 bneas,
508 678 563 724 et
590 677 776 740 partus
805 680 1015 742 tempus
1042 672 1344 737 advenerit,
1386 675 1433 730 si
1463 676 1734 730 masculus
1768 674 1885 730 fue-

265 760 372 825 rit,
408 760 701 817 interﬁcite
732 761 916 829 illum;
968 766 1011 820 si
1045 766 1245 821 femina
1278 766 1483 841 [Vulg.
1520 768 1650 824 add.
1674 767 1877 842 fuerit],

262 861 579 908 reservate.
639 853 963 912 Timueruttt
1006 868 1186 914 autem
1228 859 1548 929 obstetrices
1593 861 1783 931 Deum,
1831 872 1883 917 et

264 960 390 1001 non
445 946 690 1003 fecerunt
739 948 890 1019 juxta
942 960 1273 1021 prmceptum
1325 954 1469 1025 regis
1514 952 1881 1025 IEgypti,sed

257 1038 676 1096 conservabant
733 1055 935 1098 mares.
985 1042 1198 1112 Quibus
1236 1045 1302 1100 ad
1348 1060 1407 1101 se
1452 1048 1754 1116 accersitis,
1787 1063 1881 1104 rex

257 1134 353 1189 ait
391 1152 403 1188 :
437 1133 701 1203 Quidnam
738 1146 823 1193 est
855 1136 959 1194 hoc
987 1138 1131 1210 quod
1172 1139 1351 1196 facere
1382 1141 1652 1208 voluistis,
1677 1152 1733 1197 ut
1756 1157 1885 1213 pue-

265 1243 377 1284 ros
416 1231 750 1287 servaretis?
796 1232 927 1299 Qua:
977 1235 1419 1304 responderunt:
1452 1235 1570 1291 Non
1615 1245 1739 1291 sunt
1778 1236 1881 1293 Ile—

254 1322 439 1379 brazaa
471 1324 607 1381 sicut
631 1324 904 1397 Egyptia:
932 1328 1188 1384 mulieres
1223 1346 1237 1383 :
1269 1329 1400 1399 ipsae
1448 1331 1593 1385 enim
1625 1330 1883 1386 obstetri-

251 1417 435 1473 candi
466 1418 669 1474 habent
708 1420 1020 1489 scientiam,
1054 1430 1107 1477 et
1138 1422 1450 1493 priusquam
1498 1423 1780 1477 veniamus
1815 1422 1878 1477 ad

250 1527 390 1580 eas,
422 1514 664 1584 pariunt.
696 1513 845 1570 Bene
874 1531 1005 1587 ergo
1034 1515 1167 1571 fecit
1198 1517 1339 1573 Deus
1369 1516 1786 1585 obstetricibus,
1825 1524 1882 1573 et

250 1607 449 1663 crevit
496 1608 749 1681 populus,
801 1610 1244 1682 eonfortatusque
1294 1620 1377 1667 est
1424 1612 1606 1667 nimis.
1638 1612 1703 1667 Et
1755 1614 1907 1691 quia

254 1700 573 1755 timuerunt
596 1701 923 1758 obstetrices
946 1703 1140 1769 Deum,
1184 1703 1476 1759 aediﬁcavit
1511 1705 1622 1760 illis
1664 1704 1872 1762 domos.

253 1793 550 1864 Prmcepit
594 1810 726 1867 ergo
770 1795 985 1853 Pharao
1030 1798 1177 1853 omni
1238 1800 1438 1870 populo
1491 1815 1613 1868 suo,
1642 1798 1873 1855 dicens:

1987 584 2300 660 Egyptium
2338 590 2624 649 abscondit
2654 596 2866 653 sabulo.
2901 600 2967 655 Et
3010 616 3264 673 egressus
3294 602 3383 660 die
3410 604 3585 661 altero

1988 682 2271 751 conspexit
2308 682 2443 741 duos
2468 686 2722 745 Hebraeos
2751 691 3020 762 rixantes;
3050 695 3293 767 dixitque
3318 698 3366 754 ei
3392 700 3484 769 qui
3510 698 3583 755 fa-

1989 775 2204 832 ciebant
2245 778 2490 848 injuriam
2519 799 2532 836 :
2566 782 2745 850 Quare
2786 789 3024 856 percutis
3057 792 3361 860 proximum
3394 800 3580 851 tuum?

1988 868 2086 937 Qui
2118 871 2396 941 respondit
2422 892 2433 927 :
2464 874 2595 943 Quis
2628 886 2679 932 te
2708 879 2993 936 constituit
3020 884 3322 956 principem
3356 896 3411 942 et
3434 886 3581 957 judi-

1986 974 2103 1016 cem
2137 976 2303 1032 super
2328 964 2461 1019 nos?
2491 982 2618 1021 num
2651 969 2899 1027 occidere
2930 988 3016 1029 me
3044 982 3097 1028 tu
3131 975 3233 1042 vis,
3260 976 3403 1032 sicut
3426 979 3574 1033 occi-

1986 1053 2111 1110 disti
2159 1055 2276 1112 heri
2310 1056 2659 1131 ZEgyptium?
2699 1062 2905 1120 Timuit
2934 1065 3140 1133 Moses,
3171 1078 3224 1123 et
3264 1070 3343 1125 ait
3376 1090 3389 1126 :
3425 1072 3573 1140 Quo-

1986 1152 2148 1208 modo
2190 1154 2363 1224 palam
2404 1156 2599 1213 factum
2640 1170 2725 1216 est
2759 1163 2985 1219 verbum
3026 1166 3202 1222 istud?
3244 1169 3579 1242 Audivitque

1986 1242 2194 1299 Pharao
2230 1262 2539 1304 sermonem
2572 1250 2742 1322 hunc,
2769 1262 2824 1309 et
2847 1257 3126 1325 qnaarebat
3166 1260 3415 1318 occidere
3458 1264 3575 1319 Mo-

1985 1353 2079 1394 sen
2108 1358 2120 1394 :
2152 1341 2243 1410 qui
2277 1342 2484 1414 fugiens
2526 1345 2594 1401 de
2641 1358 2935 1419 conspectu
2967 1351 3103 1421 ejus,
3139 1364 3378 1411 moratus
3406 1367 3491 1413 est
3523 1360 3579 1414 in

1986 1442 2127 1490 terra
2162 1434 2403 1505 Madian,
2453 1449 2507 1494 et
2546 1440 2688 1497 sedit
2733 1442 2887 1513 juxta
2918 1454 3163 1516 puteum.
3198 1448 3368 1506 Erant
3397 1462 3585 1509 autem
3624 1448 3635 1453 ’

1984 1528 2252 1583 sacerdoti
2297 1530 2509 1587 Madian
2559 1545 2763 1604 septem
2816 1536 2973 1604 filiae,
3027 1556 3148 1611 qua:
3194 1556 3465 1601 venerunt
3508 1549 3582 1603 ad

1986 1619 2343 1677 hauriendam
2376 1639 2593 1695 aquam,
2628 1638 2684 1684 et
2712 1629 2947 1699 impletis
2978 1634 3283 1702 canalibus,
3310 1638 3585 1709 adaquare

1982 1716 2277 1785 cupiebant
2312 1733 2505 1789 greges
2543 1720 2713 1790 patris
2743 1722 2846 1777 sui.
2881 1724 3257 1794 Supervenere
3295 1740 3583 1801 pastores,

1980 1818 2035 1865 et
2076 1811 2361 1879 ejecerunt
2400 1829 2494 1870 eas
2528 1834 2541 1870 :
2576 1816 2921 1891 surrexitque
2963 1822 3171 1894 Moses,
3204 1834 3295 1893 et,
3340 1826 3581 1883 defensis

250 1886 545 1960 Quidquid
575 1888 857 1945 masculini
903 1905 1067 1947 sexus
1123 1900 1307 1947 natum
1366 1891 1552 1960 fuerit,
1596 1892 1649 1948 in
1677 1891 1873 1948 ﬁumen
1908 1902 1953 1965 Β
1985 1906 2207 1975 puellis,
2249 1908 2537 1979 adaquavit
2566 1926 2698 1968 oves
2732 1928 2941 1971 earum.
2975 1915 3109 1985 Quae
3152 1932 3274 1974 cum
3320 1922 3581 1977 revenis-

253 1986 527 2055 projicite
564 2004 578 2042 :
607 1986 867 2057 quidquid
900 1985 1142 2057 feminei,
1174 1999 1474 2045 reservate.

342 2101 428 2172 lC.
456 2102 521 2171 Il,
546 2102 670 2174 Cap.
699 2100 793 2173 II.]
817 2102 1083 2173 Egressus
1110 2112 1193 2158 est
1220 2113 1340 2174 post
1368 2102 1485 2161 haec
1514 2103 1596 2160 vir
1619 2104 1686 2160 de
1709 2104 1874 2161 domo

253 2194 428 2262 Levi,
470 2204 693 2267 accepta
725 2210 892 2252 uxore
920 2196 1107 2268 stirpis
1149 2212 1280 2253 suae.
1334 2198 1466 2267 Qua:
1516 2200 1787 2271 concepit,
1821 2209 1875 2255 et

265 2287 497 2356 peperit
526 2288 709 2355 ﬁlium,
747 2297 801 2343 et
842 2288 1031 2344 videns
1063 2305 1186 2345 eum
1213 2290 1538 2361 elegantem,
1590 2292 1875 2349 abscondit

259 2381 452 2435 tribus
500 2382 795 2436 mensibus.
844 2380 1094 2451 Cumque
1131 2384 1243 2453 jam
1290 2385 1471 2441 celare
1516 2401 1624 2441 non
1667 2397 1869 2457 posset,

252 2474 502 2543 sumpsit
541 2472 806 2529 ﬁscellam
834 2477 1125 2546 scirpeam,
1157 2487 1211 2532 et
1240 2477 1416 2533 linivit
1455 2494 1572 2534 eam
1606 2480 1874 2536 bitumine

249 2580 324 2621 ac
357 2567 481 2636 pice
514 2583 526 2619 :
558 2567 847 2637 posuitque
878 2568 1024 2623 intus
1057 2566 1379 2625 infantulum
1401 2613 1415 2636 ,
1446 2580 1503 2627 et
1534 2574 1717 2642 posuit
1747 2588 1870 2629 eum

252 2659 313 2715 in
358 2668 574 2715 carecto
604 2660 737 2731 ripa:
765 2660 1027 2728 ﬂuminis,
1078 2671 1259 2719 stante
1302 2664 1490 2734 procul
1536 2679 1725 2721 sorore
1754 2667 1873 2737 ejus

252 2766 317 2811 et
347 2753 732 2810 considerante
761 2764 1015 2810 eventum
1045 2755 1148 2811 rei.
1200 2756 1339 2812 Ecce
1363 2767 1543 2813 autem
1572 2758 1866 2814 descende-

254 2847 357 2901 bat
386 2846 500 2901 ﬁlia
529 2846 849 2915 Pharaonis,
882 2856 939 2902 ut
968 2848 1243 2904 lavaretur
1268 2850 1318 2904 in
1352 2849 1600 2917 ﬂumine,
1633 2862 1686 2907 et
1716 2853 1871 2922 puel-

252 2941 329 2997 las
357 2941 476 3011 ejus
501 2941 888 3013 gradiebantur
911 2957 1007 3013 per
1035 2942 1369 3013 crepidinem
1395 2945 1558 3001 alvei.
1591 2945 1720 3014 Qure
1744 2962 1868 3003 cum

254 3035 488 3091 vidisset
528 3036 787 3095 ﬁscellam
841 3038 894 3093 in
926 3040 1417 3112 papyrione,misit
1448 3058 1609 3097 unam
1641 3058 1671 3099 e
1697 3042 1871 3099 famu-

252 3128 329 3183 lis
360 3129 498 3195 suis,
544 3137 599 3185 et
643 3129 860 3185 allatam
890 3132 1163 3202 aperiens,
1191 3147 1528 3207 cernensque
1558 3136 1611 3191 in
1656 3150 1718 3191 ea
1749 3152 1870 3207 par-

249 3222 441 3277 vulum
472 3222 775 3292 vagientem
796 3265 811 3289 ,
844 3224 1063 3281 miserta
1102 3227 1242 3296 ejus,
1276 3228 1351 3282 ait
1381 3246 1394 3282 :
1451 3229 1525 3285 De
1568 3229 1864 3287 infantibus
1895 3278 1937 3302 η

1979 2010 2101 2055 sent
2128 2001 2193 2054 ad
2224 2001 2435 2059 Raltuel
2468 2015 2674 2075 patrem
2707 2022 2884 2076 suum,
2919 2010 3055 2065 dixit
3080 2011 3147 2066 ad
3176 2028 3269 2069 eas
3300 2031 3311 2067 :
3339 2015 3450 2071 Cur
3478 2032 3575 2072 ve-

1978 2094 2151 2150 locius
2182 2096 2375 2151 venisti
2425 2098 2620 2153 solito?
2667 2099 3084 2171 Responderunt
3114 2124 3125 2159 :
3162 2105 3256 2161 Vir
3284 2107 3575 2180 Egyptius

1977 2186 2225 2243 liberavit
2262 2204 2360 2245 nos
2388 2188 2455 2246 de
2498 2207 2662 2248 manu
2695 2205 2979 2263 pastorum
3007 2215 3019 2253 :
3050 2197 3271 2269 insuper
3298 2211 3353 2256 et
3389 2202 3573 2258 hausit

1976 2297 2172 2353 aquam
2219 2284 2538 2355 nobiscum,
2582 2296 2875 2359 potumque
2905 2289 3055 2347 dedit
3101 2293 3316 2350 ovibus.
3346 2295 3573 2353 Atille:

1976 2373 2078 2431 Ubi
2117 2377 2235 2431 est?
2266 2377 2437 2447 inquit
2466 2396 2478 2433 :
2518 2394 2685 2447 quare
2723 2382 3007 2439 dimisistis
3042 2384 3354 2442 hominem?
3385 2400 3578 2446 vocate

1975 2484 2098 2524 eum
2147 2478 2205 2522 ut
2244 2470 2492 2525 comedat
2530 2486 2744 2543 panem.
2793 2475 3002 2532 Juravit
3039 2494 3173 2550 ergo
3218 2481 3397 2537 Moses
3426 2487 3573 2554 quod

1976 2559 2247 2617 habitaret
2302 2576 2426 2618 cum
2484 2579 2574 2620 eo.
2644 2566 2977 2640 Accepitque
3047 2570 3348 2643 Sephoram
3405 2576 3573 2633 ﬁliam

1973 2653 2091 2723 ejus
2112 2652 2138 2692 ι)
2164 2669 2387 2710 uxorem
2416 2674 2428 2711 :
2461 2672 2581 2728 quae
2611 2661 2826 2729 peperit
2852 2662 2901 2717 ei
2928 2661 3099 2718 ﬁlium
3119 2704 3134 2729 ,
3165 2680 3325 2734 quem
3354 2669 3569 2723 vocavit

1974 2747 2223 2814 Gersom,
2256 2749 2444 2806 dicens
2473 2768 2487 2806 :
2520 2752 2739 2809 Advena
2768 2754 2845 2810 fui
2886 2755 2940 2811 in
2972 2767 3113 2813 terra
3145 2759 3339 2815 aliena.
3375 2759 3462 2834 [T.
3495 2761 3563 2830 Il,

1972 2840 2032 2896 C.
2084 2842 2200 2916 IV.]
2235 2854 2258 2883 ο
2303 2843 2433 2900 Post
2472 2846 2699 2902 multum
2736 2852 2998 2919 temporis
3043 2861 3295 2908 mortuus
3341 2864 3425 2911 est
3475 2872 3572 2911 rex

1974 2932 2200 3006 [Egypti
2228 2954 2238 2989 :
2270 2944 2325 2991 et
2358 2936 2775 3007 ingemiscentes
2807 2941 2902 2995 lilii
2929 2942 3095 2998 Israel
3124 2953 3347 3016 propter
3375 2961 3571 3017 opera,

1972 3027 2254 3083 vociferati
2279 3040 2407 3085 sunt
2431 3048 2445 3087 :
2471 3032 2827 3103 ascenditque
2856 3035 3065 3092 clamor
3094 3053 3284 3094 eorum
3309 3040 3375 3096 ad
3399 3041 3573 3098 Deum

1972 3136 2071 3193 pro
2096 3122 2281 3196 [Vulg.
2314 3122 2401 3197 ab]
2430 3126 2711 3196 operibus.
2738 3128 2804 3183 Et
2827 3129 3033 3186 audivit
3058 3134 3319 3203 gemitum
3349 3151 3565 3205 eorum,

1972 3228 2036 3269 ac
2064 3214 2382 3271 recordatus
2409 3227 2491 3272 est
2516 3216 2739 3275 ftederis
2762 3221 2907 3291 quod
2938 3223 3226 3296 pepigerat
3248 3243 3371 3282 cum
3394 3228 3571 3283 Abra-

250 3312 607 3369 Ilebraeorum
633 3326 718 3370 est
747 3314 856 3373 hic.
892 3316 990 3372 Cui
1022 3333 1182 3374 soror
1205 3319 1355 3389 pueri
1392 3339 1406 3376 :
1434 3320 1549 3387 Vis,
1584 3322 1776 3392 inquit,
1806 3333 1866 3378 ut

1973 3305 2117 3375 ham,
2177 3306 2327 3365 Isaac
2373 3321 2424 3365 et
2468 3310 2658 3369 Jacob.
2708 3314 2776 3369 Et
2816 3318 3061 3386 respexit
3113 3318 3374 3376 Dominus
3426 3321 3567 3377 ﬁlios

248 3406 469 3472 vadam,
499 3414 556 3462 et
586 3422 774 3464 vocem
798 3409 896 3465 tibi
928 3410 1214 3467 Hebrream
1246 3412 1532 3468 mulierem
1556 3460 1571 3483 ,
1615 3430 1735 3485 qum
1766 3431 1865 3471 nu-

250 3499 385 3555 trire
430 3500 607 3571 possit
662 3499 1035 3558 infantulum?
1076 3504 1376 3574 Respondit
1402 3507 1451 3561 ei
1481 3524 1493 3561 :
1528 3506 1697 3563 Vade.
1734 3508 1862 3565 Per-

251 3598 395 3649 rexit
420 3595 596 3665 puella
609 3604 665 3652 et
685 3598 898 3653 vocavit
924 3607 1151 3655 matrem
1176 3608 1203 3637 ι
1226 3600 1366 3670 ejus.
1392 3601 1472 3658 Ad
1491 3617 1649 3672 quam
1680 3602 1859 3659 locuta

251 3685 362 3742 ﬁlia
394 3687 697 3745 Pharaonis
733 3708 744 3744 :
777 3691 997 3761 Accipe,
1028 3690 1124 3759 ait,
1156 3707 1386 3762 puerum
1418 3693 1599 3760 istum,
1634 3704 1687 3750 et
1716 3698 1860 3752 nutri

254 3781 381 3836 mihi
412 3801 425 3835 :
460 3797 563 3853 ego
594 3783 690 3838 tibi
731 3784 871 3839 dabo
908 3785 1211 3842 mercedem
1244 3795 1413 3844 tuam.
1465 3787 1717 3861 Suscepit
1748 3808 1861 3846 mu-

256 3873 376 3940 lier,
410 3884 466 3930 et
493 3876 719 3932 nutrivit
750 3893 975 3949 puerum
1022 3897 1037 3937 :
1089 3880 1444 3950 adultumque
1486 3883 1703 3938 tradidit
1734 3884 1861 3940 ﬁliae

255 3966 578 4023 Pharaonis.
604 3967 775 4036 Quem
818 3969 910 4026 illa
939 3971 1213 4042 adoptavit
1257 3973 1311 4026 in
1345 3974 1521 4029 locum
1554 3973 1670 4039 ﬁlii,
1703 3986 1864 4031 voca-

253 4060 436 4131 vitque
482 4077 685 4119 nomen
728 4062 870 4134 ejus,
925 4064 1123 4134 Moses,
1171 4064 1404 4121 dicens:
1437 4064 1576 4133 Quia
1609 4065 1676 4123 de
1721 4081 1859 4139 aqua

256 4154 346 4210 tuli
378 4170 530 4210 eum.

321 4247 405 4321 [Ο.
431 4247 552 4322 Ill.)
582 4251 638 4306 In
666 4251 856 4308 diebus
898 4252 1008 4308 illis
1041 4262 1326 4325 postquam
1364 4262 1613 4311 creverat
1653 4255 1854 4320 Moses,

258 4358 515 4414 egressus
556 4344 622 4400 ad
651 4344 846 4401 fratres
871 4360 1031 4412 suos,
1062 4346 1200 4402 vidit
1243 4346 1591 4403 afﬁictionem
1630 4362 1818 4402 eorum
1841 4393 1855 4417 ,

266 4449 318 4491 et
361 4440 536 4494 virum
570 4438 884 4513 Egyptium
918 4441 1308 4511 percutientem
1337 4441 1626 4511 quemdam
1652 4441 1717 4497 de
1753 4442 1858 4497 He-

259 4530 418 4587 braeis
454 4530 710 4589 fratribus
751 4533 886 4589 suis.
931 4533 1175 4605 Cumque
1219 4535 1707 4605 circumspexisset
1751 4535 1857 4591 huc

1969 3401 2154 3470 Israel,
2188 3414 2241 3459 et
2268 3407 2522 3476 cognovit
2549 3406 2737 3481 [Vulg.
2766 3410 2893 3463 add.
2921 3410 3065 3484 eos].

2040 3497 2125 3570 [Ο.
2170 3498 2237 3565 ν,
2268 3498 2396 3571 Cap.
2436 3500 2553 3575 l||.]
2600 3501 2774 3559 Moses
2818 3514 2997 3561 autem
3032 3507 3285 3576 pascebat
3312 3522 3443 3563 oves
3473 3508 3565 3565 Je-

1967 3590 2092 3645 tltro
2130 3595 2343 3664 cognati
2372 3593 2559 3665 [Vulg.
2595 3596 2798 3669 soceri]
2830 3597 2938 3665 sui,
2971 3598 3275 3655 sacerdotis
3306 3600 3516 3655 Madian
3546 3618 3563 3657 ε

1965 3681 2211 3756 Cumque
2241 3687 2504 3743 minasset
2532 3703 2748 3759 gregem
2772 3689 2839 3744 ad
2871 3690 3129 3747 interiora
3154 3692 3379 3761 deserti,
3414 3694 3565 3749 venit

1966 3777 2033 3832 ad
2082 3790 2322 3835 montem
2378 3782 2468 3836 Dei
2524 3781 2725 3839 lloreb.
2778 3786 3147 3857 Apparuitque
3194 3786 3245 3843 ei
3295 3787 3563 3843 Dominus

1966 3872 2046 3945 [h.
2076 3874 2433 3946 apparuitque
2464 3876 2688 3947 angelus
2720 3878 2956 3949 Domini]
2990 3880 3042 3934 in
3074 3879 3288 3936 ﬂamma
3323 3880 3462 3951 ignis
3492 3881 3563 3937 de

1966 3968 2147 4023 medio
2177 3969 2332 4038 rubi,
2364 3979 2419 4026 et
2443 3970 2658 4026 videbat
2702 3973 2847 4042 quod
2877 3972 3047 4029 rubus
3086 3973 3335 4043 arderet,
3368 3985 3421 4031 et
3453 3991 3565 4031 non

1967 4064 2398 4119 combureretur.
2434 4063 2584 4120 Dixit
2611 4080 2743 4137 ergo
2774 4066 2990 4122 Moses:
3023 4066 3249 4133 Vadam,
3278 4076 3333 4123 et
3363 4068 3565 4124 videbo

1967 4157 2235 4212 visionem
2267 4156 2407 4212 hanc
2440 4172 2709 4229 magnam,
2740 4174 2911 4229 quare
2949 4174 3056 4214 non
3085 4160 3442 4216 comburatur
3471 4177 3563 4217 ru-

1967 4249 2085 4306 bus.
2129 4248 2375 4306 Cernens
2405 4258 2586 4307 autem
2618 4249 2879 4306 Dominus
2920 4252 3063 4322 quod
3109 4262 3357 4323 pergeret
3386 4252 3453 4307 ad
3485 4252 3564 4306 vi-

1964 4342 2230 4407 dendum,
2254 4342 2466 4398 vocavit
2491 4358 2615 4398 eum
2643 4343 2710 4399 de
2742 4342 2920 4399 medio
2952 4344 3097 4411 rubi,
3130 4354 3185 4401 et
3208 4346 3285 4398 ait
3312 4363 3325 4399 :
3359 4345 3562 4413 Moses,

1962 4434 2162 4491 Moses.
2205 4434 2311 4502 Qui
2347 4436 2669 4506 respondit:
2710 4436 2938 4491 Adsum.
2975 4437 3046 4491 At
3076 4437 3168 4493 ille
3203 4456 3214 4491 :
3247 4436 3325 4492 Ne
3360 4452 3559 4506 appro-

1964 4530 2113 4602 pies?
2152 4530 2325 4602 inquit
2353 4574 2367 4597 ,
2398 4531 2504 4587 huc
2535 4550 2547 4586 :
2581 4528 2732 4587 solve
2772 4532 3202 4587 calceamentum
3228 4531 3297 4588 de
3327 4531 3555 4604 pedibus

334 4655 359 4683 °
394 4646 453 4702 In
481 4646 715 4702 Hebrmo
745 4656 963 4720 matrem
1001 4648 1145 4720 pueri
1178 4647 1363 4714 habet,
1397 4648 1538 4717 quod
1574 4649 1715 4702 tollit
1744 4663 1861 4703 om-
1887 4648 1940 4710 D
1967 4654 2075 4701 tam
2104 4643 2243 4720 hanc
2271 4643 2581 4720 pericopem
2609 4644 2829 4701 exhibet
2860 4646 2913 4699 in
2947 4646 3189 4720 margine
3215 4662 3229 4699 :
3254 4645 3561 4720 codexpau-

264 4732 386 4772 nem
421 4720 829 4791 ambiguitatem
874 4719 1137 4774 librorum
1182 4720 1474 4787 editorum,
1504 4720 1597 4791 qui
1640 4730 1855 4775 matrem

264 4807 411 4843 suam
439 4790 644 4861 legunt.
677 4789 847 4845 Mxn'r.

329 4891 390 4901 —
432 4844 621 4935 Melius
648 4862 701 4917 in
728 4844 963 4917 Hebraeo
983 4844 1111 4923 15m
1144 4872 1251 4927 DN,
1278 4872 1493 4919 matrem
1520 4864 1667 4935 pueri
1696 4862 1856 4919 :Vul-

264 4945 379 5002 gata
407 4933 598 4998 editio,
626 4944 838 4988 matrem
868 4950 1038 4987 suam.

330 5003 355 5041 δ
380 5004 615 5059 Palatin.
641 5021 744 5060 ms.
778 5015 917 5060 tacet
937 5022 1178 5071 uxorem,
1213 5021 1337 5062 mox
1367 5005 1567 5062 Gersan
1594 5022 1714 5063 cum
1746 5007 1855 5063 Ur-

270 5074 449 5131 hinate
475 5084 529 5129 et
558 5076 787 5146 vulgatis
812 5077 939 5147 legit
964 5092 1063 5143 pro
1091 5076 1307 5132 Gereon.

338 5158 361 5186 ε
410 5148 551 5220 Editi
596 5147 721 5202 libri
763 5164 825 5203 ac
866 5150 1218 5218 tnanuscripti
1258 5151 1608 5220 quamplures
1649 5150 1859 5206 addunt

270 5217 363 5273 ista
399 5237 413 5273 :
447 5218 679 5291 Alterum
710 5236 824 5273 vero
854 5220 1050 5291 peperit
1081 5236 1098 5273 :
1129 5217 1493 5290 quem-vocarit
1524 5222 1750 5285 Eliezer,
1776 5223 1859 5276 di-

272 5306 382 5365 cens
414 5307 432 5344 :
464 5290 763 5365 Deu_s_enim
800 5290 961 5365 patris
999 5292 1098 5365 mei
1135 5293 1348 5365 adjutor
1380 5311 1519 5349 meus
1560 5295 1747 5365 eripuit
1775 5310 1856 5348 me

273 5361 332 5415 de
372 5379 527 5415 manu
556 5359 873 5417 Pharaonis.
919 5359 975 5418 In
1007 5363 1128 5417 aliis
1158 5359 1269 5419 tum
1300 5364 1535 5431 Grzncis,
1570 5359 1680 5421 tuin
1709 5366 1856 5421 Lati-

277 5432 353 5486 nis
381 5432 783 5504 exgmplarihus
825 5433 928 5489 hoc
951 5434 1111 5490 modo
1132 5435 1329 5504 legitur
1364 5454 1376 5489 :
1410 5436 1585 5492 Alium
1615 5453 1732 5492 vero
1760 5454 1850 5491 ro-

274 5504 397 5558 carit
428 5502 647 5569 Elieaer,
675 5514 781 5561 etc.
815 5506 1014 5560 Horum
1038 5502 1219 5561 autem
1255 5508 1547 5563 verborum
1578 5508 1710 5564 nihil
1751 5525 1850 5565 ex-

273 5584 372 5650 stat
422 5577 471 5630 in
503 5576 773 5650 Hebraico
810 5584 1066 5650 contextu
1090 5620 1106 5641 ,
1142 5593 1319 5650 neque
1362 5580 1415 5633 in
1466 5579 1849 5635 Samaritano:

274 5646 459 5721 absunt
492 5647 757 5721 similiter
813 5648 897 5721 in_
914 5647 1055 5704 LXX
1099 5646 1243 5705 edit;
1282 5651 1441 5705 Rom.
1486 5652 1854 5721 manuscripto

275 5718 653 5790 Alexandrino,
689 5727 743 5774 et
773 5722 825 5774 itt
868 5718 1195 5790 Paraphrasi
1244 5721 1549 5778 Chaldaica.
1611 5718 1851 5778 Mutuata

275 5788 517 5862 videntur
540 5806 571 5845 e
591 5791 771 5859 capite
789 5788 1210 5847 decimo'nctavo
1234 5794 1478 5862 ejusdem
1509 5792 1683 5850 Exodi
1704 5809 1851 5850 vers.

273 5860 305 5916 3
331 5871 383 5937 e_t
410 5861 682 5937 4._ubipde
714 5863 924 5919 Eliezer
946 5864 1137 5937 eadem
1168 5860 1339 5937 prope
1369 5868 1616 5937 legimus.
1645 5866 1855 5923 Deinde

272 5933 435 5990 codex
466 5934 773 5992 Bibliorum
804 5950 907 5994 ms.
940 5934 1000 5994 S.
1032 5933 1219 5995 Germ.
1245 5933 1285 5995 a‘
1307 5933 1481 5996 Pratis
1511 5953 1659 5996 num.
1686 5940 1738 6009 5,
1774 5948 1856 5995 to-

1968 4728 2075 4773 tem
2108 4715 2315 4785 Regius
2346 4716 2564 4785 optima:
2592 4726 2757 4778 noue,
2785 4733 2933 4771 num.
2969 4715 3129 4778 556⁸5,
3169 4724 3320 4773 extra
3353 4718 3553 4774 seriem

1964 4804 2027 4844 ac
2055 4801 2341 4841 numerum
2363 4786 2626 4841 linearum
2656 4786 2821 4841 habet
2850 4786 3043 4843 eadem
3070 4789 3231 4843 verba
3264 4792 3315 4844 in
3343 4804 3438 4845 ora
3463 4790 3553 4845 in-

1963 4860 2149 4917 feriori
2192 4858 2411 4912 minutis
2440 4858 2851 4913 characteribus
2890 4859 3187 4927 descripta.
3231 4860 3288 4915 In
3320 4878 3426 4916 ttno
3456 4862 3551 4918 de~

1962 4933 2129 5002 nique
2150 4928 2314 5003 Corb.
2350 4944 2478 5003 ms.,
2505 4945 2653 5003 num.
2692 4931 2743 5003 l,
2764 4930 2879 4985 haec
2904 4939 3109 5003 tantum
3140 4931 3390 5003 leguntur
3413 4936 3553 4990 intra

1963 4999 2175 5060 textum
2203 5018 2216 5054 :
2250 4999 2319 5053 Et
2346 5002 2535 5070 eripuit
2570 5018 2649 5055 me
2677 5001 2740 5055 de
2780 5019 2935 5055 mamt
2981 4999 3297 5058 Pharaonis.
3342 5003 3551 5062 Caetera

1963 5088 2156 5131 manus
2183 5072 2457 5129 recentior
2479 5072 2747 5139 supplevit
2767 5073 2833 5129 ad
2861 5087 3016 5129 oram
3053 5073 3364 5131 inferiorem
3402 5077 3549 5132 libri.

1966 5148 2043 5202 Ex
2075 5146 2186 5218 hac
2211 5154 2355 5199 tanta
2393 5144 2786 5218 exemplarium
2832 5147 3095 5218 varietate
3126 5148 3258 5201 satis
3297 5148 3555 5218 explora-

1962 5228 2073 5274 tum
2103 5216 2388 5283 habemus,
2419 5231 2540 5289 quae
2568 5216 2635 5271 de
2667 5216 2878 5273 Eliezer
2905 5216 3160 5273 dicuntur
3192 5216 3425 5289 primum
3453 5235 3553 5276 an-

1961 5297 2146 5364 notata
2170 5291 2240 5364 ⁸ίιρ
2294 5288 2561 5364 margine,
2589 5302 2865 5364 _suc_c_essu
2898 5289 3159 5360 temporis
3196 5288 3269 5347 in
3317 5306 3548 5364 corpore

1959 5360 2130 5433 posita
2164 5359 2331 5433 fuisse
2362 5374 2391 5412 a
2418 5358 2671 5433 librariis.
2698 5358 2873 5416 anr.

2034 5430 2528 5503 —-Addnntpnostri
2570 5445 2701 5486 mss.
2735 5440 2789 5487 et
2814 5446 2951 5503 quos
2977 5433 3229 5490 Martian.
3256 5436 3549 5502 consuluit,

1956 5505 2194 5578 e_ditique
2226 5501 2375 5578 libri,
2424 5501 2662 5578 Al_terum
2707 5501 2842 5578 uero‘
2869 5507 3087 5577 peperit,
3144 5523 3295 5578 quem
3350 5501 3549 5562 vocavit

1958 5572 2196 5652 Elieaer,
2217 5574 2392 5652 dicens
2415 5589 2435 5628 :
2462 5572 2604 5628 Deus
2631 5576 2771 5652 e_tt_im
2796 5572 2959 5652 patris
2993 5579 3091 5652 mei
3121 5572 3334 5652 adjutor
3364 5595 3507 5652 meus
3527 5619 3547 5646 ,

1956 5657 2007 5702 et
2029 5646 2218 5715 eripuit
2242 5662 2321 5700 me
2352 5648 2418 5719 de
2446 5662 2603 5719 manu
2631 5643 2947 5719 Pharaonis.
2988 5649 3118 5715 Quae
3149 5643 3271 5705 cum
3302 5643 3547 5719 originaQ

1957 5720 2037 5775 les
2060 5725 2240 5774 textus
2267 5733 2374 5772 non
2408 5717 2666 5785 habeant,
2694 5717 2745 5772 in
2778 5719 3032 5789 Hexaplis
3069 5730 3246 5775 tamen
3275 5720 3376 5775 sub
3393 5717 3547 5775 'aste-

1959 5792 2105 5847 risco
2151 5790 2318 5844 fuisse
2348 5788 2651 5856 descripta,
2703 5788 2865 5848 ﬁdem
2909 5788 3036 5848 facit
3081 5791 3405 5849 Coislinian.
3438 5806 3543 5848 ms.

1959 5876 2126 5935 penes
2156 5859 2638 5919 Montl‘auconium.
