3912 6348
436 379 546 435 245

1433 371 1490 426 s.
1537 357 1926 424 IIIERONYMI'
1962 350 2193 419 01va
2234 348 2712 419 prementem.

3606 374 3700 432 ‘2“

441 502 551 557 mis
579 518 592 554 ἶ
622 500 771 554 Iocus
806 494 951 550 enim
977 535 990 561 ’
1035 493 1089 547 in
1121 506 1229 563 qm,
1259 499 1372 545 ειυς
1394 529 1409 555 ,
1439 498 1583 544 terra
1615 486 1805 542 sancta
1832 491 1935 541 est.
1971 483 2038 539 Et
2063 482 2117 545 Α
2213 481 2368 556 [ϐαρ.
2416 479 2532 553 ιν.]
2563 468 2859 551 Respondit
2908 480 3085 536 Moses
3114 490 3165 537 et
3206 482 3280 538 ait
3315 502 3324 536 :
3357 482 3467 541 Non
3496 490 3703 548 credent

442 595 521 652 ait
550 611 565 649 :
598 592 714 663 Ego
740 598 865 645 sum
894 587 1036 643 Deus
1076 585 1247 657 μιὼ
1274 584 1373 650 tut,
1406 576 1550 638 Deus
1577 579 1868 643 Abraham,
1896 577 2038 632 Deus

441 690 616 755 Isaac,
641 696 699 742 et
721 686 860 741 Deus
881 678 1071 739 Jacob.
1097 677 1393 736 Absco‘ndil
1423 675 1597 731 Moses
1618 672 1811 730 faciem
1838 676 1992 727 suam
2020 688 2035 726 :

446 782 561 838 non
600 779 746 835 enim
793 774 1024 832 audebat
1057 772 1335 843 respicere
1375 768 1564 825 contra
1609 766 1801 822 Dento.
1835 764 1934 821 Cui
1967 764 2040 818 ait

447 868 714 935 Dominus
742 889 758 929 :
794 870 914 927 Vidi
947 868 1298 925 afﬂictionem
1347 863 1535 937 populi
1566 863 1670 918 mei
1699 862 1752 916 in
1784 859 2043 931 Egypto',

442 982 501 1027 et
529 971 825 1026 claruerem
855 965 973 1033 ejus
1000 961 1179 1016 audivi
1210 970 1434 1030 propter
1461 952 1716 1011 duritiam
1740 960 1927 1008 eorum
1951 951 2041 1022 qui

444 1068 693 1137 praesunt
722 1052 977 1129 cperilms
1004 1073 1016 1109 :
1050 1054 1107 1108 et
1134 1053 1313 1106 Sciens
1344 1050 1513 1105 dolor.
1538 1066 1585 1102 ιιι
1617 1048 1754 1116 ejus,
1787 1041 2043 1101 descendi

448 1167 511 1212 nt
539 1157 833 1212 liberarem
866 1148 1051 1223 [ναις.
1083 1147 1305 1202 liberem
1337 1153 1385 1199 et
1407 1142 1657 1215 educam]
1685 1156 1809 1197 eum
1840 1140 1908 1195 de
1930 1152 2045 1193 ma-

451 1250 613 1308 nibus
644 1242 1046 1317 Egyptiornm,
1078 1250 1132 1297 et
1160 1240 1451 1296 educerem
1479 1237 1546 1292 de
1570 1244 1711 1292 terra
1740 1236 1828 1289 illa
1861 1235 1914 1288 in
1944 1242 2047 1288 tero

450 1354 568 1400 ram
603 1342 801 1396 bonam
821 1382 837 1408 ,
865 1344 920 1392 et
944 1337 1267 1406 spatiosam,
1298 1332 1352 1387 in
1384 1340 1584 1386 terram
1615 1342 1737 1400 qum
1765 1328 1888 1382 lluit
1910 1328 2047 1382 lacte
2082 1334 2086 1339 ‘

449 1447 506 1493 et
522 1436 705 1499 melle,
722 1434 789 1490 ad
812 1433 928 1488 loca
954 1429 1267 1489 Chanamei.
1292 1437 1345 1481 et
1365 1410 1619 1490 liet'tbari,
1644 1432 1700 1479 et
1717 1416 2046 1485 Amorrhtel,

448 1530 750 1595 Pherezmi,
782 1536 839 1583 et
868 1524 1052 1581 llevaai
1073 1569 1086 1592 ,
1120 1534 1174 1578 et
1204 1520 1466 1578 Jebusmi.
1498 1517 1717 1574 Clamor
1742 1522 1874 1587 ergo
1906 1513 2048 1588 lilio-

450 1638 574 1681 rum
606 1620 773 1677 Israel
797 1616 946 1675 venit
969 1616 1036 1672 ad
1061 1614 1148 1671 me
1172 1630 1186 1667 :
1216 1612 1437 1684 vidique
1461 1609 1815 1666 afﬂictionem
1837 1620 2048 1675 eorum,

453 1731 558 1789 qua
600 1719 668 1769 ah
698 1709 972 1784 Egyptiis
1001 1707 1406 1780 opprimuntur.
1436 1702 1543 1760 Sed
1568 1704 1713 1767 veni,
1752 1700 1965 1756 mittam
2000 1710 2055 1755 te

454 1810 523 1863 ad
574 1807 957 1871 Pharaonem,
1008 1812 1065 1855 ut
1102 1800 1301 1855 educas
1340 1796 1603 1867 populum
1657 1802 1875 1857 meum,-
1911 1789 2057 1846 lilios

2142 575 2296 642 mihi,
2324 584 2497 645 neque
2519 574 2745 629 audient
2773 578 2957 628 vocem
2990 572 3164 630 meam
3188 593 3203 640 ;
3234 577 3327 632 sed
3358 577 3538 636 dieent
3564 600 3574 635 :
3602 581 3705 640 Non

2142 664 2397 742 app-gruit
2421 667 2515 722 tibi
2547 667 2827 722 Dominus.
2863 666 2947 740 [Β.
2983 665 3067 728 Ill.
3101 662 3161 723 Ο.
3192 666 3309 741 γι]
3337 669 3476 726 Dixit
3502 674 3623 744 ergo
3649 674 3710 731 ad

2143 770 2267 819 eum
2299 779 2314 817 :
2345 752 2484 830 Quid
2527 768 2610 817 est
2656 760 2761 818 huc
2794 761 2938 834 quod
2967 770 3120 819 tenes
3159 764 3212 817 in
3257 778 3415 820 manu
3468 764 3593 822 tua?
3618 767 3712 826 Re-

2144 856 2402 929 spondit:
2440 856 2624 926 Virga.
2658 854 2909 928 Dixitque
2942 855 3240 912 Dominus:
3277 848 3483 929 Projice
3510 872 3621 916 eam
3664 863 3715 921 in

2154 958 2379 1008 terram.
2407 949 2673 1020 Proiecit,
2707 957 2763 1005 et
2808 958 2967 1006 versa
2998 956 3082 1006 est
3116 950 3169 1006 in
3201 942 3482 1007 coiubi‘un‘i
3506 995 3520 1019 ,
3567 954 3638 1010 ita
3664 963 3718 1012 ut

2146 1042 2356 1114 fugeret
2385 1042 2586 1099 Moses.
2608 1041 2871 1113 Dixitque
2903 1039 3169 1099 Dominus
3195 1062 3209 1100 :
3240 1037 3487 1099 Extende
3517 1060 3720 1103 manum

2145 1147 2315 1202 tuam,
2340 1146 2395 1193 et
2422 1137 2773 1208 apprehende
2803 1134 3034 1192 caudam
3076 1134 3217 1208 ejus.
3263 1128 3539 1208 Extendit,
3568 1150 3621 1196 et
3646 1150 3720 1196 te-

2149 1233 2298 1295 nuit,
2332 1248 2599 1303 versaque
2634 1240 2722 1288 est
2763 1232 2815 1288 in
2846 1232 3074 1303 virgam.
3114 1230 3185 1290 Ut
3222 1232 3478 1300 credant,
3534 1233 3722 1305 inquit,

2148 1328 2297 1401 quod
2324 1330 2651 1399 apparuerit
2682 1326 2779 1382 tibi
2812 1326 3072 1383 Dominus
3110 1327 3254 1384 Deus
3290 1326 3506 1399 patrum
3551 1334 3577 1364 ι
3608 1338 3727 1383 Suo-

2151 1416 2307 1486 rum,
2338 1418 2481 1477 Deus
2520 1419 2839 1487 Abraham,
2876 1416 3221 1484 Deuslsaac,
3266 1426 3321 1474 et
3370 1408 3511 1474 Deus
3553 1417 3728 1475 Jacob.

2152 1514 2235 1590 [ϐ.
2267 1513 2403 1590 Vll.]
2439 1512 2689 1587 Diiitque
2732 1512 2996 1597 Dominus
3047 1510 3302 1568 rut-sum:
3340 1511 3491 1568 Mitte
3529 1512 3739 1567 manum

2157 1610 2302 1664 tuam
2329 1609 2384 1663 in
2415 1607 2600 1663 sinum
2636 1614 2807 1662 tuum.
2836 1600 3011 1675 Quam
3032 1618 3153 1661 cum
3187 1604 3431 1661 ntisiSSet
3461 1602 3512 1659 in
3539 1604 3741 1671 sinuin;

2158 1700 2386 1774 protulit
2416 1702 2688 1773 lep‘rosam
2723 1700 2894 1757 instar
2919 1700 3079 1756 nivis.
3116 1697 3380 1764 Retrahe,
3413 1699 3511 1766 ait,
3534 1708 3741 1753 manum

2158 1794 2345 1868 [ναις.
2378 1793 2508 1850 add.
2539 1792 2715 1868 tuam]
2744 1794 2799 1849 in
2829 1793 3007 1849 sinum
3042 1794 3212 1847 tuum.
3240 1776 3513 1857 Retraxit,
3545 1790 3594 1846 et'
3628 1804 3737 1861 νιος

456 1902 627 1960 Israel
660 1901 729 1956 de
760 1898 1019 1970 Egypto.
1056 1893 1201 1949 Dixit
1232 1892 1413 1948 Moses
1451 1889 1519 1944 ad
1554 1888 1765 1944 Deum:
1795 1884 1927 1953 Quis
1954 1898 2056 1952 ego
2087 1882 2131 1947 Β
2164 1888 2281 1944 tulit
2305 1886 2540 1955 iterum,
2582 1890 2639 1944 et
2679 1895 2799 1945 erat
2841 1886 3041 1943 similis
3071 1885 3220 1941 carni
3259 1885 3512 1956 reliquae.
3548 1879 3604 1941 Si
3642 1896 3740 1939 non

462 2010 618 2059 sum,
669 2002 725 2047 ut
775 1990 964 2045 vadum
1012 1989 1079 2043 ad
1123 1986 1504 2051 Pharaonem,
1549 1991 1605 2038 et
1651 1979 1876 2037 educam
1918 1977 2059 2032 ﬁlios

459 2089 629 2144 lsrael
663 2086 732 2142 de
759 2085 1015 2158 Egypto.
1058 2081 1161 2150 Qui
1191 2080 1330 2136 dixit
1354 2077 1403 2134 ei
1433 2096 1444 2131 :
1479 2077 1592 2149 Ego
1627 2076 1724 2132 e'ro
1756 2083 1934 2130 tecum
1963 2114 1976 2137 ,
2005 2079 2061 2128 et

461 2182 566 2235 hoc
601 2178 828 2234 habebis
857 2178 1093 2246 signum,
1127 2172 1269 2245 quod
1302 2171 1546 2227 miserim
1576 2180 1668 2224 te:
1699 2166 1836 2224 Cum
1865 2167 2061 2223 eduxe-

462 2276 542 2331 ris
577 2272 832 2343 populum
862 2267 1052 2342 (Vulg.
1083 2265 1212 2321 add.
1245 2261 1455 2335 meum]
1476 2262 1544 2318 de
1570 2260 1836 2332 Egypto,
1862 2260 2059 2313 immo-

462 2368 607 2423 lahis
640 2355 749 2421 Deo
777 2379 938 2434 super
967 2371 1206 2417 montem
1233 2360 1421 2414 istum.
1442 2356 1535 2412 Ait
1556 2356 1735 2411 Moses
1755 2353 1824 2410 ad
1851 2354 2016 2437 Deum
2046 2373 2059 2408 :

472 2461 617 2515 Ecce
638 2474 739 2529 ego
763 2458 953 2512 vadam
979 2455 1047 2509 ad
1079 2453 1218 2509 tilias
1247 2451 1440 2516 Israel,
1474 2459 1531 2506 et
1558 2449 1735 2506 dicam
1766 2450 1847 2505 eis
1874 2466 1885 2502 :
1919 2448 2065 2505 Deus

463 2558 679 2626 patrum
703 2558 1011 2610 vestrorum
1037 2550 1182 2606 misit
1210 2565 1297 2606 me
1320 2546 1387 2605 ad
1410 2563 1525 2605 vos.
1552 2548 1610 2605 Si
1627 2549 1866 2604 dixerint
1897 2545 2028 2602 mihi
2049 2563 2061 2598 :

467 2649 625 2719 Quod
672 2659 758 2704 est
804 2661 998 2703 nomen
1029 2642 1183 2717 ejus?
1216 2642 1343 2713 quid
1374 2642 1550 2699 dicam
1598 2641 1709 2697 eis?
1737 2640 1884 2695 Dixit
1922 2638 2067 2695 Deus

468 2742 536 2798 ad
568 2742 794 2798 Mosen:
830 2738 942 2811 Ego
980 2752 1101 2796 sum
1146 2739 1240 2809 qui
1274 2752 1414 2793 sum.
1443 2735 1536 2792 Ait
1568 2752 1581 2790 :
1615 2735 1708 2791 Sic
1746 2730 1907 2790 Dices
1942 2730 2068 2788 ﬁliis

470 2834 639 2892 Israel
660 2850 675 2889 :
694 2832 799 2901 Qui
812 2841 918 2898 est,
931 2831 1082 2886 misit
1102 2829 1268 2886 mead
1286 2842 1418 2885 vos:
1444 2828 1696 2897 Dixitque
1712 2820 1905 2881 iterum
1923 2825 2070 2881 Deus

476 2927 546 2983 ad
596 2927 824 2982 Mosen:
855 2924 981 2980 llaec
1024 2922 1173 2979 dices
1225 2921 1350 2976 ﬁliis
1392 2920 1593 2976 Israel:
1624 2919 1884 2974 Dominus
1927 2919 2068 2974 Deus

470 3032 688 3093 patrum
720 3029 1064 3080 vestrorum,
1102 3016 1246 3071 Deus
1292 3012 1590 3080 Abraham,
1627 3024 1681 3069 et
1721 3012 1862 3067 Deus
1897 3011 2067 3076 Isaac,

472 3122 533 3170 et
573 3112 719 3168 Deus
760 3110 954 3175 Jacob,
984 3109 1132 3165 misit
1160 3122 1247 3163 me
1288 3107 1353 3162 ad
1386 3114 1486 3164 vo‘s
1518 3124 1533 3162 :
1568 3107 1669 3161 hoc
1710 3118 1907 3162 nomen
1937 3105 2070 3162 mibi

474 3217 561 3261 est
589 3205 644 3260 in
674 3214 968 3270 mternum,
1002 3211 1055 3258 et
1084 3200 1187 3257 huc
1215 3199 1535 3255 memoriale
1562 3206 1743 3254 meum
1768 3197 1822 3253 in
1843 3212 2072 3270 genera-

472 3302 679 3355 tionem
723 3307 777 3353 et
823 3296 1262 3368 generationem.
1299 3290 1783 3364 Vado,'congrega
1825 3294 2073 3349 seniores
2099 3260 2147 3337 Ε

473 3392 641 3447 Israel
661 3433 677 3458 ,
700 3399 759 3446 et
783 3389 935 3446 dices
966 3386 1032 3444 all
1062 3402 1193 3443 eos:
1228 3387 1497 3442 Dominus
1529 3387 1669 3441 Dens
1710 3388 1924 3456 patroni
1954 3394 2072 3442 res:

480 3494 690 3539 trorum
742 3481 998 3550 apparuit
1048 3479 1222 3544 mihi,
1280 3480 1422 3533 Deus
1469 3478 1777 3544 Abraham;
1826 3476 1881 3531 et
1932 3476 2076 3533 Deus

482 3577 656 3645 Isaac,
685 3580 740 3631 et
774 3576 915 3630 Dens
942 3574 1135 3638 Jacoh,
1166 3573 1358 3628 dicens
1394 3588 1410 3627 :
1442 3571 1681 3627 Visitans
1705 3572 1916 3625 visitavi
1943 3584 2075 3636 vos;

480 3679 538 3723 rt
564 3667 672 3723 vidi
697 3668 880 3722 omnia
911 3681 1032 3734 qua:
1058 3663 1379 3720 acciderunt
1406 3664 1562 3718 vobis
1604 3663 1657 3717 in
1702 3661 1976 3733 Egypto:
2011 3658 2078 3717 Ei

483 3761 597 3816 dixi
642 3769 700 3815 ut
744 3758 971 3814 educam
1023 3770 1125 3812 vos
1151 3755 1552 3831 de_al‘llictione
1583 3754 1840 3827 Egypti,
1874 3755 1926 3810 in
1974 3756 2080 3810 ter-

414 3872 419 3877 ’
483 3862 602 3907 ram
632 3849 946 3913 Chananuei,
971 3858 1030 3904 et
1055 3846 1315 3915 Hettha-i,
1340 3858 1393 3902 et
1422 3844 1754 3912 Amorrhtei,
1783 3845 2077 3911 Pherezml;

482 3955 541 4001 et
590 3943 759 4010 Evasi,
804 3952 860 4000 et
896 3941 1134 3998 Jebuztei
1160 3982 1177 4009 ,
1232 3939 1300 3996 ad
1342 3949 1543 3996 terram
1571 3940 1828 3996 ﬂuentem
1861 3940 1998 3995 lat-te
2026 3950 2082 3997 et

482 4036 675 4093 melle.
720 4034 790 4091 Et
826 4033 1056 4090 audient
1086 4044 1273 4088 vocem
1305 4040 1491 4089 tuam:
1526 4034 1958 4105 ingredierisque
1991 4044 2080 4101 tu;

482 4138 544 4185 et
590 4127 840 4183 seniores
881 4124 1096 4191 Israel,
1143 4123 1210 4179 ad
1238 4139 1446 4195 regem
1501 4125 1761 4197 Egypti,
1796 4137 1851 4181 et
1891 4126 2086 4182 dicetis

486 4222 678 4297 (Vulg.
722 4218 900 4292 dices]
926 4219 994 4275 ad
1022 4236 1145 4275 eum
1179 4237 1193 4274 :
1236 4218 1500 4275 Dominus
1549 4220 1688 4274 Deus
1730 4218 2082 4276 Hebrteorum

485 4317 705 4377 vocarit
731 4326 830 4370 nos
864 4331 880 4370 :
910 4313 1111 4370 ibimus
1141 4312 1283 4368 viam
1323 4314 1484 4368 trlum
1517 4312 1732 4369 dierum
1762 4328 1862 4383 per
1890 4315 2087 4372 solitu-

487 4411 696 4480 dinem,
725 4414 785 4464 ut
812 4408 1163 4465 immolemus
1194 4407 1423 4463 Domino
1458 4409 1567 4463 Deo
1597 4412 1808 4465 nostro.
1847 4409 1954 4466 Sed
1983 4411 2085 4482 ego

488 4504 609 4559 scio
636 4502 778 4572 quod
830 4518 938 4558 non
983 4500 1223 4557 dimittet
1266 4516 1364 4556 vos
1408 4515 1503 4556 rex
1533 4499 1786 4573 Egypti,
1831 4511 1891 4557 ut
1916 4503 2086 4572 eatis,

487 4595 596 4663 nisi
647 4610 742 4666 per
785 4608 1008 4650 manum
1045 4592 1301 4648 validam.
1342 4591 1643 4649 Extendam
1678 4594 1823 4649 enim
1866 4610 2087 4651 manum

2160 1980 2521 2047 crediderint,
2551 1980 2743 2050 inquit,
2779 1979 2896 2049 tibi,
2930 1994 3109 2049 neque
3140 1977 3419 2033 audierint
3449 1991 3745 2033 sermonem

2161 2074 2300 2142 signi
2325 2074 2525 2144 prioris
2546 2089 2561 2140 ;
2585 2072 2811 2128 credent
2829 2072 2997 2128 verbo
3016 2072 3153 2143 signi
3173 2070 3478 2147 sequentis.
3496 2070 3577 2143 [Ο.
3594 2068 3745 2141 Vll|.]

2160 2167 2314 2236 Quod
2342 2167 2386 2221 si
2419 2181 2519 2223 nec
2550 2166 2766 2220 duobus
2798 2165 3019 2237 quidem
3058 2164 3143 2220 his
3184 2164 3357 2234 signis
3400 2163 3749 2229 crediderint,

2164 2277 2341 2333 neque
2366 2260 2643 2316 audierint
2672 2274 2861 2316 vocem
2892 2270 3059 2329 tuam,
3097 2273 3251 2314 sume
3273 2273 3472 2326 aquam
3504 2255 3750 2336 ﬂuminis,

2165 2366 2221 2413 et
2245 2353 2466 2411 eﬂuude
2493 2368 2614 2409 eam
2654 2366 2819 2423 super
2845 2353 3053 2408 aridam
3072 2392 3088 2418 ,
3119 2358 3174 2407 et
3219 2350 3485 2422 quidquid
3520 2348 3754 2404 hauseris

2166 2447 2235 2505 de
2273 2445 2460 2513 ﬂuvio,
2488 2455 2729 2503 vertetur
2761 2447 2813 2500 in
2851 2444 3191 2515 sanguinem.
3226 2443 3321 2498 Ait
3352 2442 3529 2499 Moses
3556 2458 3570 2495 :
3598 2440 3756 2497 Obse-

2167 2556 2284 2609 cro,
2323 2540 2585 2606 Domine,
2612 2554 2719 2595 non
2763 2553 2882 2593 sum
2912 2538 3177 2609 eloquens
3204 2535 3277 2591 ab
3313 2535 3430 2591 heri
3456 2544 3509 2589 et
3533 2532 3748 2589 nudius-

2170 2636 2399 2701 tertius,
2430 2642 2485 2689 et
2513 2649 2580 2688 ex
2614 2647 2723 2702 quo
2750 2631 2965 2687 locutus
2995 2646 3054 2685 es
3083 2629 3151 2684 ad
3180 2644 3405 2686 servum
3446 2636 3594 2683 tuum
3615 2668 3629 2693 ,
3668 2624 3761 2679 im-

2170 2724 2455 2797 peditioris
2491 2733 2547 2780 et
2576 2722 2835 2779 tardioris
2872 2721 3072 2792 linguae
3116 2735 3259 2775 sttui.
3317 2717 3471 2773 Dixit
3511 2716 3761 2771 Dominus

2168 2819 2236 2874 ad
2268 2835 2388 2878 eum
2419 2838 2432 2874 :
2460 2818 2592 2888 Quis
2635 2818 2763 2873 fecit
2788 2831 2849 2872 os
2883 2814 3160 2871 hominis?
3188 2823 3284 2869 aut
3317 2812 3446 2884 quis
3475 2811 3763 2868 fabricatus

2170 2926 2255 2973 est
2286 2925 2493 2970 mutum
2527 2923 2619 2969 aut
2644 2912 2895 2981 surdum,
2925 2909 3204 2965 videntem
3233 2920 3293 2964 et
3322 2907 3567 2964 circuiri?
3598 2917 3768 2960 nonne

2171 3008 2307 3080 ego?
2334 3007 2506 3079 Perge
2528 3008 2711 3079 igitur,
2733 3017 2785 3062 et
2818 3021 2920 3076 ego
2945 3018 3043 3061 ero
3066 3003 3122 3059 in
3155 3018 3249 3056 ore
3283 3011 3378 3057 tuo
3407 3022 3422 3060 :
3450 3001 3763 3069 ducehoque

2175 3101 2377 3171 tequid
2404 3100 2664 3169 loquaris.
2698 3097 2765 3154 At
2795 3097 2889 3153 ille
2917 3115 2931 3151 :
2963 3095 3238 3161 Obsecro,
3277 3096 3483 3166 inquit,
3530 3091 3767 3157 Domine,

2177 3196 2201 3235 ιι
2224 3197 2379 3252 mitte
2416 3209 2577 3267 quem
2602 3194 2866 3249 missurus
2888 3207 2967 3248 es.
2991 3191 3169 3248 Iratus
3194 3189 3464 3245 Dominus
3485 3189 3539 3243 in
3560 3186 3738 3243 Mosen
3753 3223 3768 3246 ,

2178 3291 2251 3345 ait
2282 3308 2295 3344 :
2325 3288 2512 3345 Aaron
2548 3286 2718 3343 frater
2745 3296 2868 3342 tuus
2901 3285 3151 3347 Levites.
3186 3284 3305 3340 scio
3335 3283 3487 3355 quod
3518 3282 3769 3352 eloquens

2177 3386 2285 3449 sit;
2316 3398 2445 3440 ecce
2470 3383 2588 3453 ipse
2615 3381 2926 3454 egredietur
2961 3381 3013 3436 iu
3047 3392 3338 3435 occursum
3364 3390 3542 3444 tuum,
3566 3377 3773 3432 videns-

2178 3493 2285 3547 que
2343 3489 2435 3543 te;
2505 3477 2773 3533 laetabitur
2820 3476 3005 3532 corde.
3065 3475 3322 3548 Loquere
3370 3475 3440 3531 ad
3505 3489 3668 3541 eum,
3724 3480 3773 3527 et

2180 3585 2320 3641 pone
2360 3570 2520 3627 verba
2554 3578 2671 3625 mea
2710 3571 2763 3624 in
2806 3584 2902 3626 ore
2931 3569 3072 3639 ejus,
3101 3579 3157 3627 et
3182 3583 3287 3640 ego
3316 3582 3419 3625 ero
3445 3550 3502 3623 in
3533 3582 3631 3625 ore
3658 3576 3773 3629 tuo,

2179 3672 2234 3718 et
2281 3661 2333 3717 in
2397 3676 2493 3717 ore
2545 3661 2728 3726 illius,
2781 3669 2837 3717 et
2893 3660 3179 3716 ostendam
3236 3659 3402 3715 vobis
3449 3659 3582 3732 quid
3627 3660 3776 3728 agere

2181 3755 2445 3813 debeatis.
2478 3754 2600 3827 ipse
2630 3755 2881 3826 loquetur
2910 3770 3010 3826 pro
3059 3766 3112 3810 te
3155 3753 3225 3809 ad
3260 3756 3562 3826 populum,
3596 3762 3649 3809 ct
3684 3752 3783 3807 erit

2182 3864 2247 3903 os
2287 3857 2475 3904 tuum:
2516 3860 2571 3903 tu
2598 3858 2781 3903 autem
2806 3846 3121 3921 eris[Vulg.
3154 3846 3282 3901 add.
3328 3847 3407 3919 ei]
3450 3846 3507 3902 in
3554 3847 3636 3901 his
3669 3850 3782 3912 quae”

2182 3942 2249 3999 ad
2307 3943 2479 3998 Deum
2528 3943 2823 4014 pertinent.
2878 3942 3092 4015 Virgatn
3142 3950 3367 4014 quoque
3425 3942 3570 3997 hatic
3610 3948 3786 3996 sumes

2184 4033 2372 4109 [Vulg.
2427 4033 2607 4108 sume]
2661 4037 2714 4090 in
2761 4050 2923 4091 manu
2974 4044 3109 4101 tua;
3161 4035 3217 4091 in
3268 4039 3380 4104 qua
3437 4035 3680 4091 facturus
3732 4043 3787 4083 es

2183 4129 2357 4199 signa.
2401 4125 2485 4200 [Ο.
2514 4125 2632 4200 1Χ.]
2664 4127 2812 4183 Abiit
2840 4128 3051 4192 Moses,
3090 4136 3147 4182 et
3188 4144 3454 4185 reversus
3485 4137 3572 4184 est
3605 4126 3672 4181 ad
3709 4123 3791 4181 le;

2188 4220 2310 4277 thro
2367 4233 2652 4293 cognatum
2698 4220 2887 4295 [γυῖα.
2943 4220 3215 4294 socerum]
3275 4234 3491 4289 suum,
3548 4221 3789 4290 dixitque

2185 4314 2235 4370 ei
2266 4333 2281 4370 :
2316 4313 2516 4369 Vadam
2541 4354 2557 4381 ,
2587 4323 2645 4370 et
2683 4325 2931 4371 revertar
2960 4313 3027 4370 ad
3059 4317 3256 4371 fratres
3315 4330 3479 4373 meos
3511 4318 3566 4373 in
3598 4314 3793 4387 Egyp-

2186 4416 2330 4472 tum,
2368 4419 2428 4463 ut
2468 4408 2705 4473 videam,
2739 4409 2784 4462 si
2829 4407 3007 4463 adhuc
3048 4409 3256 4466 vivunt.
3299 4411 3404 4465 Cui
3448 4411 3531 4464 ait
3568 4409 3789 4464 Jethru:

2192 4501 2343 4559 Vade
2368 4502 2422 4558 in
2447 4516 2604 4573 pace.
2629 4500 2716 4574 [Τ.
2745 4500 2834 4571 ill,
2866 4500 2930 4558 Ο.
2962 4499 3055 4574 Χ.]
3083 4500 3227 4556 Dixit
3255 4517 3396 4573 ergo
3431 4502 3703 4559 Dominus
3729 4497 3794 4554 ad

2192 4597 2380 4654 Mosen
2413 4598 2467 4652 in
2497 4595 2749 4653 Madiau‘.
2786 4594 2951 4664 Vade,
2976 4605 3034 4650 et
3062 4605 3344 4651 revertere
3374 4597 3434 4650 in
3462 4595 3793 4668 [Egyptuun

488 4663 670 4745 meam
694 4730 709 4754 ,
743 4698 801 4744 et
829 4688 1127 4759 percutiam
1168 4684 1461 4760 {Egyptum
1495 4686 1549 4742 in
1575 4687 1789 4743 cunctis
1815 4688 2081 4745 irritabili-
2112 4663 2167 4726 Ῑ)
2194 4690 2390 4747 Mortui
2437 4689 2586 4746 enim
2640 4698 2768 4745 sunt
2814 4663 3008 4745 omnes
3045 4688 3141 4759 qui
3181 4688 3515 4759 quaerebant
3543 4663 3799 4743 animum

488 4781 593 4836 bus
628 4783 795 4845 meis,
824 4784 946 4851 qua:
972 4778 1213 4837 facturus
1239 4792 1358 4836 sum
1391 4780 1444 4835 in
1489 4780 1672 4837 medio
1700 4796 1889 4836 eorum
1920 4798 1932 4836 :
1966 4788 2088 4852 post

490 4869 612 4926 hinc
640 4860 883 4951 dimlt’tet
910 4879 1026 4928 Vos.
1063 4868 1318 4941 Daboque
1346 4868 1578 4942 gratiam
1616 4870 1818 4944 populo
1845 4871 1970 4930 huic
1996 4891 2088 4931 co-

488 4977 608 5020 ram
635 4958 905 5035 Egyptiis
925 5000 940 5026 ,
971 4972 1028 5020 et
1050 4978 1173 5019 cum
1204 4963 1583 5036 egrediemini,
1614 4982 1721 5022 non
1748 4968 1967 5024 exibitis
1992 4966 2086 5025 va-

488 5056 623 5112 cui:
657 5055 752 5110 sed
790 5054 1089 5125 postulabit
1125 5055 1325 5112 mulier
1352 5068 1382 5112 ιι
1412 5058 1591 5113 vicina
1632 5064 1728 5113 sua
1766 5066 1823 5117 et
1850 5061 1918 5119 ad
1960 5065 2090 5121 hos.

488 5146 607 5224 pitu
633 5162 752 5217 sua,
779 5160 904 5204 vasa
932 5146 1187 5222 aigenlea
1213 5157 1270 5206 et
1296 5160 1479 5218 aerea,
1507 5144 1571 5208 ac
1597 5144 1783 5211 vestes
1810 5172 1824 5213 :
1849 5156 2085 5228 punctis-

488 5258 602 5318 qne
628 5257 723 5301 eas
765 5257 929 5314 super
959 5228 1104 5299 lilios
1131 5254 1191 5300 et
1220 5242 1361 5301 tilias
1388 5256 1600 5302 veStras
1624 5286 1640 5315 ,
1682 5256 1739 5304 et
1783 5250 2088 5321 spoliabitis

491 5337 811 5411 ὢειρωω-

564 5491 592 5522 ι
618 5480 787 5547 Loco,
816 5487 1025 5551 patrum
1053 5494 1295 5548 suorum;
1331 5492 1524 5551 omnes
1554 5482 1707 5551 gmss.
1756 5481 1971 5541 codices
2000 5482 2077 5540 le-

491 5562 651 5625 gunt.
687 5547 897 5625 patrum
938 5554 1189 5625 tuorum;
1215 5547 1383 5625 quod
1406 5548 1691 5625 perperam
1742 5554 1953 5609 imitata
1993 5551 2077 5610 est

488 5620 903 5682 versio'Latina
931 5630 1109 5677 textus
1150 5620 1501 5683 Samaritae.
1539 5638 1660 5678 cum
1696 5625 1746 5678 in
1777 5625 2076 5682 Samarita:

485 5710 683 5753 norum
709 5710 773 5750 ac
812 5693 1164 5769 Hebraeorum
1212 5690 1584 5769 voluminibus
1621 5696 1883 5767 scriptum
1914 5706 2071 5769 repe-

484 5772 658 5822 riatur
691 5769 859 5826 metu
912 5767 1187 5832 ancilium,
1246 5761 1297 5817 id
1342 5774 1444 5829 est,
1482 5776 1693 5835 patrum
1733 5761 1952 5831 'eorum;
1978 5761 2075 5826 ’νοῒ

487 5854 719 5892 suorum.
744 5838 920 5892 Mau'r.

559 5909 698 5964 ——Et
718 5908 909 5980 noetri,
943 5918 996 5967 et
1025 5922 1163 5982 quos
1184 5906 1387 5967 laudat.
1417 5908 1666 5967 Martiali.
1699 5924 1801 5968 ms.
1832 5921 2039 5969 tuorum
2058 5952 2076 5984 ,

2198 4791 2365 4838 tuam.
2397 4780 2541 4837 Tulit
2565 4797 2697 4853 ergo
2723 4780 2903 4837 Moses
2931 4792 3153 4836 uxorem
3184 4782 3450 4850 suam,et
3477 4782 3623 4837 illius
3650 4793 3797 4846 suos,

2194 4880 2252 4932 et
2299 4874 2678 4947 imposuiteos
2721 4872 2886 4945 s'up'el'
2916 4870 3154 4943 dsinuin,
3195 4872 3578 4946 reversusque
3622 4865 3706 4931 esi
3750 4873 3801 4928 in

2194 4967 2514 5041 Egyptum,
2547 4976 2773 5039 portans
2802 4968 3013 5039 virgam
3044 4968 3141 5025 Dei
3174 4968 3231 5025 in
3270 4984 3444 5025 manu
3476 4986 3600 5026 sua.
3635 4969 3804 5025 Dixit-

2193 5079 2299 5136 que
2340 5064 2392 5120 ei
2431 5062 2698 5118 Dominus
2742 5062 3040 5119 revertenti
3087 5062 3143 5117 in
3189 5059 3497 5134 Egyptum
3529 5082 3543 5119 :
3580 5062 3721 5120 Vide
3751 5066 3804 5117 ut

2192 5154 2372 5216 o‘innia
2400 5148 2637 5224 ostenta,
2669 5154 2791 5226 quae
2812 5153 2969 5226 posui
2997 5151 3048 5210 iit
3077 5164 3240 5210 manu
3269 5164 3386 5227 tua,
3423 5142 3601 5215 iacias
3622 5171 3805 5214 coram

2194 5253 2480 5311 Pharaone
2510 5267 2523 5304 :
2553 5264 2655 5322 ego
2693 5247 2962 5306 indurabo
3000 5264 3097 5306 cor
3126 5251 3279 5320 ejus,
3309 5260 3372 5306 et
3413 5268 3529 5307 non
3576 5252 3811 5307 dimittet

2195 5345 2476 5419 populum.
2527 5340 2790 5416 Dicesque
2834 5344 2902 5400 ad
2931 5356 3056 5402 eum
3089 5360 3104 5397 :
3141 5345 3268 5401 Hrec
3304 5342 3449 5401 dicit
3502 5346 3808 5403 Dominus:

2186 5498 2285 5556 pro
2310 5494 2527 5540 suorum
2555 5483 2758 5555 legunt.
3356 5552 3359 5553 ν

2257 5554 2385 5637 bulla
2411 5570 2480 5612 ex
2502 5555 2739 5637 Hebraeo
2754 5555 3076 5637 vertendum
3097 5555 3265 5637 docet
3291 5552 3691 5637 Hieronymus
3707 5559 3799 5613 lih.

2183 5642 2240 5682 ιιι
2268 5627 2579 5684 Comment.
2616 5628 2668 5682 in
2694 5626 2796 5683 lsii
2826 5643 2949 5696 cap.
2986 5642 3063 5682 vr;
3096 5627 3220 5683 Post
3265 5626 3571 5687 recitatum
3604 5632 3751 5687 enim
3776 5642 3806 5683 e

2181 5697 2327 5771 LXX
2359 5699 2747 5771 interpretibus
2778 5698 2918 5756 hanc
2969 5697 3260 5771 lectionem
3296 5716 3309 5753 :
3352 5697 3598 5756 Obsecro
3621 5748 3636 5771 ,
3690 5702 3798 5754 Do-

2182 5770 2337 5843 mine;
2366 5782 2471 5825 non
2497 5768 2614 5843 item
2641 5770 2827 5843 dignus
2852 5808 2868 5837 ,
2917 5770 3132 5843 provide
3170 5768 3335 5843 alium
3382 5786 3547 5843 quem
3598 5768 3799 5838 minus,

2181 5842 2460 5919 subjungit
2493 5840 2658 5919 aliam
2687 5837 2878 5919 dicens
2909 5837 2927 5898 ξ
2953 5843 3169 5919 ξευεὶιιι
3194 5843 3246 5898 in
3274 5837 3520 5901 Helier
3568 5844 3760 5919 legitur
3786 5872 3801 5913 ,-

2183 5907 2336 5970 mitie
2354 5907 2517 5987 quem
2546 5914 2818 5973 missutus
2835 5928 2919 5975 es.
2951 5907 3138 5975 Marri.
