  <div class='ocr_page' id='page_1' title='image "/cluster/home/n/w/nwhite01/storage/ocr_20150623/28/hvd.32044015471410/128.png"; bbox 0 0 4044 6360; ppageno 0'>
   <div class='ocr_carea' id='block_1_1' title="bbox 290 324 392 387">
    <p class='ocr_par' dir='ltr' id='par_1_1' title="bbox 290 324 392 387">
     <span class='ocr_line' id='line_1_1' title="bbox 290 324 392 387; baseline 0.01 -1"><span class='ocrx_word' id='word_1_1' title='bbox 290 324 392 387; x_wconf 67' lang='lat'><strong>245</strong></span> 
     </span>
    </p>
   </div>
   <div class='ocr_carea' id='block_1_2' title="bbox 1683 322 2158 396">
    <p class='ocr_par' dir='ltr' id='par_1_2' title="bbox 1683 322 2158 396">
     <span class='ocr_line' id='line_1_2' title="bbox 1683 322 2158 396; baseline 0.006 -3"><span class='ocrx_word' id='word_1_2' title='bbox 1683 322 1883 393; x_wconf 78' lang='lat' dir='ltr'><strong>Lmen</strong></span> <span class='ocrx_word' id='word_1_3' title='bbox 1931 322 2158 396; x_wconf 64' lang='lat' dir='ltr'><strong>etiam.</strong></span> 
     </span>
    </p>
   </div>
   <div class='ocr_carea' id='block_1_3' title="bbox 3472 336 3580 406">
    <p class='ocr_par' dir='ltr' id='par_1_3' title="bbox 3472 336 3580 406">
     <span class='ocr_line' id='line_1_3' title="bbox 3472 336 3580 406; baseline 0.037 -4"><span class='ocrx_word' id='word_1_4' title='bbox 3472 336 3580 406; x_wconf 67' lang='lat'><strong>246</strong></span> 
     </span>
    </p>
   </div>
   <div class='ocr_carea' id='block_1_4' title="bbox 290 444 3576 536">
    <p class='ocr_par' dir='ltr' id='par_1_4' title="bbox 290 444 3576 536">
     <span class='ocr_line' id='line_1_4' title="bbox 290 444 3576 536; baseline 0.005 -33"><span class='ocrx_word' id='word_1_5' title='bbox 290 448 428 504; x_wconf 81' lang='lat' dir='ltr'><strong>illius</strong></span> <span class='ocrx_word' id='word_1_6' title='bbox 483 451 873 521; x_wconf 85' lang='lat' dir='ltr'><strong>primogenitus</strong></span> <span class='ocrx_word' id='word_1_7' title='bbox 905 466 1060 505; x_wconf 89' lang='lat' dir='ltr'><strong>meus</strong></span> <span class='ocrx_word' id='word_1_8' title='bbox 1097 460 1179 505; x_wconf 88' lang='lat' dir='ltr'><strong>est</strong></span> <span class='ocrx_word' id='word_1_9' title='bbox 1229 450 1417 507; x_wconf 86' lang='lat' dir='ltr'><strong>lsrael.</strong></span> <span class='ocrx_word' id='word_1_10' title='bbox 1454 448 1574 506; x_wconf 82' lang='lat' dir='ltr'><strong>Dixi</strong></span> <span class='ocrx_word' id='word_1_11' title='bbox 1617 450 1748 536; x_wconf 88' lang='lat' dir='ltr'><strong>tibi:</strong></span> <span class='ocrx_word' id='word_1_12' title='bbox 1786 448 1873 507; x_wconf 88' lang='lat' dir='ltr'><strong>Di-</strong></span> <span class='ocrx_word' id='word_1_13' title='bbox 1904 444 1951 515; x_wconf 70' lang='grc' dir='ltr'><em>Α</em></span> <span class='ocrx_word' id='word_1_14' title='bbox 1982 448 2372 524; x_wconf 82' lang='lat' dir='ltr'><strong>Dispersusqnc</strong></span> <span class='ocrx_word' id='word_1_15' title='bbox 2402 464 2481 511; x_wconf 89' lang='lat' dir='ltr'><strong>est</strong></span> <span class='ocrx_word' id='word_1_16' title='bbox 2510 456 2742 525; x_wconf 89' lang='lat' dir='ltr'><strong>populus</strong></span> <span class='ocrx_word' id='word_1_17' title='bbox 2774 460 2868 527; x_wconf 85' lang='lat' dir='ltr'><strong>per</strong></span> <span class='ocrx_word' id='word_1_18' title='bbox 2887 456 3105 513; x_wconf 77' lang='lat' dir='ltr'><strong>omnem</strong></span> <span class='ocrx_word' id='word_1_19' title='bbox 3142 462 3339 518; x_wconf 79' lang='lat' dir='ltr'><strong>terram</strong></span> <span class='ocrx_word' id='word_1_20' title='bbox 3358 462 3576 536; x_wconf 62' lang='lat' dir='ltr'><strong>Egypti</strong></span> 
     </span>
    </p>
   </div>
   <div class='ocr_carea' id='block_1_5' title="bbox 291 534 1873 610">
    <p class='ocr_par' dir='ltr' id='par_1_5' title="bbox 291 534 1873 610">
     <span class='ocr_line' id='line_1_5' title="bbox 291 534 1873 610; baseline 0.003 -16"><span class='ocrx_word' id='word_1_21' title='bbox 291 542 443 595; x_wconf 86' lang='lat' dir='ltr'><strong>mitte</strong></span> <span class='ocrx_word' id='word_1_22' title='bbox 486 542 651 596; x_wconf 90' lang='lat' dir='ltr'><strong>tlllum</strong></span> <span class='ocrx_word' id='word_1_23' title='bbox 685 558 867 598; x_wconf 88' lang='lat' dir='ltr'><strong>meum</strong></span> <span class='ocrx_word' id='word_1_24' title='bbox 891 586 904 605; x_wconf 91' lang='lat'><strong>,</strong></span> <span class='ocrx_word' id='word_1_25' title='bbox 945 550 1003 598; x_wconf 89' lang='lat' dir='ltr'><strong>ut</strong></span> <span class='ocrx_word' id='word_1_26' title='bbox 1034 542 1237 597; x_wconf 88' lang='lat' dir='ltr'><strong>serviat</strong></span> <span class='ocrx_word' id='word_1_27' title='bbox 1270 542 1424 610; x_wconf 85' lang='lat' dir='ltr'><strong>mihi,</strong></span> <span class='ocrx_word' id='word_1_28' title='bbox 1466 554 1515 597; x_wconf 88' lang='lat' dir='ltr'><strong>et</strong></span> <span class='ocrx_word' id='word_1_29' title='bbox 1549 534 1761 598; x_wconf 87' lang='lat' dir='ltr'><strong>noluisti</strong></span> <span class='ocrx_word' id='word_1_30' title='bbox 1791 543 1873 599; x_wconf 86' lang='lat' dir='ltr'><strong>di-</strong></span> 
     </span>
    </p>
   </div>
   <div class='ocr_carea' id='block_1_6' title="bbox 283 636 1875 709">
    <p class='ocr_par' dir='ltr' id='par_1_6' title="bbox 283 636 1875 709">
     <span class='ocr_line' id='line_1_6' title="bbox 283 636 1875 709; baseline 0.003 -20"><span class='ocrx_word' id='word_1_31' title='bbox 283 636 505 691; x_wconf 88' lang='lat' dir='ltr'><strong>mittere</strong></span> <span class='ocrx_word' id='word_1_32' title='bbox 535 652 658 692; x_wconf 90' lang='lat' dir='ltr'><strong>eum</strong></span> <span class='ocrx_word' id='word_1_33' title='bbox 693 656 704 691; x_wconf 90' lang='lat'><strong>:</strong></span> <span class='ocrx_word' id='word_1_34' title='bbox 741 652 871 693; x_wconf 91' lang='lat' dir='ltr'><strong>ecce</strong></span> <span class='ocrx_word' id='word_1_35' title='bbox 899 654 998 709; x_wconf 89' lang='lat' dir='ltr'><strong>ego</strong></span> <span class='ocrx_word' id='word_1_36' title='bbox 1027 638 1347 694; x_wconf 76' lang='lat' dir='ltr'><strong>interficiant</strong></span> <span class='ocrx_word' id='word_1_37' title='bbox 1390 638 1556 693; x_wconf 85' lang='lat' dir='ltr'><strong>tilium</strong></span> <span class='ocrx_word' id='word_1_38' title='bbox 1590 646 1735 693; x_wconf 89' lang='lat' dir='ltr'><strong>tuum</strong></span> <span class='ocrx_word' id='word_1_39' title='bbox 1768 639 1875 709; x_wconf 84' lang='lat' dir='ltr'><strong>pri-</strong></span> 
     </span>
    </p>
   </div>
   <div class='ocr_carea' id='block_1_7' title="bbox 281 728 1877 801">
    <p class='ocr_par' dir='ltr' id='par_1_7' title="bbox 281 728 1877 801">
     <span class='ocr_line' id='line_1_7' title="bbox 281 728 1877 801; baseline 0.002 -17"><span class='ocrx_word' id='word_1_40' title='bbox 281 730 645 800; x_wconf 80' lang='lat' dir='ltr'><strong>mogenitum.</strong></span> <span class='ocrx_word' id='word_1_41' title='bbox 681 728 927 801; x_wconf 80' lang='lat' dir='ltr'><strong>Cumque</strong></span> <span class='ocrx_word' id='word_1_42' title='bbox 966 742 1111 788; x_wconf 75' lang='lat' dir='ltr'><strong>e5sel</strong></span> <span class='ocrx_word' id='word_1_43' title='bbox 1151 731 1203 786; x_wconf 87' lang='lat' dir='ltr'><strong>iu</strong></span> <span class='ocrx_word' id='word_1_44' title='bbox 1242 732 1460 799; x_wconf 82' lang='lat' dir='ltr'><strong>itinere,</strong></span> <span class='ocrx_word' id='word_1_45' title='bbox 1496 731 1549 785; x_wconf 92' lang='lat' dir='ltr'><strong>in</strong></span> <span class='ocrx_word' id='word_1_46' title='bbox 1578 730 1877 787; x_wconf 76' lang='lat' dir='ltr'><strong>diversorio</strong></span> 
     </span>
    </p>
   </div>
   <div class='ocr_carea' id='block_1_8' title="bbox 279 825 1877 894">
    <p class='ocr_par' dir='ltr' id='par_1_8' title="bbox 279 825 1877 894">
     <span class='ocr_line' id='line_1_8' title="bbox 279 825 1877 894; baseline 0.001 -15"><span class='ocrx_word' id='word_1_47' title='bbox 279 825 523 880; x_wconf 88' lang='lat' dir='ltr'><strong>occurrit</strong></span> <span class='ocrx_word' id='word_1_48' title='bbox 555 826 602 880; x_wconf 88' lang='lat' dir='ltr'><strong>ei</strong></span> <span class='ocrx_word' id='word_1_49' title='bbox 635 827 916 894; x_wconf 80' lang='lat' dir='ltr'><strong>Dominus,</strong></span> <span class='ocrx_word' id='word_1_50' title='bbox 949 836 1004 883; x_wconf 88' lang='lat' dir='ltr'><strong>et</strong></span> <span class='ocrx_word' id='word_1_51' title='bbox 1033 826 1247 880; x_wconf 86' lang='lat' dir='ltr'><strong>volebat</strong></span> <span class='ocrx_word' id='word_1_52' title='bbox 1275 825 1523 882; x_wconf 86' lang='lat' dir='ltr'><strong>occidere</strong></span> <span class='ocrx_word' id='word_1_53' title='bbox 1553 840 1700 881; x_wconf 91' lang='lat' dir='ltr'><strong>eum.</strong></span> <span class='ocrx_word' id='word_1_54' title='bbox 1726 825 1877 881; x_wconf 86' lang='lat' dir='ltr'><strong>Tulit</strong></span> 
     </span>
    </p>
   </div>
   <div class='ocr_carea' id='block_1_9' title="bbox 276 918 1875 991">
    <p class='ocr_par' dir='ltr' id='par_1_9' title="bbox 276 918 1875 991">
     <span class='ocr_line' id='line_1_9' title="bbox 276 918 1875 991; baseline 0.001 -19"><span class='ocrx_word' id='word_1_55' title='bbox 276 918 435 975; x_wconf 84' lang='lat' dir='ltr'><strong>illico</strong></span> <span class='ocrx_word' id='word_1_56' title='bbox 478 920 716 991; x_wconf 86' lang='lat' dir='ltr'><strong>Scphora</strong></span> <span class='ocrx_word' id='word_1_57' title='bbox 756 921 1126 977; x_wconf 75' lang='lat' dir='ltr'><strong>acutissimam</strong></span> <span class='ocrx_word' id='word_1_58' title='bbox 1178 930 1409 989; x_wconf 81' lang='lat' dir='ltr'><strong>petram,</strong></span> <span class='ocrx_word' id='word_1_59' title='bbox 1447 928 1501 974; x_wconf 88' lang='lat' dir='ltr'><strong>et</strong></span> <span class='ocrx_word' id='word_1_60' title='bbox 1530 919 1875 976; x_wconf 75' lang='lat' dir='ltr'><strong>circumcidit</strong></span> 
     </span>
    </p>
   </div>
   <div class='ocr_carea' id='block_1_10' title="bbox 273 1014 1872 1086">
    <p class='ocr_par' dir='ltr' id='par_1_10' title="bbox 273 1014 1872 1086">
     <span class='ocr_line' id='line_1_10' title="bbox 273 1014 1872 1086; baseline -0.001 -16"><span class='ocrx_word' id='word_1_61' title='bbox 273 1018 611 1086; x_wconf 82' lang='lat' dir='ltr'><strong>praeputium</strong></span> <span class='ocrx_word' id='word_1_62' title='bbox 659 1016 757 1071; x_wconf 86' lang='lat' dir='ltr'><strong>filii</strong></span> <span class='ocrx_word' id='word_1_63' title='bbox 812 1017 919 1082; x_wconf 92' lang='lat' dir='ltr'><strong>sui,</strong></span> <span class='ocrx_word' id='word_1_64' title='bbox 971 1016 1252 1086; x_wconf 88' lang='lat' dir='ltr'><strong>tetigitque</strong></span> <span class='ocrx_word' id='word_1_65' title='bbox 1285 1014 1449 1085; x_wconf 84' lang='lat' dir='ltr'><strong>pedes</strong></span> <span class='ocrx_word' id='word_1_66' title='bbox 1488 1014 1636 1085; x_wconf 85' lang='lat' dir='ltr'><strong>ejus,</strong></span> <span class='ocrx_word' id='word_1_67' title='bbox 1670 1026 1721 1069; x_wconf 87' lang='lat' dir='ltr'><strong>et</strong></span> <span class='ocrx_word' id='word_1_68' title='bbox 1764 1014 1872 1069; x_wconf 87' lang='lat' dir='ltr'><strong>ait:</strong></span> 
     </span>
    </p>
   </div>
   <div class='ocr_carea' id='block_1_11' title="bbox 275 1108 1872 1181">
    <p class='ocr_par' dir='ltr' id='par_1_11' title="bbox 275 1108 1872 1181">
     <span class='ocr_line' id='line_1_11' title="bbox 275 1108 1872 1181; baseline -0.003 -16"><span class='ocrx_word' id='word_1_69' title='bbox 275 1108 532 1178; x_wconf 80' lang='lat' dir='ltr'><strong>SpOnsns</strong></span> <span class='ocrx_word' id='word_1_70' title='bbox 585 1112 907 1181; x_wconf 80' lang='lat' dir='ltr'><strong>sanguinum</strong></span> <span class='ocrx_word' id='word_1_71' title='bbox 967 1121 1020 1165; x_wconf 90' lang='lat' dir='ltr'><strong>tu</strong></span> <span class='ocrx_word' id='word_1_72' title='bbox 1079 1111 1209 1164; x_wconf 87' lang='lat' dir='ltr'><strong>mihi</strong></span> <span class='ocrx_word' id='word_1_73' title='bbox 1264 1125 1341 1165; x_wconf 89' lang='lat' dir='ltr'><strong>es.</strong></span> <span class='ocrx_word' id='word_1_74' title='bbox 1386 1109 1452 1164; x_wconf 87' lang='lat' dir='ltr'><strong>Et</strong></span> <span class='ocrx_word' id='word_1_75' title='bbox 1496 1110 1700 1164; x_wconf 89' lang='lat' dir='ltr'><strong>dimisit</strong></span> <span class='ocrx_word' id='word_1_76' title='bbox 1750 1125 1872 1162; x_wconf 88' lang='lat' dir='ltr'><strong>eutn</strong></span> 
     </span>
    </p>
   </div>
   <div class='ocr_carea' id='block_1_12' title="bbox 272 1203 1877 1276">
    <p class='ocr_par' dir='ltr' id='par_1_12' title="bbox 272 1203 1877 1276">
     <span class='ocr_line' id='line_1_12' title="bbox 272 1203 1877 1276; baseline 0.001 -21"><span class='ocrx_word' id='word_1_77' title='bbox 272 1214 567 1273; x_wconf 77' lang='lat' dir='ltr'><strong>postquam</strong></span> <span class='ocrx_word' id='word_1_78' title='bbox 612 1203 826 1259; x_wconf 84' lang='lat' dir='ltr'><strong>dixerat</strong></span> <span class='ocrx_word' id='word_1_79' title='bbox 869 1222 879 1257; x_wconf 91' lang='lat'>:</span> <span class='ocrx_word' id='word_1_80' title='bbox 934 1203 1181 1276; x_wconf 84' lang='lat' dir='ltr'><strong>Sponsus</strong></span> <span class='ocrx_word' id='word_1_81' title='bbox 1227 1204 1571 1273; x_wconf 80' lang='lat' dir='ltr'><strong>sanguinum,</strong></span> <span class='ocrx_word' id='word_1_82' title='bbox 1610 1212 1635 1240; x_wconf 71' lang='grc' dir='ltr'>α</span> <span class='ocrx_word' id='word_1_83' title='bbox 1672 1204 1741 1259; x_wconf 86' lang='lat' dir='ltr'><strong>ob</strong></span> <span class='ocrx_word' id='word_1_84' title='bbox 1770 1203 1877 1258; x_wconf 88' lang='lat' dir='ltr'><strong>cir-</strong></span> 
     </span>
    </p>
   </div>
   <div class='ocr_carea' id='block_1_13' title="bbox 274 1294 1870 1370">
    <p class='ocr_par' dir='ltr' id='par_1_13' title="bbox 274 1294 1870 1370">
     <span class='ocr_line' id='line_1_13' title="bbox 274 1294 1870 1370; baseline 0.001 -21"><span class='ocrx_word' id='word_1_85' title='bbox 274 1294 703 1352; x_wconf 86' lang='lat' dir='ltr'><strong>cumcisionem.</strong></span> <span class='ocrx_word' id='word_1_86' title='bbox 736 1295 963 1370; x_wconf 47' lang='grc' dir='ltr'><strong>[αλιι]</strong></span> <span class='ocrx_word' id='word_1_87' title='bbox 992 1297 1136 1352; x_wconf 83' lang='lat' dir='ltr'><strong>Dixit</strong></span> <span class='ocrx_word' id='word_1_88' title='bbox 1166 1306 1346 1352; x_wconf 82' lang='lat' dir='ltr'><strong>autem</strong></span> <span class='ocrx_word' id='word_1_89' title='bbox 1382 1296 1642 1351; x_wconf 77' lang='lat' dir='ltr'><strong>Dominus</strong></span> <span class='ocrx_word' id='word_1_90' title='bbox 1669 1296 1734 1351; x_wconf 90' lang='lat' dir='ltr'><strong>ad</strong></span> <span class='ocrx_word' id='word_1_91' title='bbox 1764 1298 1870 1351; x_wconf 88' lang='lat' dir='ltr'><strong>Aa-</strong></span> 
     </span>
    </p>
   </div>
   <div class='ocr_carea' id='block_1_14' title="bbox 265 1389 1871 1459">
    <p class='ocr_par' dir='ltr' id='par_1_14' title="bbox 265 1389 1871 1459">
     <span class='ocr_line' id='line_1_14' title="bbox 265 1389 1871 1459; baseline -0.001 -14"><span class='ocrx_word' id='word_1_92' title='bbox 265 1406 378 1446; x_wconf 88' lang='lat' dir='ltr'><strong>ron</strong></span> <span class='ocrx_word' id='word_1_93' title='bbox 406 1410 419 1446; x_wconf 93' lang='lat'><strong>:</strong></span> <span class='ocrx_word' id='word_1_94' title='bbox 452 1392 599 1447; x_wconf 89' lang='lat' dir='ltr'><strong>Vade</strong></span> <span class='ocrx_word' id='word_1_95' title='bbox 632 1394 681 1447; x_wconf 93' lang='lat' dir='ltr'><strong>in</strong></span> <span class='ocrx_word' id='word_1_96' title='bbox 709 1406 996 1448; x_wconf 91' lang='lat' dir='ltr'><strong>occursum</strong></span> <span class='ocrx_word' id='word_1_97' title='bbox 1028 1391 1159 1447; x_wconf 85' lang='lat' dir='ltr'><strong>Mosi</strong></span> <span class='ocrx_word' id='word_1_98' title='bbox 1198 1393 1249 1446; x_wconf 88' lang='lat' dir='ltr'><strong>in</strong></span> <span class='ocrx_word' id='word_1_99' title='bbox 1283 1390 1580 1447; x_wconf 90' lang='lat' dir='ltr'><strong>desertum.</strong></span> <span class='ocrx_word' id='word_1_100' title='bbox 1607 1389 1708 1459; x_wconf 94' lang='lat' dir='ltr'><strong>Qui</strong></span> <span class='ocrx_word' id='word_1_101' title='bbox 1741 1405 1871 1459; x_wconf 88' lang='lat' dir='ltr'><strong>per-</strong></span> 
     </span>
    </p>
   </div>
   <div class='ocr_carea' id='block_1_15' title="bbox 266 1484 1874 1557">
    <p class='ocr_par' dir='ltr' id='par_1_15' title="bbox 266 1484 1874 1557">
     <span class='ocr_line' id='line_1_15' title="bbox 266 1484 1874 1557; baseline 0.001 -19"><span class='ocrx_word' id='word_1_102' title='bbox 266 1484 428 1539; x_wconf 79' lang='lat' dir='ltr'><strong>rexit</strong></span> <span class='ocrx_word' id='word_1_103' title='bbox 477 1486 523 1540; x_wconf 88' lang='lat' dir='ltr'><strong>ei</strong></span> <span class='ocrx_word' id='word_1_104' title='bbox 573 1486 787 1541; x_wconf 83' lang='lat' dir='ltr'><strong>obviam</strong></span> <span class='ocrx_word' id='word_1_105' title='bbox 833 1486 887 1541; x_wconf 91' lang='lat' dir='ltr'><strong>in</strong></span> <span class='ocrx_word' id='word_1_106' title='bbox 942 1489 1181 1545; x_wconf 82' lang='lat' dir='ltr'><strong>Montem</strong></span> <span class='ocrx_word' id='word_1_107' title='bbox 1215 1489 1342 1557; x_wconf 87' lang='lat' dir='ltr'><strong>Dei,</strong></span> <span class='ocrx_word' id='word_1_108' title='bbox 1373 1497 1427 1543; x_wconf 89' lang='lat' dir='ltr'><strong>et</strong></span> <span class='ocrx_word' id='word_1_109' title='bbox 1471 1488 1751 1544; x_wconf 89' lang='lat' dir='ltr'><strong>osculatus</strong></span> <span class='ocrx_word' id='word_1_110' title='bbox 1793 1496 1874 1541; x_wconf 86' lang='lat' dir='ltr'><strong>est</strong></span> 
     </span>
    </p>
   </div>
   <div class='ocr_carea' id='block_1_16' title="bbox 262 1579 1875 1651">
    <p class='ocr_par' dir='ltr' id='par_1_16' title="bbox 262 1579 1875 1651">
     <span class='ocr_line' id='line_1_16' title="bbox 262 1579 1875 1651; baseline 0.001 -17"><span class='ocrx_word' id='word_1_111' title='bbox 262 1594 429 1634; x_wconf 89' lang='lat' dir='ltr'><strong>eum.</strong></span> <span class='ocrx_word' id='word_1_112' title='bbox 483 1579 838 1651; x_wconf 87' lang='lat' dir='ltr'><strong>Narravitqne</strong></span> <span class='ocrx_word' id='word_1_113' title='bbox 878 1580 1054 1638; x_wconf 90' lang='lat' dir='ltr'><strong>Moses</strong></span> <span class='ocrx_word' id='word_1_114' title='bbox 1101 1582 1284 1638; x_wconf 94' lang='lat' dir='ltr'><strong>Aaron</strong></span> <span class='ocrx_word' id='word_1_115' title='bbox 1330 1581 1509 1637; x_wconf 84' lang='lat' dir='ltr'><strong>omnia</strong></span> <span class='ocrx_word' id='word_1_116' title='bbox 1554 1581 1717 1636; x_wconf 91' lang='lat' dir='ltr'><strong>verba</strong></span> <span class='ocrx_word' id='word_1_117' title='bbox 1773 1580 1875 1635; x_wconf 90' lang='lat' dir='ltr'><strong>Do-</strong></span> 
     </span>
    </p>
   </div>
   <div class='ocr_carea' id='block_1_17' title="bbox 260 1674 1873 1747">
    <p class='ocr_par' dir='ltr' id='par_1_17' title="bbox 260 1674 1873 1747">
     <span class='ocr_line' id='line_1_17' title="bbox 260 1674 1873 1747; baseline 0 -22"><span class='ocrx_word' id='word_1_118' title='bbox 260 1674 446 1739; x_wconf 83' lang='lat' dir='ltr'><strong>mini,</strong></span> <span class='ocrx_word' id='word_1_119' title='bbox 476 1674 670 1744; x_wconf 84' lang='lat' dir='ltr'><strong>quibus</strong></span> <span class='ocrx_word' id='word_1_120' title='bbox 716 1675 940 1729; x_wconf 85' lang='lat' dir='ltr'><strong>miserat</strong></span> <span class='ocrx_word' id='word_1_121' title='bbox 969 1692 1112 1742; x_wconf 90' lang='lat' dir='ltr'><strong>emn,</strong></span> <span class='ocrx_word' id='word_1_122' title='bbox 1149 1684 1203 1731; x_wconf 91' lang='lat' dir='ltr'><strong>et</strong></span> <span class='ocrx_word' id='word_1_123' title='bbox 1246 1678 1399 1747; x_wconf 90' lang='lat' dir='ltr'><strong>signa</strong></span> <span class='ocrx_word' id='word_1_124' title='bbox 1430 1690 1554 1746; x_wconf 70' lang='lat' dir='ltr'><strong>qua:</strong></span> <span class='ocrx_word' id='word_1_125' title='bbox 1578 1674 1873 1729; x_wconf 84' lang='lat' dir='ltr'><strong>mandave-</strong></span> 
     </span>
    </p>
   </div>
   <div class='ocr_carea' id='block_1_18' title="bbox 261 1766 1874 1840">
    <p class='ocr_par' dir='ltr' id='par_1_18' title="bbox 261 1766 1874 1840">
     <span class='ocr_line' id='line_1_18' title="bbox 261 1766 1874 1840; baseline -0.001 -20"><span class='ocrx_word' id='word_1_126' title='bbox 261 1776 387 1821; x_wconf 85' lang='lat' dir='ltr'><strong>rat.</strong></span> <span class='ocrx_word' id='word_1_127' title='bbox 431 1766 819 1838; x_wconf 84' lang='lat' dir='ltr'><strong>Veneruntque</strong></span> <span class='ocrx_word' id='word_1_128' title='bbox 847 1769 1033 1833; x_wconf 87' lang='lat' dir='ltr'><strong>simul,</strong></span> <span class='ocrx_word' id='word_1_129' title='bbox 1064 1777 1120 1824; x_wconf 90' lang='lat' dir='ltr'><strong>et</strong></span> <span class='ocrx_word' id='word_1_130' title='bbox 1148 1779 1618 1840; x_wconf 84' lang='lat' dir='ltr'><strong>congregaverunt</strong></span> <span class='ocrx_word' id='word_1_131' title='bbox 1650 1777 1874 1822; x_wconf 89' lang='lat' dir='ltr'><strong>cunctos</strong></span> 
     </span>
    </p>
   </div>
   <div class='ocr_carea' id='block_1_19' title="bbox 1983 540 3574 626">
    <p class='ocr_par' dir='ltr' id='par_1_19' title="bbox 1983 540 3574 626">
     <span class='ocr_line' id='line_1_19' title="bbox 1983 540 3574 626; baseline 0.006 -23"><span class='ocrx_word' id='word_1_132' title='bbox 1983 549 2048 603; x_wconf 92' lang='lat' dir='ltr'><strong>ad</strong></span> <span class='ocrx_word' id='word_1_133' title='bbox 2092 540 2424 620; x_wconf 86' lang='lat' dir='ltr'><strong>colligendas</strong></span> <span class='ocrx_word' id='word_1_134' title='bbox 2458 552 2657 622; x_wconf 77' lang='lat' dir='ltr'><strong>paleas.</strong></span> <span class='ocrx_word' id='word_1_135' title='bbox 2700 548 2943 607; x_wconf 66' lang='lat' dir='ltr'><strong>Prarfecti</strong></span> <span class='ocrx_word' id='word_1_136' title='bbox 2980 550 3191 625; x_wconf 81' lang='lat' dir='ltr'><strong>quoque</strong></span> <span class='ocrx_word' id='word_1_137' title='bbox 3230 556 3454 626; x_wconf 88' lang='lat' dir='ltr'><strong>operum</strong></span> <span class='ocrx_word' id='word_1_138' title='bbox 3490 558 3574 613; x_wconf 92' lang='lat' dir='ltr'><strong>in-</strong></span> 
     </span>
    </p>
   </div>
   <div class='ocr_carea' id='block_1_20' title="bbox 1979 638 3576 721">
    <p class='ocr_par' dir='ltr' id='par_1_20' title="bbox 1979 638 3576 721">
     <span class='ocr_line' id='line_1_20' title="bbox 1979 638 3576 721; baseline 0.007 -26"><span class='ocrx_word' id='word_1_139' title='bbox 1979 638 2219 709; x_wconf 90' lang='lat' dir='ltr'><strong>stabant,</strong></span> <span class='ocrx_word' id='word_1_140' title='bbox 2246 642 2491 698; x_wconf 86' lang='lat' dir='ltr'><strong>diecntes</strong></span> <span class='ocrx_word' id='word_1_141' title='bbox 2526 660 2537 696; x_wconf 93' lang='lat'><strong>:</strong></span> <span class='ocrx_word' id='word_1_142' title='bbox 2566 642 2845 714; x_wconf 87' lang='lat' dir='ltr'><strong>Complete</strong></span> <span class='ocrx_word' id='word_1_143' title='bbox 2875 660 3011 715; x_wconf 82' lang='lat' dir='ltr'><strong>opus</strong></span> <span class='ocrx_word' id='word_1_144' title='bbox 3042 656 3277 704; x_wconf 90' lang='lat' dir='ltr'><strong>vestrum</strong></span> <span class='ocrx_word' id='word_1_145' title='bbox 3309 649 3576 721; x_wconf 82' lang='lat' dir='ltr'><strong>qdotidle,</strong></span> 
     </span>
    </p>
   </div>
   <div class='ocr_carea' id='block_1_21' title="bbox 1983 734 3575 814">
    <p class='ocr_par' dir='ltr' id='par_1_21' title="bbox 1983 734 3575 814">
     <span class='ocr_line' id='line_1_21' title="bbox 1983 734 3575 814; baseline 0.007 -26"><span class='ocrx_word' id='word_1_146' title='bbox 1983 743 2039 789; x_wconf 86' lang='lat' dir='ltr'><strong>ut</strong></span> <span class='ocrx_word' id='word_1_147' title='bbox 2061 736 2209 803; x_wconf 91' lang='lat' dir='ltr'><strong>prius</strong></span> <span class='ocrx_word' id='word_1_148' title='bbox 2233 734 2411 793; x_wconf 87' lang='lat' dir='ltr'><strong>facere</strong></span> <span class='ocrx_word' id='word_1_149' title='bbox 2440 736 2721 802; x_wconf 81' lang='lat' dir='ltr'><strong>solebatis,</strong></span> <span class='ocrx_word' id='word_1_150' title='bbox 2747 740 2963 809; x_wconf 87' lang='lat' dir='ltr'><strong>quando</strong></span> <span class='ocrx_word' id='word_1_151' title='bbox 2996 736 3264 796; x_wconf 80' lang='lat' dir='ltr'><strong>dabantur</strong></span> <span class='ocrx_word' id='word_1_152' title='bbox 3296 744 3452 799; x_wconf 80' lang='lat' dir='ltr'><strong>vobis</strong></span> <span class='ocrx_word' id='word_1_153' title='bbox 3477 759 3575 814; x_wconf 86' lang='lat' dir='ltr'><strong>pa-</strong></span> 
     </span>
    </p>
   </div>
   <div class='ocr_carea' id='block_1_22' title="bbox 1980 828 3579 906">
    <p class='ocr_par' dir='ltr' id='par_1_22' title="bbox 1980 828 3579 906">
     <span class='ocr_line' id='line_1_22' title="bbox 1980 828 3579 906; baseline 0.004 -21"><span class='ocrx_word' id='word_1_154' title='bbox 1980 830 2097 886; x_wconf 68' lang='lat' dir='ltr'><strong>leae.</strong></span> <span class='ocrx_word' id='word_1_155' title='bbox 2134 828 2529 902; x_wconf 87' lang='lat' dir='ltr'><strong>Flagellatique</strong></span> <span class='ocrx_word' id='word_1_156' title='bbox 2560 842 2685 888; x_wconf 91' lang='lat' dir='ltr'><strong>sunt</strong></span> <span class='ocrx_word' id='word_1_157' title='bbox 2718 833 2808 903; x_wconf 90' lang='lat' dir='ltr'><strong>qui</strong></span> <span class='ocrx_word' id='word_1_158' title='bbox 2843 838 3111 903; x_wconf 70' lang='lat' dir='ltr'><strong>pra-erant</strong></span> <span class='ocrx_word' id='word_1_159' title='bbox 3140 837 3399 906; x_wconf 85' lang='lat' dir='ltr'><strong>operibus</strong></span> <span class='ocrx_word' id='word_1_160' title='bbox 3438 834 3579 893; x_wconf 84' lang='lat' dir='ltr'><strong>filio-</strong></span> 
     </span>
    </p>
   </div>
   <div class='ocr_carea' id='block_1_23' title="bbox 1980 922 3577 1005">
    <p class='ocr_par' dir='ltr' id='par_1_23' title="bbox 1980 922 3577 1005">
     <span class='ocr_line' id='line_1_23' title="bbox 1980 922 3577 1005; baseline 0.003 -27"><span class='ocrx_word' id='word_1_161' title='bbox 1980 936 2096 978; x_wconf 89' lang='lat' dir='ltr'><strong>rum</strong></span> <span class='ocrx_word' id='word_1_162' title='bbox 2132 922 2320 989; x_wconf 89' lang='lat' dir='ltr'><strong>Israel,</strong></span> <span class='ocrx_word' id='word_1_163' title='bbox 2360 923 2427 979; x_wconf 92' lang='lat' dir='ltr'><strong>ab</strong></span> <span class='ocrx_word' id='word_1_164' title='bbox 2457 924 2808 979; x_wconf 73' lang='lat' dir='ltr'><strong>exactoribus</strong></span> <span class='ocrx_word' id='word_1_165' title='bbox 2854 925 3192 1005; x_wconf 82' lang='lat' dir='ltr'><strong>Pharaonis,</strong></span> <span class='ocrx_word' id='word_1_166' title='bbox 3224 928 3529 985; x_wconf 87' lang='lat' dir='ltr'><strong>dicentibus</strong></span> <span class='ocrx_word' id='word_1_167' title='bbox 3562 945 3577 982; x_wconf 89' lang='lat'><strong>:</strong></span> 
     </span>
    </p>
   </div>
   <div class='ocr_carea' id='block_1_24' title="bbox 1978 1020 3579 1094">
    <p class='ocr_par' dir='ltr' id='par_1_24' title="bbox 1978 1020 3579 1094">
     <span class='ocr_line' id='line_1_24' title="bbox 1978 1020 3579 1094; baseline 0.001 -19"><span class='ocrx_word' id='word_1_168' title='bbox 1978 1020 2155 1088; x_wconf 87' lang='lat' dir='ltr'><strong>Quare</strong></span> <span class='ocrx_word' id='word_1_169' title='bbox 2202 1036 2307 1075; x_wconf 92' lang='lat' dir='ltr'><strong>non</strong></span> <span class='ocrx_word' id='word_1_170' title='bbox 2347 1020 2587 1089; x_wconf 86' lang='lat' dir='ltr'><strong>impletis</strong></span> <span class='ocrx_word' id='word_1_171' title='bbox 2618 1032 2924 1075; x_wconf 89' lang='lat' dir='ltr'><strong>mensuram</strong></span> <span class='ocrx_word' id='word_1_172' title='bbox 2970 1022 3196 1077; x_wconf 81' lang='lat' dir='ltr'><strong>laterum</strong></span> <span class='ocrx_word' id='word_1_173' title='bbox 3236 1024 3377 1079; x_wconf 82' lang='lat' dir='ltr'><strong>sicut</strong></span> <span class='ocrx_word' id='word_1_174' title='bbox 3404 1025 3579 1094; x_wconf 82' lang='lat' dir='ltr'><strong>prius,</strong></span> 
     </span>
    </p>
   </div>
   <div class='ocr_carea' id='block_1_25' title="bbox 1977 1113 3578 1188">
    <p class='ocr_par' dir='ltr' id='par_1_25' title="bbox 1977 1113 3578 1188">
     <span class='ocr_line' id='line_1_25' title="bbox 1977 1113 3578 1188; baseline 0.004 -19"><span class='ocrx_word' id='word_1_175' title='bbox 1977 1130 2076 1169; x_wconf 89' lang='lat' dir='ltr'><strong>nec</strong></span> <span class='ocrx_word' id='word_1_176' title='bbox 2106 1113 2245 1179; x_wconf 91' lang='lat' dir='ltr'><strong>heri,</strong></span> <span class='ocrx_word' id='word_1_177' title='bbox 2280 1129 2378 1170; x_wconf 87' lang='lat' dir='ltr'><strong>nec</strong></span> <span class='ocrx_word' id='word_1_178' title='bbox 2406 1113 2610 1170; x_wconf 87' lang='lat' dir='ltr'><strong>hodie?</strong></span> <span class='ocrx_word' id='word_1_179' title='bbox 2640 1115 3019 1185; x_wconf 85' lang='lat' dir='ltr'><strong>Veneruntque</strong></span> <span class='ocrx_word' id='word_1_180' title='bbox 3046 1118 3317 1188; x_wconf 67' lang='lat' dir='ltr'><strong>praepositi</strong></span> <span class='ocrx_word' id='word_1_181' title='bbox 3346 1119 3578 1175; x_wconf 89' lang='lat' dir='ltr'><strong>liliorum</strong></span> 
     </span>
    </p>
   </div>
   <div class='ocr_carea' id='block_1_26' title="bbox 1979 1206 3580 1274">
    <p class='ocr_par' dir='ltr' id='par_1_26' title="bbox 1979 1206 3580 1274">
     <span class='ocr_line' id='line_1_26' title="bbox 1979 1206 3580 1274; baseline 0.004 -13"><span class='ocrx_word' id='word_1_182' title='bbox 1979 1206 2166 1273; x_wconf 77' lang='lat' dir='ltr'><strong>Israel,</strong></span> <span class='ocrx_word' id='word_1_183' title='bbox 2206 1214 2259 1261; x_wconf 87' lang='lat' dir='ltr'><strong>et</strong></span> <span class='ocrx_word' id='word_1_184' title='bbox 2300 1207 2579 1261; x_wconf 83' lang='lat' dir='ltr'><strong>vociferati</strong></span> <span class='ocrx_word' id='word_1_185' title='bbox 2613 1215 2737 1261; x_wconf 90' lang='lat' dir='ltr'><strong>sunt</strong></span> <span class='ocrx_word' id='word_1_186' title='bbox 2777 1206 2845 1261; x_wconf 90' lang='lat' dir='ltr'><strong>ad</strong></span> <span class='ocrx_word' id='word_1_187' title='bbox 2882 1206 3241 1274; x_wconf 83' lang='lat' dir='ltr'><strong>Pharaonem,</strong></span> <span class='ocrx_word' id='word_1_188' title='bbox 3296 1210 3580 1266; x_wconf 86' lang='lat' dir='ltr'><strong>dicentes:</strong></span> 
     </span>
    </p>
   </div>
   <div class='ocr_carea' id='block_1_27' title="bbox 1977 1300 3582 1372">
    <p class='ocr_par' dir='ltr' id='par_1_27' title="bbox 1977 1300 3582 1372">
     <span class='ocr_line' id='line_1_27' title="bbox 1977 1300 3582 1372; baseline 0.002 -15"><span class='ocrx_word' id='word_1_189' title='bbox 1977 1300 2087 1357; x_wconf 91' lang='lat' dir='ltr'><strong>Cur</strong></span> <span class='ocrx_word' id='word_1_190' title='bbox 2125 1301 2195 1356; x_wconf 89' lang='lat' dir='ltr'><strong>ita</strong></span> <span class='ocrx_word' id='word_1_191' title='bbox 2238 1303 2351 1372; x_wconf 83' lang='lat' dir='ltr'><strong>agis</strong></span> <span class='ocrx_word' id='word_1_192' title='bbox 2382 1311 2567 1357; x_wconf 90' lang='lat' dir='ltr'><strong>contra</strong></span> <span class='ocrx_word' id='word_1_193' title='bbox 2603 1315 2790 1357; x_wconf 88' lang='lat' dir='ltr'><strong>servos</strong></span> <span class='ocrx_word' id='word_1_194' title='bbox 2834 1303 2988 1357; x_wconf 86' lang='lat' dir='ltr'><strong>tuos?</strong></span> <span class='ocrx_word' id='word_1_195' title='bbox 3019 1303 3193 1360; x_wconf 76' lang='lat' dir='ltr'><strong>l‘aleze</strong></span> <span class='ocrx_word' id='word_1_196' title='bbox 3224 1320 3332 1360; x_wconf 91' lang='lat' dir='ltr'><strong>non</strong></span> <span class='ocrx_word' id='word_1_197' title='bbox 3383 1305 3582 1361; x_wconf 84' lang='lat' dir='ltr'><strong>dantur</strong></span> 
     </span>
    </p>
   </div>
   <div class='ocr_carea' id='block_1_28' title="bbox 1978 1395 3576 1464">
    <p class='ocr_par' dir='ltr' id='par_1_28' title="bbox 1978 1395 3576 1464">
     <span class='ocr_line' id='line_1_28' title="bbox 1978 1395 3576 1464; baseline 0.001 -15"><span class='ocrx_word' id='word_1_198' title='bbox 1978 1396 2159 1459; x_wconf 87' lang='lat' dir='ltr'><strong>nobis,</strong></span> <span class='ocrx_word' id='word_1_199' title='bbox 2188 1405 2240 1451; x_wconf 91' lang='lat' dir='ltr'><strong>et</strong></span> <span class='ocrx_word' id='word_1_200' title='bbox 2272 1395 2472 1451; x_wconf 89' lang='lat' dir='ltr'><strong>lateres</strong></span> <span class='ocrx_word' id='word_1_201' title='bbox 2504 1395 2756 1449; x_wconf 87' lang='lat' dir='ltr'><strong>similiter</strong></span> <span class='ocrx_word' id='word_1_202' title='bbox 2779 1396 3114 1464; x_wconf 88' lang='lat' dir='ltr'><strong>imperantur</strong></span> <span class='ocrx_word' id='word_1_203' title='bbox 3141 1416 3152 1451; x_wconf 89' lang='lat'><strong>:</strong></span> <span class='ocrx_word' id='word_1_204' title='bbox 3181 1412 3247 1453; x_wconf 91' lang='lat' dir='ltr'><strong>en</strong></span> <span class='ocrx_word' id='word_1_205' title='bbox 3281 1396 3465 1452; x_wconf 83' lang='lat' dir='ltr'><strong>famuli</strong></span> <span class='ocrx_word' id='word_1_206' title='bbox 3500 1396 3576 1452; x_wconf 91' lang='lat' dir='ltr'><strong>tui</strong></span> 
     </span>
    </p>
   </div>
   <div class='ocr_carea' id='block_1_29' title="bbox 1977 1486 3577 1560">
    <p class='ocr_par' dir='ltr' id='par_1_29' title="bbox 1977 1486 3577 1560">
     <span class='ocr_line' id='line_1_29' title="bbox 1977 1486 3577 1560; baseline 0.002 -19"><span class='ocrx_word' id='word_1_207' title='bbox 1977 1486 2204 1557; x_wconf 84' lang='lat' dir='ltr'><strong>ﬂagellis</strong></span> <span class='ocrx_word' id='word_1_208' title='bbox 2240 1487 2521 1553; x_wconf 84' lang='lat' dir='ltr'><strong>caedimur,</strong></span> <span class='ocrx_word' id='word_1_209' title='bbox 2571 1498 2625 1543; x_wconf 91' lang='lat' dir='ltr'><strong>et</strong></span> <span class='ocrx_word' id='word_1_210' title='bbox 2654 1486 2856 1557; x_wconf 84' lang='lat' dir='ltr'><strong>injuste</strong></span> <span class='ocrx_word' id='word_1_211' title='bbox 2897 1489 3074 1559; x_wconf 88' lang='lat' dir='ltr'><strong>agitur</strong></span> <span class='ocrx_word' id='word_1_212' title='bbox 3102 1500 3289 1545; x_wconf 87' lang='lat' dir='ltr'><strong>contra</strong></span> <span class='ocrx_word' id='word_1_213' title='bbox 3323 1490 3577 1560; x_wconf 87' lang='lat' dir='ltr'><strong>populum</strong></span> 
     </span>
    </p>
   </div>
   <div class='ocr_carea' id='block_1_30' title="bbox 1978 1578 3579 1649">
    <p class='ocr_par' dir='ltr' id='par_1_30' title="bbox 1978 1578 3579 1649">
     <span class='ocr_line' id='line_1_30' title="bbox 1978 1578 3579 1649; baseline 0.002 -14"><span class='ocrx_word' id='word_1_214' title='bbox 1978 1589 2151 1635; x_wconf 92' lang='lat' dir='ltr'><strong>tuum.</strong></span> <span class='ocrx_word' id='word_1_215' title='bbox 2183 1578 2282 1647; x_wconf 86' lang='lat' dir='ltr'><strong>Qui</strong></span> <span class='ocrx_word' id='word_1_216' title='bbox 2317 1581 2389 1635; x_wconf 88' lang='lat' dir='ltr'><strong>ait</strong></span> <span class='ocrx_word' id='word_1_217' title='bbox 2423 1600 2434 1634; x_wconf 91' lang='lat'><strong>:</strong></span> <span class='ocrx_word' id='word_1_218' title='bbox 2469 1582 2683 1637; x_wconf 81' lang='lat' dir='ltr'><strong>Vacalis</strong></span> <span class='ocrx_word' id='word_1_219' title='bbox 2713 1584 2826 1639; x_wconf 90' lang='lat' dir='ltr'><strong>0tlo</strong></span> <span class='ocrx_word' id='word_1_220' title='bbox 2850 1627 2862 1649; x_wconf 88' lang='lat'><strong>,</strong></span> <span class='ocrx_word' id='word_1_221' title='bbox 2897 1592 2951 1639; x_wconf 90' lang='lat' dir='ltr'><strong>et</strong></span> <span class='ocrx_word' id='word_1_222' title='bbox 2982 1583 3184 1638; x_wconf 83' lang='lat' dir='ltr'><strong>idcirco</strong></span> <span class='ocrx_word' id='word_1_223' title='bbox 3211 1584 3392 1639; x_wconf 87' lang='lat' dir='ltr'><strong>dicitis</strong></span> <span class='ocrx_word' id='word_1_224' title='bbox 3425 1602 3438 1638; x_wconf 89' lang='lat'><strong>:</strong></span> <span class='ocrx_word' id='word_1_225' title='bbox 3471 1584 3579 1638; x_wconf 77' lang='lat' dir='ltr'><strong>Ea-</strong></span> 
     </span>
    </p>
   </div>
   <div class='ocr_carea' id='block_1_31' title="bbox 1979 1674 3577 1746">
    <p class='ocr_par' dir='ltr' id='par_1_31' title="bbox 1979 1674 3577 1746">
     <span class='ocr_line' id='line_1_31' title="bbox 1979 1674 3577 1746; baseline 0.001 -19"><span class='ocrx_word' id='word_1_226' title='bbox 1979 1689 2121 1741; x_wconf 90' lang='lat' dir='ltr'><strong>mus,</strong></span> <span class='ocrx_word' id='word_1_227' title='bbox 2146 1684 2199 1729; x_wconf 91' lang='lat' dir='ltr'><strong>et</strong></span> <span class='ocrx_word' id='word_1_228' title='bbox 2222 1674 2591 1729; x_wconf 85' lang='lat' dir='ltr'><strong>sacrificemus</strong></span> <span class='ocrx_word' id='word_1_229' title='bbox 2614 1674 2863 1732; x_wconf 89' lang='lat' dir='ltr'><strong>Domino.</strong></span> <span class='ocrx_word' id='word_1_230' title='bbox 2898 1675 2974 1731; x_wconf 89' lang='lat' dir='ltr'><strong>Ite</strong></span> <span class='ocrx_word' id='word_1_231' title='bbox 2998 1691 3150 1746; x_wconf 89' lang='lat' dir='ltr'><strong>ergo,</strong></span> <span class='ocrx_word' id='word_1_232' title='bbox 3175 1685 3227 1732; x_wconf 91' lang='lat' dir='ltr'><strong>et</strong></span> <span class='ocrx_word' id='word_1_233' title='bbox 3251 1674 3577 1745; x_wconf 10' lang='lat' dir='ltr'><strong>triperamini,</strong></span> 
     </span>
    </p>
   </div>
   <div class='ocr_carea' id='block_1_32' title="bbox 1978 1768 3579 1839">
    <p class='ocr_par' dir='ltr' id='par_1_32' title="bbox 1978 1768 3579 1839">
     <span class='ocr_line' id='line_1_32' title="bbox 1978 1768 3579 1839; baseline 0.003 -18"><span class='ocrx_word' id='word_1_234' title='bbox 1978 1768 2148 1839; x_wconf 75' lang='lat' dir='ltr'><strong>palete</strong></span> <span class='ocrx_word' id='word_1_235' title='bbox 2195 1785 2303 1823; x_wconf 90' lang='lat' dir='ltr'><strong>non</strong></span> <span class='ocrx_word' id='word_1_236' title='bbox 2335 1768 2606 1825; x_wconf 89' lang='lat' dir='ltr'><strong>dabuntur</strong></span> <span class='ocrx_word' id='word_1_237' title='bbox 2645 1770 2823 1835; x_wconf 88' lang='lat' dir='ltr'><strong>vobis,</strong></span> <span class='ocrx_word' id='word_1_238' title='bbox 2874 1781 2929 1826; x_wconf 91' lang='lat' dir='ltr'><strong>et</strong></span> <span class='ocrx_word' id='word_1_239' title='bbox 2977 1771 3216 1826; x_wconf 82' lang='lat' dir='ltr'><strong>reddetis</strong></span> <span class='ocrx_word' id='word_1_240' title='bbox 3258 1781 3579 1827; x_wconf 88' lang='lat' dir='ltr'><strong>consuetum</strong></span> 
     </span>
    </p>
   </div>
   <div class='ocr_carea' id='block_1_33' title="bbox 260 1852 3582 1937">
    <p class='ocr_par' dir='ltr' id='par_1_33' title="bbox 260 1852 3582 1937">
     <span class='ocr_line' id='line_1_33' title="bbox 260 1852 3582 1937; baseline 0.001 -22"><span class='ocrx_word' id='word_1_241' title='bbox 260 1861 531 1916; x_wconf 82' lang='lat' dir='ltr'><strong>seniores</strong></span> <span class='ocrx_word' id='word_1_242' title='bbox 553 1860 788 1917; x_wconf 84' lang='lat' dir='ltr'><strong>filiorum</strong></span> <span class='ocrx_word' id='word_1_243' title='bbox 822 1861 1007 1917; x_wconf 74' lang='lat' dir='ltr'><strong>Israel.</strong></span> <span class='ocrx_word' id='word_1_244' title='bbox 1050 1861 1397 1932; x_wconf 87' lang='lat' dir='ltr'><strong>Locutusque</strong></span> <span class='ocrx_word' id='word_1_245' title='bbox 1427 1870 1511 1915; x_wconf 90' lang='lat' dir='ltr'><strong>est</strong></span> <span class='ocrx_word' id='word_1_246' title='bbox 1536 1858 1717 1914; x_wconf 84' lang='lat' dir='ltr'><strong>Aaron</strong></span> <span class='ocrx_word' id='word_1_247' title='bbox 1754 1874 1871 1913; x_wconf 91' lang='lat' dir='ltr'><strong>om-</strong></span> <span class='ocrx_word' id='word_1_248' title='bbox 1904 1852 1947 1919; x_wconf 85' lang='grc' dir='ltr'>Β</span> <span class='ocrx_word' id='word_1_249' title='bbox 1978 1880 2259 1919; x_wconf 84' lang='lat' dir='ltr'><strong>numerum</strong></span> <span class='ocrx_word' id='word_1_250' title='bbox 2296 1864 2547 1920; x_wconf 88' lang='lat' dir='ltr'><strong>laterum.</strong></span> <span class='ocrx_word' id='word_1_251' title='bbox 2590 1862 2968 1937; x_wconf 85' lang='lat' dir='ltr'><strong>Videbantque</strong></span> <span class='ocrx_word' id='word_1_252' title='bbox 3014 1880 3073 1920; x_wconf 90' lang='lat' dir='ltr'><strong>se</strong></span> <span class='ocrx_word' id='word_1_253' title='bbox 3117 1866 3389 1934; x_wconf 71' lang='lat' dir='ltr'><strong>prmpositi</strong></span> <span class='ocrx_word' id='word_1_254' title='bbox 3438 1864 3582 1919; x_wconf 86' lang='lat' dir='ltr'><strong>lilio-</strong></span> 
     </span>
    </p>
   </div>
   <div class='ocr_carea' id='block_1_34' title="bbox 262 1952 1873 2024">
    <p class='ocr_par' dir='ltr' id='par_1_34' title="bbox 262 1952 1873 2024">
     <span class='ocr_line' id='line_1_34' title="bbox 262 1952 1873 2024; baseline -0.001 -16"><span class='ocrx_word' id='word_1_255' title='bbox 262 1954 375 2009; x_wconf 82' lang='lat' dir='ltr'><strong>nia</strong></span> <span class='ocrx_word' id='word_1_256' title='bbox 408 1956 602 2022; x_wconf 88' lang='lat' dir='ltr'><strong>verba,</strong></span> <span class='ocrx_word' id='word_1_257' title='bbox 628 1970 747 2024; x_wconf 67' lang='lat' dir='ltr'><strong>qua:</strong></span> <span class='ocrx_word' id='word_1_258' title='bbox 777 1957 993 2011; x_wconf 77' lang='lat' dir='ltr'><strong>dixerat</strong></span> <span class='ocrx_word' id='word_1_259' title='bbox 1020 1957 1279 2011; x_wconf 87' lang='lat' dir='ltr'><strong>Dominus</strong></span> <span class='ocrx_word' id='word_1_260' title='bbox 1317 1956 1384 2010; x_wconf 91' lang='lat' dir='ltr'><strong>ad</strong></span> <span class='ocrx_word' id='word_1_261' title='bbox 1427 1956 1633 2020; x_wconf 84' lang='lat' dir='ltr'><strong>Mosen,</strong></span> <span class='ocrx_word' id='word_1_262' title='bbox 1659 1962 1713 2009; x_wconf 92' lang='lat' dir='ltr'><strong>et</strong></span> <span class='ocrx_word' id='word_1_263' title='bbox 1746 1952 1873 2008; x_wconf 91' lang='lat' dir='ltr'><strong>fecit</strong></span> 
     </span>
    </p>
   </div>
   <div class='ocr_carea' id='block_1_35' title="bbox 260 2046 1873 2119">
    <p class='ocr_par' dir='ltr' id='par_1_35' title="bbox 260 2046 1873 2119">
     <span class='ocr_line' id='line_1_35' title="bbox 260 2046 1873 2119; baseline -0.002 -17"><span class='ocrx_word' id='word_1_264' title='bbox 260 2048 433 2119; x_wconf 82' lang='lat' dir='ltr'><strong>signa</strong></span> <span class='ocrx_word' id='word_1_265' title='bbox 464 2064 640 2103; x_wconf 88' lang='lat' dir='ltr'><strong>coram</strong></span> <span class='ocrx_word' id='word_1_266' title='bbox 675 2049 895 2117; x_wconf 90' lang='lat' dir='ltr'><strong>p0pulo,</strong></span> <span class='ocrx_word' id='word_1_267' title='bbox 921 2058 975 2103; x_wconf 89' lang='lat' dir='ltr'><strong>et</strong></span> <span class='ocrx_word' id='word_1_268' title='bbox 999 2048 1232 2104; x_wconf 87' lang='lat' dir='ltr'><strong>credidit</strong></span> <span class='ocrx_word' id='word_1_269' title='bbox 1265 2048 1518 2119; x_wconf 81' lang='lat' dir='ltr'><strong>pepultts.</strong></span> <span class='ocrx_word' id='word_1_270' title='bbox 1548 2046 1873 2102; x_wconf 80' lang='lat' dir='ltr'><strong>Audierant-</strong></span> 
     </span>
    </p>
   </div>
   <div class='ocr_carea' id='block_1_36' title="bbox 260 2138 1873 2211">
    <p class='ocr_par' dir='ltr' id='par_1_36' title="bbox 260 2138 1873 2211">
     <span class='ocr_line' id='line_1_36' title="bbox 260 2138 1873 2211; baseline 0.001 -18"><span class='ocrx_word' id='word_1_271' title='bbox 260 2156 410 2210; x_wconf 86' lang='lat' dir='ltr'><strong>que,</strong></span> <span class='ocrx_word' id='word_1_272' title='bbox 442 2141 582 2211; x_wconf 88' lang='lat' dir='ltr'><strong>quod</strong></span> <span class='ocrx_word' id='word_1_273' title='bbox 611 2141 892 2196; x_wconf 83' lang='lat' dir='ltr'><strong>visitasset</strong></span> <span class='ocrx_word' id='word_1_274' title='bbox 935 2142 1195 2196; x_wconf 73' lang='lat' dir='ltr'><strong>liotninus</strong></span> <span class='ocrx_word' id='word_1_275' title='bbox 1229 2140 1367 2195; x_wconf 86' lang='lat' dir='ltr'><strong>filios</strong></span> <span class='ocrx_word' id='word_1_276' title='bbox 1394 2140 1566 2195; x_wconf 89' lang='lat' dir='ltr'><strong>Israel</strong></span> <span class='ocrx_word' id='word_1_277' title='bbox 1587 2183 1600 2205; x_wconf 90' lang='lat'><strong>,</strong></span> <span class='ocrx_word' id='word_1_278' title='bbox 1646 2144 1699 2194; x_wconf 88' lang='lat' dir='ltr'><strong>et</strong></span> <span class='ocrx_word' id='word_1_279' title='bbox 1729 2138 1873 2209; x_wconf 88' lang='lat' dir='ltr'><strong>quod</strong></span> 
     </span>
    </p>
   </div>
   <div class='ocr_carea' id='block_1_37' title="bbox 261 2232 1874 2304">
    <p class='ocr_par' dir='ltr' id='par_1_37' title="bbox 261 2232 1874 2304">
     <span class='ocr_line' id='line_1_37' title="bbox 261 2232 1874 2304; baseline 0 -17"><span class='ocrx_word' id='word_1_280' title='bbox 261 2233 622 2304; x_wconf 82' lang='lat' dir='ltr'><strong>reSpexisset</strong></span> <span class='ocrx_word' id='word_1_281' title='bbox 663 2233 1025 2289; x_wconf 83' lang='lat' dir='ltr'><strong>afﬂictionem</strong></span> <span class='ocrx_word' id='word_1_282' title='bbox 1071 2250 1293 2300; x_wconf 90' lang='lat' dir='ltr'><strong>eorum,</strong></span> <span class='ocrx_word' id='word_1_283' title='bbox 1331 2243 1383 2289; x_wconf 92' lang='lat' dir='ltr'><strong>et</strong></span> <span class='ocrx_word' id='word_1_284' title='bbox 1416 2234 1567 2303; x_wconf 86' lang='lat' dir='ltr'><strong>proni</strong></span> <span class='ocrx_word' id='word_1_285' title='bbox 1606 2232 1874 2287; x_wconf 89' lang='lat' dir='ltr'><strong>adorave-</strong></span> 
     </span>
    </p>
   </div>
   <div class='ocr_carea' id='block_1_38' title="bbox 258 2335 426 2381">
    <p class='ocr_par' dir='ltr' id='par_1_38' title="bbox 258 2335 426 2381">
     <span class='ocr_line' id='line_1_38' title="bbox 258 2335 426 2381; baseline 0 0"><span class='ocrx_word' id='word_1_286' title='bbox 258 2335 426 2381; x_wconf 82' lang='lat' dir='ltr'><strong>runt.</strong></span> 
     </span>
    </p>
   </div>
   <div class='ocr_carea' id='block_1_39' title="bbox 350 2417 1871 2491">
    <p class='ocr_par' dir='ltr' id='par_1_39' title="bbox 350 2417 1871 2491">
     <span class='ocr_line' id='line_1_39' title="bbox 350 2417 1871 2491; baseline -0.002 -18"><span class='ocrx_word' id='word_1_287' title='bbox 350 2418 438 2490; x_wconf 77' lang='grc' dir='ltr'><strong>[Ο.</strong></span> <span class='ocrx_word' id='word_1_288' title='bbox 478 2417 613 2491; x_wconf 83' lang='grc' dir='ltr'><strong>ΧΗ.]</strong></span> <span class='ocrx_word' id='word_1_289' title='bbox 638 2420 766 2475; x_wconf 88' lang='lat' dir='ltr'><strong>Post</strong></span> <span class='ocrx_word' id='word_1_290' title='bbox 806 2420 921 2475; x_wconf 70' lang='lat' dir='ltr'><strong>ha&#39;c</strong></span> <span class='ocrx_word' id='word_1_291' title='bbox 950 2418 1176 2491; x_wconf 88' lang='lat' dir='ltr'><strong>ingressi</strong></span> <span class='ocrx_word' id='word_1_292' title='bbox 1204 2428 1329 2475; x_wconf 91' lang='lat' dir='ltr'><strong>sunt</strong></span> <span class='ocrx_word' id='word_1_293' title='bbox 1356 2420 1531 2473; x_wconf 86' lang='lat' dir='ltr'><strong>Moses</strong></span> <span class='ocrx_word' id='word_1_294' title='bbox 1572 2426 1625 2473; x_wconf 89' lang='lat' dir='ltr'><strong>et</strong></span> <span class='ocrx_word' id='word_1_295' title='bbox 1661 2419 1871 2485; x_wconf 87' lang='lat' dir='ltr'><strong>Aaron,</strong></span> 
     </span>
    </p>
   </div>
   <div class='ocr_carea' id='block_1_40' title="bbox 259 2510 1877 2569">
    <p class='ocr_par' dir='ltr' id='par_1_40' title="bbox 259 2510 1877 2569">
     <span class='ocr_line' id='line_1_40' title="bbox 259 2510 1877 2569; baseline 0.001 -4"><span class='ocrx_word' id='word_1_296' title='bbox 259 2519 327 2565; x_wconf 85' lang='lat' dir='ltr'><strong>et</strong></span> <span class='ocrx_word' id='word_1_297' title='bbox 382 2510 638 2566; x_wconf 77' lang='lat' dir='ltr'><strong>dixerunt</strong></span> <span class='ocrx_word' id='word_1_298' title='bbox 693 2511 965 2569; x_wconf 88' lang='lat' dir='ltr'><strong>Pharaoni</strong></span> <span class='ocrx_word' id='word_1_299' title='bbox 1008 2530 1021 2566; x_wconf 90' lang='lat'><strong>:</strong></span> <span class='ocrx_word' id='word_1_300' title='bbox 1058 2513 1181 2568; x_wconf 64' lang='lat' dir='ltr'><strong>Haec</strong></span> <span class='ocrx_word' id='word_1_301' title='bbox 1236 2511 1372 2566; x_wconf 78' lang='lat' dir='ltr'><strong>dixit</strong></span> <span class='ocrx_word' id='word_1_302' title='bbox 1422 2512 1681 2565; x_wconf 73' lang='lat' dir='ltr'><strong>Utnt‘iinus</strong></span> <span class='ocrx_word' id='word_1_303' title='bbox 1734 2510 1877 2566; x_wconf 88' lang='lat' dir='ltr'><strong>Deus</strong></span> 
     </span>
    </p>
   </div>
   <div class='ocr_carea' id='block_1_41' title="bbox 259 2601 1875 2675">
    <p class='ocr_par' dir='ltr' id='par_1_41' title="bbox 259 2601 1875 2675">
     <span class='ocr_line' id='line_1_41' title="bbox 259 2601 1875 2675; baseline 0 -19"><span class='ocrx_word' id='word_1_304' title='bbox 259 2601 289 2641; x_wconf 70' lang='grc' dir='ltr'>ι’</span> <span class='ocrx_word' id='word_1_305' title='bbox 330 2602 546 2659; x_wconf 85' lang='lat' dir='ltr'><strong>Israel:</strong></span> <span class='ocrx_word' id='word_1_306' title='bbox 585 2604 804 2661; x_wconf 87' lang='lat' dir='ltr'><strong>Dimitte</strong></span> <span class='ocrx_word' id='word_1_307' title='bbox 833 2606 1089 2675; x_wconf 85' lang='lat' dir='ltr'><strong>populum</strong></span> <span class='ocrx_word' id='word_1_308' title='bbox 1133 2620 1309 2660; x_wconf 88' lang='lat' dir='ltr'><strong>meum</strong></span> <span class='ocrx_word' id='word_1_309' title='bbox 1346 2612 1401 2659; x_wconf 91' lang='lat' dir='ltr'><strong>ut</strong></span> <span class='ocrx_word' id='word_1_310' title='bbox 1433 2602 1704 2658; x_wconf 80' lang='lat' dir='ltr'><strong>sacriﬁcet</strong></span> <span class='ocrx_word' id='word_1_311' title='bbox 1746 2602 1875 2656; x_wconf 88' lang='lat' dir='ltr'><strong>mihi</strong></span> 
     </span>
    </p>
   </div>
   <div class='ocr_carea' id='block_1_42' title="bbox 266 2695 1880 2767">
    <p class='ocr_par' dir='ltr' id='par_1_42' title="bbox 266 2695 1880 2767">
     <span class='ocr_line' id='line_1_42' title="bbox 266 2695 1880 2767; baseline 0.001 -18"><span class='ocrx_word' id='word_1_312' title='bbox 266 2696 331 2749; x_wconf 89' lang='lat' dir='ltr'><strong>in</strong></span> <span class='ocrx_word' id='word_1_313' title='bbox 369 2696 609 2751; x_wconf 87' lang='lat' dir='ltr'><strong>deserto.</strong></span> <span class='ocrx_word' id='word_1_314' title='bbox 642 2695 713 2752; x_wconf 91' lang='lat' dir='ltr'><strong>At</strong></span> <span class='ocrx_word' id='word_1_315' title='bbox 742 2698 835 2753; x_wconf 89' lang='lat' dir='ltr'><strong>ille</strong></span> <span class='ocrx_word' id='word_1_316' title='bbox 866 2697 1147 2767; x_wconf 79' lang='lat' dir='ltr'><strong>reSpondit</strong></span> <span class='ocrx_word' id='word_1_317' title='bbox 1182 2716 1192 2751; x_wconf 93' lang='lat'>:</span> <span class='ocrx_word' id='word_1_318' title='bbox 1223 2696 1356 2765; x_wconf 88' lang='lat' dir='ltr'><strong>Quis</strong></span> <span class='ocrx_word' id='word_1_319' title='bbox 1383 2706 1465 2751; x_wconf 86' lang='lat' dir='ltr'><strong>est</strong></span> <span class='ocrx_word' id='word_1_320' title='bbox 1500 2697 1785 2763; x_wconf 74' lang='lat' dir='ltr'><strong>Dominus,</strong></span> <span class='ocrx_word' id='word_1_321' title='bbox 1823 2701 1880 2750; x_wconf 90' lang='lat' dir='ltr'><strong>ut</strong></span> 
     </span>
    </p>
   </div>
   <div class='ocr_carea' id='block_1_43' title="bbox 262 2789 1879 2862">
    <p class='ocr_par' dir='ltr' id='par_1_43' title="bbox 262 2789 1879 2862">
     <span class='ocr_line' id='line_1_43' title="bbox 262 2789 1879 2862; baseline -0.001 -17"><span class='ocrx_word' id='word_1_322' title='bbox 262 2791 495 2846; x_wconf 85' lang='lat' dir='ltr'><strong>audiam</strong></span> <span class='ocrx_word' id='word_1_323' title='bbox 536 2804 724 2847; x_wconf 90' lang='lat' dir='ltr'><strong>vocem</strong></span> <span class='ocrx_word' id='word_1_324' title='bbox 758 2791 898 2862; x_wconf 88' lang='lat' dir='ltr'><strong>ejus,</strong></span> <span class='ocrx_word' id='word_1_325' title='bbox 942 2798 997 2847; x_wconf 90' lang='lat' dir='ltr'><strong>et</strong></span> <span class='ocrx_word' id='word_1_326' title='bbox 1031 2789 1297 2847; x_wconf 86' lang='lat' dir='ltr'><strong>dimittam</strong></span> <span class='ocrx_word' id='word_1_327' title='bbox 1327 2791 1527 2846; x_wconf 83' lang='lat' dir='ltr'><strong>Israel?</strong></span> <span class='ocrx_word' id='word_1_328' title='bbox 1556 2792 1737 2845; x_wconf 83' lang='lat' dir='ltr'><strong>nescio</strong></span> <span class='ocrx_word' id='word_1_329' title='bbox 1778 2792 1879 2844; x_wconf 89' lang='lat' dir='ltr'><strong>Do-</strong></span> 
     </span>
    </p>
   </div>
   <div class='ocr_carea' id='block_1_44' title="bbox 262 2884 1880 2954">
    <p class='ocr_par' dir='ltr' id='par_1_44' title="bbox 262 2884 1880 2954">
     <span class='ocr_line' id='line_1_44' title="bbox 262 2884 1880 2954; baseline 0 -15"><span class='ocrx_word' id='word_1_330' title='bbox 262 2884 489 2939; x_wconf 87' lang='lat' dir='ltr'><strong>minum</strong></span> <span class='ocrx_word' id='word_1_331' title='bbox 511 2926 526 2949; x_wconf 92' lang='lat'><strong>,</strong></span> <span class='ocrx_word' id='word_1_332' title='bbox 560 2895 613 2941; x_wconf 88' lang='lat' dir='ltr'><strong>et</strong></span> <span class='ocrx_word' id='word_1_333' title='bbox 642 2886 809 2941; x_wconf 82' lang='lat' dir='ltr'><strong>Israel</strong></span> <span class='ocrx_word' id='word_1_334' title='bbox 840 2899 943 2940; x_wconf 91' lang='lat' dir='ltr'><strong>non</strong></span> <span class='ocrx_word' id='word_1_335' title='bbox 976 2885 1662 2954; x_wconf 82' lang='lat' dir='ltr'><strong>dimittam.Dixeruntque</strong></span> <span class='ocrx_word' id='word_1_336' title='bbox 1695 2903 1705 2936; x_wconf 89' lang='lat'>:</span> <span class='ocrx_word' id='word_1_337' title='bbox 1739 2884 1880 2939; x_wconf 83' lang='lat' dir='ltr'><strong>Deus</strong></span> 
     </span>
    </p>
   </div>
   <div class='ocr_carea' id='block_1_45' title="bbox 266 2978 1879 3046">
    <p class='ocr_par' dir='ltr' id='par_1_45' title="bbox 266 2978 1879 3046">
     <span class='ocr_line' id='line_1_45' title="bbox 266 2978 1879 3046; baseline 0 -13"><span class='ocrx_word' id='word_1_338' title='bbox 266 2978 637 3034; x_wconf 65' lang='lat' dir='ltr'><strong>Hebraeorum</strong></span> <span class='ocrx_word' id='word_1_339' title='bbox 670 2981 890 3035; x_wconf 86' lang='lat' dir='ltr'><strong>vocavit</strong></span> <span class='ocrx_word' id='word_1_340' title='bbox 933 2996 1055 3046; x_wconf 79' lang='lat' dir='ltr'><strong>nos,</strong></span> <span class='ocrx_word' id='word_1_341' title='bbox 1084 2988 1143 3035; x_wconf 89' lang='lat' dir='ltr'><strong>ut</strong></span> <span class='ocrx_word' id='word_1_342' title='bbox 1171 2994 1363 3035; x_wconf 89' lang='lat' dir='ltr'><strong>eamus</strong></span> <span class='ocrx_word' id='word_1_343' title='bbox 1394 2980 1530 3033; x_wconf 90' lang='lat' dir='ltr'><strong>viam</strong></span> <span class='ocrx_word' id='word_1_344' title='bbox 1575 2980 1733 3033; x_wconf 87' lang='lat' dir='ltr'><strong>trium</strong></span> <span class='ocrx_word' id='word_1_345' title='bbox 1763 2979 1879 3033; x_wconf 88' lang='lat' dir='ltr'><strong>die-</strong></span> 
     </span>
    </p>
   </div>
   <div class='ocr_carea' id='block_1_46' title="bbox 265 3071 1883 3139">
    <p class='ocr_par' dir='ltr' id='par_1_46' title="bbox 265 3071 1883 3139">
     <span class='ocr_line' id='line_1_46' title="bbox 265 3071 1883 3139; baseline 0.001 -16"><span class='ocrx_word' id='word_1_346' title='bbox 265 3086 397 3123; x_wconf 88' lang='lat' dir='ltr'><strong>rum</strong></span> <span class='ocrx_word' id='word_1_347' title='bbox 453 3071 505 3125; x_wconf 87' lang='lat' dir='ltr'><strong>in</strong></span> <span class='ocrx_word' id='word_1_348' title='bbox 548 3071 933 3139; x_wconf 88' lang='lat' dir='ltr'><strong>solitudinem,</strong></span> <span class='ocrx_word' id='word_1_349' title='bbox 975 3076 1030 3127; x_wconf 90' lang='lat' dir='ltr'><strong>et</strong></span> <span class='ocrx_word' id='word_1_350' title='bbox 1067 3072 1438 3127; x_wconf 85' lang='lat' dir='ltr'><strong>sacrificemus</strong></span> <span class='ocrx_word' id='word_1_351' title='bbox 1489 3072 1717 3125; x_wconf 89' lang='lat' dir='ltr'><strong>Domino</strong></span> <span class='ocrx_word' id='word_1_352' title='bbox 1774 3071 1883 3125; x_wconf 84' lang='lat' dir='ltr'><strong>Deo</strong></span> 
     </span>
    </p>
   </div>
   <div class='ocr_carea' id='block_1_47' title="bbox 265 3160 1883 3233">
    <p class='ocr_par' dir='ltr' id='par_1_47' title="bbox 265 3160 1883 3233">
     <span class='ocr_line' id='line_1_47' title="bbox 265 3160 1883 3233; baseline -0.001 -16"><span class='ocrx_word' id='word_1_353' title='bbox 265 3169 473 3217; x_wconf 86' lang='lat' dir='ltr'><strong>nostro</strong></span> <span class='ocrx_word' id='word_1_354' title='bbox 503 3180 515 3214; x_wconf 89' lang='lat'><strong>:</strong></span> <span class='ocrx_word' id='word_1_355' title='bbox 550 3178 615 3219; x_wconf 90' lang='lat' dir='ltr'><strong>ne</strong></span> <span class='ocrx_word' id='word_1_356' title='bbox 650 3163 788 3219; x_wconf 90' lang='lat' dir='ltr'><strong>forte</strong></span> <span class='ocrx_word' id='word_1_357' title='bbox 812 3164 1022 3219; x_wconf 90' lang='lat' dir='ltr'><strong>accidat</strong></span> <span class='ocrx_word' id='word_1_358' title='bbox 1052 3164 1209 3218; x_wconf 90' lang='lat' dir='ltr'><strong>nobis</strong></span> <span class='ocrx_word' id='word_1_359' title='bbox 1234 3164 1402 3232; x_wconf 83' lang='lat' dir='ltr'><strong>pestis</strong></span> <span class='ocrx_word' id='word_1_360' title='bbox 1424 3173 1511 3217; x_wconf 88' lang='lat' dir='ltr'><strong>aut</strong></span> <span class='ocrx_word' id='word_1_361' title='bbox 1542 3162 1769 3233; x_wconf 88' lang='lat' dir='ltr'><strong>gladius.</strong></span> <span class='ocrx_word' id='word_1_362' title='bbox 1794 3160 1883 3215; x_wconf 88' lang='lat' dir='ltr'><strong>Ait</strong></span> 
     </span>
    </p>
   </div>
   <div class='ocr_carea' id='block_1_48' title="bbox 1975 1952 3580 2027">
    <p class='ocr_par' dir='ltr' id='par_1_48' title="bbox 1975 1952 3580 2027">
     <span class='ocr_line' id='line_1_48' title="bbox 1975 1952 3580 2027; baseline 0.001 -16"><span class='ocrx_word' id='word_1_363' title='bbox 1975 1964 2095 2011; x_wconf 90' lang='lat' dir='ltr'><strong>rum</strong></span> <span class='ocrx_word' id='word_1_364' title='bbox 2125 1955 2287 2011; x_wconf 84' lang='lat' dir='ltr'><strong>Israel</strong></span> <span class='ocrx_word' id='word_1_365' title='bbox 2318 1955 2369 2011; x_wconf 89' lang='lat' dir='ltr'><strong>in</strong></span> <span class='ocrx_word' id='word_1_366' title='bbox 2401 1957 2563 2024; x_wconf 92' lang='lat' dir='ltr'><strong>malo,</strong></span> <span class='ocrx_word' id='word_1_367' title='bbox 2597 1973 2663 2013; x_wconf 92' lang='lat' dir='ltr'><strong>eo</strong></span> <span class='ocrx_word' id='word_1_368' title='bbox 2691 1956 2833 2027; x_wconf 92' lang='lat' dir='ltr'><strong>quod</strong></span> <span class='ocrx_word' id='word_1_369' title='bbox 2863 1958 3138 2013; x_wconf 89' lang='lat' dir='ltr'><strong>diceretur</strong></span> <span class='ocrx_word' id='word_1_370' title='bbox 3167 1958 3247 2012; x_wconf 88' lang='lat' dir='ltr'><strong>eis</strong></span> <span class='ocrx_word' id='word_1_371' title='bbox 3280 1974 3293 2011; x_wconf 90' lang='lat'><strong>:</strong></span> <span class='ocrx_word' id='word_1_372' title='bbox 3337 1952 3452 2011; x_wconf 83' lang='lat' dir='ltr'><strong>Non</strong></span> <span class='ocrx_word' id='word_1_373' title='bbox 3480 1958 3580 2012; x_wconf 89' lang='lat' dir='ltr'><strong>mi-</strong></span> 
     </span>
    </p>
   </div>
   <div class='ocr_carea' id='block_1_49' title="bbox 1978 2047 3572 2120">
    <p class='ocr_par' dir='ltr' id='par_1_49' title="bbox 1978 2047 3572 2120">
     <span class='ocr_line' id='line_1_49' title="bbox 1978 2047 3572 2120; baseline 0.001 -18"><span class='ocrx_word' id='word_1_374' title='bbox 1978 2057 2173 2103; x_wconf 90' lang='lat' dir='ltr'><strong>nuetttr</strong></span> <span class='ocrx_word' id='word_1_375' title='bbox 2223 2047 2510 2118; x_wconf 83' lang='lat' dir='ltr'><strong>quidquam</strong></span> <span class='ocrx_word' id='word_1_376' title='bbox 2560 2048 2627 2104; x_wconf 91' lang='lat' dir='ltr'><strong>de</strong></span> <span class='ocrx_word' id='word_1_377' title='bbox 2680 2049 2939 2105; x_wconf 86' lang='lat' dir='ltr'><strong>lateribus</strong></span> <span class='ocrx_word' id='word_1_378' title='bbox 2982 2065 3077 2119; x_wconf 91' lang='lat' dir='ltr'><strong>per</strong></span> <span class='ocrx_word' id='word_1_379' title='bbox 3131 2048 3377 2120; x_wconf 87' lang='lat' dir='ltr'><strong>singulos</strong></span> <span class='ocrx_word' id='word_1_380' title='bbox 3436 2048 3572 2103; x_wconf 89' lang='lat' dir='ltr'><strong>dies.</strong></span> 
     </span>
    </p>
   </div>
   <div class='ocr_carea' id='block_1_50' title="bbox 1964 2140 3580 2213">
    <p class='ocr_par' dir='ltr' id='par_1_50' title="bbox 1964 2140 3580 2213">
     <span class='ocr_line' id='line_1_50' title="bbox 1964 2140 3580 2213; baseline 0 -18"><span class='ocrx_word' id='word_1_381' title='bbox 1964 2140 2455 2211; x_wconf 77' lang='lat' dir='ltr'><strong>Occurrcruntque</strong></span> <span class='ocrx_word' id='word_1_382' title='bbox 2481 2140 2615 2196; x_wconf 89' lang='lat' dir='ltr'><strong>Mosi</strong></span> <span class='ocrx_word' id='word_1_383' title='bbox 2642 2140 3017 2213; x_wconf 79' lang='lat' dir='ltr'><strong>etA’arou,qui</strong></span> <span class='ocrx_word' id='word_1_384' title='bbox 3050 2142 3270 2197; x_wconf 80' lang='lat' dir='ltr'><strong>stabant</strong></span> <span class='ocrx_word' id='word_1_385' title='bbox 3293 2158 3357 2197; x_wconf 87' lang='lat' dir='ltr'><strong>ex</strong></span> <span class='ocrx_word' id='word_1_386' title='bbox 3388 2142 3580 2198; x_wconf 87' lang='lat' dir='ltr'><strong>adver-</strong></span> 
     </span>
    </p>
   </div>
   <div class='ocr_carea' id='block_1_51' title="bbox 1976 2234 3569 2308">
    <p class='ocr_par' dir='ltr' id='par_1_51' title="bbox 1976 2234 3569 2308">
     <span class='ocr_line' id='line_1_51' title="bbox 1976 2234 3569 2308; baseline -0.001 -19"><span class='ocrx_word' id='word_1_387' title='bbox 1976 2250 2060 2303; x_wconf 92' lang='lat' dir='ltr'><strong>so,</strong></span> <span class='ocrx_word' id='word_1_388' title='bbox 2089 2234 2430 2305; x_wconf 79' lang='lat' dir='ltr'><strong>egredientes</strong></span> <span class='ocrx_word' id='word_1_389' title='bbox 2458 2234 2643 2307; x_wconf 83' lang='lat' dir='ltr'><strong>[Vulg.</strong></span> <span class='ocrx_word' id='word_1_390' title='bbox 2672 2235 3097 2308; x_wconf 85' lang='lat' dir='ltr'><strong>egredientibus]</strong></span> <span class='ocrx_word' id='word_1_391' title='bbox 3128 2248 3153 2287; x_wconf 88' lang='lat' dir='ltr'><strong>a</strong></span> <span class='ocrx_word' id='word_1_392' title='bbox 3188 2234 3490 2298; x_wconf 87' lang='lat' dir='ltr'><strong>Pharaone,</strong></span> <span class='ocrx_word' id='word_1_393' title='bbox 3516 2242 3569 2288; x_wconf 82' lang='lat' dir='ltr'><strong>et</strong></span> 
     </span>
    </p>
   </div>
   <div class='ocr_carea' id='block_1_52' title="bbox 1978 2322 3546 2396">
    <p class='ocr_par' dir='ltr' id='par_1_52' title="bbox 1978 2322 3546 2396">
     <span class='ocr_line' id='line_1_52' title="bbox 1978 2322 3546 2396; baseline -0.003 -13"><span class='ocrx_word' id='word_1_394' title='bbox 1978 2322 2229 2383; x_wconf 81' lang='lat' dir='ltr'><strong>dixerunt</strong></span> <span class='ocrx_word' id='word_1_395' title='bbox 2260 2325 2325 2381; x_wconf 91' lang='lat' dir='ltr'><strong>ad</strong></span> <span class='ocrx_word' id='word_1_396' title='bbox 2367 2343 2459 2382; x_wconf 92' lang='lat' dir='ltr'><strong>eos</strong></span> <span class='ocrx_word' id='word_1_397' title='bbox 2492 2346 2503 2380; x_wconf 91' lang='lat'><strong>:</strong></span> <span class='ocrx_word' id='word_1_398' title='bbox 2542 2326 2729 2383; x_wconf 85' lang='lat' dir='ltr'><strong>Videat</strong></span> <span class='ocrx_word' id='word_1_399' title='bbox 2780 2326 3059 2392; x_wconf 81' lang='lat' dir='ltr'><strong>Dominus,</strong></span> <span class='ocrx_word' id='word_1_400' title='bbox 3088 2337 3141 2382; x_wconf 90' lang='lat' dir='ltr'><strong>et</strong></span> <span class='ocrx_word' id='word_1_401' title='bbox 3176 2325 3401 2396; x_wconf 83' lang='lat' dir='ltr'><strong>judicet,</strong></span> <span class='ocrx_word' id='word_1_402' title='bbox 3439 2340 3546 2395; x_wconf 91' lang='lat' dir='ltr'><strong>quo</strong></span> 
     </span>
    </p>
   </div>
   <div class='ocr_carea' id='block_1_53' title="bbox 1980 2418 3563 2477">
    <p class='ocr_par' dir='ltr' id='par_1_53' title="bbox 1980 2418 3563 2477">
     <span class='ocr_line' id='line_1_53' title="bbox 1980 2418 3563 2477; baseline -0.004 0"><span class='ocrx_word' id='word_1_403' title='bbox 1980 2421 2123 2477; x_wconf 90' lang='lat' dir='ltr'><strong>niam</strong></span> <span class='ocrx_word' id='word_1_404' title='bbox 2171 2421 2362 2477; x_wconf 71' lang='lat' dir='ltr'><strong>fmtere</strong></span> <span class='ocrx_word' id='word_1_405' title='bbox 2409 2420 2613 2476; x_wconf 79' lang='lat' dir='ltr'><strong>fecistis</strong></span> <span class='ocrx_word' id='word_1_406' title='bbox 2644 2421 2865 2477; x_wconf 90' lang='lat' dir='ltr'><strong>odorem</strong></span> <span class='ocrx_word' id='word_1_407' title='bbox 2914 2424 3159 2474; x_wconf 82' lang='lat' dir='ltr'><strong>nostrum</strong></span> <span class='ocrx_word' id='word_1_408' title='bbox 3210 2432 3391 2474; x_wconf 85' lang='lat' dir='ltr'><strong>coram</strong></span> <span class='ocrx_word' id='word_1_409' title='bbox 3438 2418 3563 2473; x_wconf 79' lang='lat' dir='ltr'><strong>Plia-</strong></span> 
     </span>
    </p>
   </div>
   <div class='ocr_carea' id='block_1_54' title="bbox 1981 2513 3569 2585">
    <p class='ocr_par' dir='ltr' id='par_1_54' title="bbox 1981 2513 3569 2585">
     <span class='ocr_line' id='line_1_54' title="bbox 1981 2513 3569 2585; baseline -0.001 -17"><span class='ocrx_word' id='word_1_410' title='bbox 1981 2529 2147 2569; x_wconf 87' lang='lat' dir='ltr'><strong>raone</strong></span> <span class='ocrx_word' id='word_1_411' title='bbox 2179 2522 2233 2567; x_wconf 88' lang='lat' dir='ltr'><strong>et</strong></span> <span class='ocrx_word' id='word_1_412' title='bbox 2264 2514 2435 2568; x_wconf 78' lang='lat' dir='ltr'><strong>servis</strong></span> <span class='ocrx_word' id='word_1_413' title='bbox 2464 2514 2601 2583; x_wconf 90' lang='lat' dir='ltr'><strong>ejus,</strong></span> <span class='ocrx_word' id='word_1_414' title='bbox 2631 2522 2685 2569; x_wconf 89' lang='lat' dir='ltr'><strong>et</strong></span> <span class='ocrx_word' id='word_1_415' title='bbox 2714 2514 2988 2585; x_wconf 85' lang='lat' dir='ltr'><strong>praebuisti</strong></span> <span class='ocrx_word' id='word_1_416' title='bbox 3021 2514 3070 2568; x_wconf 91' lang='lat' dir='ltr'><strong>ei</strong></span> <span class='ocrx_word' id='word_1_417' title='bbox 3102 2513 3362 2583; x_wconf 76' lang='lat' dir='ltr'><strong>gladium“,</strong></span> <span class='ocrx_word' id='word_1_418' title='bbox 3400 2518 3457 2566; x_wconf 90' lang='lat' dir='ltr'><strong>ut</strong></span> <span class='ocrx_word' id='word_1_419' title='bbox 3487 2526 3569 2567; x_wconf 46' lang='lat' dir='ltr'><strong>oc.</strong></span> 
     </span>
    </p>
   </div>
   <div class='ocr_carea' id='block_1_55' title="bbox 1981 2605 3575 2676">
    <p class='ocr_par' dir='ltr' id='par_1_55' title="bbox 1981 2605 3575 2676">
     <span class='ocr_line' id='line_1_55' title="bbox 1981 2605 3575 2676; baseline -0.003 -13"><span class='ocrx_word' id='word_1_420' title='bbox 1981 2607 2190 2663; x_wconf 81' lang='lat' dir='ltr'><strong>rideret</strong></span> <span class='ocrx_word' id='word_1_421' title='bbox 2214 2622 2335 2661; x_wconf 87' lang='lat' dir='ltr'><strong>nos.</strong></span> <span class='ocrx_word' id='word_1_422' title='bbox 2369 2608 2757 2676; x_wconf 83' lang='lat' dir='ltr'><strong>Reversusque</strong></span> <span class='ocrx_word' id='word_1_423' title='bbox 2781 2616 2861 2661; x_wconf 87' lang='lat' dir='ltr'><strong>est</strong></span> <span class='ocrx_word' id='word_1_424' title='bbox 2888 2605 3065 2660; x_wconf 87' lang='lat' dir='ltr'><strong>Moses</strong></span> <span class='ocrx_word' id='word_1_425' title='bbox 3090 2606 3155 2658; x_wconf 91' lang='lat' dir='ltr'><strong>ad</strong></span> <span class='ocrx_word' id='word_1_426' title='bbox 3187 2606 3493 2671; x_wconf 88' lang='lat' dir='ltr'><strong>Dominum,</strong></span> <span class='ocrx_word' id='word_1_427' title='bbox 3526 2611 3575 2659; x_wconf 91' lang='lat' dir='ltr'><strong>et</strong></span> 
     </span>
    </p>
   </div>
   <div class='ocr_carea' id='block_1_56' title="bbox 1981 2698 3579 2769">
    <p class='ocr_par' dir='ltr' id='par_1_56' title="bbox 1981 2698 3579 2769">
     <span class='ocr_line' id='line_1_56' title="bbox 1981 2698 3579 2769; baseline -0.001 -15"><span class='ocrx_word' id='word_1_428' title='bbox 1981 2700 2108 2755; x_wconf 89' lang='lat' dir='ltr'><strong>ait:</strong></span> <span class='ocrx_word' id='word_1_429' title='bbox 2156 2699 2408 2766; x_wconf 87' lang='lat' dir='ltr'><strong>Domine,</strong></span> <span class='ocrx_word' id='word_1_430' title='bbox 2456 2716 2553 2755; x_wconf 87' lang='lat' dir='ltr'><strong>cur</strong></span> <span class='ocrx_word' id='word_1_431' title='bbox 2600 2699 2841 2753; x_wconf 81' lang='lat' dir='ltr'><strong>afﬂixisti</strong></span> <span class='ocrx_word' id='word_1_432' title='bbox 2887 2700 3139 2769; x_wconf 85' lang='lat' dir='ltr'><strong>populum</strong></span> <span class='ocrx_word' id='word_1_433' title='bbox 3186 2698 3579 2768; x_wconf 83' lang='lat' dir='ltr'><strong>istttm?quare</strong></span> 
     </span>
    </p>
   </div>
   <div class='ocr_carea' id='block_1_57' title="bbox 1983 2790 3579 2863">
    <p class='ocr_par' dir='ltr' id='par_1_57' title="bbox 1983 2790 3579 2863">
     <span class='ocr_line' id='line_1_57' title="bbox 1983 2790 3579 2863; baseline -0.003 -14"><span class='ocrx_word' id='word_1_434' title='bbox 1983 2795 2178 2850; x_wconf 89' lang='lat' dir='ltr'><strong>misisti</strong></span> <span class='ocrx_word' id='word_1_435' title='bbox 2218 2794 2334 2849; x_wconf 84' lang='lat' dir='ltr'><strong>me?</strong></span> <span class='ocrx_word' id='word_1_436' title='bbox 2360 2794 2436 2849; x_wconf 75' lang='lat' dir='ltr'><strong>Ex</strong></span> <span class='ocrx_word' id='word_1_437' title='bbox 2468 2808 2534 2849; x_wconf 90' lang='lat' dir='ltr'><strong>eo</strong></span> <span class='ocrx_word' id='word_1_438' title='bbox 2564 2794 2705 2847; x_wconf 89' lang='lat' dir='ltr'><strong>enim</strong></span> <span class='ocrx_word' id='word_1_439' title='bbox 2734 2808 2840 2863; x_wconf 91' lang='lat' dir='ltr'><strong>quo</strong></span> <span class='ocrx_word' id='word_1_440' title='bbox 2867 2792 3144 2863; x_wconf 84' lang='lat' dir='ltr'><strong>ingressus</strong></span> <span class='ocrx_word' id='word_1_441' title='bbox 3186 2800 3303 2846; x_wconf 89' lang='lat' dir='ltr'><strong>sum</strong></span> <span class='ocrx_word' id='word_1_442' title='bbox 3338 2790 3405 2844; x_wconf 86' lang='lat' dir='ltr'><strong>ad</strong></span> <span class='ocrx_word' id='word_1_443' title='bbox 3438 2790 3579 2845; x_wconf 81' lang='lat' dir='ltr'><strong>Plia-</strong></span> 
     </span>
    </p>
   </div>
   <div class='ocr_carea' id='block_1_58' title="bbox 1982 2885 3579 2959">
    <p class='ocr_par' dir='ltr' id='par_1_58' title="bbox 1982 2885 3579 2959">
     <span class='ocr_line' id='line_1_58' title="bbox 1982 2885 3579 2959; baseline -0.002 -16"><span class='ocrx_word' id='word_1_444' title='bbox 1982 2902 2205 2944; x_wconf 86' lang='lat' dir='ltr'><strong>raonem</strong></span> <span class='ocrx_word' id='word_1_445' title='bbox 2232 2897 2289 2942; x_wconf 91' lang='lat' dir='ltr'><strong>ut</strong></span> <span class='ocrx_word' id='word_1_446' title='bbox 2319 2888 2575 2959; x_wconf 86' lang='lat' dir='ltr'><strong>loquerer</strong></span> <span class='ocrx_word' id='word_1_447' title='bbox 2609 2888 2663 2942; x_wconf 92' lang='lat' dir='ltr'><strong>in</strong></span> <span class='ocrx_word' id='word_1_448' title='bbox 2699 2888 2917 2942; x_wconf 86' lang='lat' dir='ltr'><strong>nomine</strong></span> <span class='ocrx_word' id='word_1_449' title='bbox 2946 2895 3059 2953; x_wconf 89' lang='lat' dir='ltr'><strong>ttto,</strong></span> <span class='ocrx_word' id='word_1_450' title='bbox 3104 2885 3293 2941; x_wconf 79' lang='lat' dir='ltr'><strong>afﬂixit</strong></span> <span class='ocrx_word' id='word_1_451' title='bbox 3325 2886 3579 2956; x_wconf 86' lang='lat' dir='ltr'><strong>populqu</strong></span> 
     </span>
    </p>
   </div>
   <div class='ocr_carea' id='block_1_59' title="bbox 1986 2980 2805 3049">
    <p class='ocr_par' dir='ltr' id='par_1_59' title="bbox 1986 2980 2805 3049">
     <span class='ocr_line' id='line_1_59' title="bbox 1986 2980 2805 3049; baseline -0.005 -12"><span class='ocrx_word' id='word_1_452' title='bbox 1986 2990 2159 3049; x_wconf 92' lang='lat' dir='ltr'><strong>tuum,</strong></span> <span class='ocrx_word' id='word_1_453' title='bbox 2196 2995 2246 3037; x_wconf 88' lang='lat' dir='ltr'><strong>et</strong></span> <span class='ocrx_word' id='word_1_454' title='bbox 2280 2997 2386 3036; x_wconf 92' lang='lat' dir='ltr'><strong>non</strong></span> <span class='ocrx_word' id='word_1_455' title='bbox 2420 2980 2663 3037; x_wconf 88' lang='lat' dir='ltr'><strong>liberasti</strong></span> <span class='ocrx_word' id='word_1_456' title='bbox 2690 2995 2805 3037; x_wconf 90' lang='lat' dir='ltr'><strong>eos.</strong></span> 
     </span>
    </p>
   </div>
   <div class='ocr_carea' id='block_1_60' title="bbox 2056 3064 3582 3144">
    <p class='ocr_par' dir='ltr' id='par_1_60' title="bbox 2056 3064 3582 3144">
     <span class='ocr_line' id='line_1_60' title="bbox 2056 3064 3582 3144; baseline -0.003 -17"><span class='ocrx_word' id='word_1_457' title='bbox 2056 3072 2210 3144; x_wconf 83' lang='lat' dir='ltr'><strong>[Cap.</strong></span> <span class='ocrx_word' id='word_1_458' title='bbox 2251 3072 2363 3144; x_wconf 90' lang='lat' dir='ltr'><strong>VI.)</strong></span> <span class='ocrx_word' id='word_1_459' title='bbox 2397 3068 2649 3143; x_wconf 83' lang='lat' dir='ltr'><strong>Dixitque</strong></span> <span class='ocrx_word' id='word_1_460' title='bbox 2682 3072 2941 3127; x_wconf 89' lang='lat' dir='ltr'><strong>Dominus</strong></span> <span class='ocrx_word' id='word_1_461' title='bbox 2972 3072 3037 3127; x_wconf 86' lang='lat' dir='ltr'><strong>ad</strong></span> <span class='ocrx_word' id='word_1_462' title='bbox 3061 3072 3245 3127; x_wconf 84' lang='lat' dir='ltr'><strong>Mosen</strong></span> <span class='ocrx_word' id='word_1_463' title='bbox 3276 3084 3291 3135; x_wconf 84' lang='lat'>;</span> <span class='ocrx_word' id='word_1_464' title='bbox 3322 3064 3473 3125; x_wconf 85' lang='lat' dir='ltr'><strong>Nunc</strong></span> <span class='ocrx_word' id='word_1_465' title='bbox 3504 3066 3582 3122; x_wconf 87' lang='lat' dir='ltr'><strong>vl-</strong></span> 
     </span>
    </p>
   </div>
   <div class='ocr_carea' id='block_1_61' title="bbox 1986 3163 3579 3236">
    <p class='ocr_par' dir='ltr' id='par_1_61' title="bbox 1986 3163 3579 3236">
     <span class='ocr_line' id='line_1_61' title="bbox 1986 3163 3579 3236; baseline -0.004 -15"><span class='ocrx_word' id='word_1_466' title='bbox 1986 3166 2138 3221; x_wconf 86' lang='lat' dir='ltr'><strong>debis</strong></span> <span class='ocrx_word' id='word_1_467' title='bbox 2161 3180 2278 3236; x_wconf 78' lang='lat' dir='ltr'><strong>qna:</strong></span> <span class='ocrx_word' id='word_1_468' title='bbox 2315 3165 2555 3220; x_wconf 87' lang='lat' dir='ltr'><strong>facturus</strong></span> <span class='ocrx_word' id='word_1_469' title='bbox 2586 3166 2686 3220; x_wconf 90' lang='lat' dir='ltr'><strong>sim</strong></span> <span class='ocrx_word' id='word_1_470' title='bbox 2713 3164 2979 3220; x_wconf 86' lang='lat' dir='ltr'><strong>Pharaoni</strong></span> <span class='ocrx_word' id='word_1_471' title='bbox 3008 3208 3021 3230; x_wconf 95' lang='lat'><strong>,</strong></span> <span class='ocrx_word' id='word_1_472' title='bbox 3063 3174 3157 3233; x_wconf 85' lang='lat' dir='ltr'><strong>per</strong></span> <span class='ocrx_word' id='word_1_473' title='bbox 3184 3172 3402 3218; x_wconf 87' lang='lat' dir='ltr'><strong>manum</strong></span> <span class='ocrx_word' id='word_1_474' title='bbox 3434 3163 3579 3215; x_wconf 88' lang='lat' dir='ltr'><strong>enim</strong></span> 
     </span>
    </p>
   </div>
   <div class='ocr_carea' id='block_1_62' title="bbox 265 3252 3581 3328">
    <p class='ocr_par' dir='ltr' id='par_1_62' title="bbox 265 3252 3581 3328">
     <span class='ocr_line' id='line_1_62' title="bbox 265 3252 3581 3328; baseline -0.001 -20"><span class='ocrx_word' id='word_1_475' title='bbox 265 3254 346 3309; x_wconf 88' lang='lat' dir='ltr'><strong>ad</strong></span> <span class='ocrx_word' id='word_1_476' title='bbox 372 3268 470 3309; x_wconf 88' lang='lat' dir='ltr'><strong>eos</strong></span> <span class='ocrx_word' id='word_1_477' title='bbox 496 3270 591 3309; x_wconf 87' lang='lat' dir='ltr'><strong>rex</strong></span> <span class='ocrx_word' id='word_1_478' title='bbox 623 3252 843 3328; x_wconf 63' lang='lat' dir='ltr'><strong>Egypti</strong></span> <span class='ocrx_word' id='word_1_479' title='bbox 877 3274 889 3311; x_wconf 92' lang='lat'><strong>:</strong></span> <span class='ocrx_word' id='word_1_480' title='bbox 922 3258 1118 3325; x_wconf 89' lang='lat' dir='ltr'><strong>Quare,</strong></span> <span class='ocrx_word' id='word_1_481' title='bbox 1156 3256 1333 3311; x_wconf 86' lang='lat' dir='ltr'><strong>Moses</strong></span> <span class='ocrx_word' id='word_1_482' title='bbox 1364 3264 1417 3310; x_wconf 89' lang='lat' dir='ltr'><strong>et</strong></span> <span class='ocrx_word' id='word_1_483' title='bbox 1448 3257 1641 3321; x_wconf 87' lang='lat' dir='ltr'><strong>Aaron,</strong></span> <span class='ocrx_word' id='word_1_484' title='bbox 1674 3254 1873 3309; x_wconf 91' lang='lat' dir='ltr'><strong>sollici-</strong></span> <span class='ocrx_word' id='word_1_485' title='bbox 1899 3265 1943 3326; x_wconf 72' lang='grc' dir='ltr'>ρ</span> <span class='ocrx_word' id='word_1_486' title='bbox 1979 3259 2169 3314; x_wconf 79' lang='lat' dir='ltr'><strong>fortem</strong></span> <span class='ocrx_word' id='word_1_487' title='bbox 2195 3256 2429 3313; x_wconf 85' lang='lat' dir='ltr'><strong>dimittet</strong></span> <span class='ocrx_word' id='word_1_488' title='bbox 2459 3274 2585 3325; x_wconf 88' lang='lat' dir='ltr'><strong>eos,</strong></span> <span class='ocrx_word' id='word_1_489' title='bbox 2613 3264 2667 3313; x_wconf 92' lang='lat' dir='ltr'><strong>et</strong></span> <span class='ocrx_word' id='word_1_490' title='bbox 2690 3259 2744 3311; x_wconf 92' lang='lat' dir='ltr'><strong>in</strong></span> <span class='ocrx_word' id='word_1_491' title='bbox 2778 3270 2939 3312; x_wconf 87' lang='lat' dir='ltr'><strong>manu</strong></span> <span class='ocrx_word' id='word_1_492' title='bbox 2984 3258 3205 3311; x_wconf 82' lang='lat' dir='ltr'><strong>robuSIa</strong></span> <span class='ocrx_word' id='word_1_493' title='bbox 3247 3255 3430 3325; x_wconf 83' lang='lat' dir='ltr'><strong>ejiciet</strong></span> <span class='ocrx_word' id='word_1_494' title='bbox 3459 3252 3581 3307; x_wconf 84' lang='lat' dir='ltr'><strong>illos</strong></span> 
     </span>
    </p>
   </div>
   <div class='ocr_carea' id='block_1_63' title="bbox 268 3348 1880 3420">
    <p class='ocr_par' dir='ltr' id='par_1_63' title="bbox 268 3348 1880 3420">
     <span class='ocr_line' id='line_1_63' title="bbox 268 3348 1880 3420; baseline 0 -18"><span class='ocrx_word' id='word_1_495' title='bbox 268 3350 406 3403; x_wconf 84' lang='lat' dir='ltr'><strong>tatis</strong></span> <span class='ocrx_word' id='word_1_496' title='bbox 435 3348 690 3418; x_wconf 85' lang='lat' dir='ltr'><strong>populum</strong></span> <span class='ocrx_word' id='word_1_497' title='bbox 720 3350 789 3403; x_wconf 90' lang='lat' dir='ltr'><strong>ab</strong></span> <span class='ocrx_word' id='word_1_498' title='bbox 814 3351 1070 3420; x_wconf 85' lang='lat' dir='ltr'><strong>operibus</strong></span> <span class='ocrx_word' id='word_1_499' title='bbox 1099 3350 1247 3404; x_wconf 84' lang='lat' dir='ltr'><strong>suis?</strong></span> <span class='ocrx_word' id='word_1_500' title='bbox 1271 3349 1342 3403; x_wconf 87' lang='lat' dir='ltr'><strong>ite</strong></span> <span class='ocrx_word' id='word_1_501' title='bbox 1367 3348 1432 3403; x_wconf 91' lang='lat' dir='ltr'><strong>ad</strong></span> <span class='ocrx_word' id='word_1_502' title='bbox 1456 3362 1626 3403; x_wconf 89' lang='lat' dir='ltr'><strong>onera</strong></span> <span class='ocrx_word' id='word_1_503' title='bbox 1658 3359 1839 3403; x_wconf 88' lang='lat' dir='ltr'><strong>vestra</strong></span> <span class='ocrx_word' id='word_1_504' title='bbox 1865 3362 1880 3402; x_wconf 90' lang='lat'><strong>:</strong></span> 
     </span>
    </p>
   </div>
   <div class='ocr_carea' id='block_1_64' title="bbox 272 3443 1884 3514">
    <p class='ocr_par' dir='ltr' id='par_1_64' title="bbox 272 3443 1884 3514">
     <span class='ocr_line' id='line_1_64' title="bbox 272 3443 1884 3514; baseline 0 -17"><span class='ocrx_word' id='word_1_505' title='bbox 272 3443 541 3514; x_wconf 81' lang='lat' dir='ltr'><strong>Dixitque</strong></span> <span class='ocrx_word' id='word_1_506' title='bbox 568 3443 775 3499; x_wconf 88' lang='lat' dir='ltr'><strong>Pharao</strong></span> <span class='ocrx_word' id='word_1_507' title='bbox 809 3462 821 3497; x_wconf 89' lang='lat'><strong>:</strong></span> <span class='ocrx_word' id='word_1_508' title='bbox 857 3445 1053 3501; x_wconf 88' lang='lat' dir='ltr'><strong>Multus</strong></span> <span class='ocrx_word' id='word_1_509' title='bbox 1081 3454 1163 3500; x_wconf 88' lang='lat' dir='ltr'><strong>est</strong></span> <span class='ocrx_word' id='word_1_510' title='bbox 1186 3444 1417 3514; x_wconf 86' lang='lat' dir='ltr'><strong>populus</strong></span> <span class='ocrx_word' id='word_1_511' title='bbox 1446 3450 1609 3498; x_wconf 69' lang='lat' dir='ltr'><strong>terra:</strong></span> <span class='ocrx_word' id='word_1_512' title='bbox 1636 3459 1651 3499; x_wconf 88' lang='lat'><strong>:</strong></span> <span class='ocrx_word' id='word_1_513' title='bbox 1688 3443 1884 3499; x_wconf 87' lang='lat' dir='ltr'><strong>videtis</strong></span> 
     </span>
    </p>
   </div>
   <div class='ocr_carea' id='block_1_65' title="bbox 268 3535 1884 3609">
    <p class='ocr_par' dir='ltr' id='par_1_65' title="bbox 268 3535 1884 3609">
     <span class='ocr_line' id='line_1_65' title="bbox 268 3535 1884 3609; baseline 0 -18"><span class='ocrx_word' id='word_1_514' title='bbox 268 3538 423 3608; x_wconf 84' lang='lat' dir='ltr'><strong>quod</strong></span> <span class='ocrx_word' id='word_1_515' title='bbox 455 3537 613 3593; x_wconf 88' lang='lat' dir='ltr'><strong>turba</strong></span> <span class='ocrx_word' id='word_1_516' title='bbox 644 3539 969 3595; x_wconf 86' lang='lat' dir='ltr'><strong>succreverit</strong></span> <span class='ocrx_word' id='word_1_517' title='bbox 1005 3557 1019 3592; x_wconf 90' lang='lat'><strong>:</strong></span> <span class='ocrx_word' id='word_1_518' title='bbox 1049 3548 1252 3609; x_wconf 87' lang='lat' dir='ltr'><strong>quanto</strong></span> <span class='ocrx_word' id='word_1_519' title='bbox 1280 3539 1449 3608; x_wconf 89' lang='lat' dir='ltr'><strong>magis</strong></span> <span class='ocrx_word' id='word_1_520' title='bbox 1485 3537 1528 3591; x_wconf 88' lang='lat' dir='ltr'><strong>si</strong></span> <span class='ocrx_word' id='word_1_521' title='bbox 1560 3548 1581 3576; x_wconf 79' lang='grc' dir='ltr'><strong>ο</strong></span> <span class='ocrx_word' id='word_1_522' title='bbox 1625 3535 1884 3591; x_wconf 79' lang='lat' dir='ltr'><strong>dederitis</strong></span> 
     </span>
    </p>
   </div>
   <div class='ocr_carea' id='block_1_66' title="bbox 268 3631 1884 3703">
    <p class='ocr_par' dir='ltr' id='par_1_66' title="bbox 268 3631 1884 3703">
     <span class='ocr_line' id='line_1_66' title="bbox 268 3631 1884 3703; baseline 0.001 -18"><span class='ocrx_word' id='word_1_523' title='bbox 268 3632 359 3685; x_wconf 83' lang='lat' dir='ltr'><strong>eis</strong></span> <span class='ocrx_word' id='word_1_524' title='bbox 392 3632 637 3703; x_wconf 90' lang='lat' dir='ltr'><strong>requiem</strong></span> <span class='ocrx_word' id='word_1_525' title='bbox 671 3635 739 3691; x_wconf 90' lang='lat' dir='ltr'><strong>ab</strong></span> <span class='ocrx_word' id='word_1_526' title='bbox 767 3634 1062 3703; x_wconf 83' lang='lat' dir='ltr'><strong>Opel&#39;ibus?</strong></span> <span class='ocrx_word' id='word_1_527' title='bbox 1104 3634 1370 3702; x_wconf 83' lang='lat' dir='ltr'><strong>Praecepit</strong></span> <span class='ocrx_word' id='word_1_528' title='bbox 1400 3646 1529 3703; x_wconf 88' lang='lat' dir='ltr'><strong>ergo</strong></span> <span class='ocrx_word' id='word_1_529' title='bbox 1570 3632 1624 3686; x_wconf 92' lang='lat' dir='ltr'><strong>in</strong></span> <span class='ocrx_word' id='word_1_530' title='bbox 1671 3631 1759 3686; x_wconf 88' lang='lat' dir='ltr'><strong>die</strong></span> <span class='ocrx_word' id='word_1_531' title='bbox 1791 3631 1884 3687; x_wconf 94' lang='lat' dir='ltr'><strong>illo</strong></span> 
     </span>
    </p>
   </div>
   <div class='ocr_carea' id='block_1_67' title="bbox 273 3721 1886 3795">
    <p class='ocr_par' dir='ltr' id='par_1_67' title="bbox 273 3721 1886 3795">
     <span class='ocr_line' id='line_1_67' title="bbox 273 3721 1886 3795; baseline 0 -17"><span class='ocrx_word' id='word_1_532' title='bbox 273 3724 556 3792; x_wconf 75' lang='lat' dir='ltr'><strong>przefectis</strong></span> <span class='ocrx_word' id='word_1_533' title='bbox 585 3738 811 3795; x_wconf 89' lang='lat' dir='ltr'><strong>operum</strong></span> <span class='ocrx_word' id='word_1_534' title='bbox 843 3735 896 3781; x_wconf 90' lang='lat' dir='ltr'><strong>et</strong></span> <span class='ocrx_word' id='word_1_535' title='bbox 920 3726 1266 3780; x_wconf 81' lang='lat' dir='ltr'><strong>exactoribus</strong></span> <span class='ocrx_word' id='word_1_536' title='bbox 1291 3726 1496 3795; x_wconf 89' lang='lat' dir='ltr'><strong>p0puli,</strong></span> <span class='ocrx_word' id='word_1_537' title='bbox 1520 3724 1709 3779; x_wconf 89' lang='lat' dir='ltr'><strong>dicens</strong></span> <span class='ocrx_word' id='word_1_538' title='bbox 1734 3739 1747 3779; x_wconf 92' lang='lat'>:</span> <span class='ocrx_word' id='word_1_539' title='bbox 1780 3721 1886 3778; x_wconf 83' lang='lat' dir='ltr'><strong>Ne—</strong></span> 
     </span>
    </p>
   </div>
   <div class='ocr_carea' id='block_1_68' title="bbox 269 3818 1885 3890">
    <p class='ocr_par' dir='ltr' id='par_1_68' title="bbox 269 3818 1885 3890">
     <span class='ocr_line' id='line_1_68' title="bbox 269 3818 1885 3890; baseline 0.002 -20"><span class='ocrx_word' id='word_1_540' title='bbox 269 3830 552 3887; x_wconf 77' lang='lat' dir='ltr'><strong>quaquam</strong></span> <span class='ocrx_word' id='word_1_541' title='bbox 580 3819 720 3874; x_wconf 86' lang='lat' dir='ltr'><strong>ultra</strong></span> <span class='ocrx_word' id='word_1_542' title='bbox 751 3819 949 3875; x_wconf 89' lang='lat' dir='ltr'><strong>dabitis</strong></span> <span class='ocrx_word' id='word_1_543' title='bbox 981 3820 1163 3889; x_wconf 87' lang='lat' dir='ltr'><strong>paleas</strong></span> <span class='ocrx_word' id='word_1_544' title='bbox 1196 3824 1395 3890; x_wconf 91' lang='lat' dir='ltr'><strong>popqu</strong></span> <span class='ocrx_word' id='word_1_545' title='bbox 1423 3820 1488 3874; x_wconf 91' lang='lat' dir='ltr'><strong>ad</strong></span> <span class='ocrx_word' id='word_1_546' title='bbox 1517 3818 1885 3874; x_wconf 82' lang='lat' dir='ltr'><strong>conficiendos</strong></span> 
     </span>
    </p>
   </div>
   <div class='ocr_carea' id='block_1_69' title="bbox 272 3910 1883 3983">
    <p class='ocr_par' dir='ltr' id='par_1_69' title="bbox 272 3910 1883 3983">
     <span class='ocr_line' id='line_1_69' title="bbox 272 3910 1883 3983; baseline 0.002 -18"><span class='ocrx_word' id='word_1_547' title='bbox 272 3910 503 3975; x_wconf 84' lang='lat' dir='ltr'><strong>lateres,</strong></span> <span class='ocrx_word' id='word_1_548' title='bbox 534 3912 677 3967; x_wconf 91' lang='lat' dir='ltr'><strong>sicut</strong></span> <span class='ocrx_word' id='word_1_549' title='bbox 702 3913 849 3981; x_wconf 89' lang='lat' dir='ltr'><strong>prius</strong></span> <span class='ocrx_word' id='word_1_550' title='bbox 880 3930 893 3966; x_wconf 90' lang='lat'><strong>:</strong></span> <span class='ocrx_word' id='word_1_551' title='bbox 925 3913 1018 3967; x_wconf 88' lang='lat' dir='ltr'><strong>sed</strong></span> <span class='ocrx_word' id='word_1_552' title='bbox 1050 3914 1149 3983; x_wconf 89' lang='lat' dir='ltr'><strong>ipsi</strong></span> <span class='ocrx_word' id='word_1_553' title='bbox 1174 3914 1391 3979; x_wconf 85' lang='lat' dir='ltr'><strong>vadant,</strong></span> <span class='ocrx_word' id='word_1_554' title='bbox 1418 3921 1472 3967; x_wconf 91' lang='lat' dir='ltr'><strong>et</strong></span> <span class='ocrx_word' id='word_1_555' title='bbox 1497 3912 1756 3983; x_wconf 80' lang='lat' dir='ltr'><strong>colligant</strong></span> <span class='ocrx_word' id='word_1_556' title='bbox 1783 3913 1883 3968; x_wconf 87' lang='lat' dir='ltr'><strong>sti-</strong></span> 
     </span>
    </p>
   </div>
   <div class='ocr_carea' id='block_1_70' title="bbox 272 4000 1883 4078">
    <p class='ocr_par' dir='ltr' id='par_1_70' title="bbox 272 4000 1883 4078">
     <span class='ocr_line' id='line_1_70' title="bbox 272 4000 1883 4078; baseline 0.002 -23"><span class='ocrx_word' id='word_1_557' title='bbox 272 4002 458 4071; x_wconf 86' lang='lat' dir='ltr'><strong>pulas.</strong></span> <span class='ocrx_word' id='word_1_558' title='bbox 513 4002 583 4057; x_wconf 89' lang='lat' dir='ltr'><strong>Et</strong></span> <span class='ocrx_word' id='word_1_559' title='bbox 626 4012 935 4059; x_wconf 87' lang='lat' dir='ltr'><strong>mensuram</strong></span> <span class='ocrx_word' id='word_1_560' title='bbox 986 4004 1239 4069; x_wconf 86' lang='lat' dir='ltr'><strong>laterum,</strong></span> <span class='ocrx_word' id='word_1_561' title='bbox 1279 4020 1417 4075; x_wconf 89' lang='lat' dir='ltr'><strong>quos</strong></span> <span class='ocrx_word' id='word_1_562' title='bbox 1452 4000 1639 4077; x_wconf 74' lang='lat' dir='ltr'><strong>[Va/9.</strong></span> <span class='ocrx_word' id='word_1_563' title='bbox 1698 4005 1883 4078; x_wconf 87' lang='lat' dir='ltr'><strong>quam]</strong></span> 
     </span>
    </p>
   </div>
   <div class='ocr_carea' id='block_1_71' title="bbox 271 4095 1885 4167">
    <p class='ocr_par' dir='ltr' id='par_1_71' title="bbox 271 4095 1885 4167">
     <span class='ocr_line' id='line_1_71' title="bbox 271 4095 1885 4167; baseline 0.004 -19"><span class='ocrx_word' id='word_1_564' title='bbox 271 4095 430 4163; x_wconf 89' lang='lat' dir='ltr'><strong>prius</strong></span> <span class='ocrx_word' id='word_1_565' title='bbox 462 4096 756 4163; x_wconf 85' lang='lat' dir='ltr'><strong>faciebant,</strong></span> <span class='ocrx_word' id='word_1_566' title='bbox 797 4098 1091 4167; x_wconf 78' lang='lat' dir='ltr'><strong>imponetis</strong></span> <span class='ocrx_word' id='word_1_567' title='bbox 1123 4110 1288 4166; x_wconf 83' lang='lat' dir='ltr'><strong>super</strong></span> <span class='ocrx_word' id='word_1_568' title='bbox 1316 4108 1410 4152; x_wconf 91' lang='lat' dir='ltr'><strong>eos</strong></span> <span class='ocrx_word' id='word_1_569' title='bbox 1437 4138 1452 4162; x_wconf 92' lang='lat'><strong>,</strong></span> <span class='ocrx_word' id='word_1_570' title='bbox 1495 4113 1593 4152; x_wconf 86' lang='lat' dir='ltr'><strong>nec</strong></span> <span class='ocrx_word' id='word_1_571' title='bbox 1634 4100 1885 4155; x_wconf 88' lang='lat' dir='ltr'><strong>minuetis</strong></span> 
     </span>
    </p>
   </div>
   <div class='ocr_carea' id='block_1_72' title="bbox 270 4188 1884 4259">
    <p class='ocr_par' dir='ltr' id='par_1_72' title="bbox 270 4188 1884 4259">
     <span class='ocr_line' id='line_1_72' title="bbox 270 4188 1884 4259; baseline 0.002 -18"><span class='ocrx_word' id='word_1_572' title='bbox 270 4188 611 4259; x_wconf 86' lang='lat' dir='ltr'><strong>quidquam;</strong></span> <span class='ocrx_word' id='word_1_573' title='bbox 639 4202 836 4245; x_wconf 86' lang='lat' dir='ltr'><strong>vacant</strong></span> <span class='ocrx_word' id='word_1_574' title='bbox 866 4190 1033 4259; x_wconf 89' lang='lat' dir='ltr'><strong>enim,</strong></span> <span class='ocrx_word' id='word_1_575' title='bbox 1069 4198 1123 4245; x_wconf 90' lang='lat' dir='ltr'><strong>et</strong></span> <span class='ocrx_word' id='word_1_576' title='bbox 1152 4190 1356 4246; x_wconf 85' lang='lat' dir='ltr'><strong>idcirco</strong></span> <span class='ocrx_word' id='word_1_577' title='bbox 1383 4189 1769 4258; x_wconf 86' lang='lat' dir='ltr'><strong>vociferantur,</strong></span> <span class='ocrx_word' id='word_1_578' title='bbox 1800 4192 1884 4245; x_wconf 86' lang='lat' dir='ltr'><strong>di-</strong></span> 
     </span>
    </p>
   </div>
   <div class='ocr_carea' id='block_1_73' title="bbox 270 4282 1886 4354">
    <p class='ocr_par' dir='ltr' id='par_1_73' title="bbox 270 4282 1886 4354">
     <span class='ocr_line' id='line_1_73' title="bbox 270 4282 1886 4354; baseline 0.002 -19"><span class='ocrx_word' id='word_1_579' title='bbox 270 4293 468 4335; x_wconf 87' lang='lat' dir='ltr'><strong>centes</strong></span> <span class='ocrx_word' id='word_1_580' title='bbox 500 4298 515 4337; x_wconf 90' lang='lat'><strong>:</strong></span> <span class='ocrx_word' id='word_1_581' title='bbox 550 4282 771 4349; x_wconf 77' lang='lat' dir='ltr'><strong>Eamus,</strong></span> <span class='ocrx_word' id='word_1_582' title='bbox 806 4294 860 4339; x_wconf 90' lang='lat' dir='ltr'><strong>et</strong></span> <span class='ocrx_word' id='word_1_583' title='bbox 895 4283 1268 4339; x_wconf 84' lang='lat' dir='ltr'><strong>sacrificemus</strong></span> <span class='ocrx_word' id='word_1_584' title='bbox 1303 4284 1416 4338; x_wconf 89' lang='lat' dir='ltr'><strong>Deo</strong></span> <span class='ocrx_word' id='word_1_585' title='bbox 1450 4293 1660 4339; x_wconf 71' lang='lat' dir='ltr'><strong>nosuo.</strong></span> <span class='ocrx_word' id='word_1_586' title='bbox 1691 4284 1886 4354; x_wconf 78' lang='lat' dir='ltr'><strong>Oppri-</strong></span> 
     </span>
    </p>
   </div>
   <div class='ocr_carea' id='block_1_74' title="bbox 272 4379 1887 4447">
    <p class='ocr_par' dir='ltr' id='par_1_74' title="bbox 272 4379 1887 4447">
     <span class='ocr_line' id='line_1_74' title="bbox 272 4379 1887 4447; baseline 0.001 -18"><span class='ocrx_word' id='word_1_587' title='bbox 272 4386 505 4430; x_wconf 89' lang='lat' dir='ltr'><strong>mantnr</strong></span> <span class='ocrx_word' id='word_1_588' title='bbox 526 4379 801 4445; x_wconf 66' lang='lat' dir='ltr'><strong>operibus,</strong></span> <span class='ocrx_word' id='word_1_589' title='bbox 835 4388 890 4434; x_wconf 90' lang='lat' dir='ltr'><strong>et</strong></span> <span class='ocrx_word' id='word_1_590' title='bbox 916 4379 1171 4447; x_wconf 84' lang='lat' dir='ltr'><strong>expleant</strong></span> <span class='ocrx_word' id='word_1_591' title='bbox 1197 4393 1285 4441; x_wconf 90' lang='lat' dir='ltr'><strong>ea,</strong></span> <span class='ocrx_word' id='word_1_592' title='bbox 1321 4389 1377 4431; x_wconf 90' lang='lat' dir='ltr'><strong>ut</strong></span> <span class='ocrx_word' id='word_1_593' title='bbox 1405 4394 1511 4432; x_wconf 92' lang='lat' dir='ltr'><strong>non</strong></span> <span class='ocrx_word' id='word_1_594' title='bbox 1536 4380 1887 4447; x_wconf 83' lang='lat' dir='ltr'><strong>acquiescant</strong></span> 
     </span>
    </p>
   </div>
   <div class='ocr_carea' id='block_1_75' title="bbox 274 4466 1888 4539">
    <p class='ocr_par' dir='ltr' id='par_1_75' title="bbox 274 4466 1888 4539">
     <span class='ocr_line' id='line_1_75' title="bbox 274 4466 1888 4539; baseline 0.003 -20"><span class='ocrx_word' id='word_1_595' title='bbox 274 4466 466 4521; x_wconf 83' lang='lat' dir='ltr'><strong>verbis</strong></span> <span class='ocrx_word' id='word_1_596' title='bbox 491 4467 867 4523; x_wconf 87' lang='lat' dir='ltr'><strong>mendacibus.</strong></span> <span class='ocrx_word' id='word_1_597' title='bbox 894 4466 1057 4539; x_wconf 89' lang='lat' dir='ltr'><strong>Igitur</strong></span> <span class='ocrx_word' id='word_1_598' title='bbox 1077 4470 1281 4539; x_wconf 78' lang='lat' dir='ltr'><strong>egressi</strong></span> <span class='ocrx_word' id='word_1_599' title='bbox 1317 4468 1556 4538; x_wconf 80' lang='lat' dir='ltr'><strong>praefecti</strong></span> <span class='ocrx_word' id='word_1_600' title='bbox 1583 4484 1806 4539; x_wconf 81' lang='lat' dir='ltr'><strong>operum</strong></span> <span class='ocrx_word' id='word_1_601' title='bbox 1834 4477 1888 4525; x_wconf 85' lang='lat' dir='ltr'><strong>et</strong></span> 
     </span>
    </p>
   </div>
   <div class='ocr_carea' id='block_1_76' title="bbox 270 4560 1884 4631">
    <p class='ocr_par' dir='ltr' id='par_1_76' title="bbox 270 4560 1884 4631">
     <span class='ocr_line' id='line_1_76' title="bbox 270 4560 1884 4631; baseline 0.001 -16"><span class='ocrx_word' id='word_1_602' title='bbox 270 4569 590 4626; x_wconf 82' lang='lat' dir='ltr'><strong>exactores,</strong></span> <span class='ocrx_word' id='word_1_603' title='bbox 622 4561 689 4616; x_wconf 80' lang='lat' dir='ltr'><strong>ad</strong></span> <span class='ocrx_word' id='word_1_604' title='bbox 718 4562 975 4631; x_wconf 91' lang='lat' dir='ltr'><strong>populum</strong></span> <span class='ocrx_word' id='word_1_605' title='bbox 1002 4561 1259 4617; x_wconf 84' lang='lat' dir='ltr'><strong>dixerunt</strong></span> <span class='ocrx_word' id='word_1_606' title='bbox 1290 4581 1300 4615; x_wconf 93' lang='lat'>:</span> <span class='ocrx_word' id='word_1_607' title='bbox 1335 4562 1423 4616; x_wconf 88' lang='lat' dir='ltr'><strong>Sic</strong></span> <span class='ocrx_word' id='word_1_608' title='bbox 1452 4562 1585 4617; x_wconf 89' lang='lat' dir='ltr'><strong>dicit</strong></span> <span class='ocrx_word' id='word_1_609' title='bbox 1634 4560 1842 4616; x_wconf 88' lang='lat' dir='ltr'><strong>Pharao</strong></span> <span class='ocrx_word' id='word_1_610' title='bbox 1870 4576 1884 4616; x_wconf 93' lang='lat'>:</span> 
     </span>
    </p>
   </div>
   <div class='ocr_carea' id='block_1_77' title="bbox 1985 3346 3576 3424">
    <p class='ocr_par' dir='ltr' id='par_1_77' title="bbox 1985 3346 3576 3424">
     <span class='ocr_line' id='line_1_77' title="bbox 1985 3346 3576 3424; baseline -0.006 -15"><span class='ocrx_word' id='word_1_611' title='bbox 1985 3354 2053 3409; x_wconf 88' lang='lat' dir='ltr'><strong>de</strong></span> <span class='ocrx_word' id='word_1_612' title='bbox 2080 3362 2223 3406; x_wconf 89' lang='lat' dir='ltr'><strong>terra</strong></span> <span class='ocrx_word' id='word_1_613' title='bbox 2254 3367 2368 3407; x_wconf 87' lang='lat' dir='ltr'><strong>sua.</strong></span> <span class='ocrx_word' id='word_1_614' title='bbox 2405 3351 2487 3424; x_wconf 70' lang='lat' dir='ltr'><strong>lC.</strong></span> <span class='ocrx_word' id='word_1_615' title='bbox 2520 3351 2685 3423; x_wconf 82' lang='lat' dir='ltr'><strong>Xlll.]</strong></span> <span class='ocrx_word' id='word_1_616' title='bbox 2718 3352 3059 3421; x_wconf 84' lang='lat' dir='ltr'><strong>Locutusque</strong></span> <span class='ocrx_word' id='word_1_617' title='bbox 3088 3355 3172 3405; x_wconf 89' lang='lat' dir='ltr'><strong>est</strong></span> <span class='ocrx_word' id='word_1_618' title='bbox 3202 3350 3343 3403; x_wconf 86' lang='lat' dir='ltr'><strong>Deus</strong></span> <span class='ocrx_word' id='word_1_619' title='bbox 3374 3348 3438 3401; x_wconf 90' lang='lat' dir='ltr'><strong>ad</strong></span> <span class='ocrx_word' id='word_1_620' title='bbox 3463 3346 3576 3401; x_wconf 87' lang='lat' dir='ltr'><strong>Mo-</strong></span> 
     </span>
    </p>
   </div>
   <div class='ocr_carea' id='block_1_78' title="bbox 1986 3440 3579 3516">
    <p class='ocr_par' dir='ltr' id='par_1_78' title="bbox 1986 3440 3579 3516">
     <span class='ocr_line' id='line_1_78' title="bbox 1986 3440 3579 3516; baseline -0.006 -14"><span class='ocrx_word' id='word_1_621' title='bbox 1986 3458 2080 3502; x_wconf 90' lang='lat' dir='ltr'><strong>sen</strong></span> <span class='ocrx_word' id='word_1_622' title='bbox 2122 3446 2309 3501; x_wconf 90' lang='lat' dir='ltr'><strong>dicens</strong></span> <span class='ocrx_word' id='word_1_623' title='bbox 2346 3464 2358 3500; x_wconf 93' lang='lat'>:</span> <span class='ocrx_word' id='word_1_624' title='bbox 2394 3448 2503 3516; x_wconf 85' lang='lat' dir='ltr'><strong>Ego</strong></span> <span class='ocrx_word' id='word_1_625' title='bbox 2536 3445 2818 3510; x_wconf 87' lang='lat' dir='ltr'><strong>Dominus,</strong></span> <span class='ocrx_word' id='word_1_626' title='bbox 2851 3446 2941 3514; x_wconf 89' lang='lat' dir='ltr'><strong>qui</strong></span> <span class='ocrx_word' id='word_1_627' title='bbox 2999 3442 3245 3515; x_wconf 87' lang='lat' dir='ltr'><strong>apparuit</strong></span> <span class='ocrx_word' id='word_1_628' title='bbox 3286 3440 3579 3503; x_wconf 85' lang='lat' dir='ltr'><strong>Abraham,</strong></span> 
     </span>
    </p>
   </div>
   <div class='ocr_carea' id='block_1_79' title="bbox 1986 3537 3579 3606">
    <p class='ocr_par' dir='ltr' id='par_1_79' title="bbox 1986 3537 3579 3606">
     <span class='ocr_line' id='line_1_79' title="bbox 1986 3537 3579 3606; baseline -0.008 -10"><span class='ocrx_word' id='word_1_629' title='bbox 1986 3541 2153 3605; x_wconf 89' lang='lat' dir='ltr'><strong>Isaac,</strong></span> <span class='ocrx_word' id='word_1_630' title='bbox 2206 3551 2262 3594; x_wconf 90' lang='lat' dir='ltr'><strong>et</strong></span> <span class='ocrx_word' id='word_1_631' title='bbox 2310 3539 2499 3605; x_wconf 83' lang='lat' dir='ltr'><strong>Jacob,</strong></span> <span class='ocrx_word' id='word_1_632' title='bbox 2563 3540 2613 3593; x_wconf 89' lang='lat' dir='ltr'><strong>in</strong></span> <span class='ocrx_word' id='word_1_633' title='bbox 2674 3538 2785 3593; x_wconf 92' lang='lat' dir='ltr'><strong>Deo</strong></span> <span class='ocrx_word' id='word_1_634' title='bbox 2837 3537 3231 3606; x_wconf 85' lang='lat' dir='ltr'><strong>omnipotente,</strong></span> <span class='ocrx_word' id='word_1_635' title='bbox 3276 3543 3329 3587; x_wconf 91' lang='lat' dir='ltr'><strong>et</strong></span> <span class='ocrx_word' id='word_1_636' title='bbox 3380 3544 3579 3587; x_wconf 89' lang='lat' dir='ltr'><strong>nomen</strong></span> 
     </span>
    </p>
   </div>
   <div class='ocr_carea' id='block_1_80' title="bbox 1988 3624 3586 3699">
    <p class='ocr_par' dir='ltr' id='par_1_80' title="bbox 1988 3624 3586 3699">
     <span class='ocr_line' id='line_1_80' title="bbox 1988 3624 3586 3699; baseline -0.008 -9"><span class='ocrx_word' id='word_1_637' title='bbox 1988 3648 2167 3690; x_wconf 90' lang='lat' dir='ltr'><strong>meum</strong></span> <span class='ocrx_word' id='word_1_638' title='bbox 2213 3632 2419 3687; x_wconf 86' lang='lat' dir='ltr'><strong>Adonai</strong></span> <span class='ocrx_word' id='word_1_639' title='bbox 2460 3642 2566 3687; x_wconf 81' lang='lat' dir='ltr'><strong>nun</strong></span> <span class='ocrx_word' id='word_1_640' title='bbox 2601 3631 2831 3686; x_wconf 86' lang='lat' dir='ltr'><strong>iudicavi</strong></span> <span class='ocrx_word' id='word_1_641' title='bbox 2866 3631 2961 3684; x_wconf 91' lang='lat' dir='ltr'><strong>eis.</strong></span> <span class='ocrx_word' id='word_1_642' title='bbox 3018 3629 3309 3699; x_wconf 89' lang='lat' dir='ltr'><strong>Pepigique</strong></span> <span class='ocrx_word' id='word_1_643' title='bbox 3348 3636 3471 3681; x_wconf 90' lang='lat' dir='ltr'><strong>cum</strong></span> <span class='ocrx_word' id='word_1_644' title='bbox 3506 3624 3586 3679; x_wconf 88' lang='lat' dir='ltr'><strong>eis</strong></span> 
     </span>
    </p>
   </div>
   <div class='ocr_carea' id='block_1_81' title="bbox 1989 3714 3587 3793">
    <p class='ocr_par' dir='ltr' id='par_1_81' title="bbox 1989 3714 3587 3793">
     <span class='ocr_line' id='line_1_81' title="bbox 1989 3714 3587 3793; baseline -0.006 -11"><span class='ocrx_word' id='word_1_645' title='bbox 1989 3726 2165 3784; x_wconf 67' lang='lat' dir='ltr'><strong>foedus</strong></span> <span class='ocrx_word' id='word_1_646' title='bbox 2189 3774 2201 3793; x_wconf 94' lang='lat'><strong>,</strong></span> <span class='ocrx_word' id='word_1_647' title='bbox 2236 3734 2293 3782; x_wconf 87' lang='lat' dir='ltr'><strong>ut</strong></span> <span class='ocrx_word' id='word_1_648' title='bbox 2314 3727 2499 3781; x_wconf 88' lang='lat' dir='ltr'><strong>darem</strong></span> <span class='ocrx_word' id='word_1_649' title='bbox 2526 3726 2630 3780; x_wconf 88' lang='lat' dir='ltr'><strong>illis</strong></span> <span class='ocrx_word' id='word_1_650' title='bbox 2654 3732 2851 3781; x_wconf 87' lang='lat' dir='ltr'><strong>terram</strong></span> <span class='ocrx_word' id='word_1_651' title='bbox 2866 3724 3167 3789; x_wconf 83' lang='lat' dir='ltr'><strong>Chanaam,</strong></span> <span class='ocrx_word' id='word_1_652' title='bbox 3202 3732 3403 3776; x_wconf 89' lang='lat' dir='ltr'><strong>terram</strong></span> <span class='ocrx_word' id='word_1_653' title='bbox 3435 3714 3587 3788; x_wconf 85' lang='lat' dir='ltr'><strong>pere-</strong></span> 
     </span>
    </p>
   </div>
   <div class='ocr_carea' id='block_1_82' title="bbox 1986 3812 3585 3892">
    <p class='ocr_par' dir='ltr' id='par_1_82' title="bbox 1986 3812 3585 3892">
     <span class='ocr_line' id='line_1_82' title="bbox 1986 3812 3585 3892; baseline -0.008 -17"><span class='ocrx_word' id='word_1_654' title='bbox 1986 3818 2308 3892; x_wconf 87' lang='lat' dir='ltr'><strong>grinationis</strong></span> <span class='ocrx_word' id='word_1_655' title='bbox 2336 3834 2521 3873; x_wconf 90' lang='lat' dir='ltr'><strong>corum</strong></span> <span class='ocrx_word' id='word_1_656' title='bbox 2551 3862 2565 3883; x_wconf 97' lang='lat'><strong>,</strong></span> <span class='ocrx_word' id='word_1_657' title='bbox 2599 3819 2649 3871; x_wconf 90' lang='lat' dir='ltr'><strong>in</strong></span> <span class='ocrx_word' id='word_1_658' title='bbox 2682 3834 2785 3888; x_wconf 85' lang='lat' dir='ltr'><strong>qua</strong></span> <span class='ocrx_word' id='word_1_659' title='bbox 2819 3819 3037 3872; x_wconf 88' lang='lat' dir='ltr'><strong>fuerunt</strong></span> <span class='ocrx_word' id='word_1_660' title='bbox 3066 3814 3307 3869; x_wconf 72' lang='lat' dir='ltr'><strong>advenzc.</strong></span> <span class='ocrx_word' id='word_1_661' title='bbox 3344 3812 3457 3882; x_wconf 83' lang='lat' dir='ltr'><strong>Ego</strong></span> <span class='ocrx_word' id='word_1_662' title='bbox 3492 3818 3585 3863; x_wconf 85' lang='lat' dir='ltr'><strong>au-</strong></span> 
     </span>
    </p>
   </div>
   <div class='ocr_carea' id='block_1_83' title="bbox 1987 3907 3585 3983">
    <p class='ocr_par' dir='ltr' id='par_1_83' title="bbox 1987 3907 3585 3983">
     <span class='ocr_line' id='line_1_83' title="bbox 1987 3907 3585 3983; baseline -0.006 -14"><span class='ocrx_word' id='word_1_663' title='bbox 1987 3914 2097 3969; x_wconf 88' lang='lat' dir='ltr'><strong>divi</strong></span> <span class='ocrx_word' id='word_1_664' title='bbox 2125 3913 2383 3983; x_wconf 88' lang='lat' dir='ltr'><strong>gemitum</strong></span> <span class='ocrx_word' id='word_1_665' title='bbox 2414 3913 2649 3966; x_wconf 88' lang='lat' dir='ltr'><strong>filiormn</strong></span> <span class='ocrx_word' id='word_1_666' title='bbox 2680 3910 2867 3977; x_wconf 89' lang='lat' dir='ltr'><strong>Israel,</strong></span> <span class='ocrx_word' id='word_1_667' title='bbox 2892 3922 3001 3980; x_wconf 87' lang='lat' dir='ltr'><strong>quo</strong></span> <span class='ocrx_word' id='word_1_668' title='bbox 3026 3907 3268 3980; x_wconf 64' lang='lat' dir='ltr'><strong>[Egyptii</strong></span> <span class='ocrx_word' id='word_1_669' title='bbox 3299 3916 3585 3976; x_wconf 80' lang='lat' dir='ltr'><strong>oppresse-</strong></span> 
     </span>
    </p>
   </div>
   <div class='ocr_carea' id='block_1_84' title="bbox 1988 3996 3586 4074">
    <p class='ocr_par' dir='ltr' id='par_1_84' title="bbox 1988 3996 3586 4074">
     <span class='ocr_line' id='line_1_84' title="bbox 1988 3996 3586 4074; baseline -0.008 -11"><span class='ocrx_word' id='word_1_670' title='bbox 1988 4014 2112 4063; x_wconf 86' lang='lat' dir='ltr'><strong>runt</strong></span> <span class='ocrx_word' id='word_1_671' title='bbox 2136 4023 2253 4074; x_wconf 82' lang='lat' dir='ltr'><strong>eos,</strong></span> <span class='ocrx_word' id='word_1_672' title='bbox 2288 4014 2343 4062; x_wconf 89' lang='lat' dir='ltr'><strong>et</strong></span> <span class='ocrx_word' id='word_1_673' title='bbox 2372 4006 2688 4061; x_wconf 89' lang='lat' dir='ltr'><strong>recordatus</strong></span> <span class='ocrx_word' id='word_1_674' title='bbox 2717 4020 2837 4060; x_wconf 91' lang='lat' dir='ltr'><strong>sum</strong></span> <span class='ocrx_word' id='word_1_675' title='bbox 2872 4006 3012 4073; x_wconf 86' lang='lat' dir='ltr'><strong>pacti</strong></span> <span class='ocrx_word' id='word_1_676' title='bbox 3044 4004 3169 4059; x_wconf 90' lang='lat' dir='ltr'><strong>mei.</strong></span> <span class='ocrx_word' id='word_1_677' title='bbox 3203 3996 3328 4057; x_wconf 87' lang='lat' dir='ltr'><strong>Ideo</strong></span> <span class='ocrx_word' id='word_1_678' title='bbox 3350 4001 3437 4055; x_wconf 88' lang='lat' dir='ltr'><strong>die</strong></span> <span class='ocrx_word' id='word_1_679' title='bbox 3462 3998 3586 4053; x_wconf 86' lang='lat' dir='ltr'><strong>ﬁliis</strong></span> 
     </span>
    </p>
   </div>
   <div class='ocr_carea' id='block_1_85' title="bbox 1989 4095 3588 4169">
    <p class='ocr_par' dir='ltr' id='par_1_85' title="bbox 1989 4095 3588 4169">
     <span class='ocr_line' id='line_1_85' title="bbox 1989 4095 3588 4169; baseline -0.006 -13"><span class='ocrx_word' id='word_1_680' title='bbox 1989 4100 2191 4156; x_wconf 87' lang='lat' dir='ltr'><strong>Israel:</strong></span> <span class='ocrx_word' id='word_1_681' title='bbox 2226 4096 2340 4169; x_wconf 86' lang='lat' dir='ltr'><strong>Ego</strong></span> <span class='ocrx_word' id='word_1_682' title='bbox 2384 4100 2659 4167; x_wconf 91' lang='lat' dir='ltr'><strong>Dominus,</strong></span> <span class='ocrx_word' id='word_1_683' title='bbox 2694 4097 2783 4168; x_wconf 88' lang='lat' dir='ltr'><strong>qui</strong></span> <span class='ocrx_word' id='word_1_684' title='bbox 2812 4099 3039 4154; x_wconf 84' lang='lat' dir='ltr'><strong>educam</strong></span> <span class='ocrx_word' id='word_1_685' title='bbox 3070 4110 3171 4151; x_wconf 87' lang='lat' dir='ltr'><strong>vos</strong></span> <span class='ocrx_word' id='word_1_686' title='bbox 3202 4098 3268 4151; x_wconf 88' lang='lat' dir='ltr'><strong>de</strong></span> <span class='ocrx_word' id='word_1_687' title='bbox 3314 4095 3588 4165; x_wconf 84' lang='lat' dir='ltr'><strong>ergastulo</strong></span> 
     </span>
    </p>
   </div>
   <div class='ocr_carea' id='block_1_86' title="bbox 1987 4187 3584 4266">
    <p class='ocr_par' dir='ltr' id='par_1_86' title="bbox 1987 4187 3584 4266">
     <span class='ocr_line' id='line_1_86' title="bbox 1987 4187 3584 4266; baseline -0.008 -16"><span class='ocrx_word' id='word_1_688' title='bbox 1987 4193 2390 4266; x_wconf 63' lang='lat' dir='ltr'><strong>IEgyptiorum,</strong></span> <span class='ocrx_word' id='word_1_689' title='bbox 2423 4203 2479 4249; x_wconf 89' lang='lat' dir='ltr'><strong>et</strong></span> <span class='ocrx_word' id='word_1_690' title='bbox 2509 4204 2697 4247; x_wconf 88' lang='lat' dir='ltr'><strong>eruam</strong></span> <span class='ocrx_word' id='word_1_691' title='bbox 2732 4192 2800 4247; x_wconf 90' lang='lat' dir='ltr'><strong>de</strong></span> <span class='ocrx_word' id='word_1_692' title='bbox 2828 4194 3111 4256; x_wconf 76' lang='lat' dir='ltr'><strong>servitute,</strong></span> <span class='ocrx_word' id='word_1_693' title='bbox 3146 4204 3207 4243; x_wconf 85' lang='lat' dir='ltr'><strong>ac</strong></span> <span class='ocrx_word' id='word_1_694' title='bbox 3237 4188 3499 4244; x_wconf 84' lang='lat' dir='ltr'><strong>redimam</strong></span> <span class='ocrx_word' id='word_1_695' title='bbox 3534 4187 3584 4239; x_wconf 90' lang='lat' dir='ltr'><strong>lu</strong></span> 
     </span>
    </p>
   </div>
   <div class='ocr_carea' id='block_1_87' title="bbox 1991 4280 3587 4355">
    <p class='ocr_par' dir='ltr' id='par_1_87' title="bbox 1991 4280 3587 4355">
     <span class='ocr_line' id='line_1_87' title="bbox 1991 4280 3587 4355; baseline -0.008 -13"><span class='ocrx_word' id='word_1_696' title='bbox 1991 4288 2215 4342; x_wconf 90' lang='lat' dir='ltr'><strong>brachio</strong></span> <span class='ocrx_word' id='word_1_697' title='bbox 2243 4288 2483 4353; x_wconf 84' lang='lat' dir='ltr'><strong>excelso,</strong></span> <span class='ocrx_word' id='word_1_698' title='bbox 2514 4295 2567 4341; x_wconf 89' lang='lat' dir='ltr'><strong>et</strong></span> <span class='ocrx_word' id='word_1_699' title='bbox 2590 4284 2809 4354; x_wconf 87' lang='lat' dir='ltr'><strong>judiciis</strong></span> <span class='ocrx_word' id='word_1_700' title='bbox 2839 4285 3070 4355; x_wconf 83' lang='lat' dir='ltr'><strong>magnis.</strong></span> <span class='ocrx_word' id='word_1_701' title='bbox 3098 4280 3163 4338; x_wconf 86' lang='lat' dir='ltr'><strong>Et</strong></span> <span class='ocrx_word' id='word_1_702' title='bbox 3186 4294 3458 4336; x_wconf 87' lang='lat' dir='ltr'><strong>assumam</strong></span> <span class='ocrx_word' id='word_1_703' title='bbox 3490 4292 3587 4332; x_wconf 81' lang='lat' dir='ltr'><strong>vos</strong></span> 
     </span>
    </p>
   </div>
   <div class='ocr_carea' id='block_1_88' title="bbox 1990 4372 3587 4451">
    <p class='ocr_par' dir='ltr' id='par_1_88' title="bbox 1990 4372 3587 4451">
     <span class='ocr_line' id='line_1_88' title="bbox 1990 4372 3587 4451; baseline -0.008 -14"><span class='ocrx_word' id='word_1_704' title='bbox 1990 4381 2120 4437; x_wconf 87' lang='lat' dir='ltr'><strong>mihi</strong></span> <span class='ocrx_word' id='word_1_705' title='bbox 2151 4382 2201 4435; x_wconf 93' lang='lat' dir='ltr'><strong>in</strong></span> <span class='ocrx_word' id='word_1_706' title='bbox 2229 4381 2510 4451; x_wconf 80' lang='lat' dir='ltr'><strong>populant,</strong></span> <span class='ocrx_word' id='word_1_707' title='bbox 2535 4387 2591 4435; x_wconf 89' lang='lat' dir='ltr'><strong>et</strong></span> <span class='ocrx_word' id='word_1_708' title='bbox 2617 4394 2711 4433; x_wconf 90' lang='lat' dir='ltr'><strong>ero</strong></span> <span class='ocrx_word' id='word_1_709' title='bbox 2737 4388 2917 4433; x_wconf 88' lang='lat' dir='ltr'><strong>vester</strong></span> <span class='ocrx_word' id='word_1_710' title='bbox 2949 4379 3121 4441; x_wconf 88' lang='lat' dir='ltr'><strong>Deus;</strong></span> <span class='ocrx_word' id='word_1_711' title='bbox 3150 4386 3207 4430; x_wconf 90' lang='lat' dir='ltr'><strong>et</strong></span> <span class='ocrx_word' id='word_1_712' title='bbox 3234 4373 3420 4429; x_wconf 88' lang='lat' dir='ltr'><strong>scietis</strong></span> <span class='ocrx_word' id='word_1_713' title='bbox 3443 4372 3587 4443; x_wconf 84' lang='lat' dir='ltr'><strong>quod</strong></span> 
     </span>
    </p>
   </div>
   <div class='ocr_carea' id='block_1_89' title="bbox 1988 4464 3590 4547">
    <p class='ocr_par' dir='ltr' id='par_1_89' title="bbox 1988 4464 3590 4547">
     <span class='ocr_line' id='line_1_89' title="bbox 1988 4464 3590 4547; baseline -0.008 -16"><span class='ocrx_word' id='word_1_714' title='bbox 1988 4491 2089 4547; x_wconf 90' lang='lat' dir='ltr'><strong>ego</strong></span> <span class='ocrx_word' id='word_1_715' title='bbox 2118 4478 2218 4529; x_wconf 92' lang='lat' dir='ltr'><strong>sim</strong></span> <span class='ocrx_word' id='word_1_716' title='bbox 2248 4474 2508 4529; x_wconf 87' lang='lat' dir='ltr'><strong>Dominus</strong></span> <span class='ocrx_word' id='word_1_717' title='bbox 2542 4473 2684 4528; x_wconf 90' lang='lat' dir='ltr'><strong>Deus</strong></span> <span class='ocrx_word' id='word_1_718' title='bbox 2709 4481 2894 4527; x_wconf 88' lang='lat' dir='ltr'><strong>vester</strong></span> <span class='ocrx_word' id='word_1_719' title='bbox 2919 4514 2934 4539; x_wconf 96' lang='lat'><strong>,</strong></span> <span class='ocrx_word' id='word_1_720' title='bbox 2964 4470 3053 4540; x_wconf 88' lang='lat' dir='ltr'><strong>qui</strong></span> <span class='ocrx_word' id='word_1_721' title='bbox 3084 4468 3365 4523; x_wconf 80' lang='lat' dir='ltr'><strong>eduxerim</strong></span> <span class='ocrx_word' id='word_1_722' title='bbox 3396 4480 3493 4518; x_wconf 90' lang='lat' dir='ltr'><strong>vos</strong></span> <span class='ocrx_word' id='word_1_723' title='bbox 3521 4464 3590 4519; x_wconf 90' lang='lat' dir='ltr'><strong>de</strong></span> 
     </span>
    </p>
   </div>
   <div class='ocr_carea' id='block_1_90' title="bbox 1954 4560 3591 4639">
    <p class='ocr_par' dir='ltr' id='par_1_90' title="bbox 1954 4560 3591 4639">
     <span class='ocr_line' id='line_1_90' title="bbox 1954 4560 3591 4639; baseline -0.005 -20"><span class='ocrx_word' id='word_1_724' title='bbox 1954 4608 1961 4615; x_wconf 65' lang='lat'><strong>,</strong></span> <span class='ocrx_word' id='word_1_725' title='bbox 1991 4570 2267 4639; x_wconf 75' lang='lat' dir='ltr'><strong>ergastulo</strong></span> <span class='ocrx_word' id='word_1_726' title='bbox 2304 4567 2699 4639; x_wconf 68' lang='lat' dir='ltr'><strong>Egyptiornm,</strong></span> <span class='ocrx_word' id='word_1_727' title='bbox 2730 4576 2782 4620; x_wconf 87' lang='lat' dir='ltr'><strong>et</strong></span> <span class='ocrx_word' id='word_1_728' title='bbox 2820 4562 3145 4627; x_wconf 27' lang='lat' dir='ltr'><strong>induxerim‘</strong></span> <span class='ocrx_word' id='word_1_729' title='bbox 3168 4561 3220 4614; x_wconf 93' lang='lat' dir='ltr'><strong>in</strong></span> <span class='ocrx_word' id='word_1_730' title='bbox 3252 4570 3473 4621; x_wconf 85' lang='lat' dir='ltr'><strong>terram,</strong></span> <span class='ocrx_word' id='word_1_731' title='bbox 3501 4560 3591 4610; x_wconf 78' lang='lat' dir='ltr'><strong>stt&quot;-</strong></span> 
     </span>
    </p>
   </div>
   <div class='ocr_carea' id='block_1_91' title="bbox 270 4651 3591 4734">
    <p class='ocr_par' dir='ltr' id='par_1_91' title="bbox 270 4651 3591 4734">
     <span class='ocr_line' id='line_1_91' title="bbox 270 4651 3591 4734; baseline -0.002 -25"><span class='ocrx_word' id='word_1_732' title='bbox 270 4654 393 4709; x_wconf 72' lang='lat' dir='ltr'><strong>Non</strong></span> <span class='ocrx_word' id='word_1_733' title='bbox 430 4653 502 4710; x_wconf 90' lang='lat' dir='ltr'><strong>do</strong></span> <span class='ocrx_word' id='word_1_734' title='bbox 531 4655 683 4710; x_wconf 81' lang='lat' dir='ltr'><strong>vobis</strong></span> <span class='ocrx_word' id='word_1_735' title='bbox 708 4657 924 4726; x_wconf 85' lang='lat' dir='ltr'><strong>paleas;</strong></span> <span class='ocrx_word' id='word_1_736' title='bbox 955 4656 1047 4722; x_wconf 89' lang='lat' dir='ltr'><strong>ite,</strong></span> <span class='ocrx_word' id='word_1_737' title='bbox 1081 4666 1135 4711; x_wconf 91' lang='lat' dir='ltr'><strong>et</strong></span> <span class='ocrx_word' id='word_1_738' title='bbox 1164 4655 1407 4727; x_wconf 86' lang='lat' dir='ltr'><strong>colligite</strong></span> <span class='ocrx_word' id='word_1_739' title='bbox 1435 4655 1606 4710; x_wconf 90' lang='lat' dir='ltr'><strong>sicubi</strong></span> <span class='ocrx_word' id='word_1_740' title='bbox 1640 4657 1885 4713; x_wconf 87' lang='lat' dir='ltr'><strong>invenire</strong></span> <span class='ocrx_word' id='word_1_741' title='bbox 1912 4654 1965 4715; x_wconf 93' lang='lat' dir='ltr'><strong>D</strong></span> <span class='ocrx_word' id='word_1_742' title='bbox 1993 4679 2089 4734; x_wconf 89' lang='lat' dir='ltr'><strong>per</strong></span> <span class='ocrx_word' id='word_1_743' title='bbox 2112 4679 2271 4733; x_wconf 90' lang='lat' dir='ltr'><strong>quam</strong></span> <span class='ocrx_word' id='word_1_744' title='bbox 2298 4662 2468 4715; x_wconf 89' lang='lat' dir='ltr'><strong>levavi</strong></span> <span class='ocrx_word' id='word_1_745' title='bbox 2493 4672 2712 4714; x_wconf 79' lang='lat' dir='ltr'><strong>manuni</strong></span> <span class='ocrx_word' id='word_1_746' title='bbox 2742 4672 2938 4722; x_wconf 90' lang='lat' dir='ltr'><strong>meam,</strong></span> <span class='ocrx_word' id='word_1_747' title='bbox 2973 4664 3030 4708; x_wconf 90' lang='lat' dir='ltr'><strong>ut</strong></span> <span class='ocrx_word' id='word_1_748' title='bbox 3050 4656 3234 4708; x_wconf 83' lang='lat' dir='ltr'><strong>dareta</strong></span> <span class='ocrx_word' id='word_1_749' title='bbox 3266 4667 3385 4707; x_wconf 87' lang='lat' dir='ltr'><strong>eam</strong></span> <span class='ocrx_word' id='word_1_750' title='bbox 3417 4651 3591 4706; x_wconf 79' lang='lat' dir='ltr'><strong>Abra-</strong></span> 
     </span>
    </p>
   </div>
   <div class='ocr_carea' id='block_1_92' title="bbox 272 4750 1884 4821">
    <p class='ocr_par' dir='ltr' id='par_1_92' title="bbox 272 4750 1884 4821">
     <span class='ocr_line' id='line_1_92' title="bbox 272 4750 1884 4821; baseline 0.003 -20"><span class='ocrx_word' id='word_1_751' title='bbox 272 4750 555 4820; x_wconf 84' lang='lat' dir='ltr'><strong>poteritis,</strong></span> <span class='ocrx_word' id='word_1_752' title='bbox 594 4764 697 4806; x_wconf 88' lang='lat' dir='ltr'><strong>nec</strong></span> <span class='ocrx_word' id='word_1_753' title='bbox 744 4751 1021 4806; x_wconf 87' lang='lat' dir='ltr'><strong>minuetur</strong></span> <span class='ocrx_word' id='word_1_754' title='bbox 1045 4751 1339 4821; x_wconf 87' lang='lat' dir='ltr'><strong>quidquam</strong></span> <span class='ocrx_word' id='word_1_755' title='bbox 1370 4750 1440 4805; x_wconf 87' lang='lat' dir='ltr'><strong>de</strong></span> <span class='ocrx_word' id='word_1_756' title='bbox 1472 4764 1640 4820; x_wconf 89' lang='lat' dir='ltr'><strong>opere</strong></span> <span class='ocrx_word' id='word_1_757' title='bbox 1682 4759 1884 4806; x_wconf 90' lang='lat' dir='ltr'><strong>vestro.</strong></span> 
     </span>
    </p>
   </div>
   <div class='ocr_carea' id='block_1_93' title="bbox 349 4888 1880 4960">
    <p class='ocr_par' dir='ltr' id='par_1_93' title="bbox 349 4888 1880 4960">
     <span class='ocr_line' id='line_1_93' title="bbox 349 4888 1880 4960; baseline 0.001 -16"><span class='ocrx_word' id='word_1_758' title='bbox 349 4899 374 4925; x_wconf 74' lang='grc'>⁸</span> <span class='ocrx_word' id='word_1_759' title='bbox 402 4888 593 4944; x_wconf 87' lang='lat' dir='ltr'><strong>Cauon</strong></span> <span class='ocrx_word' id='word_1_760' title='bbox 615 4888 750 4944; x_wconf 88' lang='lat' dir='ltr'><strong>Heb.</strong></span> <span class='ocrx_word' id='word_1_761' title='bbox 783 4903 898 4942; x_wconf 88' lang='lat' dir='ltr'><strong>ver.</strong></span> <span class='ocrx_word' id='word_1_762' title='bbox 925 4903 987 4941; x_wconf 92' lang='lat' dir='ltr'><strong>ac</strong></span> <span class='ocrx_word' id='word_1_763' title='bbox 1012 4904 1143 4941; x_wconf 91' lang='lat' dir='ltr'><strong>mss.</strong></span> <span class='ocrx_word' id='word_1_764' title='bbox 1165 4888 1499 4959; x_wconf 88' lang='lat' dir='ltr'><strong>antiquiores</strong></span> <span class='ocrx_word' id='word_1_765' title='bbox 1526 4888 1729 4943; x_wconf 84' lang='lat' dir='ltr'><strong>addqu</strong></span> <span class='ocrx_word' id='word_1_766' title='bbox 1757 4900 1880 4960; x_wconf 90' lang='lat' dir='ltr'><strong>post</strong></span> 
     </span>
    </p>
   </div>
   <div class='ocr_carea' id='block_1_94' title="bbox 273 4960 1879 5033">
    <p class='ocr_par' dir='ltr' id='par_1_94' title="bbox 273 4960 1879 5033">
     <span class='ocr_line' id='line_1_94' title="bbox 273 4960 1879 5033; baseline 0.001 -20"><span class='ocrx_word' id='word_1_767' title='bbox 273 4976 500 5033; x_wconf 84' lang='lat' dir='ltr'><strong>vocem,</strong></span> <span class='ocrx_word' id='word_1_768' title='bbox 532 4963 882 5033; x_wconf 77' lang='lat' dir='ltr'><strong>sanguinum,</strong></span> <span class='ocrx_word' id='word_1_769' title='bbox 913 4969 986 5033; x_wconf 82' lang='lat' dir='ltr'><strong>ut</strong></span> <span class='ocrx_word' id='word_1_770' title='bbox 1027 4962 1080 5013; x_wconf 89' lang='lat' dir='ltr'><strong>in</strong></span> <span class='ocrx_word' id='word_1_771' title='bbox 1121 4960 1448 5033; x_wconf 67' lang='lat' dir='ltr'><strong>praecedenti</strong></span> <span class='ocrx_word' id='word_1_772' title='bbox 1490 4960 1786 5033; x_wconf 79' lang='lat' dir='ltr'><strong>versiculo,</strong></span> <span class='ocrx_word' id='word_1_773' title='bbox 1824 4971 1879 5015; x_wconf 85' lang='lat' dir='ltr'><strong>tu</strong></span> 
     </span>
    </p>
   </div>
   <div class='ocr_carea' id='block_1_95' title="bbox 274 5030 1882 5099">
    <p class='ocr_par' dir='ltr' id='par_1_95' title="bbox 274 5030 1882 5099">
     <span class='ocr_line' id='line_1_95' title="bbox 274 5030 1882 5099; baseline 0.002 -14"><span class='ocrx_word' id='word_1_774' title='bbox 274 5031 408 5085; x_wconf 78' lang='lat' dir='ltr'><strong>mihi</strong></span> <span class='ocrx_word' id='word_1_775' title='bbox 438 5049 512 5085; x_wconf 79' lang='lat' dir='ltr'><strong>es.</strong></span> <span class='ocrx_word' id='word_1_776' title='bbox 547 5030 655 5087; x_wconf 84' lang='lat' dir='ltr'><strong>Sed</strong></span> <span class='ocrx_word' id='word_1_777' title='bbox 684 5032 882 5085; x_wconf 85' lang='lat' dir='ltr'><strong>absunt</strong></span> <span class='ocrx_word' id='word_1_778' title='bbox 910 5031 1024 5085; x_wconf 73' lang='lat' dir='ltr'><strong>lucc</strong></span> <span class='ocrx_word' id='word_1_779' title='bbox 1053 5032 1215 5085; x_wconf 88' lang='lat' dir='ltr'><strong>verba</strong></span> <span class='ocrx_word' id='word_1_780' title='bbox 1241 5032 1292 5084; x_wconf 90' lang='lat' dir='ltr'><strong>in</strong></span> <span class='ocrx_word' id='word_1_781' title='bbox 1326 5030 1473 5085; x_wconf 77' lang='lat' dir='ltr'><strong>fonte</strong></span> <span class='ocrx_word' id='word_1_782' title='bbox 1506 5031 1793 5099; x_wconf 84' lang='lat' dir='ltr'><strong>liebraico,</strong></span> <span class='ocrx_word' id='word_1_783' title='bbox 1826 5044 1882 5089; x_wconf 90' lang='lat' dir='ltr'><strong>et</strong></span> 
     </span>
    </p>
   </div>
   <div class='ocr_carea' id='block_1_96' title="bbox 276 5101 1880 5159">
    <p class='ocr_par' dir='ltr' id='par_1_96' title="bbox 276 5101 1880 5159">
     <span class='ocr_line' id='line_1_96' title="bbox 276 5101 1880 5159; baseline 0 -1"><span class='ocrx_word' id='word_1_784' title='bbox 276 5104 619 5159; x_wconf 88' lang='lat' dir='ltr'><strong>notariorum</strong></span> <span class='ocrx_word' id='word_1_785' title='bbox 667 5104 873 5157; x_wconf 91' lang='lat' dir='ltr'><strong>incuria</strong></span> <span class='ocrx_word' id='word_1_786' title='bbox 904 5102 955 5156; x_wconf 88' lang='lat' dir='ltr'><strong>in</strong></span> <span class='ocrx_word' id='word_1_787' title='bbox 988 5112 1117 5157; x_wconf 83' lang='lat' dir='ltr'><strong>mss.</strong></span> <span class='ocrx_word' id='word_1_788' title='bbox 1160 5103 1327 5157; x_wconf 89' lang='lat' dir='ltr'><strong>libros</strong></span> <span class='ocrx_word' id='word_1_789' title='bbox 1369 5101 1596 5157; x_wconf 83' lang='lat' dir='ltr'><strong>ﬂuxisse</strong></span> <span class='ocrx_word' id='word_1_790' title='bbox 1640 5114 1745 5157; x_wconf 87' lang='lat' dir='ltr'><strong>non</strong></span> <span class='ocrx_word' id='word_1_791' title='bbox 1778 5106 1880 5158; x_wconf 85' lang='lat' dir='ltr'><strong>du-</strong></span> 
     </span>
    </p>
   </div>
   <div class='ocr_carea' id='block_1_97' title="bbox 278 5175 782 5230">
    <p class='ocr_par' dir='ltr' id='par_1_97' title="bbox 278 5175 782 5230">
     <span class='ocr_line' id='line_1_97' title="bbox 278 5175 782 5230; baseline 0 -2"><span class='ocrx_word' id='word_1_792' title='bbox 278 5176 428 5229; x_wconf 85' lang='lat' dir='ltr'><strong>bium</strong></span> <span class='ocrx_word' id='word_1_793' title='bbox 462 5186 566 5229; x_wconf 89' lang='lat' dir='ltr'><strong>est.</strong></span> <span class='ocrx_word' id='word_1_794' title='bbox 602 5175 782 5230; x_wconf 75' lang='grc' dir='ltr'>ΜΑιιτ.</span> 
     </span>
    </p>
   </div>
   <div class='ocr_carea' id='block_1_98' title="bbox 350 5245 1875 5315">
    <p class='ocr_par' dir='ltr' id='par_1_98' title="bbox 350 5245 1875 5315">
     <span class='ocr_line' id='line_1_98' title="bbox 350 5245 1875 5315; baseline 0.002 -13"><span class='ocrx_word' id='word_1_795' title='bbox 350 5276 425 5287; x_wconf 90' lang='grc'><strong>-</strong></span> <span class='ocrx_word' id='word_1_796' title='bbox 447 5247 619 5302; x_wconf 83' lang='lat' dir='ltr'><strong>Addit</strong></span> <span class='ocrx_word' id='word_1_797' title='bbox 646 5246 819 5300; x_wconf 89' lang='lat' dir='ltr'><strong>Palat.</strong></span> <span class='ocrx_word' id='word_1_798' title='bbox 856 5260 956 5298; x_wconf 89' lang='lat' dir='ltr'><strong>ms.</strong></span> <span class='ocrx_word' id='word_1_799' title='bbox 992 5246 1284 5315; x_wconf 87' lang='lat' dir='ltr'><strong>pluresque</strong></span> <span class='ocrx_word' id='word_1_800' title='bbox 1307 5245 1393 5297; x_wconf 89' lang='lat' dir='ltr'><strong>alii</strong></span> <span class='ocrx_word' id='word_1_801' title='bbox 1426 5258 1591 5309; x_wconf 86' lang='lat' dir='ltr'><strong>penes</strong></span> <span class='ocrx_word' id='word_1_802' title='bbox 1621 5246 1875 5305; x_wconf 75' lang='lat' dir='ltr'><strong>Martia&quot;.</strong></span> 
     </span>
    </p>
   </div>
   <div class='ocr_carea' id='block_1_99' title="bbox 281 5316 1880 5387">
    <p class='ocr_par' dir='ltr' id='par_1_99' title="bbox 281 5316 1880 5387">
     <span class='ocr_line' id='line_1_99' title="bbox 281 5316 1880 5387; baseline 0.002 -16"><span class='ocrx_word' id='word_1_803' title='bbox 281 5320 370 5373; x_wconf 89' lang='lat' dir='ltr'><strong>hic</strong></span> <span class='ocrx_word' id='word_1_804' title='bbox 420 5331 475 5371; x_wconf 90' lang='lat' dir='ltr'><strong>ut</strong></span> <span class='ocrx_word' id='word_1_805' title='bbox 520 5319 574 5372; x_wconf 92' lang='lat' dir='ltr'><strong>in</strong></span> <span class='ocrx_word' id='word_1_806' title='bbox 611 5318 937 5387; x_wconf 66' lang='lat' dir='ltr'><strong>praecedenti</strong></span> <span class='ocrx_word' id='word_1_807' title='bbox 972 5316 1262 5379; x_wconf 86' lang='lat' dir='ltr'><strong>versiculo,</strong></span> <span class='ocrx_word' id='word_1_808' title='bbox 1290 5325 1343 5369; x_wconf 84' lang='lat' dir='ltr'><strong>tu</strong></span> <span class='ocrx_word' id='word_1_809' title='bbox 1371 5316 1497 5369; x_wconf 75' lang='lat' dir='ltr'><strong>mihi</strong></span> <span class='ocrx_word' id='word_1_810' title='bbox 1532 5334 1603 5370; x_wconf 86' lang='lat' dir='ltr'><strong>es.</strong></span> <span class='ocrx_word' id='word_1_811' title='bbox 1647 5317 1725 5372; x_wconf 90' lang='lat' dir='ltr'><strong>Ac</strong></span> <span class='ocrx_word' id='word_1_812' title='bbox 1752 5329 1880 5374; x_wconf 91' lang='lat' dir='ltr'><strong>sunt</strong></span> 
     </span>
    </p>
   </div>
   <div class='ocr_carea' id='block_1_100' title="bbox 278 5388 1880 5459">
    <p class='ocr_par' dir='ltr' id='par_1_100' title="bbox 278 5388 1880 5459">
     <span class='ocr_line' id='line_1_100' title="bbox 278 5388 1880 5459; baseline 0.002 -18"><span class='ocrx_word' id='word_1_813' title='bbox 278 5392 371 5459; x_wconf 88' lang='lat' dir='ltr'><strong>qui</strong></span> <span class='ocrx_word' id='word_1_814' title='bbox 402 5390 591 5454; x_wconf 87' lang='lat' dir='ltr'><strong>velint,</strong></span> <span class='ocrx_word' id='word_1_815' title='bbox 622 5404 684 5443; x_wconf 87' lang='lat' dir='ltr'><strong>ea</strong></span> <span class='ocrx_word' id='word_1_816' title='bbox 714 5391 995 5443; x_wconf 85' lang='lat' dir='ltr'><strong>censuisse</strong></span> <span class='ocrx_word' id='word_1_817' title='bbox 1025 5388 1411 5458; x_wconf 81' lang='lat' dir='ltr'><strong>llieronymutn</strong></span> <span class='ocrx_word' id='word_1_818' title='bbox 1447 5391 1767 5455; x_wconf 84' lang='lat' dir='ltr'><strong>repetenda,</strong></span> <span class='ocrx_word' id='word_1_819' title='bbox 1800 5400 1880 5444; x_wconf 92' lang='lat' dir='ltr'><strong>ta-</strong></span> 
     </span>
    </p>
   </div>
   <div class='ocr_carea' id='block_1_101' title="bbox 281 5458 1584 5530">
    <p class='ocr_par' dir='ltr' id='par_1_101' title="bbox 281 5458 1584 5530">
     <span class='ocr_line' id='line_1_101' title="bbox 281 5458 1584 5530; baseline -0.003 -14"><span class='ocrx_word' id='word_1_820' title='bbox 281 5458 443 5516; x_wconf 88' lang='lat' dir='ltr'><strong>metsi</strong></span> <span class='ocrx_word' id='word_1_821' title='bbox 475 5462 525 5513; x_wconf 92' lang='lat' dir='ltr'><strong>in</strong></span> <span class='ocrx_word' id='word_1_822' title='bbox 563 5460 833 5515; x_wconf 85' lang='lat' dir='ltr'><strong>Hebraieo</strong></span> <span class='ocrx_word' id='word_1_823' title='bbox 862 5459 1156 5530; x_wconf 84' lang='lat' dir='ltr'><strong>archetypo</strong></span> <span class='ocrx_word' id='word_1_824' title='bbox 1178 5458 1584 5514; x_wconf 87' lang='lat' dir='ltr'><strong>desiderentur.</strong></span> 
     </span>
    </p>
   </div>
   <div class='ocr_carea' id='block_1_102' title="bbox 356 5530 1880 5598">
    <p class='ocr_par' dir='ltr' id='par_1_102' title="bbox 356 5530 1880 5598">
     <span class='ocr_line' id='line_1_102' title="bbox 356 5530 1880 5598; baseline 0.001 -10"><span class='ocrx_word' id='word_1_825' title='bbox 356 5534 381 5570; x_wconf 74' lang='grc' dir='ltr'>δ</span> <span class='ocrx_word' id='word_1_826' title='bbox 412 5533 517 5588; x_wconf 87' lang='lat' dir='ltr'><strong>Pro</strong></span> <span class='ocrx_word' id='word_1_827' title='bbox 536 5532 641 5585; x_wconf 87' lang='lat' dir='ltr'><strong>Deo</strong></span> <span class='ocrx_word' id='word_1_828' title='bbox 665 5530 854 5598; x_wconf 82' lang='lat' dir='ltr'><strong>Israel,</strong></span> <span class='ocrx_word' id='word_1_829' title='bbox 883 5532 936 5584; x_wconf 92' lang='lat' dir='ltr'><strong>in</strong></span> <span class='ocrx_word' id='word_1_830' title='bbox 956 5531 1176 5584; x_wconf 81' lang='lat' dir='ltr'><strong>Canone</strong></span> <span class='ocrx_word' id='word_1_831' title='bbox 1202 5532 1370 5584; x_wconf 88' lang='lat' dir='ltr'><strong>tle&#39;ur.</strong></span> <span class='ocrx_word' id='word_1_832' title='bbox 1395 5547 1507 5584; x_wconf 90' lang='lat' dir='ltr'><strong>ver.</strong></span> <span class='ocrx_word' id='word_1_833' title='bbox 1530 5546 1592 5586; x_wconf 91' lang='lat' dir='ltr'><strong>ac</strong></span> <span class='ocrx_word' id='word_1_834' title='bbox 1628 5533 1677 5585; x_wconf 91' lang='lat' dir='ltr'><strong>in</strong></span> <span class='ocrx_word' id='word_1_835' title='bbox 1704 5533 1880 5589; x_wconf 85' lang='lat' dir='ltr'><strong>altero</strong></span> 
     </span>
    </p>
   </div>
   <div class='ocr_carea' id='block_1_103' title="bbox 282 5600 1873 5673">
    <p class='ocr_par' dir='ltr' id='par_1_103' title="bbox 282 5600 1873 5673">
     <span class='ocr_line' id='line_1_103' title="bbox 282 5600 1873 5673; baseline 0.001 -17"><span class='ocrx_word' id='word_1_836' title='bbox 282 5608 505 5673; x_wconf 72' lang='lat' dir='ltr'><strong>optima:</strong></span> <span class='ocrx_word' id='word_1_837' title='bbox 539 5613 681 5658; x_wconf 66' lang='lat' dir='ltr'><strong>inita:</strong></span> <span class='ocrx_word' id='word_1_838' title='bbox 712 5617 815 5655; x_wconf 80' lang='lat' dir='ltr'><strong>ms.</strong></span> <span class='ocrx_word' id='word_1_839' title='bbox 842 5604 1030 5673; x_wconf 87' lang='lat' dir='ltr'><strong>codice</strong></span> <span class='ocrx_word' id='word_1_840' title='bbox 1054 5600 1112 5673; x_wconf 12' lang='lat' dir='ltr'><strong>Si.</strong></span> <span class='ocrx_word' id='word_1_841' title='bbox 1144 5601 1401 5657; x_wconf 79' lang='lat' dir='ltr'><strong>Germani</strong></span> <span class='ocrx_word' id='word_1_842' title='bbox 1431 5616 1461 5655; x_wconf 90' lang='lat' dir='ltr'><strong>a</strong></span> <span class='ocrx_word' id='word_1_843' title='bbox 1496 5603 1693 5667; x_wconf 87' lang='lat' dir='ltr'><strong>Pratis,</strong></span> <span class='ocrx_word' id='word_1_844' title='bbox 1726 5620 1873 5658; x_wconf 89' lang='lat' dir='ltr'><strong>num.</strong></span> 
     </span>
    </p>
   </div>
   <div class='ocr_carea' id='block_1_104' title="bbox 282 5672 1873 5743">
    <p class='ocr_par' dir='ltr' id='par_1_104' title="bbox 282 5672 1873 5743">
     <span class='ocr_line' id='line_1_104' title="bbox 282 5672 1873 5743; baseline -0.001 -12"><span class='ocrx_word' id='word_1_845' title='bbox 282 5672 340 5740; x_wconf 73' lang='lat'><strong>3,</strong></span> <span class='ocrx_word' id='word_1_846' title='bbox 376 5676 572 5737; x_wconf 67' lang='lat' dir='ltr'><strong>legitur</strong></span> <span class='ocrx_word' id='word_1_847' title='bbox 604 5674 855 5728; x_wconf 77' lang='lat' dir='ltr'><strong>Dominus</strong></span> <span class='ocrx_word' id='word_1_848' title='bbox 890 5672 1025 5727; x_wconf 76' lang='lat' dir='ltr'><strong>Deus</strong></span> <span class='ocrx_word' id='word_1_849' title='bbox 1055 5672 1415 5737; x_wconf 71' lang='lat' dir='ltr'><strong>Hebrworum,</strong></span> <span class='ocrx_word' id='word_1_850' title='bbox 1448 5684 1504 5727; x_wconf 91' lang='lat' dir='ltr'><strong>ut</strong></span> <span class='ocrx_word' id='word_1_851' title='bbox 1552 5676 1756 5743; x_wconf 84' lang='lat' dir='ltr'><strong>pluries</strong></span> <span class='ocrx_word' id='word_1_852' title='bbox 1792 5679 1873 5729; x_wconf 60' lang='lat' dir='ltr'><strong>iu.</strong></span> 
     </span>
    </p>
   </div>
   <div class='ocr_carea' id='block_1_105' title="bbox 286 5744 1876 5811">
    <p class='ocr_par' dir='ltr' id='par_1_105' title="bbox 286 5744 1876 5811">
     <span class='ocr_line' id='line_1_105' title="bbox 286 5744 1876 5811; baseline 0 -10"><span class='ocrx_word' id='word_1_853' title='bbox 286 5749 365 5801; x_wconf 82' lang='lat' dir='ltr'><strong>fra</strong></span> <span class='ocrx_word' id='word_1_854' title='bbox 403 5748 601 5803; x_wconf 89' lang='lat' dir='ltr'><strong>dicitur</strong></span> <span class='ocrx_word' id='word_1_855' title='bbox 634 5748 686 5799; x_wconf 92' lang='lat' dir='ltr'><strong>in</strong></span> <span class='ocrx_word' id='word_1_856' title='bbox 736 5755 849 5800; x_wconf 90' lang='lat' dir='ltr'><strong>toto</strong></span> <span class='ocrx_word' id='word_1_857' title='bbox 882 5744 1089 5799; x_wconf 81' lang='lat' dir='ltr'><strong>Exodo.</strong></span> <span class='ocrx_word' id='word_1_858' title='bbox 1126 5746 1177 5799; x_wconf 88' lang='lat' dir='ltr'><strong>Id</strong></span> <span class='ocrx_word' id='word_1_859' title='bbox 1209 5760 1337 5799; x_wconf 88' lang='lat' dir='ltr'><strong>vero</strong></span> <span class='ocrx_word' id='word_1_860' title='bbox 1369 5746 1420 5797; x_wconf 92' lang='lat' dir='ltr'><strong>in</strong></span> <span class='ocrx_word' id='word_1_861' title='bbox 1457 5746 1644 5811; x_wconf 87' lang='lat' dir='ltr'><strong>primis</strong></span> <span class='ocrx_word' id='word_1_862' title='bbox 1686 5758 1876 5801; x_wconf 90' lang='lat' dir='ltr'><strong>notan-</strong></span> 
     </span>
    </p>
   </div>
   <div class='ocr_carea' id='block_1_106' title="bbox 288 5816 1878 5883">
    <p class='ocr_par' dir='ltr' id='par_1_106' title="bbox 288 5816 1878 5883">
     <span class='ocr_line' id='line_1_106' title="bbox 288 5816 1878 5883; baseline 0.002 -14"><span class='ocrx_word' id='word_1_863' title='bbox 288 5820 434 5883; x_wconf 86' lang='lat' dir='ltr'><strong>dum,</strong></span> <span class='ocrx_word' id='word_1_864' title='bbox 470 5821 571 5872; x_wconf 85' lang='lat' dir='ltr'><strong>hoc</strong></span> <span class='ocrx_word' id='word_1_865' title='bbox 602 5820 721 5872; x_wconf 88' lang='lat' dir='ltr'><strong>loco</strong></span> <span class='ocrx_word' id='word_1_866' title='bbox 764 5818 814 5870; x_wconf 90' lang='lat' dir='ltr'><strong>in</strong></span> <span class='ocrx_word' id='word_1_867' title='bbox 842 5832 1051 5872; x_wconf 87' lang='lat' dir='ltr'><strong>canone</strong></span> <span class='ocrx_word' id='word_1_868' title='bbox 1080 5816 1252 5871; x_wconf 87' lang='lat' dir='ltr'><strong>fuisse</strong></span> <span class='ocrx_word' id='word_1_869' title='bbox 1291 5816 1529 5871; x_wconf 91' lang='lat' dir='ltr'><strong>deletum</strong></span> <span class='ocrx_word' id='word_1_870' title='bbox 1565 5834 1763 5873; x_wconf 87' lang='lat' dir='ltr'><strong>nomen</strong></span> <span class='ocrx_word' id='word_1_871' title='bbox 1796 5816 1878 5872; x_wconf 84' lang='lat' dir='ltr'><strong>ls-</strong></span> 
     </span>
    </p>
   </div>
   <div class='ocr_carea' id='block_1_107' title="bbox 290 5886 1878 5965">
    <p class='ocr_par' dir='ltr' id='par_1_107' title="bbox 290 5886 1878 5965">
     <span class='ocr_line' id='line_1_107' title="bbox 290 5886 1878 5965; baseline 0.003 -22"><span class='ocrx_word' id='word_1_872' title='bbox 290 5893 414 5960; x_wconf 81' lang='lat' dir='ltr'><strong>rael,</strong></span> <span class='ocrx_word' id='word_1_873' title='bbox 448 5900 505 5950; x_wconf 86' lang='lat' dir='ltr'><strong>et</strong></span> <span class='ocrx_word' id='word_1_874' title='bbox 532 5906 631 5965; x_wconf 85' lang='lat' dir='ltr'><strong>pro</strong></span> <span class='ocrx_word' id='word_1_875' title='bbox 660 5908 725 5948; x_wconf 87' lang='lat' dir='ltr'><strong>eo</strong></span> <span class='ocrx_word' id='word_1_876' title='bbox 754 5891 1062 5963; x_wconf 82' lang='lat' dir='ltr'><strong>appositum</strong></span> <span class='ocrx_word' id='word_1_877' title='bbox 1105 5890 1329 5947; x_wconf 71' lang='lat' dir='ltr'><strong>veritum</strong></span> <span class='ocrx_word' id='word_1_878' title='bbox 1372 5886 1712 5959; x_wconf 73' lang='lat' dir='ltr'><strong>Hebrtrorum</strong></span> <span class='ocrx_word' id='word_1_879' title='bbox 1754 5906 1878 5947; x_wconf 86' lang='lat' dir='ltr'><strong>cum</strong></span> 
     </span>
    </p>
   </div>
   <div class='ocr_carea' id='block_1_108' title="bbox 1995 4742 3593 4819">
    <p class='ocr_par' dir='ltr' id='par_1_108' title="bbox 1995 4742 3593 4819">
     <span class='ocr_line' id='line_1_108' title="bbox 1995 4742 3593 4819; baseline -0.01 -9"><span class='ocrx_word' id='word_1_880' title='bbox 1995 4757 2141 4819; x_wconf 90' lang='lat' dir='ltr'><strong>ham,</strong></span> <span class='ocrx_word' id='word_1_881' title='bbox 2176 4754 2343 4819; x_wconf 85' lang='lat' dir='ltr'><strong>isaac,</strong></span> <span class='ocrx_word' id='word_1_882' title='bbox 2376 4748 2429 4807; x_wconf 81' lang='lat' dir='ltr'><strong>et</strong></span> <span class='ocrx_word' id='word_1_883' title='bbox 2456 4751 2646 4813; x_wconf 84' lang='lat' dir='ltr'><strong>Jacob,</strong></span> <span class='ocrx_word' id='word_1_884' title='bbox 2677 4750 2927 4817; x_wconf 87' lang='lat' dir='ltr'><strong>daboqne</strong></span> <span class='ocrx_word' id='word_1_885' title='bbox 2956 4747 3101 4800; x_wconf 90' lang='lat' dir='ltr'><strong>illam</strong></span> <span class='ocrx_word' id='word_1_886' title='bbox 3127 4744 3284 4799; x_wconf 80' lang='lat' dir='ltr'><strong>vdbls</strong></span> <span class='ocrx_word' id='word_1_887' title='bbox 3308 4742 3593 4813; x_wconf 81' lang='lat' dir='ltr'><strong>possiden-</strong></span> 
     </span>
    </p>
   </div>
   <div class='ocr_carea' id='block_1_109' title="bbox 2810 4881 3585 4939">
    <p class='ocr_par' dir='ltr' id='par_1_109' title="bbox 2810 4881 3585 4939">
     <span class='ocr_line' id='line_1_109' title="bbox 2810 4881 3585 4939; baseline -0.003 -2"><span class='ocrx_word' id='word_1_888' title='bbox 2810 4901 2877 4939; x_wconf 89' lang='lat' dir='ltr'><strong>uo</strong></span> <span class='ocrx_word' id='word_1_889' title='bbox 2907 4884 3113 4939; x_wconf 81' lang='lat' dir='ltr'><strong>docere</strong></span> <span class='ocrx_word' id='word_1_890' title='bbox 3171 4896 3270 4935; x_wconf 87' lang='lat' dir='ltr'><strong>nos</strong></span> <span class='ocrx_word' id='word_1_891' title='bbox 3297 4881 3470 4935; x_wconf 81' lang='lat' dir='ltr'><strong>voluit</strong></span> <span class='ocrx_word' id='word_1_892' title='bbox 3513 4882 3585 4935; x_wconf 81' lang='lat' dir='ltr'><strong>ita</strong></span> 
     </span>
    </p>
   </div>
   <div class='ocr_carea' id='block_1_110' title="bbox 1986 4888 2736 4960">
    <p class='ocr_par' dir='ltr' id='par_1_110' title="bbox 1986 4888 2736 4960">
     <span class='ocr_line' id='line_1_110' title="bbox 1986 4888 2736 4960; baseline -0.009 -14"><span class='ocrx_word' id='word_1_893' title='bbox 1986 4891 2093 4946; x_wconf 78' lang='lat' dir='ltr'><strong>isto</strong></span> <span class='ocrx_word' id='word_1_894' title='bbox 2131 4892 2283 4960; x_wconf 86' lang='lat' dir='ltr'><strong>signo</strong></span> <span class='ocrx_word' id='word_1_895' title='bbox 2312 4890 2344 4941; x_wconf 84' lang='grc' dir='ltr'>Ιι</span> <span class='ocrx_word' id='word_1_896' title='bbox 2372 4889 2423 4942; x_wconf 87' lang='grc' dir='ltr'><strong>ἱη</strong></span> <span class='ocrx_word' id='word_1_897' title='bbox 2474 4888 2736 4960; x_wconf 81' lang='lat' dir='ltr'><strong>margine,</strong></span> 
     </span>
    </p>
   </div>
   <div class='ocr_carea' id='block_1_111' title="bbox 2833 4952 3587 5023">
    <p class='ocr_par' dir='ltr' id='par_1_111' title="bbox 2833 4952 3587 5023">
     <span class='ocr_line' id='line_1_111' title="bbox 2833 4952 3587 5023; baseline -0.008 -12"><span class='ocrx_word' id='word_1_898' title='bbox 2833 4963 2971 5011; x_wconf 86' lang='lat' dir='ltr'><strong>estat</strong></span> <span class='ocrx_word' id='word_1_899' title='bbox 2998 4956 3158 5023; x_wconf 80' lang='lat' dir='ltr'><strong>igitur</strong></span> <span class='ocrx_word' id='word_1_900' title='bbox 3179 4969 3242 5008; x_wconf 85' lang='lat' dir='ltr'><strong>ex</strong></span> <span class='ocrx_word' id='word_1_901' title='bbox 3277 4952 3377 5007; x_wconf 86' lang='lat' dir='ltr'><strong>hac</strong></span> <span class='ocrx_word' id='word_1_902' title='bbox 3400 4954 3587 5006; x_wconf 87' lang='lat' dir='ltr'><strong>obser-</strong></span> 
     </span>
    </p>
   </div>
   <div class='ocr_carea' id='block_1_112' title="bbox 1986 4959 3499 5034">
    <p class='ocr_par' dir='ltr' id='par_1_112' title="bbox 1986 4959 3499 5034">
     <span class='ocr_line' id='line_1_112' title="bbox 1986 4959 3499 5034; baseline -0.009 -16"><span class='ocrx_word' id='word_1_903' title='bbox 1986 4964 2248 5031; x_wconf 88' lang='lat' dir='ltr'><strong>scriptnm</strong></span> <span class='ocrx_word' id='word_1_904' title='bbox 2285 4959 2387 5034; x_wconf 83' lang='lat' dir='ltr'><strong>legi</strong></span> <span class='ocrx_word' id='word_1_905' title='bbox 2417 4960 2476 5034; x_wconf 79' lang='lat' dir='ltr'><strong>in</strong></span> <span class='ocrx_word' id='word_1_906' title='bbox 2512 4959 2759 5034; x_wconf 63' lang='lat' dir='ltr'><strong>IIem-reo.</strong></span> <span class='ocrx_word' id='word_1_907' title='bbox 2785 4959 2971 5011; x_wconf 80' lang='lat' dir='ltr'><strong>Restat</strong></span> <span class='ocrx_word' id='word_1_908' title='bbox 2998 4959 3242 5034; x_wconf 73' lang='lat' dir='ltr'><strong>igiturex</strong></span> <span class='ocrx_word' id='word_1_909' title='bbox 3278 4959 3499 5034; x_wconf 77' lang='lat' dir='ltr'><strong>h_a_c_obs</strong></span> 
     </span>
    </p>
   </div>
   <div class='ocr_carea' id='block_1_113' title="bbox 1993 5024 3588 5101">
    <p class='ocr_par' dir='ltr' id='par_1_113' title="bbox 1993 5024 3588 5101">
     <span class='ocr_line' id='line_1_113' title="bbox 1993 5024 3588 5101; baseline -0.005 -14"><span class='ocrx_word' id='word_1_910' title='bbox 1993 5024 2245 5096; x_wconf 82' lang='lat' dir='ltr'><strong>vatione,</strong></span> <span class='ocrx_word' id='word_1_911' title='bbox 2295 5024 2363 5085; x_wconf 72' lang='lat' dir='ltr'><strong>itf</strong></span> <span class='ocrx_word' id='word_1_912' title='bbox 2380 5032 2587 5101; x_wconf 88' lang='lat' dir='ltr'><strong>aliquot</strong></span> <span class='ocrx_word' id='word_1_913' title='bbox 2626 5029 2819 5101; x_wconf 85' lang='lat' dir='ltr'><strong>saltem</strong></span> <span class='ocrx_word' id='word_1_914' title='bbox 2852 5026 3259 5101; x_wconf 70' lang='lat' dir='ltr'><strong>exemplaribus</strong></span> <span class='ocrx_word' id='word_1_915' title='bbox 3307 5024 3588 5079; x_wconf 85' lang='lat' dir='ltr'><strong>Hebraicis</strong></span> 
     </span>
    </p>
   </div>
   <div class='ocr_carea' id='block_1_114' title="bbox 1988 5097 3585 5174">
    <p class='ocr_par' dir='ltr' id='par_1_114' title="bbox 1988 5097 3585 5174">
     <span class='ocr_line' id='line_1_114' title="bbox 1988 5097 3585 5174; baseline -0.006 -15"><span class='ocrx_word' id='word_1_916' title='bbox 1988 5106 2116 5159; x_wconf 89' lang='lat' dir='ltr'><strong>olim</strong></span> <span class='ocrx_word' id='word_1_917' title='bbox 2143 5106 2400 5174; x_wconf 71' lang='lat' dir='ltr'><strong>scripturn</strong></span> <span class='ocrx_word' id='word_1_918' title='bbox 2426 5121 2433 5153; x_wconf 94' lang='lat'>:</span> <span class='ocrx_word' id='word_1_919' title='bbox 2473 5097 2736 5154; x_wconf 58' lang='lat' dir='ltr'><strong>&#39;Donn&#39;nus</strong></span> <span class='ocrx_word' id='word_1_920' title='bbox 2774 5100 2913 5174; x_wconf 79' lang='lat' dir='ltr'><strong>Deus</strong></span> <span class='ocrx_word' id='word_1_921' title='bbox 2944 5097 3289 5174; x_wconf 73' lang='lat' dir='ltr'><strong>Hrbra&#39;orum</strong></span> <span class='ocrx_word' id='word_1_922' title='bbox 3317 5112 3337 5174; x_wconf 84' lang='lat'><strong><em>_:</em></strong></span> <span class='ocrx_word' id='word_1_923' title='bbox 3366 5104 3585 5150; x_wconf 85' lang='lat' dir='ltr'><strong>contra-</strong></span> 
     </span>
    </p>
   </div>
   <div class='ocr_carea' id='block_1_115' title="bbox 1989 5170 3588 5233">
    <p class='ocr_par' dir='ltr' id='par_1_115' title="bbox 1989 5170 3588 5233">
     <span class='ocr_line' id='line_1_115' title="bbox 1989 5170 3588 5233; baseline -0.008 -2"><span class='ocrx_word' id='word_1_924' title='bbox 1989 5178 2130 5232; x_wconf 89' lang='lat' dir='ltr'><strong>rium</strong></span> <span class='ocrx_word' id='word_1_925' title='bbox 2159 5170 2336 5229; x_wconf 73' lang='lat' dir='ltr'><strong>tanien</strong></span> <span class='ocrx_word' id='word_1_926' title='bbox 2363 5174 2651 5227; x_wconf 86' lang='lat' dir='ltr'><strong>manifeste</strong></span> <span class='ocrx_word' id='word_1_927' title='bbox 2673 5171 2861 5227; x_wconf 88' lang='lat' dir='ltr'><strong>suadet</strong></span> <span class='ocrx_word' id='word_1_928' title='bbox 2889 5185 3025 5223; x_wconf 81' lang='lat' dir='ltr'><strong>unus</strong></span> <span class='ocrx_word' id='word_1_929' title='bbox 3049 5170 3289 5222; x_wconf 91' lang='lat' dir='ltr'><strong>omnium</strong></span> <span class='ocrx_word' id='word_1_930' title='bbox 3316 5170 3588 5233; x_wconf 76' lang='lat' dir='ltr'><strong>interpres</strong></span> 
     </span>
    </p>
   </div>
   <div class='ocr_carea' id='block_1_116' title="bbox 1993 5239 3586 5303">
    <p class='ocr_par' dir='ltr' id='par_1_116' title="bbox 1993 5239 3586 5303">
     <span class='ocr_line' id='line_1_116' title="bbox 1993 5239 3586 5303; baseline -0.008 0"><span class='ocrx_word' id='word_1_931' title='bbox 1993 5261 2103 5303; x_wconf 90' lang='lat' dir='ltr'><strong>tum</strong></span> <span class='ocrx_word' id='word_1_932' title='bbox 2134 5264 2255 5302; x_wconf 86' lang='lat' dir='ltr'><strong>cum</strong></span> <span class='ocrx_word' id='word_1_933' title='bbox 2287 5245 2551 5300; x_wconf 84' lang='lat' dir='ltr'><strong>hodierno</strong></span> <span class='ocrx_word' id='word_1_934' title='bbox 2574 5242 2802 5299; x_wconf 64' lang='lat' dir='ltr'><strong>Hebraeo</strong></span> <span class='ocrx_word' id='word_1_935' title='bbox 2832 5254 3167 5301; x_wconf 82' lang='lat' dir='ltr'><strong>consensus:</strong></span> <span class='ocrx_word' id='word_1_936' title='bbox 3204 5254 3411 5294; x_wconf 85' lang='lat' dir='ltr'><strong>necnon</strong></span> <span class='ocrx_word' id='word_1_937' title='bbox 3446 5239 3586 5292; x_wconf 77' lang='lat' dir='ltr'><strong>Plia-</strong></span> 
     </span>
    </p>
   </div>
   <div class='ocr_carea' id='block_1_117' title="bbox 1984 5310 3589 5387">
    <p class='ocr_par' dir='ltr' id='par_1_117' title="bbox 1984 5310 3589 5387">
     <span class='ocr_line' id='line_1_117' title="bbox 1984 5310 3589 5387; baseline -0.007 -12"><span class='ocrx_word' id='word_1_938' title='bbox 1984 5319 2170 5375; x_wconf 83' lang='lat' dir='ltr'><strong>raonis</strong></span> <span class='ocrx_word' id='word_1_939' title='bbox 2222 5319 2505 5387; x_wconf 61' lang='lat' dir='ltr'><strong>responsio</strong></span> <span class='ocrx_word' id='word_1_940' title='bbox 2546 5316 2790 5387; x_wconf 82' lang='lat' dir='ltr'><strong>subnexa</strong></span> <span class='ocrx_word' id='word_1_941' title='bbox 2843 5332 2857 5387; x_wconf 13' lang='lat'><strong>:7</strong></span> <span class='ocrx_word' id='word_1_942' title='bbox 2889 5312 3105 5387; x_wconf 61' lang='grc' dir='ltr'><strong>ΔΝεδεὶο</strong></span> <span class='ocrx_word' id='word_1_943' title='bbox 3164 5310 3485 5387; x_wconf 72' lang='lat' dir='ltr'><strong>Dominum.</strong></span> <span class='ocrx_word' id='word_1_944' title='bbox 3542 5321 3589 5364; x_wconf 83' lang='lat' dir='ltr'><strong>et</strong></span> 
     </span>
    </p>
   </div>
   <div class='ocr_carea' id='block_1_118' title="bbox 1986 5382 3510 5505">
    <p class='ocr_par' dir='ltr' id='par_1_118' title="bbox 1986 5382 3510 5505">
     <span class='ocr_line' id='line_1_118' title="bbox 1986 5382 3510 5505; baseline -0.009 -59"><span class='ocrx_word' id='word_1_945' title='bbox 1986 5392 2155 5446; x_wconf 77' lang='lat' dir='ltr'><strong>Israel</strong></span> <span class='ocrx_word' id='word_1_946' title='bbox 2182 5404 2283 5444; x_wconf 83' lang='lat' dir='ltr'><strong>non</strong></span> <span class='ocrx_word' id='word_1_947' title='bbox 2309 5382 2587 5443; x_wconf 70' lang='lat' dir='ltr'><strong>dimittant.</strong></span> <span class='ocrx_word' id='word_1_948' title='bbox 2631 5385 2816 5456; x_wconf 88' lang='lat' dir='ltr'><strong>Itaque</strong></span> <span class='ocrx_word' id='word_1_949' title='bbox 2850 5384 2935 5440; x_wconf 83' lang='lat' dir='ltr'><strong>hic</strong></span> <span class='ocrx_word' id='word_1_950' title='bbox 2978 5398 3273 5453; x_wconf 87' lang='lat' dir='ltr'><strong>suspensus</strong></span> <span class='ocrx_word' id='word_1_951' title='bbox 3304 5382 3510 5505; x_wconf 53' lang='lat' dir='ltr'><strong>IIﬁtl‘CO.</strong></span> 
     </span>
     <span class='ocr_line' id='line_1_119' title="bbox 3382 5468 3510 5505; baseline -0.016 0"><span class='ocrx_word' id='word_1_952' title='bbox 3382 5468 3510 5505; x_wconf 79' lang='lat' dir='ltr'><strong>ART.</strong></span> 
     </span>
    </p>
   </div>
   <div class='ocr_carea' id='block_1_119' title="bbox 3382 5468 3511 5507">
    <p class='ocr_par' dir='ltr' id='par_1_119' title="bbox 3382 5468 3511 5507">
     <span class='ocr_line' id='line_1_120' title="bbox 3382 5468 3511 5507; baseline -0.031 0"><span class='ocrx_word' id='word_1_953' title='bbox 3382 5468 3511 5507; x_wconf 75' lang='grc' dir='ltr'><strong>ΛΒΤ.</strong></span> 
     </span>
    </p>
   </div>
   <div class='ocr_carea' id='block_1_120' title="bbox 2052 5522 3588 5603">
    <p class='ocr_par' dir='ltr' id='par_1_120' title="bbox 2052 5522 3588 5603">
     <span class='ocr_line' id='line_1_121' title="bbox 2052 5522 3588 5603; baseline -0.01 -15"><span class='ocrx_word' id='word_1_954' title='bbox 2052 5546 2081 5573; x_wconf 78' lang='grc' dir='ltr'><strong>-ε</strong></span> <span class='ocrx_word' id='word_1_955' title='bbox 2124 5533 2180 5588; x_wconf 83' lang='grc' dir='ltr'><strong>1η</strong></span> <span class='ocrx_word' id='word_1_956' title='bbox 2215 5532 2462 5603; x_wconf 86' lang='lat' dir='ltr'><strong>pluribus</strong></span> <span class='ocrx_word' id='word_1_957' title='bbox 2493 5546 2625 5587; x_wconf 89' lang='lat' dir='ltr'><strong>mss.</strong></span> <span class='ocrx_word' id='word_1_958' title='bbox 2658 5529 2935 5585; x_wconf 84' lang='lat' dir='ltr'><strong>codicibus</strong></span> <span class='ocrx_word' id='word_1_959' title='bbox 2960 5524 3461 5603; x_wconf 43' lang='lat' dir='ltr'><strong>scripttttnﬂest,_si</strong></span> <span class='ocrx_word' id='word_1_960' title='bbox 3490 5522 3588 5603; x_wconf 36' lang='lat' dir='ltr'><strong>de:-</strong></span> 
     </span>
    </p>
   </div>
   <div class='ocr_carea' id='block_1_121' title="bbox 1984 5595 3587 5661">
    <p class='ocr_par' dir='ltr' id='par_1_121' title="bbox 1984 5595 3587 5661">
     <span class='ocr_line' id='line_1_122' title="bbox 1984 5595 3587 5661; baseline -0.009 -1"><span class='ocrx_word' id='word_1_961' title='bbox 1984 5595 2237 5660; x_wconf 64' lang='lat' dir='ltr'><strong>derimus&#39;.</strong></span> <span class='ocrx_word' id='word_1_962' title='bbox 2286 5605 2394 5658; x_wconf 92' lang='lat' dir='ltr'><strong>lloc</strong></span> <span class='ocrx_word' id='word_1_963' title='bbox 2421 5616 2551 5657; x_wconf 82' lang='lat' dir='ltr'><strong>vero</strong></span> <span class='ocrx_word' id='word_1_964' title='bbox 2584 5610 2885 5658; x_wconf 87' lang='lat' dir='ltr'><strong>mutuatum</strong></span> <span class='ocrx_word' id='word_1_965' title='bbox 2916 5595 3135 5654; x_wconf 83' lang='lat' dir='ltr'><strong>videtur</strong></span> <span class='ocrx_word' id='word_1_966' title='bbox 3165 5614 3191 5649; x_wconf 91' lang='lat' dir='ltr'><strong>a</strong></span> <span class='ocrx_word' id='word_1_967' title='bbox 3226 5595 3457 5657; x_wconf 86' lang='lat' dir='ltr'><strong>Graecis,</strong></span> <span class='ocrx_word' id='word_1_968' title='bbox 3490 5595 3587 5661; x_wconf 91' lang='lat' dir='ltr'><strong>qui</strong></span> 
     </span>
    </p>
   </div>
   <div class='ocr_carea' id='block_1_122' title="bbox 1986 5667 3586 5747">
    <p class='ocr_par' dir='ltr' id='par_1_122' title="bbox 1986 5667 3586 5747">
     <span class='ocr_line' id='line_1_123' title="bbox 1986 5667 3586 5747; baseline -0.01 -15"><span class='ocrx_word' id='word_1_969' title='bbox 1986 5680 2169 5745; x_wconf 83' lang='lat' dir='ltr'><strong>legunt</strong></span> <span class='ocrx_word' id='word_1_970' title='bbox 2205 5680 2253 5729; x_wconf 93' lang='lat' dir='ltr'><strong>in</strong></span> <span class='ocrx_word' id='word_1_971' title='bbox 2292 5678 2459 5746; x_wconf 90' lang='lat' dir='ltr'><strong>prima</strong></span> <span class='ocrx_word' id='word_1_972' title='bbox 2489 5690 2745 5747; x_wconf 83' lang='lat' dir='ltr'><strong>persona,</strong></span> <span class='ocrx_word' id='word_1_973' title='bbox 2784 5667 3311 5747; x_wconf 62' lang='lat' dir='ltr'><strong>zarotrrattiamttev_,_id</strong></span> <span class='ocrx_word' id='word_1_974' title='bbox 3334 5676 3440 5730; x_wconf 91' lang='lat' dir='ltr'><strong>est,</strong></span> <span class='ocrx_word' id='word_1_975' title='bbox 3470 5681 3586 5717; x_wconf 78' lang='lat' dir='ltr'><strong>crs-</strong></span> 
     </span>
    </p>
   </div>
   <div class='ocr_carea' id='block_1_123' title="bbox 1987 5739 3384 5818">
    <p class='ocr_par' dir='ltr' id='par_1_123' title="bbox 1987 5739 3384 5818">
     <span class='ocr_line' id='line_1_124' title="bbox 1987 5739 3384 5818; baseline -0.009 -15"><span class='ocrx_word' id='word_1_976' title='bbox 1987 5739 2237 5803; x_wconf 67' lang='lat' dir='ltr'><strong>sationem</strong></span> <span class='ocrx_word' id='word_1_977' title='bbox 2267 5739 2465 5812; x_wconf 74' lang='lat' dir='ltr'><strong>demus,</strong></span> <span class='ocrx_word' id='word_1_978' title='bbox 2490 5739 2577 5801; x_wconf 55' lang='lat' dir='ltr'><strong>&#39;vel</strong></span> <span class='ocrx_word' id='word_1_979' title='bbox 2612 5749 2869 5818; x_wconf 80' lang='lat' dir='ltr'><strong>quiescere</strong></span> <span class='ocrx_word' id='word_1_980' title='bbox 2893 5739 3164 5818; x_wconf 65' lang='lat' dir='ltr'><strong>faciamus.</strong></span> <span class='ocrx_word' id='word_1_981' title='bbox 3199 5739 3384 5795; x_wconf 76' lang='lat' dir='ltr'><strong>MART.</strong></span> 
     </span>
    </p>
   </div>
   <div class='ocr_carea' id='block_1_124' title="bbox 2058 5816 3076 5886">
    <p class='ocr_par' dir='ltr' id='par_1_124' title="bbox 2058 5816 3076 5886">
     <span class='ocr_line' id='line_1_125' title="bbox 2058 5816 3076 5886; baseline -0.009 -10"><span class='ocrx_word' id='word_1_982' title='bbox 2058 5820 2187 5876; x_wconf 88' lang='lat' dir='ltr'><strong>——-lu</strong></span> <span class='ocrx_word' id='word_1_983' title='bbox 2219 5820 2446 5875; x_wconf 84' lang='lat' dir='ltr'><strong>Palatio.</strong></span> <span class='ocrx_word' id='word_1_984' title='bbox 2476 5816 2632 5886; x_wconf 72' lang='lat' dir='ltr'><strong>mss.,</strong></span> <span class='ocrx_word' id='word_1_985' title='bbox 2661 5818 2704 5873; x_wconf 82' lang='lat' dir='ltr'><strong>si</strong></span> <span class='ocrx_word' id='word_1_986' title='bbox 2728 5816 2976 5872; x_wconf 72' lang='lat' dir='ltr'><strong>dederitis</strong></span> <span class='ocrx_word' id='word_1_987' title='bbox 3008 5816 3076 5867; x_wconf 78' lang='lat' dir='ltr'><strong>ei.</strong></span> 
     </span>
    </p>
   </div>
  </div>
