3912 6348
435 292 587 364 2477

1436 285 1495 341 S.
1539 280 1921 340 IIIERONYMI
1963 278 2194 338 DIVINA
2233 275 2710 336 BIBLIOTIIECA.

3596 281 3696 341 9.18

436 406 586 472 dam,
624 418 726 476 ego
772 403 1054 460 Dominus.
1093 401 1181 474 ['l‘.
1236 397 1350 470 lV.]
1397 395 1651 453 Narravit
1687 409 1817 466 ergo
1857 393 2034 450 Moses
2063 397 2117 457 Α
2140 393 2398 450 constitui
2435 401 2487 448 te
2517 393 2684 448 Deum
2716 390 3017 447 Pharaonis
3051 408 3065 445 :
3100 401 3152 447 et
3194 389 3370 448 Aaron
3404 392 3560 451 frater
3587 406 3697 456 tuus

438 499 621 558 omnia
653 498 778 554 ﬁliis
803 496 999 564 Israel,
1033 494 1122 566 qui
1162 508 1268 549 non
1301 491 1686 562 acquievcrunt
1715 488 1787 554 ei,
1816 495 2036 558 pr0pler

439 593 751 664 angustiam
777 591 1022 662 spiritus,
1052 599 1268 659 etopus
1290 585 1660 642 durissimum.
1693 581 2038 653 Locutnsque

439 698 527 748 est
546 688 808 745 Dominus
829 686 896 741 ad
917 685 1124 752 Mosen,
1159 682 1346 738 dicens
1369 697 1384 736 :
1409 677 1704 750 Ingredere
1738 686 1795 734 et
1816 677 2038 747 loquere

439 782 510 840 ad
536 782 875 838 Pharaonem
907 793 1091 850 regem
1125 775 1369 848 IEgypti,
1409 780 1468 830 ut
1500 772 1739 829 dimittat
1783 772 1921 827 lilios
1960 771 2038 826 Is-

440 875 557 932 rael
582 875 648 931 de
677 884 821 930 terra
848 888 965 929 sua.
996 870 1299 941 Respondit
1327 869 1506 924 Moses
1535 881 1720 923 coram
1765 865 1994 921 Domino
2021 883 2032 918 :

440 967 585 1024 Ecce
611 966 704 1022 ﬁlii
733 965 896 1022 Israel
925 977 1034 1020 non
1070 978 1156 1018 me
1184 960 1430 1027 audiunt,
1464 969 1516 1016 et
1547 957 1820 1030 quomodo
1855 958 2039 1014 audiet

440 1061 690 1126 Pharao,
739 1057 1042 1130 praesertim
1073 1071 1194 1112 cum
1239 1056 1342 1111 sim
1383 1053 1799 1109 incircumcisus
1835 1051 2038 1106 labiis?

441 1153 527 1228 [Ο.
560 1152 729 1224 XIV.]
763 1153 1103 1222 Locutusque
1131 1158 1215 1205 est
1245 1148 1506 1203 Dominus
1533 1146 1601 1201 ad
1629 1145 1814 1201 Mosen
1843 1154 1897 1200 et
1926 1144 2035 1200 Aa-

440 1261 564 1315 ron,
597 1255 651 1300 et
685 1244 835 1300 dedit
862 1242 1172 1298 mandatum
1199 1241 1265 1296 ad
1304 1240 1446 1295 ﬁlios
1477 1239 1641 1295 Israel
1661 1282 1675 1302 .
1709 1247 1763 1293 et
1793 1238 1860 1293 ad
1891 1236 2037 1292 Pha‘

442 1355 663 1396 raonem
691 1353 872 1409 regem
902 1336 1146 1408 IEgypti,
1178 1345 1236 1390 ut
1270 1333 1568 1391 educerent
1597 1331 1736 1387 ﬁlios
1768 1330 1935 1386 Israel
1971 1329 2038 1386 de

444 1444 587 1490 terra
610 1433 852 1505 1Egypti.
893 1432 979 1505 [Β.
1012 1430 1128 1504 IV.]
1163 1431 1256 1485 Isti
1293 1438 1418 1484 sunt
1457 1429 1728 1499 principes
1753 1426 2036 1481 domorum

442 1545 538 1600 per
565 1517 969 1584 familiaslsuas.
1015 1526 1138 1582 Filii
1178 1524 1366 1582 Ruben
1409 1521 1750 1593 primogeniti
1782 1520 2034 1576 Israelis:

442 1621 629 1678 Enoch
661 1631 714 1677 et
742 1619 952 1689 Phallu,
993 1620 1169 1675 Esron
1203 1625 1258 1674 et
1286 1616 1525 1674 Charmi.
1567 1616 1662 1670 lla:
1689 1615 2040 1685 cognationes

440 1717 656 1774 Ruben.
697 1714 822 1770 Filii
863 1715 1085 1771 Simeon
1121 1731 1135 1770 :
1180 1711 1412 1780 Jamuel,
1454 1720 1510 1766 et
1550 1709 1752 1777 Jamin,
1791 1717 1846 1764 et
1887 1706 2039 1764 Ohad

2137 489 2243 546 erit
2260 487 2521 562 propheta
2543 497 2688 545 tuus.
2714 488 2793 544 Tu
2817 489 3058 560 loqueris
3084 487 3270 562 [Vulg.
3298 491 3418 546 add.
3441 491 3513 564 ei]
3533 496 3700 554 omnia

2137 598 2256 654 qua:
2287 582 2484 638 mando
2515 583 2650 638 tibi:
2682 582 2773 639 ille
2799 583 3050 654 loquetur
3080 582 3147 638 ad
3171 581 3516 651 Pharaonem,
3546 597 3599 642 ut
3623 588 3698 644 di-

2139 675 2318 731 mittat
2360 674 2503 732 ﬁlios
2545 675 2712 731 Israel
2741 674 2810 732 de
2840 683 2987 731 terra
3022 689 3144 731 sua.
3175 673 3282 730 Sed
3321 690 3418 746 ego
3457 677 3702 737 indui-alio

2138 785 2236 828 cor
2273 771 2413 842 ejus,
2463 779 2519 826 et
2561 768 2937 841 multiplicabo
2973 769 3126 840 signa
3161 779 3216 825 et
3253 778 3462 826 ostenta
3509 787 3619 828 mea
3654 774 3703 831 in

2140 872 2285 920 terra
2312 863 2554 935 Egypti,
2582 873 2636 920 et
2663 879 2768 919 non
2791 863 3014 920 audient
3039 877 3136 919 vos
3164 881 3176 918 :
3204 863 3586 938 immittamquc
3605 884 3708 924 ma-

2140 973 2269 1014 num
2300 973 2474 1013 meam
2505 971 2669 1028 super
2699 956 3023 1029 Egyptum,
3067 965 3122 1012 et
3155 955 3380 1012 educam
3429 959 3706 1017 exercitum

2140 1062 2194 1109 et
2226 1053 2486 1124 populum
2519 1068 2697 1109 meum
2731 1052 2870 1106 ﬁlios
2900 1051 3068 1108 Israel
3101 1051 3169 1108 de
3205 1061 3348 1108 terra
3375 1051 3584 1125 Egypti
3624 1072 3710 1124 per

2135 1144 2338 1216 judicia
2363 1144 2615 1200 maxima.
2637 1145 2703 1200 Et
2729 1145 2903 1201 scient
2924 1144 3163 1218 Egyptii
3187 1145 3330 1216 quod
3359 1160 3458 1217 ego
3487 1147 3586 1202 sim
3615 1147 3712 1205 Do-

2142 1237 2322 1294 minus
2353 1237 2445 1308 qui
2481 1237 2819 1294 extenderim
2859 1253 3080 1294 manum
3112 1253 3290 1294 meam
3321 1253 3486 1310 super
3527 1240 3718 1313 Egyp-

2143 1339 2276 1397 tum,
2311 1341 2364 1386 et
2389 1330 2668 1387 eduxerim
2693 1329 2837 1387 ﬁlios
2864 1331 3026 1388 Israel
3047 1331 3116 1388 de
3146 1331 3325 1388 medio
3349 1347 3556 1388 eorum.
3580 1334 3719 1391 Fecit

2143 1422 2328 1496 itaque
2361 1425 2559 1495 Moses,
2590 1433 2645 1481 et
2683 1424 2862 1480 Aaron
2903 1425 3046 1480 sicut
3079 1435 3415 1497 prasceperat
3442 1425 3520 1481 eis
3542 1426 3717 1500 [ναις.

2144 1527 2277 1574 tacet
2296 1518 2396 1592 eis]
2418 1520 2676 1576 Dominus
2708 1539 2718 1573 :
2745 1521 2816 1575 ita
2837 1531 3082 1591 egerunt:
3108 1518 3189 1592 [Ο.
3215 1519 3383 1593 XVI.]
3413 1521 3538 1577 Erat
3555 1531 3721 1579 autem

2143 1610 2318 1668 Moses
2339 1611 2608 1685 octoginta
2637 1628 2926 1680 annorum,
2956 1622 3012 1669 et
3034 1617 3220 1669 Aaron
3243 1615 3520 1685 octoginta
3551 1616 3720 1686 trium,

2144 1707 2360 1778 quando
2389 1708 2558 1765 locuti
2596 1719 2724 1766 sunt
2756 1709 2824 1765 ad
2853 1709 3218 1766 Pharaonem.
3265 1709 3520 1782 Dixitque
3558 1709 3726 1768 Domi-

442 1810 630 1884 [Vulg.
660 1807 860 1880 Ahod],
893 1805 1082 1862 Jachin
1104 1848 1118 1873 ,
1152 1815 1208 1862 et
1230 1805 1388 1870 Soar,
1417 1817 1470 1859 et
1497 1801 1626 1860 Saul
1653 1802 1794 1857 filius
1823 1801 2039 1857 Chana-
2071 1802 2120 1864 B
2146 1819 2246 1858 nus
2274 1803 2343 1858 ad
2376 1803 2563 1860 Mosen
2594 1816 2649 1861 et
2677 1805 2857 1861 Aaron
2891 1821 2905 1863 :
2939 1821 3062 1861 cum
3095 1804 3298 1862 dixerit
3323 1807 3477 1862 vobis
3505 1806 3724 1876 Pharao,

442 1902 645 1959 nitidis.
678 1901 770 1957 Hal:
800 1899 1084 1972 progenies
1107 1898 1351 1956 Simeon.
1384 1897 1450 1952 Et
1478 1896 1608 1968 haec
1643 1894 1865 1951 nomina
1897 1893 2037 1949 ﬁlio-

441 2011 564 2051 rum
582 1995 710 2051 Levi
728 2009 824 2066 per
851 1992 1205 2066 cognationes
1235 2006 1363 2048 suas
1394 2007 1408 2044 :
1437 1989 1668 2057 Gcrson,
1693 1996 1748 2044 et
1771 1985 1964 2052 Caath,
1986 1993 2042 2042 et

443 2087 661 2144 Merari.
680 2087 823 2143 Anni
841 2097 1024 2142 autem
1042 2085 1168 2140 vitae
1190 2083 1319 2139 Levi
1339 2082 1556 2138 fuerunt
1577 2088 1798 2137 centum
1821 2079 2038 2150 triginta

444 2194 677 2253 septem.
708 2182 830 2237 Filii
853 2180 1062 2238 Gerson
1088 2180 1106 2254 [
1137 2180 1190 2234 h.
1221 2178 1456 2250 ]Libeni
1499 2185 1555 2232 et
1583 2175 1790 2240 Semei,
1831 2189 1928 2246 per
1949 2189 2042 2230 eo-

443 2275 731 2346 gnationes
760 2289 907 2330 suas.
956 2272 1080 2329 Filii
1123 2270 1332 2328 Caath:
1367 2271 1593 2327 Amram
1621 2309 1636 2335 ,
1675 2278 1730 2324 et
1759 2267 1905 2322 Isaar
1930 2308 1944 2333 ,
1987 2275 2042 2322 et

444 2367 688 2436 Hebron,
728 2373 783 2422 et
820 2366 992 2434 Ozicl,
1025 2365 1263 2436 annique
1293 2363 1420 2419 vita:
1446 2360 1616 2418 Caath
1642 2403 1658 2429 ,
1696 2371 1912 2417 centum
1947 2360 2044 2415 tri-

444 2461 591 2531 ginta
621 2468 731 2515 tres
760 2458 883 2515 Filii
916 2459 1110 2514 Merari
1142 2476 1154 2512 :
1201 2457 1363 2514 Mooli
1395 2456 1474 2529 [h.
1507 2453 1726 2526 Mahali]
1770 2463 1827 2510 et
1865 2453 2040 2508 Musi:

445 2554 540 2610 Ha:
570 2555 922 2625 cognationes
946 2553 1075 2609 Levi
1103 2567 1203 2624 per
1232 2551 1470 2607 familias
1499 2565 1648 2606 suas.
1694 2550 1922 2620 Accepit
1949 2563 2043 2603 au-

445 2657 557 2705 tem
587 2648 810 2704 Amram
833 2661 1057 2703 uxorem
1091 2644 1194 2718 [h.]
1223 2643 1497 2701 Jochebed
1528 2643 1831 2715 patruelem
1863 2656 2038 2711 suam,

443 2759 567 2814 quae
590 2742 806 2813 peperit
830 2752 854 2779 τι
879 2743 929 2798 ei
953 2743 1133 2797 Aaron
1165 2749 1222 2798 et
1243 2740 1448 2796 Mosen.
1480 2738 1508 2778 δ
1533 2739 1888 2808 Fueruntque
1916 2738 2045 2794 anni

442 2836 571 2891 vita:
597 2837 853 2900 Amram,
888 2842 1108 2890 centum
1143 2834 1360 2904 triginta
1401 2841 1631 2903 septem.
1676 2831 1801 2887 Filii
1829 2847 2046 2903 quoque

446 2927 598 2983 Isaar
636 2945 650 2981 :
693 2926 857 2994 Core,
910 2934 965 2982 et
1001 2925 1246 2996 Nepheg,
1297 2934 1352 2980 et
1394 2925 1606 2980 Zechri.
1661 2924 1777 2980 Filii
1827 2940 2046 2996 quoque

447 3021 598 3077 Oziel
631 3037 642 3074 :
671 3019 880 3087 Misael,
905 3027 961 3074 et
987 3018 1281 3089 Elsaphan,
1307 3028 1362 3073 et
1388 3017 1577 3075 Sithri.
1611 3017 1831 3090 Accepit
1863 3029 2044 3075 autem

446 3115 629 3170 Aaron
661 3127 886 3168 uxorem
923 3121 946 3151 ο
980 3111 1218 3179 Elisabe,
1245 3111 1410 3167 ﬁliam
1441 3110 1767 3177 Aminadab,
1799 3126 2044 3169 sororem

2144 1896 2426 1953 Ostendite
2474 1899 2626 1969 signa
2669 1916 2682 1952 :
2731 1899 2881 1954 dices
2931 1899 2998 1954 ad
3053 1900 3238 1955 Aaron
3280 1917 3294 1955 :
3338 1899 3494 1956 'I‘olle
3541 1900 3731 1972 virgam

2144 1998 2313 2056 tuam,
2341 2000 2396 2046 et
2417 1991 2621 2062 projice
2645 2007 2764 2046 eam
2788 2007 2972 2048 coram
2999 1992 3309 2061 Pharaone,
3339 2008 3405 2048 ac
3432 2003 3664 2050 vertetur
3683 1994 3733 2049 in

2143 2082 2425 2139 colubrum
2456 2101 2466 2138 :
2501 2083 2740 2154 lngressi
2774 2085 2957 2156 itaque
2988 2086 3167 2142 Moses
3198 2095 3252 2141 et
3301 2088 3481 2142 Aaron
3514 2087 3578 2141 ad
3607 2087 3737 2142 Pha-

2144 2193 2390 2245 raonem,
2424 2177 2674 2235 fecerunt
2711 2179 2854 2235 sicut
2878 2189 3216 2252 praeceperat
3263 2180 3552 2250 Dominus,
3589 2181 3736 2236 tulit-

2142 2288 2248 2344 que
2289 2272 2472 2328 Aaron
2514 2273 2722 2344 virgam
2759 2287 2953 2329 .eoram
2994 2273 3283 2330 Pharaone
3321 2283 3378 2330 et
3411 2275 3586 2330 servis
3612 2276 3738 2345 ejus,

2144 2383 2266 2438 qum
2300 2381 2459 2424 versa
2495 2377 2580 2423 est
2611 2368 2666 2422 in
2706 2368 3010 2424 colubrum.
3041 2367 3275 2423 Vocavit
3320 2377 3505 2423 autem
3544 2366 3741 2423 Pharao

2147 2461 2428 2531 sapientes
2454 2470 2511 2516 et
2538 2461 2816 2518 maleﬁcos
2847 2477 2862 2528 ;
2888 2469 2945 2517 et
2971 2460 3219 2516 fecerunt
3241 2460 3414 2516 etiam
3438 2460 3538 2532 ipsi
3561 2476 3654 2531 per
3676 2460 3751 2514 in-

2146 2551 2486 2608 cantationes
2528 2552 2816 2624 Egyptias
2857 2560 2914 2607 ct
2953 2566 3152 2607 arcana
3178 2551 3438 2622 quaedam
3477 2549 3744 2606 similiter.

2148 2648 2610 2720 Projeceruntque
2639 2647 2836 2718 singuli
2873 2648 3054 2718 virgas
3083 2661 3231 2714 suas,
3265 2663 3395 2718 qua:
3425 2662 3604 2703 versa:
3631 2653 3751 2702 sunt

2148 2742 2202 2798 in
2244 2741 2540 2806 dracones;
2573 2740 2668 2796 sed
2707 2740 2987 2796 devoravit
3022 2739 3177 2810 virga
3225 2742 3415 2796 Aaron
3449 2741 3626 2811 virgas
3665 2753 3753 2795 eo-

2149 2849 2293 2892 rum.
2332 2834 2756 2905 Induratumque
2786 2843 2871 2889 est
2897 2849 2992 2888 eor
3014 2833 3343 2902 Pharaonis,
3381 2843 3440 2890 et
3470 2849 3578 2890 non
3612 2832 3756 2888 andi-

2149 2926 2226 2981 vit
2252 2941 2370 2991 eos,
2398 2925 2662 2998 sicut[h.]
2701 2925 2913 2981 dixerat
2946 2926 3224 2981 Dominus.
3258 2925 3313 2998 [l
3363 2925 3588 2999 Plagn.]
3623 2927 3756 2981 Dixit

2149 3029 2329 3076 autem
2363 3019 2624 3074 Dominus
2653 3018 2720 3074 ad
2748 3018 2933 3075 Mosen
2964 3037 2975 3071 :
3005 3019 3356 3090 Ingravatum
3385 3031 3472 3076 est
3497 3035 3596 3076 cor
3623 3019 3758 3074 Pha-

2151 3111 2354 3180 raonis,
2386 3126 2493 3167 non
2538 3111 2654 3165 vult
2696 3110 2971 3167 dimittere
3014 3111 3298 3181 populum.
3332 3110 3488 3168 Vade
3535 3111 3602 3167 ad
3639 3125 3757 3167 eum

446 3207 686 3276 Naason,
719 3222 842 3278 qua:
873 3204 1087 3277 peperit
1113 3205 1163 3261 ei
1197 3204 1404 3271 Nadab,
1431 3215 1486 3261 et
1511 3205 1672 3273 Abiu,
1703 3205 1956 3274 Eleazar,
1993 3216 2048 3262 et
2075 3201 2120 3264 C
2154 3222 2332 3275 mane,
2364 3221 2492 3262 ecce
2521 3206 2836 3276 egredietur
2862 3206 2928 3260 ad
2955 3220 3124 3276 aquas
3155 3223 3169 3260 :
3196 3214 3254 3262 et
3279 3209 3462 3264 stabis
3490 3206 3547 3262 in
3578 3221 3763 3264 occur-

445 3303 708 3360 Ithamar.
755 3301 876 3358 Filii
917 3315 1137 3372 quoque
1184 3301 1326 3356 Core
1366 3318 1379 3354 :
1422 3301 1571 3367 Asir,
1624 3308 1680 3356 et
1725 3301 1944 3367 Eleana,
1988 3311 2041 3358 et

446 3396 748 3468 AbiaSaph.
785 3396 877 3451 Hae
903 3403 1032 3451 sunt
1061 3395 1417 3466 cognationes
1445 3394 1770 3450 Coritarum.
1801 3395 1873 3449 At
1914 3410 2044 3449 vero

450 3492 676 3546 Eleazar
697 3489 842 3544 ﬁlius
869 3488 1053 3543 Aaron
1082 3486 1293 3558 accepit
1321 3502 1543 3543 uxorem
1567 3486 1635 3543 de
1665 3486 1880 3540 ﬁliabus
1904 3485 2047 3541 Phu-

453 3583 544 3638 t.iel
575 3599 590 3648 ;
623 3597 744 3652 quae
773 3580 984 3650 peperit
1015 3579 1064 3634 ei
1105 3579 1358 3635 Phinees.
1395 3579 1459 3633 I-li
1488 3588 1613 3633 sunt
1644 3579 1920 3649 principes
1961 3577 2044 3633 fa-

455 3674 728 3732 miliarum
753 3673 1114 3729 Leviticarum
1148 3687 1244 3742 per
1264 3672 1620 3743 cognationes
1644 3687 1791 3727 suas.
1824 3672 1930 3727 lste
1961 3682 2045 3728 est

448 3768 634 3825 Aaron
665 3776 720 3824 et
749 3768 946 3833 Moses,
981 3765 1177 3835 quibus
1209 3765 1472 3834 praecepit
1499 3764 1784 3829 Dominus,
1819 3775 1873 3820 ut
1905 3765 2045 3820 edu-

447 3869 640 3918 cerent
667 3860 811 3916 ﬁlios
836 3859 1004 3915 Israel
1025 3857 1094 3914 de
1121 3867 1268 3914 terra
1295 3856 1518 3930 Egypti
1544 3871 1640 3926 per
1669 3866 1873 3913 turmas
1895 3872 2042 3914 suas.

451 3956 516 4011 Hi
548 3965 696 4024 sunt,
734 3955 829 4025 qui
859 3954 1159 4024 loquuntur
1185 3952 1251 4006 ad
1281 3952 1620 4007 Pharaonem
1653 3966 1836 4023 regem
1879 3950 2047 4022 IEgy-

449 4050 554 4122 pti,
588 4059 642 4102 ut
677 4047 908 4104 educant
940 4047 1079 4102 ﬁlios
1110 4045 1274 4101 Israel
1309 4045 1378 4100 de
1409 4044 1648 4117 Egypto
1677 4063 1690 4098 :
1739 4045 1840 4100 iste
1872 4044 2047 4102 Moses

451 4154 509 4201 et
536 4145 740 4211 Aaron,
771 4143 824 4198 in
848 4143 938 4198 die
967 4157 1067 4212 qua
1097 4141 1312 4196 loeutus
1342 4147 1429 4196 est
1453 4140 1714 4194 Dominus
1739 4139 1804 4196 ad
1834 4140 2044 4209 Mosen,

450 4241 507 4296 in
541 4247 682 4294 terra
715 4236 953 4309 Egypti.
987 4233 1074 4308 [Ο.
1107 4232 1250 4305 X\'.]
1290 4234 1356 4288 Et
1397 4233 1612 4288 loeutus
1653 4241 1738 4288 cst
1784 4233 2046 4289 Dominus

449 4334 519 4388 ad
548 4333 753 4397 Mosen,
783 4329 970 4385 dicens
997 4345 1012 4384 :
1053 4327 1167 4399 Ego
1213 4327 1474 4384 Dominus
1501 4343 1515 4381 :
1552 4327 1778 4398 loquere
1800 4328 1868 4383 ad
1898 4328 2042 4383 Pha-

447 4443 676 4483 raonem
709 4441 892 4497 regem
923 4421 1137 4496 Egypti
1159 4469 1173 4492 ,
1209 4423 1392 4479 omnia
1420 4437 1539 4494 quae
1566 4437 1667 4493 ego
1706 4423 1897 4494 loquor
1929 4424 2044 4479 tibi.

453 4520 523 4577 Et
543 4521 617 4575 ait
641 4519 817 4576 Moses
840 4533 1021 4574 coram
1042 4517 1273 4572 Domino
1299 4535 1310 4570 :
1339 4516 1415 4570 En
1441 4515 1848 4573 incircumcisus
1888 4516 2046 4573 labiis

422 4629 595 4682 -sum,
627 4613 900 4686 quomodo
931 4611 1116 4668 audiet
1144 4626 1232 4666 me
1261 4609 1510 4666 Pharao?
1612 4615 1628 4625 ‘

519 4710 674 4782 [Cap.
710 4708 848 4782 Ἧι]
891 4708 1136 4778 Dixitque
1177 4705 1439 4762 Dominus
1481 4703 1550 4760 ad
1598 4704 1784 4762 Mosen
1836 4722 1851 4762 :
1898 4704 2041 4762 Ecce

524 4927 551 4954 ιι
577 4916 816 4973 Urbinus
865 4931 968 4972 ms.
1013 4924 1157 4972 tacet
1199 4916 1246 4970 ei
1271 4932 1290 4970 :
1327 4923 1438 4986 tum
1483 4929 1608 4971 cum
1647 4913 1892 4970 Palatino
1919 4923 2042 4986 post

452 4988 671 5060 Moysen
701 4988 850 5042 addit
875 4997 921 5041 rt
950 4987 1177 5060 Mariam
1194 5003 1262 5060 ex
1287 4983 1430 5042 LXX
1459 4987 1718 5060 editione.

521 5057 562 5098 δ’
589 5060 935 5130 Septuaginta
957 5059 1161 5114 addunt
1189 5059 1290 5113 hoc
1316 5059 1454 5123 loco,
1487 5068 1533 5112 et
1557 5057 1783 5130 Mariam
1806 5073 2038 5111 sororem

445 5147 642 5185 eorum.
680 5129 810 5185 llzcc’
831 5146 1045 5200 quoque
1083 5132 1332 5199 leguntur
1361 5131 1412 5185 in
1446 5138 1604 5184 textu
1633 5129 1862 5200 llebrreo
1887 5159 1911 5170 -
1939 5131 2038 5184 Sa-

446 5202 747 5267 maritano‘,
783 5198 1026 5270 in‘quem
1058 5198 1164 5256 non
1199 5217 1365 5271 pauca
1395 5201 1614 5256 ﬂuxisse
1637 5216 1669 5257 e
1700 5198 1842 5254 LXX
1871 5200 2037 5256 inter-

487 5273 722 5338 retibus,
758 5284 1014 5329 constans
1039 5285 1120 5329 εει
1155 5274 1394 5328 virorum
1425 5273 1710 5327 doctorum
1741 5274 2032 5326 sententia.

487 5287 722 5338 retibus,
758 5287 1014 5329 constans
1039 5287 1120 5329 est
1155 5289 1394 5328 urorum
1425 5287 1710 5327 doctorum
1741 5287 2032 5326 sententia.

447 5287 620 5416 gyrus
666 5361 789 5401 cum
835 5346 1042 5416 aliquot
1090 5360 1220 5400 mss.
1269 5343 1671 5412 exemplaribus
1716 5343 2034 5400 Latinorum

444 5415 576 5486 legit
617 5418 833 5488 quidem
862 5462 877 5486 ,
911 5415 967 5488 et
998 5415 1254 5480 Mariam;
1301 5416 1395 5470 sed
1427 5431 1532 5471 non
1561 5416 1723 5470 habet
1741 5429 2036 5488 ,dsororem

443 5485 650 5544 eorum.
673 5489 804 5557 Quae
827 5487 1004 5542 omnia
1028 5487 1291 5542 adscititia
1317 5501 1437 5543 esse
1467 5488 1600 5542 satis
1628 5485 1914 5541 manifeste
1943 5487 2037 5542 de~

442 5570 711 5615 monstrat
741 5575 914 5615 canon
945 5559 1076 5614 Heb.
1109 5559 1373 5625 veritatis,
1407 5557 1498 5612 ubi
1517 5559 1688 5614 erasis
1717 5559 1769 5612 in
1799 5573 2034 5626 corpore

442 5630 750 5700 hujusmodi
784 5632 997 5696 verbis,
1051 5629 1298 5685 schnltnn
1353 5629 1491 5683 istud
1533 5645 1564 5684 e
1596 5632 1762 5686 latere
1817 5631 2034 5699 apposi-

2147 3315 2266 3357 sum
2293 3299 2412 3370 ejus
2437 3315 2602 3371 super
2630 3299 2802 3370 ripam
2830 3300 3071 3355 fluminis
3099 3317 3112 3353 :
3141 3310 3197 3355 et
3218 3299 3464 3371 virgam,
3495 3317 3618 3372 qua:
3639 3315 3762 3355 con-

2147 3409 2304 3450 versa
2330 3402 2415 3450 est
2443 3393 2496 3449 in
2519 3393 2838 3457 draconem,
2864 3393 3025 3448 tolles
3057 3393 3111 3447 in
3143 3407 3309 3448 manu
3344 3403 3463 3449 tua.
3501 3394 3765 3465 Dicesque

2148 3487 2214 3542 ad
2244 3501 2368 3542 eum
2394 3503 2407 3540 :
2444 3485 2706 3541 Dominus
2733 3486 2878 3541 Deus
2900 3484 3256 3541 Hebraeorum
3291 3486 3451 3542 misit
3479 3502 3570 3543 me
3595 3487 3662 3542 ad
3694 3499 3762 3549 te,

2149 3580 2338 3636 dicens
2383 3597 2396 3635 :
2451 3580 2673 3636 Dimitte
2704 3579 2960 3650 pupulum
3004 3594 3208 3645 meum,
3235 3589 3294 3634 ut
3325 3579 3469 3636 mihi
3501 3578 3770 3637 sacriﬁcet

2149 3674 2203 3730 in
2225 3673 2446 3730 deserto
2469 3691 2483 3730 :
2509 3682 2563 3730 et
2588 3689 2761 3745 usque
2781 3673 2847 3728 ad
2877 3687 3117 3744 praesens
3139 3672 3334 3730 audire
3357 3674 3616 3730 noluisti.
3645 3674 3766 3729 llaec

2147 3769 2310 3840 igitur
2338 3768 2468 3825 dicit
2511 3769 2820 3826 Dominus:
2859 3767 2917 3824 In
2963 3767 3065 3824 hoc
3109 3768 3252 3823 scies
3299 3769 3458 3841 quod
3502 3769 3771 3826 Dominus

2145 3861 2251 3918 sim
2287 3879 2300 3915 :
2333 3877 2462 3918 ecce
2490 3861 2789 3932 percutiam
2821 3861 2995 3932 virga,
3043 3875 3164 3932 qure
3192 3859 3248 3916 in
3297 3877 3474 3917 manu
3514 3877 3638 3918 mea
3669 3870 3770 3928 est,

2149 3970 2342 4026 aquam
2389 3955 2650 4023 fluminis,
2693 3963 2749 4010 et
2781 3964 3024 4010 vertetur
3059 3955 3112 4010 in
3154 3955 3496 4026 sanguinem
3545 3956 3776 4012 :Pisces

2146 4063 2382 4120 quoque,
2406 4048 2644 4118 quisunt
2669 4047 2723 4102 in
2751 4046 2939 4113 fluvio,
2978 4047 3302 4138 morientur,
3335 4059 3397 4105 et
3419 4060 3773 4122 computres-

2147 4150 2272 4198 cent
2313 4156 2500 4212 aqum,
2548 4150 2602 4197 et
2639 4141 2946 4213 allligentur
2991 4140 3231 4213 [Egyptii
3272 4144 3549 4200 bibentes
3576 4157 3774 4216 aquam

2149 4235 2409 4290 ﬂuminis.
2443 4234 2590 4290 Dixit
2617 4249 2836 4306 quoque
2869 4235 3134 4290 Dominus
3163 4235 3230 4290 ad
3274 4234 3478 4292 Mosen
3529 4255 3543 4290 :
3585 4237 3681 4291 Dic
3710 4235 3775 4289 ad

2147 4326 2336 4383 Aaron
2365 4346 2378 4384 :
2403 4327 2556 4384 Tolle
2581 4328 2786 4399 virgam
2813 4337 2984 4393 tuam,
3011 4335 3065 4382 et
3083 4327 3328 4384 extende
3363 4344 3606 4385 manum
3631 4339 3778 4384 tuam

2148 4435 2312 4490 super
2329 4435 2501 4492 aquas
2527 4420 2772 4492 Egypti,
2798 4429 2853 4477 et
2878 4435 3044 4492 super
3064 4418 3258 4477 fluvios
3284 4436 3522 4491 eorum,
3551 4437 3610 4480 et
3637 4424 3782 4478 rivos

2149 4531 2211 4572 ac
2237 4515 2476 4586 paludes,
2502 4524 2558 4572 et
2580 4531 2773 4572 omnes
2801 4517 2948 4572 lacus
2976 4531 3264 4588 aquarum,
3298 4527 3366 4572 ut
3397 4528 3702 4575 vertantur
3730 4519 3785 4574 in

2073 4613 2126 4674 D
2150 4611 2466 4681 sanguinem
2508 4629 2522 4666 :
2555 4621 2609 4668 et
2639 4610 2710 4666 sit
2735 4625 2897 4666 cruor
2922 4611 2976 4666 in
3006 4612 3152 4667 omni
3181 4620 3330 4667 terra
3367 4614 3639 4688 Egypti,
3676 4626 3784 4670 tam

2155 4703 2208 4761 in
2239 4703 2436 4774 ligneis
2459 4705 2602 4761 vasis
2630 4719 2790 4776 quam
2821 4703 2874 4760 in
2907 4705 3105 4762 saxeis.
3139 4705 3546 4780 Feceruntque
3571 4710 3650 4766 ita
3681 4709 3790 4766 Mo-

2143 4921 2282 4982 ctat;
2316 4914 2410 4971 sed
2455 4928 2629 4986 neque
2663 4913 2715 4972 in
2747 4914 3027 4972 codicibus
3055 4915 3273 4974 Latinis
3312 4920 3595 4979 melioris
3619 4932 3792 4980 noue.

3529 4995 3724 5051 Man-1‘.

2219 5067 2242 5096 ο
2284 5057 2604 5134 lnllebrato
2651 5059 2876 5134 legimus
2913 5044 3173 5134 yzm‘m,
3212 5061 3316 5116 hoc
3351 5013 3792 5134 εειζῖἳέἷὶιρ,

2143 5146 2250 5186 non
2286 5127 2585 5210 Elisabellt,
2612 5139 2671 5186 ut
2705 5127 2902 5186 habent
2927 5132 3069 5210 LA’X
3103 5127 3492 5210 interpretes,
3523 5155 3676 5210 quos
3707 5127 3799 5195 se;

2139 5210 2381 5272 quuntnr
2426 5201 2555 5255 editi
2582 5243 2596 5261 .
2652 5211 2706 5256 et
2752 5204 2998 5257 nonnulli
3027 5203 3184 5259 codd.
3217 5201 3356 5264 mss.
3395 5201 3790 5267 recentiores.

2140 5274 2312 5342 Porro
2347 5287 2541 5328 nomen
2580 5272 2792 5328 Elisnbe
2819 5275 2869 5328 in
2900 5277 3300 5343 exemplaribus
3345 5278 3587 5339 Graecis
3613 5284 3796 5339 fuisse

2141 5345 2738 5426 corruptum-probari
2748 5355 2932 5426 potest
2969 5361 3075 5402 non
3123 5351 3296 5426 solum
3334 5366 3378 5426 e_
3399 5368 3641 5410 canone
3679 5356 3793 5410 lle-

2143 5416 2342 5472 braicm
2374 5417 2646 5483 veritatis,
2693 5416 2921 5488 aliisque
2967 5433 3096 5474 mss.
3141 5416 3298 5475 co'dd.
3356 5421 3596 5481 Latinis
3631 5427 3784 5482 anti-

2138 5487 2418 5559 qnioribus
2453 5503 2515 5543 ac
2555 5487 2794 5544 melioris
2821 5487 3000 5554 notae;
3031 5490 3125 5545 sed
3159 5507 3224 5546 ex
3255 5491 3425 5549 libris
3460 5497 3648 5552 etiam
3677 5499 3794 5554 lle-

2138 5560 2445 5634 hraicorum
2489 5562 2802 5629 nominum,
2832 5562 2923 5615 ubi
2953 5563 3433 5634 Stllieronymus
3469 5567 3546 5621 de
3581 5569 3793 5625 Exodo

2136 5631 2239 5688 hoc
2269 5647 2464 5712 nomen
2506 5647 2800 5712 recensens
2833 5635 2961 5704 legit
3000 5631 3442 5712 Elisqbepquod
3484 5639 3790 5712 interpre-

441 5710 556 5758 tum
578 5703 778 5786 legitur
802 5703 1046 5786 :_‘It..non
1076 5703 1226 5786 habet
1255 5700 1501 5786 Mariam,
1617 5710 1743 5786 est,
1767 5701 2028 5786 llebrzeus
2133 5703 2401 5786 tatur-Dei
2428 5705 2527 5786 mei
2548 5700 2928 5786 juramcntnm,
2958 5716 3065 5762 etc.
3101 5700 3392 5763 Hoc'vero
3432 5726 3556 5770 non
3587 5700 3781 5785 esset,

443 5788 548 5846 non
578 5773 766 5841 habet,
801 5774 1048 5828 Mariam.
1091 5773 1225 5828 lluie
1256 5773 1576 5846 adiungendi
1606 5773 1898 5846 Chaldaeus
1926 5818 1940 5842 ,
1973 5785 2028 5832 et
2129 5777 2176 5833 si
2212 5776 2474 5831 Elisabeth
2507 5773 2800 5846 legeretur.
2830 5775 3008 5830 Mur.

443 5844 641 5916 Arabs,
670 5847 811 5920 apud
846 5862 982 5920 quos
1022 5846 1155 5905 nihil
1194 5845 1436 5918 reperias
1473 5845 1618 5917 quod
1648 5843 1867 5901 Mariam
1899 5863 2024 5919 spe-

2202 5879 2274 5889 —
2293 5847 2499 5905 Palatin
2525 5845 2651 5918 ms.,
2682 5845 2952 5904 Ilelsabee.
