4044 6360
238 315 351 373 Ξὶθ

238 524 477 593 virgam,
496 522 768 593 percussit
788 534 984 590 aquam
1011 516 1252 573 ﬂuminis
1269 532 1455 573 coram
1478 516 1759 572 Pharaone
1790 524 1846 572 et

237 618 426 673 servis
453 617 573 687 ejus
602 632 616 681 ;
641 630 762 686 quae
790 628 946 670 versa
973 622 1058 669 est
1094 613 1146 667 in
1178 611 1518 681 sanguinem.
1552 611 1617 665 Et
1642 611 1841 681 pisces,

234 710 332 783 qui
368 718 525 765 erant
566 710 617 764 in
655 707 902 774 ﬂumine,
956 704 1155 762 mortui
1197 713 1366 761 sunt:
1410 704 1845 776 computruitque

235 801 471 867 ﬂuvius,
514 811 568 857 et
601 815 705 856 non
736 808 987 871 poterant
1016 798 1260 871 JEgyptii
1293 798 1477 854 bibere
1508 813 1699 869 aquam
1741 796 1844 851 ﬂu-

235 893 435 959 minis,
470 902 524 949 et
563 891 665 947 fuit
709 891 930 963 sanguis
971 892 1163 947 intota
1207 902 1351 946 terra
1384 889 1626 962 ngypti.
1673 888 1843 944 Fece-

234 995 486 1056 runtque
520 984 767 1040 similiter
791 984 1021 1040 malefici
1048 984 1423 1057 Egypliorum
1462 982 1846 1039 incantationi-

233 1076 345 1133 bus
375 1079 489 1133 suis
520 1095 533 1131 :
564 1087 618 1133 et
650 1077 957 1132 induratum
986 1089 1070 1133 est
1093 1093 1187 1133 cor
1219 1077 1539 1144 Pharaonis,
1568 1091 1667 1131 nec
1693 1076 1846 1131 audi-

229 1170 313 1225 vit
364 1187 484 1238 eos,
518 1172 657 1226 sicut
687 1168 790 1244 [b.J
822 1170 1041 1226 dixerat
1083 1168 1366 1226 Dominus.
1407 1170 1723 1241 Avertitque
1759 1184 1840 1237 se,

229 1273 288 1318 et
313 1263 602 1335 ingressus
624 1275 708 1320 est
729 1262 947 1318 domum
972 1277 1146 1331 suam,
1172 1277 1270 1318 nec
1293 1266 1545 1333 apposuit
1567 1276 1661 1318 cor
1681 1260 1845 1318 etiam

230 1361 345 1418 hac
382 1363 519 1419 vice.
570 1362 847 1417 Foderunt
874 1369 1053 1417 autem
1089 1376 1284 1417 omnes
1320 1360 1560 1433 Egyptii
1606 1376 1703 1429 per
1741 1360 1847 1414 cir-

229 1458 453 1512 cuitum
478 1455 713 1511 ﬂuminis
739 1470 956 1526 aquam,
990 1465 1046 1509 ut
1068 1455 1319 1511 biberent
1344 1472 1357 1510 :
1383 1468 1489 1509 non
1522 1454 1667 1509 enim
1696 1462 1847 1524 pote-

230 1560 373 1605 rant
394 1550 583 1606 bibere
605 1548 672 1605 de
696 1564 833 1620 aqua
858 1548 1117 1604 ﬂuminis.
1152 1547 1468 1619 Impletique
1490 1555 1614 1602 sunt
1634 1556 1844 1617 septem

230 1644 389 1713 dies,
423 1653 704 1714 postquam
731 1642 1001 1714 percussit
1028 1642 1288 1697 Dominus
1315 1639 1557 1695 ﬂuvium.

314 1736 408 1809 [Β.
445 1736 509 1805 V,
532 1734 663 1808 Cap.
698 1734 833 1801 Vlll,
862 1736 897 1788 2
927 1732 1144 1807 Plaga.]
1173 1733 1315 1788 Dixit
1338 1748 1558 1805 quoque
1581 1732 1842 1787 Dominus

231 1830 310 1885 ad
366 1830 553 1885 Mosen
612 1846 627 1889 ς

231 1927 311 1981 ad
368 1941 535 1984 enm:
579 1925 703 1981 llzec
753 1924 882 1980 dicit
933 1923 1196 1979 Dominus
1242 1942 1255 1979 :
1303 1923 1523 1979 Dimitte
1576 1923 1837 1994 populum

229 2036 453 2086 meum,
497 2029 552 2074 ut
573 2020 847 2076 sacriﬁcet
900 2019 1031 2075 mihi
1066 2036 1080 2074 :
1113 2020 1197 2075 sin
1227 2027 1408 2075 autem
1463 2019 1705 2075 nolueris
1753 2018 1837 2074 di-

230 2114 491 2182 mittere,
516 2130 645 2171 ecce
692 2130 795 2185 ego
848 2115 1147 2185 percutiam
1178 2129 1369 2170 omnes
1420 2116 1677 2170 terminos
1720 2122 1839 2171 tuos

232 2210 415 2264 ranis.
451 2208 517 2263 Et
545 2208 775 2264 ebulliet
804 2206 999 2264 ﬂuvius
1033 2223 1193 2264 ranas
1225 2226 1238 2261 :
1289 2224 1408 2278 qua:
1437 2208 1751 2275 ascendent,
1785 2217 1839 2265 et

231 2304 620 2375 ingredientur
644 2303 863 2360 domum
897 2313 1064 2371 tuam,
1095 2315 1152 2359 et
1181 2304 1490 2360 cubiculum
1513 2304 1699 2360 lectuli
1737 2305 1833 2373 tui,

231 2407 295 2455 et
326 2413 496 2470 super
520 2407 749 2453 stratum
781 2405 957 2464 tuum,
989 2406 1045 2452 et
1084 2398 1135 2453 in
1173 2397 1366 2452 domos
1410 2412 1691 2453 servorum
1720 2407 1840 2453 tuo-

233 2508 387 2559 rum,
422 2502 476 2546 et
520 2492 574 2547 in
621 2491 879 2562 populum
928 2500 1099 2557 tuum,
1134 2500 1187 2546 et
1217 2492 1271 2546 in
1300 2490 1487 2547 furnos
1524 2500 1667 2558 tuos,
1704 2499 1759 2547 et
1784 2490 1839 2547 in

232 2586 500 2655 reliquias
531 2585 775 2640 ciborum
821 2594 1058 2651 tuorum,
1100 2592 1157 2641 et
1184 2584 1251 2640 ad
1284 2593 1358 2652 te,
1390 2594 1444 2640 et
1477 2584 1543 2639 ad
1578 2584 1837 2655 populum

237 2690 417 2746 tuum,
475 2686 533 2734 et
586 2678 652 2733 ad
706 2693 897 2734 omnes
940 2693 1128 2734 servos
1160 2688 1302 2745 tuos,
1336 2679 1615 2735 intrabunt
1665 2694 1835 2735 ranae.

238 2774 500 2845 Dixitque
554 2774 815 2830 Dominus
861 2775 927 2831 ad
978 2774 1163 2831 Mosen
1195 2794 1206 2829 :
1236 2775 1335 2831 Dic
1378 2774 1446 2830 ad
1478 2774 1658 2832 Aaron
1688 2794 1697 2829 :
1732 2774 1839 2831 Ex-

238 2869 410 2925 tende
436 2885 653 2925 manum
683 2879 827 2925 tuam
872 2885 1037 2941 super
1068 2869 1261 2925 ﬂuvios
1302 2881 1357 2926 et
1394 2886 1559 2942 super
1589 2872 1735 2927 rivos
1775 2887 1840 2928 ac

239 2964 491 3035 paludes,
547 2974 601 3021 et
654 2964 790 3021 educ
844 2981 1003 3022 ranas
1044 2982 1211 3037 super
1259 2974 1460 3023 terram
1494 2967 1735 3040 Egypti.
1771 2968 1840 3025 Et

239 3059 486 3115 extendit
531 3060 713 3116 Aaron
769 3058 989 3115 manum
1041 3076 1205 3132 super
1252 3076 1422 3132 aquas
1472 3060 1727 3134 IEgypti,
1784 3071 1840 3119 et

238 3154 608 3211 ascenderunt
647 3170 792 3210 rana:
824 3154 904 3228 [In
936 3154 991 3209 h.
1027 3153 1215 3226 rana],
1250 3164 1687 3227 operueruntque
1732 3164 1839 3212 ter-

240 3264 359 3305 ram
407 3248 653 3322 Egypti.
687 3248 958 3305 Fecerunt
983 3258 1163 3306 autem
1194 3259 1246 3305 et
1275 3250 1505 3305 malefici
1533 3266 1628 3320 per
1656 3250 1840 3306 incan-

243 3344 485 3397 tationes
538 3356 666 3397 suas
710 3342 986 3411 similiter,
1033 3342 1445 3414 eduxeruntque
1488 3358 1647 3399 ranas
1674 3358 1841 3414 super

241 3447 448 3494 terram
494 3435 737 3508 IEgypti.
794 3435 1019 3491 Vocavit
1070 3446 1248 3491 autem
1303 3434 1513 3491 Pharao
1556 3435 1739 3490 Mosen
1787 3444 1842 3491 et

240 3532 453 3595 Aaron,
486 3539 545 3586 et
572 3530 713 3585 dixit
742 3530 822 3585 eis
853 3549 865 3583 :
890 3530 1052 3586 Orate
1082 3529 1394 3596 Dominum,
1430 3537 1487 3584 ut
1516 3528 1726 3585 auferat
1756 3544 1843 3584 ra-

239 3640 338 3680 nas
364 3641 393 3678 a
430 3640 517 3680 me
548 3633 603 3680 et
634 3639 663 3678 a
692 3624 892 3694 populo
922 3638 1043 3679 meo
1070 3640 1082 3677 :
1116 3630 1173 3679 et
1200 3622 1465 3678 dimittam
1497 3623 1754 3693 pepulttm
1784 3632 1843 3677 ut

239 3716 518 3773 sacriﬁcet
560 3716 806 3772 Domino.
842 3716 1093 3786 Dixitque
1128 3716 1303 3772 Moses
1341 3715 1613 3771 Pharaoni
1650 3734 1661 3769 :
1703 3716 1843 3771 Con-

242 3812 410 3867 stitue
458 3809 593 3865 mihi
622 3809 838 3880 quando
892 3810 1155 3880 deprecer
1187 3824 1281 3879 pro
1319 3817 1401 3876 te,
1435 3818 1489 3866 et
1535 3825 1631 3879 pro
1669 3809 1841 3865 servis

240 3906 366 3973 tuis,
407 3915 461 3961 et
492 3920 593 3977 pro
620 3904 818 3975 populo
847 3912 961 3970 tuo,
987 3914 1013 3942 ει
1046 3915 1105 3958 ιιι
1134 3904 1419 3974 abigantur
1446 3918 1592 3959 rana:
1622 3920 1652 3958 a
1684 3912 1757 3969 te,
1789 3912 1844 3959 et

242 4016 271 4056 a
302 4001 467 4055 domo
494 4008 594 4063 tua
624 4017 637 4055 :
686 4009 743 4055 et
787 4009 991 4055 tantum
1023 4000 1077 4055 in
1106 3999 1331 4054 ﬂumine
1363 4006 1702 4055 remaneant.
1738 3998 1841 4067 Qui

243 4092 531 4163 reSpondit
574 4110 585 4145 :
632 4092 787 4149 Cras.
835 4093 903 4147 At
950 4090 1085 4147 ille:
1135 4090 1296 4147 Juxta
1348 4092 1594 4157 verbum,
1644 4091 1839 4163 inquit,

239 4195 394 4241 tuum
426 4185 617 4241 faciam
645 4201 659 4239 :
690 4192 748 4239 ut
776 4185 921 4240 scias
948 4184 1203 4255 quoniam
1230 4200 1335 4239 non
1367 4193 1451 4240 est
1478 4184 1619 4240 sicut
1655 4184 1839 4239 Domi-

242 4296 345 4337 nus
388 4280 535 4336 Deus
579 4287 782 4336 noster.
814 4279 883 4335 Et
914 4278 1174 4335 recedent
1202 4294 1349 4333 ranae
1374 4294 1401 4333 a
1432 4288 1504 4346 te,
1534 4287 1589 4334 et
1617 4293 1647 4333 a
1678 4278 1842 4333 domo

243 4382 351 4438 tua,
386 4382 443 4428 et
464 4389 493 4425 a
524 4374 698 4428 servis
730 4372 852 4438 tuis,
883 4380 937 4427 et
967 4388 995 4425 a
1032 4370 1231 4442 populo
1262 4381 1357 4427 tuo
1386 4390 1397 4425 :
1433 4380 1639 4426 tantum
1668 4372 1720 4426 in
1745 4371 1843 4426 ﬂu-

240 4469 390 4524 mine
425 4467 810 4523 remanebunt.
855 4466 1183 4539 Egressique
1212 4475 1341 4524 sunt
1370 4468 1545 4524 Moses
1575 4478 1629 4523 et
1660 4470 1841 4525 Aaron

240 4576 271 4617 a
319 4561 651 4616 Pharaone:
691 4570 744 4615 et
770 4560 1024 4615 clamavit
1069 4560 1245 4616 Moses
1292 4560 1359 4616 ad
1410 4561 1696 4618 Dominum
1744 4576 1843 4633 pro

242 4654 540 4724 sponsione
568 4667 823 4707 ranarum
867 4667 1026 4723 quam
1057 4652 1378 4708 condixerat
1418 4652 1709 4710 Pharaoni.
1739 4654 1841 4711 Fe-

241 4748 424 4819 citque
448 4746 713 4802 Dominus
740 4746 893 4816 juxta
928 4746 1149 4800 verbum
1186 4746 1344 4814 Mosi,
1371 4756 1426 4802 et
1453 4756 1683 4803 mortuae
1717 4756 1843 4803 sunt

244 4856 389 4896 rana:
422 4839 491 4895 de
518 4838 794 4907 domibus,
825 4845 881 4894 et
904 4838 971 4893 de
1001 4838 1168 4905 villis,
1204 4846 1259 4895 et
1295 4838 1364 4895 de
1402 4841 1568 4910 agris.
1601 4838 1843 4912 Congre-

244 4944 614 5007 gareruntque
658 4950 752 4992 eas
803 4936 859 4991 in
908 4936 1207 4992 immensos
1253 4950 1501 5007 aggeres,
1538 4944 1594 4991 et
1620 4950 1841 5007 compu-

248 5030 376 5083 truit
420 5038 586 5084 terra.
622 5027 825 5084 Videns
857 5038 1034 5083 autem
1078 5026 1292 5083 Pharao
1336 5028 1480 5099 quod
1522 5028 1645 5085 data
1694 5039 1839 5085 esset

247 5120 481 5187 requies,
504 5117 799 5190 ingravavit
820 5134 915 5173 cor
935 5132 1114 5186 suum,
1131 5128 1184 5173 et
1211 5133 1317 5173 non
1341 5119 1546 5174 audivit
1571 5134 1687 5185 eos,
1704 5121 1845 5175 sicut

246 5212 451 5269 dixerat
473 5211 659 5286 [ναις.
693 5212 1047 5285 prteceperatj
1077 5212 1360 5267 Dominus.
1386 5212 1472 5285 [Τ.
1498 5213 1564 5282 ν,
1599 5216 1632 5269 5
1658 5212 1840 5287 Plag.]

248 5306 500 5378 Dixitque
531 5307 797 5362 Dominus
840 5306 905 5361 ad
953 5307 1139 5361 Mosen
1168 5324 1181 5359 :
1224 5305 1472 5377 Loquere
1512 5305 1579 5361 ad
1611 5306 1793 5362 Aaron
1824 5324 1838 5362 :

252 5402 493 5458 Extende
518 5402 725 5473 virgam
772 5410 945 5467 tuam,
991 5410 1043 5457 et
1070 5410 1294 5471 percute
1321 5400 1601 5471 pulverem
1634 5408 1835 5456 terrae:

250 5505 303 5551 et
345 5496 453 5551 sint
502 5494 747 5565 ciniphes
793 5495 845 5549 in
894 5495 1152 5551 universa
1193 5502 1335 5549 terra
1386 5491 1628 5565 Egypti.
1672 5492 1838 5549 Fece-

251 5602 479 5664 runtque
508 5591 603 5647 ita.
636 5591 706 5647 Et
748 5589 993 5647 extendit
1020 5588 1201 5645 Aaron
1233 5604 1474 5655 manum,
1504 5589 1710 5659 virgam
1755 5597 1835 5644 te-

320 5766 343 5793 ·
385 5756 592 5825 Legnnt
622 5753 732 5817 hic,
762 5760 883 5824 post
912 5750 1079 5817 LXX,
1110 5750 1238 5807 editi
1261 5751 1439 5807 Latini
1464 5750 1607 5825 libri,
1634 5759 1692 5825 rut
1722 5749 1831 5803 abi-

248 5840 433 5901 gamur
458 5824 602 5881 rana:
631 5843 661 5880 a
686 5834 733 5879 te
757 5868 771 5891 ,
812 5834 857 5879 et
882 5842 914 5877 a
936 5826 1089 5879 domo
1119 5833 1231 5901 tua.
1258 5834 1367 5901 et__a
1386 5824 1543 5901 fervis
1569 5824 1691 5901 tuis,
1726 5832 1771 5875 et
1799 5839 1832 5875 a

247 5896 437 5973 popqu
482 5906 567 5955 tuo
595 5915 613 5955 :
663 5906 708 5955 et
748 5905 968 5969 tantum,
997 5904 1100 5953 etc.
1135 5897 1199 5953 At
1220 5897 1271 5953 in
1302 5897 1555 5965 llebrteo,
1585 5896 1673 5952 cui
1702 5910 1833 5952 con-

1655 307 1859 365 LIBER
1900 306 2130 366 EXODI.

239 445 332 486 ses
365 440 420 487 et
445 430 651 495 Aaron,
679 428 817 483 sicut
843 432 1178 498 praeceperat
1210 423 1469 479 Dominus
1496 441 1509 477 :
1542 430 1598 479 et
1621 424 1841 480 elevans
1868 430 1921 488 Α
1948 439 2082 481 nens
2125 442 2137 479 :

3438 310 3548 367 250

2187 425 2564 499 percussitquc
2596 426 2874 499 pulverem
2919 435 3103 497 teme,
3154 435 3210 484 et
3252 428 3376 485 facti
3415 440 3546 488 sunt

1946 520 2193 592 ciniphes
2224 522 2277 578 in
2303 521 2633 589 hominibus,
2668 532 2723 580 et
2754 525 2806 579 in
2831 524 3129 596 jumentis:
3158 524 3338 579 omnis
3368 525 3543 595 pulvis

1948 622 2108 670 terra:
2129 630 2323 671 versus
2342 626 2427 672 est
2452 618 2505 671 in
2528 617 2773 687 ciniphes
2806 632 2903 688 per
2920 626 3106 683 ,totam
3129 626 3335 673 terram
3379 616 3549 690 Egy-

1947 705 2044 775 pti.
2078 705 2455 779 Feceruntque
2477 708 2730 765 similiter
2752 708 2981 764 maleﬁci
3016 724 3113 779 per
3136 706 3543 767 incantationes

1947 812 2097 866 suas,
2118 807 2179 853 ut
2200 799 2494 856 educerent
2520 800 2788 871 ciniphes,
2815 811 2869 857 et
2891 816 3000 857 non
3027 810 3547 873 potuerunt:erant-

1946 905 2049 961 que
2077 890 2325 961 ciniphes
2354 900 2461 947 tam
2494 892 2548 948 in
2582 892 2896 949 hominibus
2948 909 3109 965 quam
3156 895 3208 949 in
3252 896 3536 965 jumentis.

1948 983 2016 1038 Et
2043 982 2299 1041 dixerunt
2329 984 2556 1043 maleﬁci
2589 986 2655 1042 ad
2688 985 3023 1043 Pharaonem
3051 1004 3063 1042 :
3096 988 3305 1059 Digitus
3327 988 3425 1043 Dei
3456 997 3543 1045 est

1948 1076 2265 1151 Itoc[Vufg.
2313 1078 2440 1152 hic],
2501 1079 2919 1152 induratumque
2957 1090 3041 1137 est
3084 1097 3181 1137 cor
3211 1081 3534 1149 Pharaonis,

1947 1178 2000 1225 et
2022 1184 2128 1225 non
2152 1171 2359 1227 audivit
2387 1188 2481 1228 eos
2514 1173 2652 1228 sicut
2684 1174 2893 1231 locutus
2925 1185 3009 1232 est
3037 1157 3228 1247 [γᾶιρ.
3263 1191 3539 1247 ρτωοορε-

1946 1264 2050 1337 rat]
2082 1265 2358 1322 Dominus.
2392 1266 2447 1341 [4
2482 1266 2696 1341 Plaga.j
2730 1268 2872 1324 Dixit
2919 1284 3134 1341 quoque
3181 1270 3439 1325 Dominus
3469 1270 3537 1326 ad

1946 1359 2131 1415 Mosen
2163 1378 2177 1414 :
2209 1360 2489 1433 Consurge
2527 1362 2787 1430 diluculo,
2816 1373 2871 1419 et
2899 1374 2981 1419 sta
3008 1378 3193 1420 coram
3233 1363 3538 1431 Pharaone,

1946 1453 2258 1524 egredietur
2299 1457 2439 1511 enim
2473 1455 2540 1511 ad
2570 1472 2777 1526 aquas:
2813 1464 2868 1512 et
2916 1456 3063 1513 dices
3108 1457 3174 1512 ad
3203 1472 3326 1513 eum
3361 1476 3374 1513 :
3410 1458 3537 1513 llzec

1946 1547 2077 1603 dicit
2101 1549 2360 1605 Dominus
2392 1569 2403 1604 :
2438 1549 2654 1608 Dimitte
2686 1552 2944 1622 populum
2978 1567 3157 1608 meum
3186 1561 3243 1609 ut
3272 1555 3544 1610 sacrificet

1946 1641 2098 1696 mihi.
2122 1642 2275 1711 Quod
2302 1644 2347 1699 si
2379 1657 2483 1699 non
2510 1643 2780 1702 dimiseris
2808 1660 2953 1713 eum,
2972 1660 3099 1703 ecce
3121 1661 3220 1719 ego
3252 1647 3537 1703 immittam

1948 1732 2003 1789 in
2036 1742 2109 1803 te,
2142 1745 2199 1791 et
2220 1734 2276 1791 in
2307 1751 2492 1793 servos
2526 1746 2667 1807 tuos,
2702 1737 2756 1793 in
2784 1737 3043 1810 p0pulum
3076 1748 3247 1809 tuum,
3274 1748 3328 1795 et
3357 1740 3409 1795 in
3436 1740 3535 1795 do-

695 1827 991 1901 Ingredere
1036 1828 1101 1883 ad
1165 1827 1539 1895 Pharaonem,
1593 1836 1647 1883 et
1692 1827 1841 1883 dices
1872 1826 1921 1886 B
1948 1842 2065 1882 mos
2096 1836 2236 1895 tuas,
2268 1843 2428 1885 omne
2474 1844 2646 1900 genus
2690 1844 3042 1887 muscarum:
3073 1841 3129 1888 et
3174 1832 3541 1902 implebuntur

1943 1921 2136 1977 domus
2160 1921 2535 1995 [Egyptiorum
2569 1925 2770 1981 muscis
2803 1924 3001 1981 diversi
3033 1927 3269 1996 generis,
3331 1935 3387 1982 et
3416 1927 3537 1983 uni-

1942 2031 2100 2073 versa
2133 2026 2275 2073 terra
2306 2018 2359 2073 in
2388 2033 2493 2089 qua
2522 2018 2743 2075 fuerint.
2790 2019 3118 2091 Faciamque
3146 2019 3451 2077 mirabilem
3480 2020 3535 2078 in

1942 2111 2030 2167 die
2054 2112 2148 2167 illa
2182 2122 2380 2168 terram
2423 2112 2626 2180 Gesen,
2659 2114 2711 2169 in
2742 2128 2847 2184 qua
2879 2115 3110 2185 populus
3151 2128 3305 2170 meus
3342 2124 3446 2185 est,
3480 2124 3539 2170 ut

1942 2222 2050 2262 non
2086 2206 2193 2263 sint
2223 2207 2294 2262 ibi
2325 2222 2548 2273 muscae,
2586 2218 2644 2264 et
2681 2208 2821 2264 scias
2854 2211 3111 2280 quoniam
3140 2224 3241 2280 ego
3274 2209 3533 2266 Dominus

1943 2301 1996 2358 in
2030 2302 2207 2358 medio
2240 2312 2420 2359 teme.
2472 2303 2785 2374 Ponamque
2827 2304 3155 2361 divisionem
3190 2305 3333 2362 inter
3364 2321 3536 2377 popu-

1941 2396 2053 2452 lum
2080 2410 2259 2451 meum
2284 2404 2338 2452 et
2364 2396 2618 2466 populum
2643 2406 2790 2452 tuum
2818 2414 2830 2452 :
2857 2412 2978 2453 cras
3003 2400 3109 2453 erit
3131 2398 3343 2469 signum
3368 2399 3530 2455 istud.

1942 2489 2203 2558 Fecitque
2233 2489 2493 2545 Dominus
2544 2491 2639 2544 ita.
2688 2490 2755 2546 Et
2786 2492 2932 2546 venit
2979 2506 3164 2547 musca
3206 2492 3531 2563 gravissima

1943 2583 1995 2639 in
2010 2582 2201 2639 domos
2216 2582 2516 2639 Pharaonis
2538 2592 2592 2639 et
2609 2599 2890 2641 servorum
2905 2586 3041 2657 ejus,
3056 2596 3111 2642 et
3134 2586 3188 2642 in
3203 2601 3421 2642 omnem
3438 2596 3540 2643 ter-

1944 2692 2057 2732 ram
2090 2676 2328 2749 Egypti,
2357 2688 2719 2748 corruptaque
2754 2689 2835 2734 est
2874 2687 3018 2734 terra
3056 2679 3126 2736 ab
3160 2678 3539 2750 hujuscemodi

1941 2771 2161 2828 muscis.
2213 2771 2541 2844 Vocavitque
2585 2773 2797 2829 Pharao
2834 2773 3018 2830 Mosen
3048 2782 3104 2830 et
3135 2772 3342 2843 Aaron,
3376 2783 3432 2829 et
3463 2774 3539 2830 ait

1941 2868 2021 2924 eis
2054 2886 2066 2922 :
2098 2866 2196 2937 Ite,
2248 2867 2549 2924 sacriﬁcate
2598 2868 2710 2925 Deo
2764 2878 2946 2925 vestro
2975 2867 3029 2924 in
3060 2876 3204 2924 terra
3254 2867 3442 2941 [ναις.
3492 2876 3539 2923 et

1945 2962 2063 3018 cod.
2102 2961 2262 3017 Mem.
2313 2963 2514 3017 addunt
2560 2961 2707 3034 hac].
2735 2962 2803 3018 Et
2828 2963 2905 3018 ait
2935 2962 3155 3018 Moses:
3204 2961 3320 3017 Non
3362 2969 3541 3033 potest

1944 3056 2017 3112 ita
2052 3057 2167 3113 ﬁeri
2198 3076 2207 3111 :
2241 3056 2677 3114 abominatioues
2706 3059 2850 3114 enim
2880 3057 3260 3131 Egyptiorum
3296 3057 3540 3113 immola-

1941 3152 2122 3209 bimus
2149 3152 2382 3208 Domino
2409 3152 2523 3209 Deo
2552 3162 2763 3216 nostro.
2788 3152 2930 3224 quod
2958 3152 3005 3207 si
3038 3150 3453 3207 mactavcrimus
3476 3166 3538 3207 ea

1945 3260 2065 3315 quae
2078 3247 2261 3301 colunt
2282 3244 2522 3318 Egyptii
2538 3261 2720 3301 coram
2738 3246 2842 3313 eis,
2868 3244 3139 3316 lapidibus
3161 3260 3261 3299 nos
3282 3244 3535 3304 obruent.

1942 3338 2097 3393 Viam
2152 3338 2315 3394 trium
2357 3340 2564 3394 dierum
2613 3353 2896 3410 pergemus
2944 3338 2998 3392 in
3054 3336 3402 3393 solitudinem
3440 3344 3539 3391 :et

1943 3431 2369 3486 sacriﬁcabimus
2426 3430 2657 3485 Domino
2705 3432 2816 3485 Deo
2863 3438 3050 3484 nostro
3091 3429 3231 3483 sicut
3276 3426 3540 3499 praecepit

1942 3525 2125 3581 nobis.
2159 3526 2409 3596 Dixitque
2430 3524 2645 3581 Pharao
2672 3542 2685 3579 :
2715 3524 2831 3596 Ego
2856 3524 3121 3580 dimittam
3157 3537 3254 3579 vos
3285 3534 3341 3577 ut
3370 3522 3540 3577 sacri—

1944 3616 2118 3673 ficetis
2149 3618 2383 3673 Domino
2416 3618 2529 3674 Deo
2555 3625 2739 3672 vestro
2763 3618 2815 3671 itt
2848 3616 3071 3673 deserto
3104 3634 3118 3670 :
3154 3624 3531 3673 verumtamen

1944 3711 2156 3783 longius
2172 3727 2237 3768 ne
2250 3712 2478 3775 abeatis,
2496 3721 2680 3783 rogate
2695 3726 2792 3782 pro
2819 3727 2924 3767 me.
2942 3712 3009 3766 Et
3030 3712 3105 3766 ait
3119 3711 3293 3767 Moses
3312 3729 3322 3765 :
3340 3710 3538 3781 Egres-

1945 3818 2037 3859 sus
2055 3818 2082 3856 a
2108 3812 2179 3873 te,
2193 3804 2394 3874 rogabo
2411 3803 2791 3873 Dominum,'et
2808 3804 3026 3861 recedet
3052 3818 3232 3860 musca
3253 3820 3279 3856 a
3300 3803 3538 3859 Pharao-

1947 3898 2035 3963 rfe,
2069 3907 2124 3953 et
2152 3912 2182 3952 a
2205 3898 2400 3967 servis,
2425 3906 2481 3954 et
2508 3913 2538 3953 a
2564 3899 2762 3970 populo
2806 3898 2924 3969 ejus
2970 3913 3129 3955 cras:
3165 3906 3537 3953 verumtamen

1946 3991 2060 4048 noli
2091 3993 2235 4047 ultra
2266 3991 2472 4059 fallere,
2516 4003 2577 4048 ut
2622 4009 2732 4048 non
2760 3993 3004 4048 dimittas
3036 3992 3293 4064 populum
3332 3990 3539 4047 sacriﬁ-

1945 4100 2073 4141 care
2103 4085 2354 4140 Domino.
2390 4086 2763 4158 Egressusque
2791 4086 2971 4142 Moses
3001 4101 3031 4141 a
3057 4085 3362 4155 Pharaone,
3415 4100 3542 4140 ora-

1945 4180 2024 4235 vit
2059 4178 2369 4234 Dominum.
2402 4178 2503 4245 Qui
2528 4178 2652 4235 fecit
2680 4180 2831 4248 juxta
2857 4179 3079 4235 verbum
3112 4180 3258 4235 illius
3290 4196 3303 4232 :
3338 4188 3393 4233 et
3418 4178 3542 4233 abs—

1948 4274 2070 4330 tulit
2114 4288 2336 4329 muscas
2380 4290 2410 4329 a
2436 4274 2743 4341 Pharaone,
2790 4282 2847 4329 et
2889 4290 2919 4329 a
2970 4274 3168 4341 servis,
3202 4283 3259 4329 et
3287 4289 3315 4328 a
3346 4273 3544 4344 populo

1948 4366 2065 4438 ejus
2097 4384 2111 4423 :
2156 4383 2265 4422 non
2298 4367 2567 4438 superfuit
2592 4382 2662 4423 ne
2693 4382 2796 4423 una
2826 4366 3065 4439 quidem.
3100 4368 3166 4422 Et
3197 4366 3535 4437 ingravatum

1946 4472 2029 4520 est
2056 4477 2153 4517 cor
2184 4462 2505 4532 Pharaonis,
2542 4462 2616 4518 ita
2644 4470 2702 4518 ut
2731 4477 2799 4519 ne
2824 4462 2928 4517 hac
2956 4460 3175 4533 quidem
3207 4460 3325 4516 vice
3351 4459 3537 4514 dimit-

1949 4563 2093 4612 teret
2124 4556 2408 4625 populum.

2018 4649 2166 4722 [Cap.
2199 4649 2289 4716 1x,
2320 4650 2353 4705 5
2384 4647 2602 4721 Plaga.]
2635 4648 2777 4704 Dixit
2818 4656 3009 4704 autem
3039 4647 3305 4703 Dominus
3332 4647 3398 4702 ad
3430 4647 3543 4702 Mo-

1946 4759 2043 4800 sen
2078 4763 2087 4796 :
2122 4742 2418 4813 ingredere
2447 4743 2513 4798 ad
2545 4742 2910 4809 Pharaonem,
2940 4752 2993 4797 et
3021 4741 3245 4813 loquere
3273 4742 3339 4797 ad
3369 4757 3491 4797 eum
3526 4761 3540 4799 :

1946 4837 2072 4893 Haec
2100 4837 2232 4892 dicit
2281 4837 2540 4892 Dominus
2574 4838 2717 4893 Deus
2758 4837 3117 4894 Hebraeorum
3153 4856 3165 4892 :
3200 4839 3420 4894 Dimitte
3446 4854 3545 4910 po-

1946 4933 2132 5001 pulum
2176 4945 2354 4986 meum
2386 4941 2442 4985 ut
2474 4929 2749 4988 sacriﬁcet
2797 4930 2954 4987 mihi.
2985 4930 3140 4998 Quod
3173 4930 3218 4986 si
3246 4931 3425 4987 adhuc
3456 4946 3544 4987 re-

1948 5026 2093 5093 nuis,
2127 5032 2180 5079 et
2225 5024 2429 5080 retines
2468 5038 2625 5079 eos:
2671 5038 2801 5080 ecce
2839 5038 3032 5079 manus
3077 5038 3197 5080 mea
3236 5024 3342 5080 erit
3380 5039 3545 5096 super

1954 5132 2114 5188 agros
2149 5126 2308 5173 tuos:
2342 5132 2515 5188 super
2541 5132 2737 5188 equos,
2769 5127 2822 5173 et
2854 5117 3062 5183 asinos,
3097 5128 3149 5174 et
3182 5118 3449 5184 camelos,
3495 5126 3551 5173 et

1950 5211 2138 5281 boves,
2172 5222 2225 5267 et
2245 5227 2397 5279 oves,
2430 5212 2601 5283 pestis
2641 5212 2799 5269 valde
2839 5214 3044 5283 gravis.
3078 5213 3148 5269 Et
3177 5212 3340 5270 faciet
3362 5213 3547 5269 Domi-

1948 5320 2052 5361 nus
2096 5306 2383 5374 mirabile,
2428 5306 2571 5361 inter
2613 5307 2988 5376 possessiones
3018 5306 3187 5362 Israel
3228 5317 3283 5362 et
3327 5306 3591 5378 posses-‘

1946 5401 2131 5457 siones
2156 5399 2538 5473 Egyptiorum
2558 5442 2573 5468 ,
2604 5410 2663 5457 ut
2693 5400 2826 5456 nihil
2855 5401 3080 5457 omnino
3126 5410 3312 5472 pereat
3356 5416 3420 5457 ex
3455 5402 3542 5456 his

1944 5510 2064 5566 quae
2115 5496 2385 5565 pertinent
2437 5494 2505 5551 ad
2560 5495 2700 5552 ﬁlios
2742 5494 2925 5553 lsrael.
2984 5494 3385 5565 Constituitqne
3435 5494 3537 5548 Do-

1943 5588 2121 5644 minus
2189 5596 2443 5658 tempus,
2518 5585 2709 5646 dicens
2773 5608 2787 5643 :
2852 5589 2986 5644 Cras
3048 5587 3212 5644 faciet
3278 5586 3541 5643 Dominus

1941 5748 2105 5804 sentit
2136 5761 2317 5802 canon
2350 5747 2485 5805 Heb.
2519 5749 2786 5817 veritatis,
2818 5747 3013 5818 legitur
3041 5757 3100 5803 ut
3123 5762 3220 5802 nos
3242 5746 3532 5802 edidimus.

1941 5820 2118 5875 MART.
2160 5851 2230 5861 -—
2260 5820 2422 5876 Addit
2468 5820 2609 5877 idem
2668 5836 2769 5876 ms.
2813 5836 2935 5875 cum
2978 5818 3141 5874 editis
3180 5819 3361 5883 libris,
3387 5820 3541 5889 juxta

1940 5892 2213 5962 Graecum,
2233 5902 2280 5949 et
2307 5910 2339 5949 a
2360 5894 2515 5950 servis
2543 5896 2668 5965 tuis,
2695 5902 2744 5949 et
2765 5909 2795 5947 a
2818 5890 3013 5964 papula
3039 5901 3151 5959 tuo,
3189 5900 3532 5965 tantum,etc.
