3912 6348
393 246 494 319 ast

1389 246 1428 303 s
1490 245 1867 304 lllERUNYMl
1910 234 2142 304 tuva
2179 230 2662 306 memoratam.

3570 218 3695 306 25’

394 367 617 425 verbum
675 364 814 421 istud
856 364 912 421 in
963 368 1126 421 terra.
1176 364 1330 422 Fecit
1374 370 1504 435 ergo
1557 362 1819 417 Dominus
1869 370 1989 418 ver-
2017 364 2067 425 Α
2096 379 2200 419 non
2227 354 2444 420 cecidit.
2478 350 2727 435 Misitque
2780 356 3011 431 Pharao,
3063 374 3118 420 et
3171 362 3589 420 VOCM'ilMDSBII
3633 366 3693 417 et

396 462 528 519 bum
578 460 680 516 hoc
727 459 898 515 altera
928 458 1063 515 die:
1108 460 1429 529 mortuaque
1476 466 1603 513 sunt
1647 456 1829 513 omnia
1870 454 1985 511 ani—

397 548 597 609 mantia
642 552 1017 626 Egyptiorum
1049 571 1059 606 :
1114 552 1181 608 de
1216 551 1539 607 animalibus
1581 566 1712 606 vero
1751 547 1985 606 liliorum

397 645 563 704 isracl
615 645 749 701 nihil
781 646 1002 701 Omnino
1035 646 1214 715 periit.
1260 644 1326 698 Et
1370 643 1518 699 misit
1547 643 1759 698 Pharao
1794 644 1861 699 ad
1902 644 1987 699 vi-

398 739 633 796 dendum
666 757 678 794 :
707 750 808 795 nec
837 748 953 794 erat
1001 737 1294 809 quidquam
1340 744 1609 794 mortuum
1646 736 1716 793 de
1761 737 1843 792 his
1870 752 1988 808 quae

395 832 709 904 possidebat
739 832 927 889 lsrael.
954 829 1010 906 [6
1038 830 1258 904 Plaga.]
1306 829 1754 903 lngravatumque
1782 836 1865 886 est
1895 845 1991 886 cor

395 923 717 991 Pharaonis,
748 930 800 979 et
832 941 936 980 non
969 925 1176 983 dimisit
1206 924 1484 996 populum.
1525 916 1593 978 Et
1626 916 1762 979 dixit
1810 920 1993 979 Dbmi-

309 1053 319 1060 -
399 1032 503 1074 nus
525 1018 593 1074 ad
623 1019 894 1092 MOSGILGI
922 1017 1102 1073 Aaron
1138 1035 1151 1071 :
1176 1016 1375 1072 Tollite
1401 1014 1588 1087 plenas
1616 1031 1807 1071 manus
1836 1017 1991 1071 cine-

396 1112 475 1168 ris
507 1111 574 1167 de
599 1113 835 1177 camino,
868 1118 923 1166 et
948 1118 1166 1181 spargat
1199 1109 1348 1164 illum
1388 1108 1566 1164 Moses
1591 1110 1643 1163 in
1672 1107 1870 1165 cmlum
1902 1121 1994 1163 co-

2092 456 2300 521 Aaron,
2338 456 2525 513 dieens
2586 448 2651 512 ad
2709 473 2805 512 eos
2861 474 2876 514 :
2946 457 3169 515 Peccavi
3241 458 3402 515 etiam
3472 466 3616 511 ntmc
3676 468 3692 508 :

2095 550 2351 604 Dominus
2403 549 2580 619 justus
2641 565 2656 605 :
2718 565 2819 621 ego
2876 558 2930 605 et
2985 550 3212 621 populus
3269 544 3691 629 melispitupii.

2090 641 2253 699 Orate
2282 640 2590 711 Dominum,
2642 653 2701 700 ut
2746 643 2995 701 desinant
3026 645 3263 700 toititrna
3296 640 3411 712 Dei,
3444 652 3497 698 et
3525 656 3696 714 gran—

2092 734 2218 791 do:
2276 742 2333 791 ut
2378 735 2643 791 dimittam
2698 750 2837 802 vos,
2902 747 2957 794 et
3019 751 3353 809 nequaquam
3408 734 3492 789 hic
3529 732 3695 789 ultra

2092 830 2380 885 maneatis.
2412 824 2706 885 Ait‘Moses
2742 848 2753 884 :
2783 827 2916 886 Cum
2949 846 3204 899 egressus
3259 830 3415 885 fuero
3441 827 3507 883 de
3532 825 3694 893 urbe,

2092 924 2383 980 estcndam
2414 922 2620 994 palmas
2651 924 2799 979 meas
2842 924 2909 980 ad
2958 923 3271 992 Donnnum,
3303 932 3356 979 et
3393 920 3699 977 ’cessabunt

2094 1016 2355 1082 tonitrua,
2386 1027 2438 1072 et
2468 1015 2673 1088 grando
2724 1020 2830 1072 non
2872 1018 3014 1074 erit:
3049 1024 3109 1073 ut
3140 1012 3280 1073 scias
3311 1014 3433 1086 quia
3470 1004 3691 1068 Domini

2093 1114 2177 1164 est
2205 1117 2347 1164 terra
2374 1126 2386 1164 :
2417 1108 2547 1163 novi
2569 1116 2774 1176 autem,
2805 1110 2948 1180 quod
2979 1116 3034 1166 et
3060 1117 3134 1175 tu,
3172 1102 3228 1165 et
3251 1103 3398 1164 servi
3431 1105 3529 1174 tui,
3563 1119 3701 1160 nec-

396 1217 512 1261 ram
540 1203 828 1259 Pharaone
860 1218 873 1258 :
905 1203 1097 1274 Sitque
1126 1202 1299 1273 pulvis
1322 1214 1486 1271 super
1514 1216 1734 1256 onmem
1789 1208 1990 1256 terram
2094 1200 2227 1258 dum
2255 1203 2491 1258 timcatis
2516 1201 2805 1257 Dominqu
2834 1202 3024 1259 Deum.
3058 1200 3249 1258 Linum
3296 1216 3426 1272 ergo
3465 1206 3521 1255 et
3561 1192 3701 1252 hor-

397 1295 617 1367 [Egypti
641 1314 655 1350 :
682 1302 844 1351 erunt
872 1295 1023 1351 enim
1051 1293 1364 1350 lmininibus
1395 1303 1449 1349 et
1471 1291 1735 1364 jumentis
1768 1292 1990 1346 vulnera
2095 1296 2257 1352 deum
2291 1292 2479 1352 laasum
2503 1305 2605 1362 est,
2638 1312 2704 1353 eo
2739 1297 2882 1367 quod
2915 1305 3062 1352 esset
3091 1294 3356 1350 hordeum
3388 1293 3592 1358 virens,
3628 1295 3690 1344 et

398 1387 416 1460 Ι
433 1386 584 1459 Vulg.
610 1384 847 1457 ulcera],
871 1394 925 1442 et
950 1387 1145 1440 vesicae
1169 1393 1469 1456 turgentes,
1500 1384 1552 1439 in
1578 1384 1828 1438 universa
1851 1386 1995 1438 terra'
2098 1389 2263 1444 linum
2292 1389 2403 1461 jam
2430 1389 2703 1446 folliculos
2726 1389 3063 1461 germinaret
3089 1407 3103 1444 :
3133 1386 3377 1444 triticum
3426 1392 3610 1439 autem
3644 1372 3704 1438 et

397 1481 645 1555 Egyptl.
686 1479 1057 1551 Tuleruutque
1102 1480 1344 1535 cinerem
1394 1480 1462 1536 de
1485 1481 1722 1545 camino,-
1751 1484 1804 1535 et
1829 1486 1997 1534 stetc—
2098 1483 2181 1537 far
2210 1484 2316 1539 neu
2342 1495 2468 1537 sunt
2494 1480 2642 1549 laisa,
2675 1480 2802 1554 quia
2835 1484 3077 1537 serotina
3102 1480 3275 1536 erant.
3321 1478 3703 1548 Egi-casusque

399 1584 530 1633 runt
552 1590 734 1631 coram
768 1574 1075 1642 Pharaone,
1103 1584 1158 1628 et
1184 1574 1385 1644 sparsit
1412 1573 1564 1628 illum
1593 1573 1770 1629 Moses
1803 1566 1854 1627 in
1885 1586 1997 1629 ωε·
2099 1575 2275 1630 Moses
2304 1592 2331 1628 ει
2364 1570 2647 1630 Pharaone
2687 1576 2753 1630 ex
2806 1574 2941 1631 urbe
2994 1572 3218 1630 tetendit
3261 1582 3451 1627 manus
3490 1570 3557 1624 ad
3586 1568 3702 1625 Do-

398 1668 508 1724 lum
537 1685 551 1723 :
589 1665 842 1738 factaque
887 1676 1017 1722 sunt
1061 1667 1288 1723 Vulnera
1320 1670 1618 1723 vesicarum
1664 1669 1997 1739 turgentium
2099 1668 2304 1723 minutn
2335 1689 2349 1725 :
2377 1678 2433 1724 et
2453 1675 2808 1724 cessaverunt
2827 1667 3067 1723 tonitrua
3092 1674 3147 1723 et
3168 1664 3401 1737 grando,
3430 1679 3531 1720 nec
3554 1663 3700 1718 ultra

398 1762 452 1818 in
505 1761 836 1827 hominibus,
884 1771 937 1815 et
977 1760 1264 1832 jumentis,
1314 1768 1414 1817 nec
1464 1766 1719 1831 poterant
1762 1754 1993 1817 malefici
2023 1760 2072 1825 B
2099 1759 2319 1816 stillavit
2349 1754 2528 1831 pluvia
2570 1772 2734 1832 super
2781 1756 3001 1817 terram.
3031 1746 3238 1816 Videns
3267 1766 3446 1814 autem
3479 1756 3701 1812 Pharao

401 1867 550 1911 stare
572 1870 755 1911 coram
780 1854 929 1910 Mose
951 1864 1174 1926 prepter
1194 1855 1442 1923 vulnera,
1469 1870 1588 1926 qua:
1612 1855 1663 1910 in
1683 1852 1792 1909 illis
1813 1860 1991 1922 erant,
2094 1850 2241 1927 quod
2267 1865 2534 1911 ceSSasset
2565 1855 2771 1927 pluvia,
2805 1862 2858 1911 et
2899 1855 3128 1927 grando,
3157 1864 3214 1911 et
3243 1853 3507 1920 tonitrua,
3537 1838 3695 1905 auxit

401 1947 535 2004 etin
565 1947 712 2002 omni
746 1957 892 2002 terra
924 1942 1169 2020 Egypti.
1196 1946 1582 2018 induravitque
1604 1946 1869 2001 Dominus
1899 1959 1996 2000 cor
2095 1958 2397 2023 peccatum,
2425 1961 2478 2005 et
2514 1952 2853 2022 ingravatum
2892 1959 2977 2006 est
3007 1964 3101 2004 cor
3126 1948 3270 2018 ejus,
3310 1952 3368 2001 et
3406 1954 3697 2000 servorum

406 2040 726 2105 Pharaonis,
757 2050 943 2097 etnon
976 2040 1182 2096 audivit
1203 2057 1303 2096 eos
1335 2042 1475 2096 sicut
1496 2041 1707 2097 locutus
1756 2048 1841 2096 est
1888 2041 1994 2095 Do-

405 2137 586 2193 minus
627 2134 695 2192 ad
741 2136 947 2192 Mosen.
993 2135 1047 2208 [7
1097 2136 1310 2208 Plaga.]
1360 2135 1608 2207 Dixitque
1640 2135 1899 2190 Dominus
1929 2135 1995 2189 ad

341 2304 349 2308 _
405 2230 588 2288 Mosen
628 2249 643 2287 :
670 2231 829 2287 Mane
857 2245 1152 2303 consurge,
1182 2239 1238 2286 et
1268 2238 1348 2284 sta
1380 2244 1564 2284 coram
1596 2228 1901 2297 Pharaone,
1944 2232 2000 2284 et

407 2324 557 2381 dices
595 2324 661 2380 ad
706 2340 836 2381 eum
869 2340 883 2380 :
913 2325 1041 2381 Haec
1078 2325 1210 2381 dicit
1261 2325 1525 2380 Dominus
1571 2325 1712 2380 Deus
1742 2324 2001 2382 Hebraeo-

405 2435 527 2475 rum
560 2437 572 2472 :
608 2419 828 2476 Dimitte
872 2419 1129 2491 populum
1162 2428 1365 2489 meum,
1419 2429 1473 2473 ιιι
1525 2418 1801 2474 sacrificet
1842 2417 1998 2474 mihi.

415 2512 551 2581 Quia
586 2515 640 2567 in
671 2511 772 2567 hac
803 2512 921 2568 vice
950 2512 1159 2567 mittam
1202 2524 1392 2568 oiunes
1437 2511 1619 2584 plagas
1649 2524 1798 2568 meas
1839 2525 2005 2582 super

406 2621 505 2662 cor
530 2614 680 2661 tuum
707 2604 898 2680 [Vulg].
930 2606 1059 2661 add.
1087 2605 1190 2680 et],
1220 2620 1387 2677 snper
1426 2622 1615 2662 servos
1651 2614 1798 2675 tuos,
1831 2617 1884 2662 et
1914 2620 2007 2662 su-

411 2716 511 2773 per
554 2700 817 2771 populum
866 2707 1059 2756 tuum:
1101 2710 1160 2755 ut
1189 2700 1331 2756 scias
1372 2700 1517 2770 quod
1552 2712 1658 2754 non
1700 2698 1768 2754 sit
1812 2698 2006 2756 similis

411 2793 518 2849 mei
568 2792 622 2848 in
669 2791 817 2848 omni
867 2802 1032 2848 terra.
1066 2791 1217 2848 Nunc
1247 2792 1390 2847 enim
1434 2790 1735 2847 extendens
1788 2803 2006 2847 manum

419 2896 597 2941 meam
629 2883 822 2959 [Vah].
858 2895 957 2940 (ac.
1005 2882 1225 2957 meam],
1259 2885 1552 2954 percutiam
1583 2891 1637 2940 te
1665 2893 1720 2939 et
1751 2884 2009 2955 populum

413 2990 566 3036 tuum
591 2988 766 3049 peste,
800 2978 1112 3050 perihisq‘ne
1140 2978 1208 3034 de
1251 2988 1415 3034 terra.
1444 2974 1656 3033 Idcirco
1695 2985 1880 3034 autem
1917 2990 2011 3048 po-

412 3072 498 3129 sui
525 3081 598 3140 te,
625 3082 680 3127 ut
709 3070 995 3127 ostendam
1025 3072 1076 3125 iu
1110 3081 1162 3126 te
1187 3069 1565 3126 fortitudinem
1592 3084 1794 3139 meam,
1811 3078 1865 3125 et
1886 3081 2010 3125 nar-

2098 2042 2263 2113 illius,
2294 2054 2347 2099 et
2374 2042 2685 2099 induratum
2717 2043 2882 2098 nimis
2915 2060 2929 2096 :
2964 2056 3065 2097 nec
3090 2036 3297 2096 dimisit
3328 2037 3465 2093 lllios
3491 2035 3688 2102 Israel,

2100 2139 2241 2195 sieut
2267 2139 2482 2194 locutus
2508 2147 2591 2195 est
2614 2137 2876 2194 Dominus
2906 2152 3002 2207 per
3030 2149 3248 2191 manum
3276 2130 3435 2190 Mosi.

2173 2230 2258 2307 [Τ.
2289 2232 2378 2301 Vl,
2410 2233 2537 2307 Cap.
2586 2233 2657 2299 Χ.
2691 2234 2723 2289 8
2758 2230 2976 2305 Plaga.]
3029 2232 3093 2288 Et
3139 2228 3278 2287 dixit
3310 2226 3574 2285 Dominus
3630 2220 3709 2280 ad

2102 2327 2287 2383 Moreu
2315 2345 2329 2383 :
2362 2324 2650 2398 Ingredere
2699 2327 2764 2401 ad
2813 2325 3152 2381 Pharaonem
3184 2339 3199 2378 :
3232 2336 3334 2392 ego
3362 2319 3508 2376 enim
3539 2316 3705 2374 indu-

2103 2420 2217 2477 ravi
2248 2436 2342 2476 cor
2366 2419 2505 2492 ejus,
2537 2428 2591 2476 et
2639 2432 2916 2475 servorum
2949 2416 3132 2474 illius:
3182 2426 3241 2472 ut
3293 2413 3487 2469 faciam
3531 2412 3693 2483 signa

2107 2531 2222 2569 mea
2256 2514 2370 2569 haec
2400 2515 2451 2570 in
2480 2530 2568 2580 eo,
2601 2510 2655 2568 et
2686 2526 2877 2567 narres
2908 2511 2959 2566 in
2990 2510 3208 2565 auribus
3237 2506 3335 2563 ﬁlii
3370 2508 3471 2570 tui,
3503 2514 3558 2561 et
3600 2519 3702 2560 ne-

2108 2610 2289 2676 potum
2348 2614 2586 2666 tuorum.
2635 2603 2847 2675 quoties
2894 2600 3248 2657 contriverim
3306 2594 3615 2670 Egyptios,
3648 2602 3707 2654 et

2107 2700 2258 2770 signa
2308 2716 2426 2755 mea
2460 2698 2679 2756 fecerim
2713 2694 2767 2754 in
2796 2697 2898 2766 eis,
2932 2696 2984 2751 ct'
3017 2692 3205 2752 scietis
3254 2686 3443 2767 [ναις.
3487 2688 3708 2764 sciatis]

2108 2794 2234 2863 quia
2267 2807 2367 2863 ego
2396 2792 2676 2848 Dominus.
2712 2790 3044 2847 Introiernnt
3074 2804 3204 2859 ergo
3229 2786 3410 2844 Moses
3435 2795 3489 2843 et
3514 2782 3707 2843 Aaron

2109 2884 2176 2940 ad
2206 2885 2567 2952 Pharaonem,
2600 2897 2655 2941 et
2680 2886 2933 2941 dixerunt
2972 2883 3038 2939 ad
3065 2899 3189 2940 eum
3222 2900 3235 2936 :
3287 2881 3414 2938 Haec
3440 2879 3570 2937 dicit
3594 2878 3710 2935 Do-

2112 2981 2291 3036 minus
2321 2982 2467 3037 Deus
2495 2982 2846 3038 Hebraeorum
2884 2998 2896 3034 :
2930 2980 3226 3053 Usquequo
3254 2974 3363 3035 non
3402 2978 3484 3032 vis
3508 2972 3709 3045 aubjici

2115 3073 2281 3128 mihi?
2318 3074 2532 3129 dimitte
2578 3074 2830 3144 populum
2875 3082 3079 3142 meum,
3120 3082 3182 3127 tit
3233 3069 3507 3127 sacriﬁcet
3547 3065 3709 3124 mihi.

413 3177 571 3222 retur
592 3178 791 3220 numen
823 3176 1001 3219 meum
1046 3162 1099 3218 in
1149 3163 1298 3217 omni
1345 3171 1510 3218 terra.
1563 3159 1759 3218 Adhuc
1804 3163 2009 3219 retines
2037 3158 2083 3222 C
2113 3167 2207 3225 Sin
2240 3175 2416 3223 autem
2466 3168 2697 3236 resistis,
2730 3175 2917 3224 etnon
2949 3167 3031 3222 vis
3058 3165 3336 3222 dimittere
3380 3179 3502 3220 eum
3532 3180 3544 3217 :
3573 3176 3715 3218 ecce

417 3261 680 3331 populum
737 3272 940 3328 meum,
992 3267 1045 3313 et
1091 3272 1195 3312 non
1251 3256 1330 3312 vis
1384 3272 1506 3312 eum
1562 3256 1875 3313 dimittere?
1925 3256 2011 3312 En

2111 3276 2213 3332 ego
2245 3263 2497 3318 inducam
2528 3274 2650 3317 cras
2680 3262 2948 3317 locustam
2979 3262 3030 3315 in
3061 3259 3197 3317 fines
3232 3269 3394 3316 tuos:
3428 3264 3547 3332 qua:
3573 3270 3714 3329 ope-

419 3353 602 3423 pluam
635 3354 740 3409 hac
770 3354 887 3422 ipsa
914 3352 1049 3408 hora
1078 3366 1200 3408 cras
1224 3350 1547 3423 grandinem
1571 3350 1794 3407 multam
1823 3348 2006 3420 nimis,

416 3447 592 3518 qualis
622 3463 728 3502 non
756 3445 933 3502 fuitin
962 3445 1220 3517 Egypto,
1247 3460 1277 3500 τι
1305 3445 1395 3501 die
1417 3448 1523 3516 qua
1549 3444 1768 3500 fundata
1791 3455 1899 3512 est,
1922 3460 2011 3502 us-

420 3554 529 3610 que
553 3539 607 3593 in
641 3553 886 3609 pra-scus
917 3538 1318 3609 tempus.Mitte
1342 3552 1473 3607 ergo
1496 3537 1607 3607 jam
1634 3548 1794 3604 nunc,
1811 3549 1864 3593 et
1884 3542 2017 3594 cbn-

421 3648 584 3703 grega
615 3632 860 3703 jumenta
892 3638 1002 3700 tua,
1033 3642 1087 3687 et
1116 3634 1297 3685 omnia
1343 3644 1462 3702 quae
1510 3631 1681 3687 habes
1729 3632 1780 3686 in
1838 3646 2015 3703 agro:

2112 3357 2217 3411 riat
2274 3356 2617 3426 superficiem
2662 3360 2843 3422 terrae,
2899 3369 2999 3410 nec
3047 3351 3236 3426 [Vulg.
3264 3350 3360 3426 ne]
3411 3351 3719 3423 quidquam

2114 3448 2231 3517 ejus
2257 3458 2537 3520 appareat,
2570 3448 2666 3504 sed
2712 3447 3035 3503 comedatur
3058 3430 3202 3519 quod
3231 3444 3508 3502 residuum
3541 3441 3717 3499 fuerit

2115 3540 2364 3611 grandiui
2401 3558 2412 3594 :
2461 3539 2712 3596 co’rrodet
2737 3539 2881 3595 enim
2934 3542 3112 3595 omnia
3158 3538 3301 3610 ligna
3346 3538 3466 3609 qua:
3504 3538 3718 3609 germi-

2085 3642 2246 3695 nant
2286 3636 2337 3691 in
2370 3635 2535 3707 agris.
2572 3630 2634 3690 Et
2667 3628 2968 3704 implebunt
2990 3633 3181 3689 domes
3206 3643 3320 3689 tuas
3348 3639 3404 3688 rt
3430 3646 3724 3689 servorum

421 3725 678 3781 homines
725 3726 895 3792 enim,
945 3735 1000 3780 et
1043 3726 1315 3795 iumenta,
1365 3733 1420 3779 et
1473 3726 1752 3791 universa,
1784 3726 1906 3797 qua:
1938 3727 2018 3781 in-
2120 3738 2357 3793 tuorum,
2386 3730 2440 3784 et
2467 3730 2706 3784 omnium
2738 3726 3120 3801 Egyptiormn
3154 3744 3168 3781 :
3198 3732 3453 3799 quantam
3482 3741 3587 3782 non
3629 3724 3719 3781 vi—

422 3831 583 3876 veota
613 3820 818 3875 fuerint
862 3819 1018 3887 foris,
1053 3835 1157 3876 nec
1184 3828 1510 3893 congregata
1559 3820 1627 3877 de
1671 3822 1838 3892 agris,
1876 3822 2019 3878 ceei-
2118 3823 2315 3880 derunt
2357 3831 2537 3894 patres
2584 3822 2684 3891 tui,
2731 3832 2785 3879 et
2827 3823 2935 3889 avi,
2973 3838 3037 3878 ex
3070 3834 3178 3892 quo
3224 3821 3331 3875 orti
3378 3826 3505 3875 sunt
3544 3834 3727 3889 super

434 3914 684 3985 deritque
711 3929 877 3985 super
926 3930 987 3970 ea
1035 3913 1264 3985 grando,
1319 3915 1639 3971 morientur.
1689 3914 1791 3984 Qui
1844 3916 2021 3972 timuit
2121 3927 2321 3974 terram
2363 3924 2536 3988 usque
2567 3917 2619 3971 in
2654 3924 2979 3988 prmsentem
3010 3916 3177 3971 diem.
3211 3913 3526 3983 Avertitque
3546 3927 3633 3977 se,
3667 3921 3733 3969 et

426 4010 659 4068 verbum
689 4009 905 4065 Domini
935 4009 1001 4065 de
1031 4009 1205 4065 servis
1230 4009 1549 4078 Pharaonis,
1583 4008 2022 4082 fecitcoafugere
2121 4018 2379 4085 egresSus
2401 4017 2486 4069 est
2510 4025 2541 4067 ιι
2572 4012 2875 4067 Pharaone.
2908 4009 3172 4066 Dixerunt
3201 4016 3377 4064 autem
3410 4005 3553 4061 servi
3574 4002 3734 4060 Pita-

368 4112 383 4120 ·
431 4116 622 4159 servos
644 4118 775 4157 suos
793 4108 848 4159 et
867 4102 1115 4173 iumenta
1141 4101 1198 4157 in
1224 4103 1414 4158 domos
1437 4118 1451 4155 :
1476 4100 1761 4172 qu‘iautem
1790 4104 2031 4175 neglexit
2125 4104 2310 4161 raonis
2330 4105 2395 4161 ad
2424 4098 2547 4161 eum
2583 4121 2596 4158 :
2632 4103 2927 4174 Usquequu
2950 4102 3224 4172 patiemur
3253 4100 3356 4155 hoc
3377 4097 3735 4155 scandalum?

432 4210 744 4254 sermonem
773 4194 1012 4263 Domini,
1042 4193 1247 4250 dimisit
1284 4206 1476 4250 servos
1500 4200 1629 4250 suos
1676 4205 1730 4252 et
1772 4196 2022 4268 iumenta
2124 4201 2349 4257 Dimitte
2381 4200 2647 4268 homines,
2697 4209 2755 4253 ut
2800 4195 3111 4254 sacriﬁcent
3155 4180 3385 4250 Domino
3428 4193 3538 4246 Deo
3575 4191 3687 4245 sunt
3712 4206 3735 4245 :

426 4289 483 4346 in
515 4288 680 4360 agris.
714 4287 783 4344 Et
817 4289 959 4343 Dixit
987 4289 1245 4344 Dominus
1272 4286 1341 4343 ad
1371 4288 1553 4343 Mosen
1587 4306 1601 4342 :
1633 4287 1881 4345 Extende
1912 4303 2027 4344 ma-
2127 4307 2306 4350 nonne
2336 4294 2487 4348 vides
2514 4290 2659 4363 quod
2692 4290 2917 4362 perierit
2944 4286 3247 4362 Egyptus?
3273 4287 3739 4343 Revocaverunt-

427 4400 557 4440 num
586 4390 731 4439 tuam
765 4384 816 4438 in
840 4384 1058 4450 coelum,
1085 4380 1481 4455 utiiatgrando
1510 4384 1562 4438 in
1588 4385 1849 4441 universa
1880 4392 2027 4441 terra
2125 4404 2230 4458 que
2260 4388 2443 4443 Mosen
2476 4394 2533 4443 et
2572 4384 2754 4443 Aaron
2787 4385 2856 4441 ad
2904 4384 3238 4441 Pharaonem
3267 4400 3281 4438 :
3314 4382 3405 4453 qui
3430 4379 3566 4436 dixit
3590 4380 3678 4435 eis
3718 4394 3739 4433 τ

425 4476 647 4550 Egypti
680 4492 847 4547 super
877 4477 1145 4545 homines,
1187 4485 1243 4533 et
1283 4492 1446 4546 super
1468 4476 1733 4546 iumenta,
1761 4486 1815 4535 et
1856 4492 2024 4549 super
2059 4547 2081 4550 4
2128 4482 2226 4546 Ite,
2258 4482 2562 4537 sacrificate
2593 4481 2820 4536 Domino
2850 4480 2965 4535 Deo
2994 4488 3209 4535 vestro:
3238 4476 3604 4549 quinantSnnt
3634 4475 3748 4543 qui

428 4547 645 4628 οηίῐίέπι
684 4571 909 4628 herbam
942 4573 1057 4643 38”
1102 4572 1157 4627 ἷη
1200 4581 1343 4628 “ma
1375 4566 1619 4643 ΕΒΥΝῘ·
1657 4547 2021 4644 ειίθηάἱῐάιιθ
2050 4547 2102 4609 D
2127 4576 2252 4636 ituri
2284 4577 2444 4633 sunt?
2488 4574 2576 4632 Ait
2605 4575 2786 4631 Moses
2820 4572 2994 4629 :Cum
3022 4547 3271 4643 parvulis
3308 4570 3511 4626 nostris
3544 4576 3599 4624 et
3641 4578 3748 4624 se-

430 4665 615 4721 Moses
635 4666 844 4738 virgam
867 4667 922 4723 in
945 4666 1169 4733 ctelmn,
1201 4675 1258 4722 et
1289 4664 1549 4721 Dominus
1588 4660 1737 4721 dedit
1760 4665 2019 4736 tonitrua,
2128 4671 2287 4728 nibus
2311 4668 2498 4745 [γυιρ.
2534 4666 2865 4739 senioribus]
2913 4680 3224 4738 pergemus,
3251 4671 3372 4719 cum
3407 4658 3530 4717 πῆξε
3560 4662 3613 4716 δε
3669 4661 3703 4716 ιι
3730 4695 3741 4702 .

428 4769 484 4815 et
503 4760 851 4829 grandinem.
884 4774 948 4815 ac
969 4759 1329 4815 discurrenti»
1360 4758 1571 4830 fulgura
1592 4773 1756 4829 super
1779 4768 2023 4814 tenam:
2128 4767 2320 4829 liabus,
2365 4780 2485 4821 cum
2517 4763 2709 4819 ovibus
2748 4761 3096 4817 et'armentis
3128 4775 3142 4813 :
3177 4766 3261 4815 est
3292 4755 3436 4813 enim
3465 4746 3743 4810 solemni-

431 4851 677 4923 Flumine
704 4852 966 4909 Dt’minus
995 4853 1319 4924 ετθηάίιιειπ
1350 4862 1517 4920 δαβθΐ
1550 4860 1751 4908 terram
1782 4852 2027 4925 ΑίΒῚΡῑίέ
2131 4869 2212 4915 tas
2249 4858 2458 4913 Domitii
2509 4855 2606 4911 Dei
2660 4855 2850 4910 nostri.
2902 4852 2967 4908 Et
3010 4849 3299 4921 restionem
3334 4849 3548 4905 Pharao
3589 4865 3602 4901 :
3638 4847 3749 4904 Sic

433 4947 497 5003 Et
528 4949 736 5017 grando
765 4955 819 5001 et
840 4948 981 5018 ignis
1004 4948 1242 5004 immista
1273 4945 1474 5018 pariter
1504 4946 1821 5003 ferebantur
1850 4964 1864 5001 :
1905 4957 2024 5003 Ian-
2133 4954 2394 5011 Dominus
2433 4953 2504 5006 sit
2531 4950 2833 5017 vobiscum,
2869 4947 3145 5021 quomodo
3174 4960 3273 5012 ego
3302 4943 3569 5000 dimittam
3603 4956 3745 5010 vos,

433 5048 613 5112 tuaque
641 5038 744 5096 fuit
774 5041 1182 5111 magnitudinis,
1217 5049 1418 5111 quanta
1449 5049 1578 5097 ante
1607 5052 1902 5113 numquam
1936 5056 2032 5112 ap-
2136 5056 2192 5104 et
2240 5045 2495 5119 parvulos
2537 5052 2768 5106 vestros,
2795 5044 2884 5098 cui
2922 5040 3147 5098 dubium
3191 5047 3277 5097 est
3313 5036 3458 5111 quod
3500 5035 3754 5108 pessime

434 5134 617 5206 paruit
643 5134 697 5189 in
728 5133 986 5190 universa
1020 5144 1162 5189 terra
1194 5131 1416 5208 Egypti
1447 5142 1473 5172 ι
1501 5146 1569 5190 ex
1618 5146 1731 5206 quo
1774 5147 1910 5204 gens
1945 5133 2006 5188 ill:

2136 5139 2431 5211 cogitetis?
2458 5132 2576 5194 Non
2602 5136 2693 5192 fiet
2733 5136 2829 5203 ita,
2854 5136 2947 5192 sed
2970 5136 3043 5192 ite
3071 5141 3282 5191 tantum
3302 5131 3496 5201 viri,et
3519 5129 3755 5186 sacrifi-

435 5225 658 5282 condita
706 5234 811 5282 est.
872 5227 943 5282 Et
992 5230 1256 5297 percussit
1318 5227 1535 5300 grando
1581 5227 1633 5283 iu
1684 5229 1832 5283 omni
1890 5234 2033 5283 terra

433 5317 659 5391 Egypti
704 5327 901 5375 cuncta
942 5334 1064 5391 quas
1112 5320 1331 5378 fuerunt
1383 5322 1440 5377 in
1492 5323 1660 5393 agris,
1710 5322 1781 5376 ab
1818 5320 2040 5378 homine

437 5428 612 5486 usque
637 5417 704 5471 ad
734 5413 1066 5484 iumentum,
1097 5422 1463 5490 cunctamque
1492 5417 1716 5475 herbam
1766 5418 1879 5489 agri
1912 5432 2036 5487 per-

341 5555 344 5559 .
426 5509 605 5564 cussit
631 5507 862 5579 grando,
905 5512 959 5564 et
1000 5522 1163 5565 omne
1208 5510 1413 5582 lignum
1457 5513 1696 5582 regionis
1741 5512 2031 5583 confregit.

441 5600 671 5658 Tantum
705 5602 758 5656 in
780 5609 924 5657 terra
950 5602 1152 5672 Gesen,
1182 5603 1270 5659 tibi
1299 5615 1458 5661 erant
1487 5605 1583 5662 lilii
1614 5606 1798 5673 lsrael,
1828 5606 2035 5678 grando

2136 5236 2258 5290 cate
2293 5230 2521 5287 Damino
2555 5249 2567 5284 :
2597 5228 2702 5286 hoc
2730 5232 2900 5299 enim,
2935 5238 2990 5284 et
3022 5227 3121 5298 ipsi
3154 5225 3385 5295 petistis.
3427 5212 3757 5293 Statimque

2138 5323 2303 5396 ejecti
2330 5329 2458 5378 sunt
2484 5321 2553 5377 de
2582 5318 2879 5393 conspectu
2903 5317 3221 5376 Pharaonis.
3258 5317 3397 5373 Dixit
3419 5315 3752 5371 autemno-

2145 5419 2324 5475 minus
2353 5418 2419 5473 ad
2444 5414 2629 5474 Mosen
2663 5431 2685 5473 ι
2710 5414 2956 5471 Extende
2988 5426 3210 5473 manum
3252 5425 3395 5469 tuam
3426 5425 3590 5481 super
3632 5418 3763 5465 ter-

2151 5524 2261 5567 ram
2287 5508 2512 5583 Egypti
2540 5508 2609 5565 ad
2638 5508 2928 5573 locustam,
2963 5515 3021 5560 ιιι
3041 5504 3299 5561 ascendat
3326 5518 3490 5573 super
3515 5513 3660 5565 eam,
3687 5511 3763 5558 et

2144 5606 2371 5663 devoret
2392 5619 2613 5661 omnem
2636 5602 2863 5659 herbam
2891 5616 3010 5672 quae
3030 5599 3246 5656 residua
3279 5597 3443 5654 fuerit
3460 5594 3757 5668 grandini.

516 5748 543 5776 ει
573 5740 755 5816 ,ᾼΙὶιοτ
803 5755 977 5816 canon
1041 5741 1320 5800 liebraieaa
1376 5746 1642 5811 veritatis,
1668 5747 1764 5802 sed
1795 5747 1991 5804 eodem
2021 5750 2224 5805 sensu:
2258 5744 2387 5816 legit
2417 5744 2558 5799 enim
2599 5741 2742 5798 hunc
2772 5741 2825 5795 in
2859 5739 3078 5798 modum
3109 5754 3123 5796 :
3159 5737 3242 5795 Ex
3272 5750 3374 5810 quo
3398 5744 3519 5809 gens
3554 5734 3610 5789 in
3652 5733 3775 5792 illa

451 5811 657 5873 condita
684 5823 780 5873 est.
806 5813 986 5875 Mam.
