4044 6360
219 406 320 461 9.53

1615 400 1818 458 LIBER
1859 398 2086 457 EXODI.

3396 378 3505 434 2M

222 515 288 572 Et
310 516 563 572 extendit
591 517 767 572 Moses
791 517 996 588 virgam
1037 523 1198 588 super
1230 527 1431 572 terram
1471 515 1724 587 Egypti;
1756 519 1810 570 et
1837 513 1890 575 Α
1913 512 2053 586 diar]
2091 514 2142 568 in
2171 511 2490 582 Egyptnm,
2524 516 2579 562 et
2604 505 2866 561 morietur
2889 514 3050 556 omne
3088 497 3511 570 primogenitum

219 610 486 666 Dominus
517 610 726 666 induxit
752 619 974 665 ventum
1021 619 1270 666 urentem
1315 619 1425 665 tota
1474 610 1563 664 illa
1594 608 1703 673 die,
1749 621 1813 662 ac

218 717 401 771 nocte,
435 714 492 759 et
522 717 679 761 mane
706 705 868 771 facto,
899 715 1096 761 ventus
1124 719 1289 761 urens
1319 704 1522 760 levavit
1550 703 1808 772 locustas.

217 797 352 868 Qua:
389 797 755 854 ascenderunt
782 813 948 868 super
983 798 1301 853 universam
1336 807 1536 852 terram
1567 793 1810 865 IEgypti,

224 902 281 949 et
304 891 572 947 sederunt
600 891 651 946 in
673 893 883 946 cunctis
909 891 1106 946 ﬁnibus
1138 889 1517 962 Egyptiorum
1561 888 1810 942 innume-

216 985 449 1050 rabiles,
498 985 686 1052 quales
719 994 846 1038 ante
885 983 1016 1038 illud
1051 996 1263 1050 tempus
1297 997 1402 1036 non
1445 978 1684 1046 fuerant,
1717 992 1816 1032 nec

213 1085 412 1146 postea
447 1075 641 1130 futura:
679 1084 825 1129 sunt.
869 1075 1326 1142 Operueruntque
1371 1072 1680 1124 universam
1720 1083 1815 1122 su-

213 1168 510 1239 perﬁciem
540 1177 722 1230 terrze,
755 1177 1031 1223 vastantes
1072 1166 1276 1221 omnia.
1310 1165 1574 1219 Devorata
1605 1170 1687 1216 est
1713 1161 1813 1230 igi-

215 1271 308 1315 tur
342 1261 514 1317 herba
544 1269 726 1326 terrae,
758 1269 815 1315 et
836 1258 1097 1330 quidquid
1129 1273 1414 1329 pomorum
1455 1258 1506 1309 in
1530 1254 1820 1310 arboribus

222 1355 356 1419 fuit,
383 1370 502 1426 qua:
531 1352 741 1424 grando
767 1352 1076 1419 dimiserat,
1110 1352 1354 1421 nihilque
1382 1350 1606 1404 omnino
1635 1347 1818 1401 virens

217 1447 486 1504 relictum
516 1458 598 1502 est
637 1446 689 1501 in
723 1446 879 1517 lignis
908 1457 963 1501 et
1010 1447 1062 1500 in
1101 1445 1286 1500 herbis
1330 1455 1509 1509 terra),
1541 1440 1597 1495 in
1627 1448 1819 1494 cuncta

218 1541 498 1614 Egypto.
548 1541 716 1609 Quam
764 1540 835 1596 ob
891 1556 1007 1595 rem
1059 1539 1290 1594 festinus
1338 1537 1552 1592 Pharao
1606 1534 1821 1589 vocavit

215 1634 422 1690 Mosen
455 1643 510 1689 et
535 1636 743 1700 Aaron,
773 1641 829 1687 et
848 1633 988 1698 dixit
1017 1631 1099 1686 eis
1130 1649 1141 1682 τ
1185 1629 1409 1685 Peccavi
1440 1629 1493 1682 in
1530 1627 1816 1680 Dominum

218 1727 405 1782 Deum
440 1737 700 1791 vestrum,
724 1737 774 1780 et
810 1727 862 1780 in
894 1741 1014 1779 vos.
1043 1722 1152 1780 Sed
1183 1737 1327 1778 nunc
1349 1718 1605 1776 dimittite
1634 1732 1818 1788 pecca-

223 1829 348 1874 tum
383 1820 514 1875 mihi
541 1821 701 1876 etiarn
753 1818 855 1875 bac
884 1820 1020 1884 vice,
1052 1828 1106 1873 et
1129 1829 1315 1888 rogate
1341 1816 1628 1869 Dominum
1655 1813 1819 1866 Deum

1916 608 1970 664 in
1995 613 2139 663 terra
2162 606 2562 678 Egyp'tiorum,
2593 613 2626 656 a
2655 597 3018 670 primogenito
3074 591 3389 658 Pharaonis,
3416 594 3511 662 qui

1916 702 2068 756 sedet
2097 701 2151 754 in
2178 701 2316 754 solio
2352 699 2487 768 ejus,
2519 707 2689 764 usque
2712 692 2775 745 ad
2806 688 3222 762 primogenitum
3273 684 3513 748 ancillis,

1917 809 2035 864 qua:
2064 802 2150 850 est
2174 793 2240 848 ad
2266 791 2490 857 molam,
2518 796 2571 846 et
2603 787 2781 843 omnia
2823 783 3184 855 primogenita
3232 779 3511 851 jumento—

1917 897 2060 943 rum.
2119 886 2345 958 Eritque
2405 884 2612 940 clamor
2661 889 2886 950 magnus
2950 877 3004 931 in
3059 876 3309 930 universa
3370 879 3516 927 terra

1918 979 2157 1052 Egypti,
2192 978 2367 1048 qualis
2389 982 2489 1033 nec
2520 983 2644 1030 ante
2672 973 2791 1041 fuit,
2823 983 2924 1027 nec
2957 975 3144 1040 postea
3176 967 3384 1021 futurus
3406 970 3518 1020 est.-

1920 1073 2073 1143 Apud
2102 1085 2294 1127 omnes
2316 1077 2493 1126 autem
2521 1066 2659 1123 filios
2688 1065 2851 1121 Israel
2901 1080 3007 1118 non
3041 1061 3231 1116 mutiet
3259 1058 3410 1114 canis
3439 1057 3508 1112 ab

1921 1166 2143 1221 homine
2175 1181 2342 1234 usque
2372 1163 2439 1218 ad
2468 1175 2648 1232 pecus,
2677 1169 2733 1214 ut
2777 1157 2963 1215 sciatis
3003 1155 3208 1226 quanto
3249 1151 3520 1209 miraculo

1920 1260 2125 1318 dividat
2152 1259 2415 1314 Dominus
2446 1254 2748 1327 Egyptios,
2794 1259 2851 1307 et
2905 1249 3094 1306 Israel.
3137 1245 3513 1304 Descendent-

1920 1367 2026 1423 qne
2048 1357 2237 1409 omn'es
2259 1351 2402 1406 servi
2430 1349 2508 1405 tui
2534 1347 2627 1403 isti
2655 1347 2722 1401 ad
2750 1360 2857 1410 me,
2889 1352 2944 1398 et
2964 1341 3268 1398 adorabunt
3297 1353 3408 1402 me,
3427 1337 3511 1392 dio

1921 1454 2112 1502 centes
2147 1463 2159 1500 :
2193 1444 2464 1516 Egredere
2496 1452 2570 1509 tu,
2601 1447 2656 1497 et
2683 1438 2860 1494 omnis
2893 1437 3146 1507 populus,
3176 1434 3265 1505 qui
3307 1430 3517 1502 subjec-

1926 1551 2012 1596 tus
2039 1549 2122 1595 est
2147 1541 2244 1594 tibi
2274 1556 2286 1593 :
2318 1547 2440 1609 post
2465 1537 2581 1592 lure
2609 1534 2970 1606 egrediemur.
3001 1532 3065 1586 Et
3103 1529 3266 1584 exivit
3314 1543 3342 1580 a
3376 1526 3518 1581 Pha-

1925 1640 2094 1690 raone
2125 1633 2300 1688 iratus
2326 1633 2511 1686 nimis.
2546 1629 2690 1684 Dixit
2710 1637 2891 1683 autem
2914 1625 3178 1680 Dominus
3201 1620 3265 1677 ad
3289 1620 3473 1676 Mosen
3501 1635 3517 1674 :

1925 1727 2042 1782 Non
2071 1726 2252 1780 audiet
2285 1739 2379 1780 vos
2404 1723 2638 1787 Pharao,
2664 1728 2724 1777 ut
2754 1719 2922 1774 multa
2955 1718 3105 1787 signa
3141 1715 3271 1770 ﬁant
3293 1715 3344 1767 in
3377 1722 3516 1767 terra

1927 1821 2168 1891 Egypti.
2205 1819 2382 1873 Moses
2403 1827 2582 1872 autem
2614 1824 2667 1870 et
2697 1815 2872 1868 Aaron
2927 1810 3176 1866 fecerunt
3203 1806 3388 1862 otnnia
3420 1817 3513 1858 os-

213 1923 493 1979 wstrum,
525 1911 851 1968 utanferata
874 1927 959 1966 me
981 1922 1214 1966 mortem
1247 1911 1404 1965 istam
1451 1907 1819 1978 Egressnsque

1939 1923 2094 1978 eota,
2124 1923 2246 1982 qua
2271 1909 2470 1980 scripta
2520 1915 2667 1969 sunt,
2709 1919 2896 1961 coram
2926 1903 3242 1963 Pharaone;
3273 1905 3329 1952 et
3365 1894 3520 1950 indu—

214 2020 309 2062 est
342 2008 414 2064 de
432 2017 728 2078 conspectu
755 2006 1076 2072 Pharaonis,
1101 2016 1156 2061 et
1181 2006 1358 2060 oravit
1383 2003 1692 2058 Dominum.
1718 1999 1820 2065 Qui

215 2101 371 2156 ﬂare
410 2102 538 2157 fecit
572 2110 816 2166 ventum,
848 2100 918 2154 ab
946 2097 1230 2154 occidente
1264 2095 1822 2155 vehementissimam,

213 2205 272 2250 et
327 2206 604 2264 arreptam
654 2195 918 2250 locustam
966 2192 1188 2262 proiecit
1232 2191 1286 2246 in
1338 2204 1489 2245 mare
1519 2187 1762 2242 Rubrum
1808 2203 1822 2240 :

216 2303 345 2343 non
401 2288 660 2343 remansit
718 2301 787 2342 ne
834 2301 942 2340 una
998 2285 1216 2356 quidem
1259 2284 1312 2338 itt
1364 2281 1574 2338 cunctis
1632 2278 1826 2334 ﬁnibus

221 2379 484 2452 Egypti.
516 2380 583 2435 Et
620 2379 893 2434 induravit
942 2378 1203 2433 Dominus
1247 2391 1342 2431 cor
1372 2374 1693 2437 Pharaonis,
1723 2387 1827 2428 nec

214 2473 440 2528 dimisit
471 2473 609 2527 filios
638 2471 824 2527 Israel.
853 2470 907 2543 [9
941 2469 1156 2543 Μαρια]
1180 2469 1320 2534 Dixit
1348 2478 1531 2524 autem
1565 2467 1828 2521 Dominus

217 2570 290 2624 ad
327 2566 515 2622 Mosen
551 2583 564 2619 :
601 2565 842 2620 Extende
864 2575 1082 2618 manum
1114 2577 1256 2617 tuam
1289 2563 1345 2615 in
1377 2560 1601 2625 caelum,
1639 2567 1694 2614 et
1720 2557 1830 2612 sint

220 2661 484 2718 tenebrae
501 2663 665 2729 super
687 2665 887 2713 terram
911 2655 1156 2728 Egypti,
1182 2665 1288 2710 tam
1312 2653 1518 2720 densas,
1545 2660 1600 2706 ut
1618 2649 1828 2721 palpari

220 2764 460 2826 queant.
500 2751 862 2820 Extenditque
911 2751 1088 2805 Moses
1134 2765 1350 2804 manum
1397 2749 1450 2802 in
1504 2748 1726 2808 coelum.
1777 2749 1833 2799 et

217 2846 393 2902 facta:
443 2854 569 2898 sunt
635 2844 874 2899 tenebra:
927 2842 1222 2897 horribiles
1273 2842 1328 2897 in
1386 2842 1637 2894 universa
1688 2847 1829 2893 terra

217 2939 454 3010 [Egypti
485 2937 656 2992 tribus
687 2936 900 2992 diebus.
925 2935 1095 2991 Nemo
1121 2933 1499 2989 viditfralretn
1531 2948 1706 2997 suum,
1731 2947 1834 2988 nec

219 3032 408 3090 movit
447 3047 505 3088 se
535 3029 606 3087 de
645 3031 766 3086 loco
809 3030 864 3084 in
912 3046 1021 3101 quo
1067 3039 1232 3085 erat:
1279 3029 1606 3095 ubicumque
1650 3037 1832 3080 autem

221 3121 681 3182 habitabantﬁlii
717 3125 904 3191 Israel,
941 3125 1030 3178 lux
1087 3132 1231 3178 erat.
1276 3130 1301 3158 ἀ
1335 3119 1672 3190 Vocavitque
1696 3118 1836 3173 Pha-

221 3238 335 3279 Iao
361 3221 584 3285 Mosen,-
614 3230 669 3275 et
707 3218 884 3275 dixit:
915 3218 1016 3286 lte,
1057 3217 1365 3274 sacriﬁcate
1409 3218 1660 3281 Domino,
1701 3227 1836 3268 oves

1929 2007 2340 2063 ravitDominns
2364 2019 2458 2058 cor
2487 2001 2802 2065 Pharaonis,
2822 2012 2920 2053 nec
2961 1995 3160 2051 dimisit
3188 1992 3331 2047 ﬁlios
3357 1987 3525 2045 Israel

1927 2104 1993 2157 de
2036 2111 2179 2158 terra
2228 2113 2323 2153 sua
2375 2096 2560 2169 [Vn/g.
2592 2105 2723 2149 tacet
2738 2093 2817 2148 de
2847 2100 2986 2146 terra
3019 2086 3158 2159 sua].

2001 2192 2086 2266 [Τ.
2111 2190 2227 2258 VII,
2259 2191 2318 2245 Β.
2348 2188 2518 2251 νι.(;.
2571 2183 2760 2252 XVIII,
2811 2183 2940 2252 Cap.
3012 2177 3156 2251 Xll.]
3206 2175 3347 2233 Dixit
3391 2189 3520 2247 quo-

1929 2303 2035 2359 que
2083 2285 2340 2342 Dominus
2387 2283 2454 2338 ad
2504 2281 2691 2336 Mosen
2733 2281 2788 2334 et
2831 2277 3013 2332 Aaron
3065 2275 3117 2328 in
3168 2281 3314 2326 terra
3357 2268 3524 2340 {Egy-

1929 2380 2061 2452 pti:
2123 2378 2319 2433 Mensis
2377 2376 2519 2440 iste,
2597 2373 2750 2428 vobis
2810 2369 3132 2442 principium
3207 2363 3524 2421 mensium:

1932 2475 2138 2543 primus
2167 2471 2269 2526 erit
2296 2470 2348 2523 in
2382 2466 2661 2523 mensibus
2683 2464 2832 2519 anni.
2862 2460 3172 2532 Loquimini
3193 2458 3258 2512 ad
3303 2458 3524 2512 univer-

1930 2583 2049 2623 sum
2080 2575 2278 2621 costum
2319 2563 2556 2617 ﬁliorum
2611 2558 2798 2618 Israel.
2834 2567 2889 2611 et
2932 2557 3097 2610 dicite
3146 2553 3229 2608 eis
3261 2568 3276 2605 :
3304 2550 3528 2606 Decima

1931 2662 2019 2717 die
2059 2661 2264 2716 mensis
2315 2657 2478 2726 hujus
2531 2654 2690 2711 tollat
2734 2651 3102 2721 unusquisque
3146 2662 3342 2718 agnum
3377 2655 3400 2683 ο
3435 2658 3529 2714 per

1933 2756 2169 2811 familias
2189 2764 2244 2809 et
2265 2754 2458 2809 domos
2481 2761 2630 2806 suas.
2655 2748 2749 2804 Sin
2779 2755 2958 2802 autem
2998 2743 3178 2798 minor
3214 2750 3298 2796 est
3340 2751 3532 2794 nume-

1933 2862 2048 2912 rus,
2074 2857 2133 2901 ut
2162 2845 2413 2900 sufﬁcere
2448 2840 2704 2912 possitad
2736 2838 3065 2895 vescendum
3112 2847 3332 2906 agnum,
3380 2845 3568 2905 assu-l

1936 2953 2048 2997 met
2079 2940 2314 2995 vicinum
2343 2953 2500 2994 suum
2533 2936 2624 3006 qui
2653 2935 2869 3002 junctus
2893 2941 2975 2986 est
2998 2927 3184 2986 domui
3210 2926 3349 2996 ejus,
3375 2925 3530 2995 juxta

1937 3050 2224 3092 numerum
2256 3032 2559 3088 animarum
2592 3045 2710 3098 qum
2741 3024 2995 3082 sufﬁcere
3026 3027 3252 3090 possunt
3277 3017 3344 3073 ad
3376 3031 3529 3073 esum

1937 3129 2081 3192 agni.
2113 3127 2228 3182 Erit
2271 3135 2454 3181 autem
2499 3136 2671 3194 agnus
2717 3120 2924 3190 absque
2975 3116 3204 3180 macula,
3234 3112 3532 3175 masculus,

1939 3222 2224 3277 anniculus
2250 3235 2265 3274 :
2289 3220 2441 3291 juxta
2473 3232 2634 3287 quem
2662 3215 2826 3270 ritttm
2856 3209 3064 3266 tolletis
3109 3219 3162 3264 et
3200 3206 3434 3262 hmdum.
3464 3203 3535 3258 Et

225 3325 448 3370 tantum
496 3321 700 3367 vestra:
727 3323 782 3366 et
811 3321 1059 3366 armenta
1089 3319 1430 3376 remaneant,
1473 3307 1684 3377 parvuli
1715 3321 1833 3361 ves.
1859 3301 1903 3363 C
1938 3314 2223 3372 servabitis
2258 3329 2382 3368 eum
2425 3326 2598 3382 usque
2652 3307 2718 3362 ad
2767 3315 3014 3378 quartam
3079 3302 3344 3357 decimam
3386 3297 3532 3352 diem

224 3408 300 3461 tri
336 3416 464 3461 eant
512 3404 813 3461 vobiscum.
855 3405 948 3459 Ait
991 3403 1216 3458 Moses:
1263 3403 1478 3456 llostias
1521 3390 1736 3470 quoque
1779 3408 1836 3454 et

227 3501 560 3554 Ituiocausta
589 3496 747 3551 dabis
780 3497 962 3564 nobis,
993 3510 1116 3574 qua:
1138 3496 1432 3550 oll'et-amus
1460 3492 1693 3548 Domino
1726 3491 1840 3546 Ded

226 3603 451 3650 nostro.
489 3591 686 3648 Cuncti
719 3603 913 3661 greges
957 3572 1181 3659 pergent
1217 3587 1500 3643 nobiscum
1541 3604 1553 3640 :
1605 3601 1709 3638 nutt
1751 3599 1837 3639 re-

225 3687 480 3744 manebit
535 3701 602 3743 ex
652 3686 731 3742 eis
776 3687 1016 3755 ungula:
1071 3698 1194 3754 qua:
1227 3681 1542 3738 necessaria
1597 3689 1726 3735 sunt
1783 3679 1836 3733 in

229 3784 448 3837 cultum
483 3778 697 3834 Domini
732 3777 829 3834 Dei
874 3777 1047 3833 nOStri
1080 3793 1094 3830 :
1132 3774 1434 3847 praesertim
1467 3790 1588 3830 cum
1621 3773 1836 3844 ignore-

228 3891 356 3933 mus
379 3873 516 3945 quid
559 3872 758 3929 debeat
797 3870 1091 3939 immolari,
1123 3870 1298 3926 donec
1323 3868 1391 3924 ad
1441 3871 1616 3938 ipsum
1660 3868 1838 3921 locum

229 3968 645 4040 perveniamus.
678 3965 956 4021 Induravit
994 3975 1174 4020 autem
1209 3962 1466 4018 Dominus
1490 3976 1586 4016 cor
1601 3960 1839 4014 Pharao-

229 4065 341 4127 nis,
386 4073 446 4118 et
500 4059 678 4116 noluit
732 4059 1014 4115 dimittere
1069 4071 1184 4115 eos.
1223 4056 1476 4127 Dixitque
1519 4053 1731 4108 Pharao
1772 4052 1842 4109 ad

229 4153 430 4212 Mosen
459 4150 716 4208 :Recede
737 4167 768 4207 a
798 4167 886 4207 me
908 4149 1096 4223 [ναις.
1128 4149 1256 4203 add.
1290 4146 1391 4220 et],
1422 4163 1554 4204 cave
1587 4162 1653 4200 ne
1701 4145 1840 4199 ultra

227 4249 431 4304 videas
483 4247 681 4304 faciem
729 4261 953 4302 meam:
993 4253 1343 4314 quocumque
1385 4243 1473 4296 die
1522 4237 1842 4310 apparueris

228 4343 393 4409 mihi,
431 4342 710 4398 morieris.
742 4339 1048 4412 Respondit
1080 4338 1255 4393 Moses
1284 4355 1295 4390 :
1327 4335 1402 4390 Ita
1425 4334 1452 4372 ι)
1483 4334 1576 4390 ﬁet
1607 4343 1663 4388 ut
1695 4332 1843 4386 locu-

231 4450 324 4498 tus
349 4454 438 4505 es,
468 4452 581 4493 non
609 4435 810 4491 videbo
858 4436 996 4489 ultra
1026 4432 1222 4488 faciem
1248 4440 1413 4486 tuam.

307 4533 397 4606 [υ.
431 4528 598 4599 XVII,
629 4527 758 4599 Cap.
783 4525 900 4599 XI}.
943 4525 1011 4582 Et
1037 4525 1175 4582 dixit
1212 4523 1478 4579 Dominus
1507 4519 1574 4576 ad
1606 4519 1796 4576 Mosen
1825 4537 1836 4573 ε

233 4626 438 4685 Adhuc
473 4637 582 4679 una
615 4625 765 4692 plaga
800 4632 1015 4691 tangam
1050 4619 1386 4674 Pharaonem
1435 4625 1493 4672 et
1515 4615 1844 4685 Egyptum.

1936 3405 2326 3475 mensishujus
2362 3422 2375 3457 :
2406 3401 2821 3469 immolabitque
2863 3413 2992 3452 eum
3044 3395 3300 3449 universa
3351 3389 3536 3445 multi-

1914 3504 2067 3559 ‘tudo
2094 3500 2324 3557 ﬁliorum
2357 3498 2519 3554 Israel
2555 3496 2619 3550 ad
2650 3507 2958 3565 vesperum.
2988 3491 3056 3545 Et
3075 3497 3291 3544 sument
3314 3487 3380 3542 de
3410 3503 3537 3540 san-

1935 3599 2102 3670 guine
2126 3595 2269 3666 ejus,
2295 3608 2360 3649 ac
2386 3598 2589 3663 ponent
2619 3597 2784 3658 Super
2806 3596 3095 3655 utrumque
3131 3590 3363 3653 postem,
3394 3587 3450 3635 et
3487 3579 3543 3633 in

1938 3685 2445 3760 superliminaribus
2474 3682 2785 3748 domorum,
2823 3679 2876 3732 in
2925 3675 3126 3747 quibus
3155 3670 3447 3729 comedent
3477 3671 3540 3725 il-

1939 3786 2071 3842 lum.
2107 3783 2177 3838 Et
2205 3781 2370 3836 edent
2399 3791 2594 3834 carnes
2623 3788 2779 3830 nocte
2803 3772 2894 3828 illa
2918 3779 3073 3826 attsas
3105 3767 3208 3838 igni
3240 3775 3296 3822 et
3318 3779 3541 3839 azymos

1942 3892 2108 3951 panes
2132 3891 2258 3932 cum
2287 3873 2513 3930 lactucis
2534 3868 2860 3941 agrestibus.
2893 3865 3008 3920 Non
3049 3859 3348 3919 comedetis
3383 3873 3453 3914 ex
3473 3871 3546 3913 eo

1941 3973 2167 4031 crudum
2197 3969 2348 4041 quid,
2390 3981 2491 4023 nec
2529 3973 2746 4020 coctum
2797 3971 2957 4031 aqua,
2983 3958 3078 4012 sed
3116 3969 3294 4009 assum
3331 3959 3542 4006 tantum

1942 4066 2052 4138 igni
2086 4080 2103 4119 :
2133 4040 2297 4133 caput
2323 4066 2446 4116 cum
2472 4057 2700 4129 pedibus
2727 4053 2843 4124 ejus
2869 4061 2923 4106 et
2955 4047 3227 4105 intestinis
3260 4040 3538 4098 vorabitis.

1945 4134 2060 4216 Nec
2084 4154 2392 4214 remanebit
2418 4150 2714 4223 quidquam
2742 4163 2806 4203 ex
2839 4162 2905 4202 eo
2935 4159 3106 4214 usqtte
3135 4155 3316 4204 mane,
3342 4138 3388 4192 si
3413 4134 3549 4206 quid

1950 4250 2230 4308 residuum
2266 4245 2452 4312 fuerit,
2481 4245 2604 4314 igne
2640 4237 2997 4296 comburetis.
3028 4236 3118 4291 Sic
3144 4241 3324 4286 autem
3355 4243 3541 4284 come-

1944 4347 2088 4405 detis
2124 4345 2272 4401 illum
2320 4359 2333 4397 :
2375 4340 2560 4397 Renes
2599 4346 2814 4392 vestros
2853 4330 3182 4402 accingetis,
3236 4338 3290 4383 et
3333 4325 3546 4383 calcea-

1945 4446 2130 4496 menta
2157 4435 2428 4492 habebitis
2457 4433 2510 4487 in
2545 4430 2794 4501 pedibus,
2821 4434 3070 4483 tenentes
3100 4420 3320 4477 baculus
3349 4420 3404 4474 in
3429 4431 3542 4472 ma—

1946 4533 2130 4598 nibus,
2146 4539 2202 4588 et
2218 4527 2512 4586 comedetis
2527 4524 2846 4581 festinanter
2863 4527 2974 4576 :est
2991 4517 3137 4574 enim
3169 4515 3344 4570 Phase
3365 4511 3441 4582 (ld
3461 4519 3545 4567 est

1950 4623 2235 4696 transitus)
2277 4621 2510 4678 Domini.
2556 4618 2626 4674 Et
2663 4615 2906 4672 transibo
2945 4629 3040 4684 per
3085 4619 3289 4666 terram
3321 4607 3543 4678 «Egypti

233 4730 294 4775 et
319 4726 447 4789 post
477 4713 870 4798 bat-dimittet
894 4728 1009 4778 vos,
1049 4721 1106 4768 et
1134 4711 1292 4767 exire
1320 4711 1638 4780 compellet.
1681 4707 1843 4765 Dices
1869 4697 1924 4756 ι)
1948 4729 2108 4777 nocte
2151 4717 2286 4783 illa,
2337 4713 2748 4786 percutiamqne
2786 4723 2950 4763 omne
2996 4703 3418 4778 primogenitum
3480 4701 3535 4756 in

234 4828 373 4884 ergo
403 4813 556 4869 omni
598 4809 763 4881 plebi,
800 4818 858 4864 ut
899 4808 1132 4880 postulet
1173 4807 1254 4862 vir
1310 4805 1381 4861 ab
1431 4805 1608 4860 amico
1635 4822 1758 4872 suo,
1790 4815 1843 4859 et

237 4907 450 4966 mulier
475 4923 506 4962 a
534 4905 713 4962 vicina
742 4920 862 4972 sua,
888 4919 1013 4960 vasa
1063 4912 1318 4974 argentea
1369 4911 1424 4957 et
1461 4915 1650 4955 aurea.
1685 4898 1843 4954 Dabit

241 5012 431 5056 autem
456 5000 718 5055 Dominus
740 4999 966 5070 gratiam
996 4998 1192 5067 populo
1213 5011 1312 5050 suo
1331 5011 1522 5050 coram
1551 4993 1844 5064 .—l;‘gyptiis.-

243 5094 490 5164 Fuitque
516 5093 699 5149 Moses
727 5091 812 5146 vir
844 5104 1070 5161 magnus
1097 5088 1255 5144 valde
1313 5089 1366 5142 in
1414 5096 1557 5143 terra
1598 5083 1844 5157 IEgypti,

239 5204 438 5247 Coram
461 5186 636 5246 servis
665 5186 966 5242 Pharaonis
987 5194 1042 5240 et
1068 5183 1214 5239 omni
1244 5182 1464 5252 populo.
1493 5181 1559 5234 Et
1582 5181 1656 5234 ait
1682 5197 1694 5232 :
1724 5179 1851 5234 llaec

239 5285 387 5341 dicit
417 5283 681 5339 Dominus
713 5298 726 5335 :
758 5280 930 5337 Media
961 5288 1122 5334 noete
1152 5277 1402 5348 egrediar
1452 5272 1639 5346 [Vulg.
1673 5273 1853 5343 ingre—

323 5434 348 5461 "
392 5423 533 5480 Editi
565 5423 689 5479 libri
723 5423 1012 5478 lentionem
1053 5419 1196 5476 LXX
1227 5421 1605 5490 interpretum,
1639 5425 1693 5472 et
1725 5429 1840 5473 tex-

243 5507 368 5553 tum
407 5497 810 5552 Samaritanum
843 5495 1048 5560 secuti,
1078 5492 1166 5547 hic
1197 5493 1298 5547 loci
1337 5502 1476 5561 post,
1513 5491 1718 5552 Mosen,
1747 5491 1835 5545 ade

244 5569 412 5634 dunt,
429 5580 474 5621 et
490 5568 683 5622 Aaron.
697 5566 991 5624 Sciendum
1003 5579 1134 5620 vero
1148 5565 1374 5618 verbum
1391 5565 1565 5617 Aaron
1578 5564 1772 5618 abesse
1791 5563 1845 5617 in

246 5640 544 5712 Ilehraico,
559 5640 685 5712 Syr.
698 5639 862 5712 Arab.
881 5647 1155 5712 etcanone
1168 5635 1366 5703 saspius
1384 5635 1538 5712 lauda
1550 5645 1622 5712 to_.
1654 5635 1694 5688 ill
1706 5650 1773 5688 Alt
1787 5649 1844 5688 τ.

331 5705 745 5768 -Νοειί·ἱ’ῐηες.
785 5709 1001 5781 Moysen
1029 5717 1074 5764 et
1101 5709 1298 5776 Aaron,
1331 5715 1375 5762 et
1403 5705 1535 5761 dixit
1566 5707 1640 5760 eis
1670 5722 1688 5760 :
1723 5721 1848 5761 cum

249 5784 420 5841 editis
443 5794 498 5839 et
517 5784 671 5854 juxta
710 5782 986 5838 Graecum.

333 5875 362 5916 δ
385 5877 638 5945 Urbinas,
664 5877 864 5948 aliique
893 5888 1058 5948 penes
1089 5874 1530 5948 Martian._ntss.,
1556 5871 1668 5948 ﬂat.

343 5961 362 5988 ε
400 5950 589 6011 Canon
618 5949 761 6014 lleb.
780 5945 910 6011 ver.
942 5945 1100 6011 decet
1124 5947 1267 6010 unde
1289 5945 1560 6009 tollendus
1581 5947 1856 6020 sitagnus,

1949 4824 2089 4870 terra
2121 4809 2342 4881 Egypti
2369 4807 2440 4862 ab
2467 4804 2691 4862 homine
2713 4816 2886 4872 usque
2917 4798 2986 4854 ad
3017 4813 3206 4869 pecus,
3227 4807 3285 4851 et
3308 4795 3359 4850 in
3382 4807 3546 4849 cunc—

1951 4904 2019 4960 tis
2046 4902 2152 4958 diis
2181 4880 2402 4972 Egypti
2447 4896 2640 4952 faciam
2685 4893 2914 4966 judicia,
2950 4907 3052 4963 ego
3102 4889 3383 4945 Dominus.
3433 4880 3552 4942 Erit

1951 5004 2132 5053 autem
2159 4993 2381 5064 sanguis
2410 4989 2568 5045 vobis
2598 4989 2654 5043 in
2700 4988 2912 5058 signum
2947 4985 2999 5040 in
3027 4983 3233 5039 uadibus
3265 4983 3318 5037 in
3353 4977 3554 5051 quibus

1953 5090 2130 5158 eritis,
2157 5098 2210 5144 et
2235 5085 2434 5141 videbo
2460 5083 2806 5154 sanguinem,
2827 5091 2882 5136 et
2909 5077 3152 5134 transibo
3179 5091 3300 5142 vos,
3328 5090 3427 5130 nec
3449 5074 3553 5128 erit

1955 5185 2009 5239 in
2043 5181 2193 5237 vobis
2224 5180 2376 5250 plaga
2402 5174 2723 5248 disperdens
2752 5172 2969 5245 quando
2999 5183 3323 5243 percussero
3349 5177 3550 5224 terram

1959 5276 2198 5348 Egypti.
2235 5273 2512 5330 llabehitis
2541 5279 2720 5326 autem
2773 5267 2912 5323 hanc
2943 5265 3086 5322 diem
3127 5264 3182 5320 in
3229 5278 3552 5318 monumeno

1947 5433 2070 5473 nam
2104 5415 2170 5471 ad
2201 5415 2381 5469 domos
2413 5423 2532 5469 sitas
2560 5410 2779 5479 adjecit,
2809 5407 2873 5462 ab
2906 5405 3079 5462 ovibus
3111 5414 3157 5459 et
3179 5397 3342 5457 Itwdis
3364 5419 3381 5467 ;
3403 5399 3548 5479 quod

1954 5489 2134 5549 Arabs
2159 5488 2354 5556 partim
2378 5475 2650 5555 expressit
2673 5475 2881 5556 dicens,
2898 5481 3063 5556 idque
3087 5485 3245 5556 caput
3269 5491 3332 5530 ea:
3348 5475 3546 5556 ovibus.

1955 5546 2241 5616 Iilosset'na
2286 5546 2505 5614 videtur
2555 5554 2853 5623 tnarginale
2897 5553 2950 5606 in
2991 5551 3225 5623 corpore
3251 5546 3488 5616 pesitntn
3519 5560 3547 5597 a

1957 5632 2213 5686 librariis.
2272 5629 2588 5696 Proximum
2640 5621 2722 5681 est
2767 5626 2890 5680 huic
2927 5621 3073 5693 qttod
3127 5621 3323 5690 legitur
3381 5630 3552 5685 cap.t

1955 5703 2205 5771 Levitici,
2237 5715 2380 5757 vers.
2418 5702 2503 5757 10.
2530 5700 2711 5756 MART.

2030 5759 2334 5830 ——Voculas
2355 5782 2403 5826 et
2431 5773 2610 5828 domos
2625 5770 2861 5826 Urbinas
2885 5783 2989 5822 ms.
3012 5767 3245 5837 ignorat.
3284 5759 3477 5815 llebrte
3494 5772 3557 5813 us

1958 5853 2096 5931 nu")
2118 5875 2209 5928 an
2235 5849 2531 5928 nua-mh
2557 5875 2648 5926 rw
2673 5907 2687 5931 ,
2721 5879 2915 5936 agnum
2942 5875 3033 5933 per
3056 5858 3266 5912 domum
3314 5862 3554 5928 patrum,

1963 5957 2158 6017 agnum
2186 5941 2537 6020 perﬂanmrn.
