3912 6348
487 331 603 391 235

1491 328 1550 387 S.
1593 326 1975 386 HIERONYMI
2013 326 2247 386 DIVINA
2284 325 2764 387 IIIBLIOTIIECA.

3657 348 3748 406 256

497 457 634 515 tum,
663 455 718 504 et
747 444 1094 504 celebrabitis
1115 458 1234 503 eam
1263 444 1562 502 solemnem
1587 443 1818 501 Domino
1846 443 1902 498 in
1927 457 2092 514 gene—
2118 447 2172 513 Α
2197 459 2293 501 nes
2337 444 2658 500 moriemur.
2736 444 2885 502 Tulit
2938 445 3102 518 igitur
3159 450 3387 522 populus
3429 468 3747 530 conSpersam

497 541 799 602 rationibus
826 541 1024 598 vestris
1061 539 1210 596 cultu
1250 540 1602 610 sempiterno.
1649 536 1867 608 Septem
1897 535 2090 593 diebus

499 650 691 709 azyma
720 633 1019 691 comedetis
1043 653 1058 690 :
1080 643 1107 672 ἰ
1137 632 1191 690 in
1216 632 1307 690 die
1335 631 1512 704 primo
1551 647 1662 687 non
1696 632 1802 688 erit
1848 631 2091 688 fermen-

497 739 612 786 tum
644 729 698 784 in
725 727 978 785 domibus
1013 728 1246 784 vestris:
1279 726 1605 797 quicumque
1644 723 1943 781 comederit
1984 724 2092 780 I‘er-

499 830 822 888 mentatum,
854 819 1058 891 peribit
1081 821 1260 875 anima
1286 817 1376 874 illa
1405 816 1473 874 de
1503 815 1693 885 Israel,
1718 832 1749 873 a
1784 817 1958 888 primo
2001 815 2092 873 die

501 930 672 988 usque
703 914 770 970 ad
799 913 943 971 diem
971 913 1282 984 septimum.
1312 911 1442 968 Dies
1469 913 1646 984 prima
1676 912 1781 970 erit
1801 922 1989 969 saneta
2010 922 2092 989 at:

499 1024 604 1080 que
627 1007 907 1074 solemnis,
943 1016 998 1064 et
1043 1006 1161 1063 dies
1196 1006 1422 1078 septima
1453 1005 1643 1063 eadem
1679 1006 1968 1062 festivitate
1999 1020 2094 1063 ve-

501 1101 759 1158 nerabilis
793 1119 806 1157 :
838 1098 970 1156 nihil
1004 1099 1200 1170 cpet-is
1248 1097 1460 1156 facietis
1502 1099 1557 1154 in
1601 1098 1702 1166 eis,
1730 1099 1969 1170 exceptis
2006 1099 2090 1157 his

500 1210 620 1267 qua:
641 1194 708 1250 ad
733 1192 1060 1250 vescendum
1083 1193 1378 1265 pertinent.
1405 1193 1473 1249 Et
1497 1192 1856 1250 observabilis
1878 1209 2089 1267 azyma,

498 1290 554 1345 in
584 1288 771 1344 eadem
805 1289 952 1344 enim
978 1287 1094 1360 ipsa
1119 1287 1208 1345 die
1240 1287 1468 1344 educam
1518 1287 1820 1345 exercitum
1848 1298 2090 1344 vestrum

498 1381 564 1437 de
597 1390 739 1436 terra
764 1379 1010 1454 Egypti,
1039 1389 1094 1438 et
1120 1379 1438 1437 custodietis
1472 1380 1616 1437 diem
1649 1380 1812 1438 istum
1845 1381 1896 1436 in
1921 1395 2090 1452 gene-

496 1474 733 1530 rationes
765 1485 973 1530 vestras
999 1474 1105 1529 ritu
1138 1481 1428 1546 perpetuo.
1459 1473 1641 1530 Primo
1671 1489 1877 1544 mense,
1902 1483 2093 1546 quarta

496 1565 707 1622 decima
741 1566 828 1623 die
859 1567 1064 1623 mensis
1103 1567 1171 1623 ad
1213 1582 1531 1639 vesperam,
1564 1567 1867 1625 comedetis
1903 1583 2093 1642 azyma

499 1674 670 1731 usque
693 1659 839 1715 diem
869 1659 1185 1731 vigesimam
1216 1661 1449 1731 primam
1494 1660 1742 1731 ejusdem
1783 1662 1988 1718 mensis
2023 1661 2092 1718 ad

499 1767 807 1824 vesperam.
835 1753 1054 1824 Septem
1085 1752 1276 1809 diebus
1303 1751 1632 1810 fermentum
1657 1769 1761 1810 non
1786 1755 2094 1812 invenietur

2193 537 2424 594 farinam
2447 546 2736 608 antequam
2765 538 3185 598 Iermentaretur
3214 559 3228 598 :
3251 551 3308 598 et
3325 544 3489 616 ligans
3511 549 3558 604 in
3575 553 3746 622 palliis,

2194 635 2377 705 posuit
2412 648 2578 704 super
2605 632 2863 690 humeros
2890 649 3040 690 suos.
3083 635 3456 710 Feceruntque
3494 643 3580 697 lilii
3607 644 3751 705 Israel

2193 723 2331 780 sicut
2377 735 2710 795 praeceperat
2753 725 2928 783 Moses
2962 744 2976 781 :
3007 735 3061 782 et
3105 728 3372 798 petierunt
3411 733 3479 788 ab
3510 732 3751 808 Egyptiis

2194 832 2321 873 vasa
2343 827 2603 890 argentea
2633 827 2688 875 et
2718 833 2909 886 aurea,
2941 827 3258 890 vestemque
3287 823 3582 893 plurimam.
3618 830 3754 889 Dedit

2193 920 2371 968 autem
2415 913 2676 969 Dominus
2704 916 2932 986 gratiam
2967 916 3170 986 popqu
3192 933 3375 973 coram
3407 918 3676 994 Egyptiis,
3704 937 3756 983 ut

2194 1005 2695 1062 commodarenteis
2714 1025 2726 1061 :
2746 1015 2802 1062 et
2817 1008 3507 1083 spoliaveruntEgyptios.
3527 1013 3752 1092 [T.VIII.]

2195 1095 2539 1170 Profectique
2570 1111 2696 1155 sunt
2729 1099 2824 1154 ﬁlii
2853 1099 3026 1157 Israel
3059 1101 3128 1158 de
3157 1101 3412 1160 Ramesse
3442 1105 3494 1160 in
3523 1106 3754 1179 Soccotli,

2194 1200 2449 1247 sexcenta
2471 1190 2587 1247 fere
2609 1192 2774 1247 millia
2804 1192 3045 1264 peditum
3069 1194 3334 1262 virorum,
3361 1196 3560 1269 absque
3581 1215 3757 1271 parvu-

2194 1283 2283 1350 lis,
2309 1284 2338 1324 ι’
2371 1294 2426 1341 et
2463 1285 2779 1358 mulieribus
2805 1286 2883 1360 [lt.
2909 1303 3018 1344 non
3046 1287 3230 1358 habet,
3274 1291 3623 1366 mulieribus].
3661 1297 3755 1354 Sed

2194 1390 2248 1436 et
2273 1382 2465 1451 vulgus
2515 1383 2884 1453 promiscuum
2932 1383 3331 1440 innumerabile
3373 1388 3613 1444 ascendit
3647 1405 3756 1448 eum

2194 1475 2304 1543 eis,
2341 1491 2470 1532 oves
2515 1487 2569 1532 et
2607 1485 2855 1533 armenta
2896 1487 2952 1533 et
2991 1477 3286 1533 animantia
3334 1478 3530 1536 diversi
3570 1485 3759 1552 generis

2195 1569 2363 1625 multa
2405 1570 2591 1626 nimis.
2645 1571 3038 1642 Coxeruntque
3082 1570 3340 1637 farinam,
3386 1588 3539 1644 quam
3581 1573 3759 1630 dudum

2193 1676 2545 1733 conspersum
2575 1661 2646 1718 de
2676 1661 2911 1736 IEgypto
2943 1663 3179 1720 tulerant
3212 1681 3226 1718 :
3258 1673 3314 1720 et
3339 1664 3581 1721 fecerunt
3601 1667 3761 1723 subci-

2195 1756 2436 1813 nericios
2456 1771 2622 1827 panes
2639 1771 2891 1826 azymos:
2919 1772 3095 1828 neque
3117 1759 3262 1814 enim
3293 1768 3536 1830 poterant
3562 1759 3761 1815 fermen-

501 1851 555 1908 in
583 1851 836 1908 domibus
865 1853 1199 1925 vestris:qui
1223 1852 1519 1909 comederit
1543 1852 1947 1921 fermentatum,
1970 1869 2093 1925 per-
2123 1851 2168 1912 B
2201 1851 2323 1921 tari,
2363 1852 2688 1924 cogentibus
2727 1852 2878 1908 exire
2919 1851 3215 1924 Egyptiis,
3259 1861 3316 1908 ct
3358 1855 3557 1909 nullam
3606 1855 3761 1910 Iacere

499 1947 598 2004 ibit
645 1949 824 2004 anima
871 1949 989 2020 ejus
1033 1948 1102 2005 de
1147 1957 1292 2006 cmtn
1328 1949 1538 2017 Israel;
1595 1959 1703 2006 tam
1752 1949 1822 2007 de
1868 1950 2093 2006 advenis

501 2054 661 2110 quam
693 2039 760 2096 de
802 2039 1075 2112 indigenis
1118 2049 1299 2098 terrae.
1337 2042 1514 2099 Omne
1559 2043 1942 2100 fermentatum
1983 2059 2091 2100 non

498 2133 797 2190 comedetis
853 2153 865 2188 :
924 2136 976 2191 in
1025 2135 1235 2192 cunctis
1293 2134 1618 2192 habitaculis
1680 2138 1872 2194 vestris
1934 2137 2096 2194 editis

502 2240 713 2298 azyma.
754 2226 980 2284 Vocavit
1021 2238 1202 2285 autem
1254 2229 1433 2286 Moses
1475 2244 1666 2286 omnes
1709 2231 1958 2286 seniores
1987 2229 2092 2305 [In]

501 2317 690 2388 Israel,
722 2329 775 2376 et
800 2320 937 2377 dixit
975 2323 1042 2378 ad
1083 2337 1178 2380 eos
1210 2340 1225 2379 :
1261 2322 1337 2380 Ite
1369 2323 1622 2381 tollentes
1665 2324 1864 2381 animal
1895 2340 1990 2396 per
2019 2325 2096 2382 fa—

503 2413 681 2470 milias
708 2423 942 2482 vestras,
971 2424 1027 2471 et
1071 2415 1347 2474 immolate
1395 2415 1592 2473 Phase.
1643 2417 2096 2490 Fasciculumque

503 2503 724 2578 hySSOpi
754 2507 946 2579 tingite
976 2507 1028 2564 in
1059 2509 1324 2581 sanguine
1351 2511 1442 2580 qui
1473 2519 1556 2566 est
1589 2510 1642 2565 in
1677 2509 1888 2582 limine,
1913 2519 1968 2567 et
2008 2526 2098 2568 as-

502 2599 715 2668 pergite
749 2615 815 2655 ex
844 2614 911 2655 eo
938 2601 1386 2672 superliminare,
1420 2612 1476 2658 et
1509 2612 1800 2675 utrumque
1841 2614 2049 2674 postem
2079 2622 2091 2658 :

503 2690 685 2746 nullus
713 2700 950 2748 vestrum
981 2693 1294 2766 egrediatur
1316 2695 1516 2752 ostium
1557 2696 1751 2752 domus
1782 2711 1892 2752 suae
1925 2712 2096 2768 usque

503 2799 684 2840 mane.
718 2786 991 2842 Transibit
1043 2789 1187 2844 enim
1231 2789 1492 2846 Dominus
1535 2791 1844 2861 percutiens
1892 2790 2100 2863 [Egyp-

501 2876 604 2932 tios
638 2895 650 2932 :
677 2893 910 2950 cumque
935 2879 1134 2936 viderit
1161 2884 1482 2952 sanguinem
1512 2883 1566 2938 in
1596 2884 2098 2956 superliminari,et

503 2969 554 3024 in
590 2978 820 3040 utroque
843 2981 1024 3045 poste,
1060 2975 1411 3032 transcendet
1439 2977 1636 3033 ostium
1666 2978 1883 3048 domus,
1915 2977 2097 3036 etnon

502 3060 648 3120 sinet
677 3079 1056 3134 percussorem
1083 3068 1299 3140 ingredi
1327 3069 1520 3128 domus
1551 3082 1762 3131 vestras
1782 3081 1837 3129 ct
1876 3073 2093 3129 laedere.

497 3151 724 3212 Custodi
753 3159 976 3216 verbum
1009 3159 1149 3217 istud
1178 3162 1477 3234 legitimum
1513 3164 1612 3221 tibi
1641 3177 1697 3222 et
1719 3165 1843 3223 ﬁliis
1872 3167 1979 3224 tuis
2009 3181 2099 3223 us-

2195 1945 2501 2004 sinentibus
2534 1960 2743 2001 moram
2775 1962 2790 1999 :
2831 1961 2934 2001 nec
2966 1945 3230 2014 pulmenti
3267 1945 3556 2018 quidquam
3591 1961 3763 2002 occur-

2195 2047 2340 2095 rerat
2370 2053 2697 2110 praeparare.
2731 2036 2835 2111 lC.
2875 2036 3106 2109 XVIII.]
3139 2037 3414 2095 Habitatio
3443 2047 3613 2094 autem
3645 2039 3764 2093 lilio-

2196 2147 2316 2188 rum
2347 2130 2538 2200 Israel,
2571 2130 2661 2202 qui
2695 2139 3014 2186 manserunt
3041 2129 3094 2184 in
3121 2127 3383 2201 Egypto,
3408 2130 3506 2185 fuit
3533 2128 3764 2201 quadrin—

2195 2235 2482 2297 gentorum
2516 2223 2733 2295 triginta
2765 2239 3052 2279 annorum.
3087 2222 3299 2292 Quibus
3321 2223 3565 2294 expletis,
3594 2221 3764 2278 eadem

2195 2320 2287 2377 die
2326 2333 2578 2392 egressus
2617 2327 2703 2374 est
2739 2319 2919 2375 omnis
2956 2320 3238 2375 exercitus
3283 2318 3495 2375 Domini
3534 2318 3601 2374 de
3638 2326 3764 2374 terra

2195 2411 2436 2484 Egypti.
2463 2410 2580 2467 Nox
2611 2419 2697 2466 est
2726 2410 2828 2466 ista
2874 2409 3234 2466 observabilis
3279 2409 3530 2476 Domini,
3575 2407 3767 2480 quando

2197 2505 2499 2563 eduxiteos
2527 2505 2595 2561 de
2619 2513 2763 2559 terra
2797 2501 3022 2576 [Egypti
3056 2521 3069 2558 :
3104 2504 3244 2559 hanc
3277 2503 3569 2560 observare
3591 2502 3766 2558 debent

2197 2614 2388 2658 omnes
2419 2597 2516 2653 ﬁlii
2548 2597 2718 2652 Israel
2757 2598 2809 2653 in
2853 2597 3306 2668 generationibus
3335 2597 3467 2653 suis.
3495 2594 3592 2670 [Ο.
3620 2594 3765 2667 ΧΧ.]

2197 2693 2455 2762 Dixitque
2497 2691 2761 2747 Dominus
2786 2690 2853 2746 ad
2885 2690 3068 2746 Mosen
3097 2700 3153 2746 et
3178 2693 3365 2747 Aaron
3398 2709 3411 2745 :
3446 2690 3568 2746 Hinc
3595 2698 3672 2746 est
3695 2704 3768 2744 rc—

2197 2784 2327 2856 ligio
2355 2784 2530 2840 Phase
2560 2801 2573 2838 :
2606 2783 2795 2839 Omnis
2822 2783 3123 2854 alienigena
3162 2799 3275 2839 non
3313 2783 3563 2840 comedet
3587 2799 3648 2839 ex
3679 2797 3757 2838 eo.

2197 2879 2388 2936 Omnis
2411 2887 2593 2934 autem
2623 2893 2816 2934 servus
2840 2877 3122 2948 emptitius
3151 2878 3594 2946 circumcidetur,
3622 2884 3672 2932 et
3697 2875 3764 2929 sic

2197 2972 2466 3030 comedet.
2505 2971 2726 3027 Advena
2753 2981 2807 3028 et
2840 2972 3208 3027 mercenarius
3245 2988 3355 3028 non
3387 2972 3546 3028 edent
3585 2986 3646 3026 ex
3686 2983 3763 3024 eo.

2197 3067 2254 3125 In
2286 3084 2391 3124 una
2429 3067 2592 3124 domo
2622 3066 2972 3134 comedetur,
3017 3083 3118 3124 nec
3145 3068 3392 3125 eﬁ’eratis
3433 3067 3500 3124 de
3543 3066 3769 3122 carnibus

2198 3161 2318 3232 ejus
2347 3160 2516 3227 foras,
2551 3175 2652 3217 nec
2695 3175 2757 3216 os
2801 3160 2944 3216 illius
2981 3160 3358 3233 confringetis.
3388 3160 3576 3218 Omnis
3617 3167 3770 3215 cretus

498 3265 604 3319 que
634 3251 684 3306 iu
713 3259 1000 3309 aeternum.
1028 3256 1272 3329 Cumque
1315 3259 1636 3316 introieritis
1669 3269 1892 3329 terram,
1925 3279 2086 3335 quam
2116 3259 2161 3323 C
2195 3255 2430 3311 ﬁliorum
2461 3253 2629 3310 Israel
2657 3253 2818 3311 faciet
2847 3253 3000 3310 illud.
3035 3255 3190 3323 Quod
3217 3256 3266 3311 si
3315 3256 3436 3326 quis
3477 3253 3766 3326 peregrino-

498 3341 760 3402 Duminus
791 3347 1018 3405 daturus
1048 3360 1134 3406 est
1159 3352 1312 3408 vobis
1352 3363 1410 3408 ut
1453 3355 1726 3425 pollicitus
1763 3366 1871 3424 est,
1901 3357 2094 3414 obser-

496 3436 690 3493 vabilis
728 3447 1084 3499 caeremonias
1117 3444 1266 3501 iSlaS.
1302 3446 1372 3502 Et
1395 3462 1519 3503 cum
1542 3448 1782 3506 dixerint
1808 3451 1964 3507 vobis
1998 3450 2095 3506 ﬁlii

495 3533 662 3589 vestri
700 3552 713 3588 :
747 3535 880 3604 Qum
910 3543 1009 3605 :est
1053 3540 1155 3596 ista
1193 3541 1422 3613 religio?
1466 3542 1659 3600 dicetis
1703 3545 1821 3600 eis:
1862 3543 2092 3600 Victima

496 3629 758 3685 transitus
790 3631 1003 3688 Domini
1033 3643 1136 3702 est,
1169 3635 1387 3707 quando
1409 3637 1657 3693 transivit
1693 3653 1858 3706 super
1901 3638 2093 3696 domos

497 3719 728 3776 Iiliorum
756 3721 923 3780 Israel
952 3726 1004 3782 in
1036 3725 1302 3800 IEgypto,
1349 3730 1662 3800 percutiens
1698 3729 2008 3804 Egyptios,
2039 3742 2094 3789 et

501 3815 698 3873 domos
737 3828 954 3875 nostras
987 3822 1242 3878 liberans.
1263 3823 1686 3896 Incurvatusque
1714 3827 1940 3897 populus
1965 3827 2095 3882 ado-

495 3907 654 3963 ravit.
682 3910 747 3965 Et
773 3913 978 3982 egressi
1005 3913 1102 3969 ﬁlii
1133 3915 1298 3970 Israel
1322 3916 1572 3973 fecerunt
1592 3919 1732 3974 sicut
1756 3930 2095 3992 praeceperat

497 4000 756 4057 Dominus
781 4004 913 4060 Mosi
947 4015 1002 4062 et
1029 4007 1232 4064 Aaron.
1259 4007 1349 4082 [l0
1375 4007 1592 4084 Plaga.]
1624 4011 1848 4069 Factum
1881 4023 1966 4069 est
1992 4029 2094 4068 au-

498 4100 606 4148 tem
636 4093 692 4149 in
721 4096 899 4152 noctis
945 4098 1150 4167 medio,
1187 4103 1462 4172 percussit
1503 4103 1767 4161 Dominus
1789 4121 1952 4162 omne
1983 4109 2095 4178 pri-

496 4188 828 4258 mogenitum
856 4190 910 4246 in
939 4200 1079 4248 terra
1110 4193 1351 4266 IEgypti,
1376 4211 1406 4251 a
1440 4197 1806 4270 primogenito
1853 4199 2092 4257 Pharao-

496 4279 602 4349 nis,
635 4281 726 4351 qui
747 4282 974 4339 sedebat
1001 4285 1053 4340 in
1086 4287 1226 4342 solio
1255 4288 1396 4359 ejus,
1425 4305 1600 4362 usque
1647 4292 1715 4347 ad
1757 4293 2092 4366 primogeni-

494 4383 606 4430 tum
635 4377 866 4447 captiva:
896 4393 1017 4450 quae
1045 4391 1162 4437 erat
1196 4381 1249 4437 itt
1277 4397 1523 4453 carcere,
1551 4395 1604 4442 et
1627 4402 1788 4443 omne
1813 4389 2092 4460 primoge-

493 4467 666 4525 nitum
716 4469 1108 4540 jumentorum.
1159 4475 1522 4550 Surrexitque
1563 4479 1778 4537 Pharao
1825 4492 2004 4549 nocte,
2038 4493 2095 4540 et

491 4577 685 4620 omnes
715 4567 857 4622 servi
887 4567 1026 4638 ejus,
1059 4578 1362 4642 cunctaque
1402 4571 1694 4646 Egyptus,
1733 4583 1790 4631 et
1828 4585 1979 4632 ortus
2009 4588 2092 4632 est

492 4655 700 4712 clamor
775 4674 1004 4731 magnus
1065 4661 1118 4718 in
1175 4662 1469 4735 Egypto:

495 4747 686 4805 domus
742 4752 797 4807 in
855 4769 960 4826 qua
1013 4772 1122 4812 non
1163 4756 1374 4828 jaceret
1446 4771 1716 4819 mortuus.
1760 4763 2090 4836 Vocatisque

497 4838 680 4912 [Vn/9.
737 4844 861 4898 add.
913 4845 1146 4922 Pharao]
1206 4850 1358 4907 Mose
1403 4858 1459 4907 et
1501 4853 1682 4910 Aaron
1735 4866 1937 4925 noete,
1968 4859 2086 4914 ait:

490 4930 742 5004 Surgite,
805 4938 1128 5009 egredimini
1181 4957 1212 4997 a
1253 4945 1452 5015 popqu
1500 4961 1670 5016 meo,
1727 4957 1782 5005 et
1839 4965 1978 5017 vos,
2035 4959 2091 5006 et

494 5025 592 5080 lilii
659 5026 822 5084 Israel
880 5048 894 5084 :
956 5031 1064 5098 ite,
1120 5033 1401 5094 immolate
1469 5038 1695 5094 Domino
1761 5041 1905 5098 sicut
1952 5042 2089 5098 dici-

493 5122 582 5177 tis.
622 5121 764 5178 Oves
812 5135 1020 5182 vestras
1065 5137 1119 5184 et
1165 5143 1410 5188 armenta
1461 5133 1721 5210 assumite
1769 5145 1827 5190 ut
1856 5137 2092 5207 petiera-

495 5214 588 5282 tis,
617 5225 672 5271 et
699 5216 966 5274 abeuntes
984 5220 1292 5281 benedicite
1321 5225 1475 5281 mihi.
1491 5226 1872 5300 Urgebantque
1890 5229 2092 5302 Aigyp—

495 5308 554 5366 lii
583 5310 842 5381 populum
877 5314 945 5370 de
969 5323 1113 5372 terra
1141 5318 1292 5376 exire
1318 5320 1605 5391 velociter,
1634 5322 1880 5380 dicentes
1917 5343 1930 5381 :
1962 5324 2087 5381 Om-

569 5524 594 5604 ξ
634 5515 742 5604 Pro
771 5503 1022 5589 fermento
1065 5535 1197 5604 mss.
1232 5527 1825 5604 omnesfermentatum
1860 5525 2082 5604 Iegu_n_t:

494 5593 779 5651 retinenda
811 5604 986 5648 tamen
1017 5595 1291 5650 editorum
1322 5593 1521 5661 lectio,
1555 5597 1679 5662 quia
1714 5597 1765 5652 in
1800 5593 1950 5654 fonte
1983 5597 2089 5652 Hc-

496 5664 679 5738 braico
707 5668 1008 5738 fermentum
1037 5667 1264 5738 legimus
1288 5708 1303 5735 ,
1349 5681 1453 5722 non
1493 5669 1876 5737 fermentatum.
1909 5672 2088 5727 Man'r.

493 5737 658 5811 —Sic
704 5749 853 5811 recte
897 5737 1107 5794 habent
1141 5753 1271 5795 mss.
1316 5741 1519 5809 nostri,
1544 5741 1857 5811 fermentum
1885 5758 1905 5797 :
1937 5757 2093 5799 secus

493 5807 688 5884 quibus
718 5810 971 5884 Martiali.
1015 5826 1145 5867 usus
1185 5823 1297 5880 est,
1333 5807 1716 5884 fermentatum.
1755 5816 1888 5869 Cau.
1924 5815 2085 5872 Mem.

494 5883 632 5938 hanc
665 5881 825 5938 liabet
852 5883 1188 5942 notationem
1217 5885 1275 5942 in
1317 5881 1492 5958 marg.
1521 5885 1853 5957 fermentum,
1891 5902 2000 5945 non
2032 5896 2092 5943 ut

2197 3365 2317 3406 rum
2350 3349 2402 3405 in
2431 3357 2668 3405 vestram
2689 3349 2922 3404 voluerit
2951 3349 3182 3404 transire
3210 3348 3508 3414 coloniam,
3537 3358 3588 3403 et
3611 3349 3768 3402 facere

2196 3443 2372 3500 Phase
2418 3442 2671 3509 Domino,
2700 3440 3124 3498 circumcidetur
3155 3442 3308 3513 prius
3351 3457 3514 3498 omne
3545 3439 3774 3496 masculi-

2198 3552 2324 3592 num
2353 3535 2496 3607 ejus,
2545 3543 2601 3591 et
2632 3545 2762 3590 tunc
2789 3535 2890 3591 rite
2921 3534 3226 3591 celebrabit
3256 3553 3270 3589 :
3306 3535 3520 3606 eritque
3549 3534 3682 3589 sicut
3706 3531 3776 3586 in-

2195 3628 2388 3701 digena
2417 3637 2580 3683 terra:
2604 3645 2619 3682 :
2653 3627 2705 3682 si
2734 3627 2858 3698 quis
2879 3635 3063 3682 autem
3086 3628 3450 3683 circumcisus
3479 3641 3581 3680 non
3610 3625 3772 3691 fuerit,

2197 3739 2306 3780 non
2335 3733 2586 3780 vescetur
2615 3739 2687 3780 ex
2716 3737 2804 3779 eo.
2838 3722 3040 3779 Eadem
3076 3723 3160 3778 lex
3195 3723 3304 3778 erit
3330 3722 3596 3793 indigena:
3621 3728 3673 3775 et
3697 3733 3779 3772 co-

2197 3820 2347 3882 Iono,
2373 3820 2463 3888 qui
2489 3818 2868 3889 peregrinatur
2892 3815 3034 3886 apud
3055 3831 3172 3872 vos.
3197 3815 3580 3885 Feceruntque
3609 3822 3778 3868 omnes

2196 3914 2292 3970 ﬁlii
2322 3913 2487 3969 Israel
2517 3912 2660 3968 sicut
2690 3921 3026 3983 praeceperat
3056 3911 3318 3966 Dominus
3349 3911 3486 3967 Mosi
3518 3918 3571 3966 et
3591 3908 3777 3964 Aaron.

2197 4007 2268 4063 Et
2296 4007 2486 4064 eadem
2526 4007 2614 4062 die
2656 4006 2843 4062 eduxit
2875 4005 3136 4063 Dominus
3179 4005 3322 4063 ﬁlios
3349 4004 3521 4062 Israel
3548 4003 3614 4060 de
3644 4011 3773 4058 terra

2195 4102 2415 4175 Egypti
2459 4117 2558 4172 per
2587 4110 2792 4156 turmas
2824 4115 2974 4156 suas.

2268 4196 2352 4270 ['I‘.
2366 4195 2474 4261 VII,
2495 4196 2554 4250 C.
2573 4193 2718 4262 XXI,
2737 4193 2866 4267 Cap.
2883 4192 3047 4266 XIII.]
3068 4193 3422 4265 Locutusque
3440 4187 3779 4248 estDominus

2194 4289 2262 4346 ad
2289 4289 2496 4355 Mosen,
2529 4288 2717 4343 dicens
2747 4305 2760 4342 :
2793 4286 3087 4343 Sanetiﬁca
3118 4286 3250 4342 mihi
3271 4301 3438 4343 omne
3467 4279 3782 4356 primogeni-

2197 4393 2334 4452 tum,
2369 4383 2510 4456 quud
2550 4381 2724 4454 aperit
2747 4383 2968 4438 vulvam
2999 4384 3055 4438 in
3086 4383 3210 4438 Iiliis
3241 4381 3413 4439 Israel
3445 4393 3552 4437 tam
3590 4379 3654 4434 de
3698 4376 3784 4430 lio-

2195 4478 2432 4534 minibus
2462 4488 2622 4548 quam
2661 4476 2730 4532 de
2766 4476 3031 4548 jumentis
3061 4494 3076 4532 :
3106 4490 3226 4532 mea
3263 4485 3395 4532 sunt
3423 4475 3568 4530 enim
3595 4469 3780 4527 omnia.

2195 4571 2265 4627 Et
2285 4573 2361 4626 ait
2386 4570 2559 4627 Moses
2589 4569 2656 4624 ad
2681 4569 2937 4640 populum
2972 4587 2983 4622 :
3013 4569 3345 4626 Mementote
3370 4569 3480 4625 diei
3510 4567 3666 4638 hujus
3689 4605 3703 4631 ,
3735 4564 3782 4616 in

1531 4681 1710 4738 neque
1771 4668 1916 4724 enim
1973 4678 2090 4725 erat
2118 4657 2173 4719 D
2195 4682 2297 4738 qua
2328 4666 2536 4738 egressi
2566 4665 2700 4721 estis
2724 4664 2792 4720 de
2825 4663 3064 4736 [Egypto
3103 4675 3159 4720 et
3201 4665 3269 4720 de
3301 4665 3470 4721 domo
3499 4659 3779 4724 servitutis,

2193 4759 2451 4830 quoniam
2481 4758 2534 4812 in
2569 4772 2731 4812 manu
2763 4755 2890 4812 forti
2922 4756 3112 4812 eduxit
3142 4772 3236 4813 vos
3265 4757 3542 4813 Dominus
3579 4755 3647 4812 de
3674 4754 3785 4808 loco

2193 4852 2316 4917 isto,
2363 4860 2424 4906 ut
2455 4866 2563 4906 non
2594 4851 2898 4907 comedatis
2943 4849 3326 4906 fermentatum
3374 4867 3592 4921 panem.
3627 4845 3786 4903 Hodie

2193 4945 2514 5018 egredimini
2545 4960 2732 5001 mense
2775 4960 3040 5001 novarum
3067 4943 3302 5016 frugum.
3339 4945 3591 5016 Cumque
3625 4943 3786 4998 intro-

2195 5041 2415 5098 duxerit
2440 5050 2493 5096 te
2525 5041 2782 5096 Dominus
2814 5041 2866 5096 in
2899 5049 3102 5095 terram
3139 5038 3436 5094 Chananasi
3465 5047 3521 5094 et
3561 5033 3782 5093 I-Iettlnci

2198 5145 2254 5191 et
2274 5131 2582 5192 Amorrhrei
2603 5142 2659 5190 et
2691 5134 2834 5189 Evzei
2867 5132 3204 5200 etJebusaJi,
3237 5126 3786 5204 quamjuravitpatri-

2197 5228 2299 5285 bus
2352 5227 2482 5294 tuis,
2532 5235 2594 5283 ut
2639 5226 2795 5283 daret
2845 5228 2938 5283 tibi
2999 5236 3201 5282 terram
3247 5225 3507 5282 ﬂuentem
3556 5224 3690 5280 lacte
3737 5228 3787 5274 et

2197 5321 2383 5394 melle,
2403 5321 2708 5380 celebrabis
2735 5320 2877 5378 hunc
2903 5335 3116 5378 morem
3140 5335 3422 5377 sacrorum
3453 5333 3642 5377 mense
3669 5317 3784 5373 isto.

2194 5523 2282 5579 alii
2315 5523 2698 5595 fermentatum.

2267 5583 2579 5650 b'Lectioni
2627 5593 2855 5650 canonis
2902 5592 3252 5650 consentiunt
3292 5598 3409 5644 tres
3452 5602 3587 5643 mss.
3632 5583 3784 5640 codd.

2197 5668 2528 5726 Colbertinze
2561 5665 2938 5725 bibliothecte.
2983 5675 3038 5719 ct
3077 5680 3218 5719 unus
3247 5678 3277 5718 e
3304 5658 3705 5716 recentioribus
3732 5656 3786 5710 S.

2199 5741 2456 5800 Germani
2484 5755 2514 5794 a
2546 5741 2741 5794 I‘ratis.
2772 5739 2960 5811 Deleta
2989 5745 3171 5792 autem
3200 5733 3453 5790 videntur
3487 5733 3537 5785 in
3562 5731 3680 5811 aliis
3709 5728 3788 5782 ul—

2204 5815 2331 5870 tima
2373 5811 2574 5878 verba,
2625 5820 2676 5864 et
2723 5810 3062 5875 mulieribus;
3117 5817 3338 5881 propter
3388 5810 3788 5860 annotattouem

2207 5884 2557 5957 tuarginalcm
2583 5881 2832 5942 canonis.
2865 5881 3041 5939 Mnnr.
