3912 6348
503 244 615 317 359

1495 245 1554 307 S.
1594 235 1978 306 HIERONYMI
2020 240 2254 313 DIVINA
2297 234 2783 309 BlBLlOTilECA.
3661 259 3751 328 est)

498 363 852 438 profundum.
893 361 1160 421 Dixerunt
1188 376 1322 436 ergo
1364 363 1607 440 Egyptii
1652 382 1664 419 :
1698 364 1993 437 Fugiamus
2023 365 2103 420 Ις-
2137 368 2185 426 Α
2285 366 2375 433 qui
2404 365 2599 421 similis
2629 365 2725 433 tui,
2761 367 3083 438 magniﬁcus
3110 364 3164 424 in
3195 365 3509 426 sanctitate:

504 459 706 516 raelem
738 475 752 512 ;
786 458 1047 514 Dominus
1093 455 1242 517 enim
1273 466 1473 529 pugnat
1502 471 1601 528 pro
1628 457 1711 513 eis
1741 465 1935 525 cmttra
1978 471 2099 521 nos.

501 550 575 613 Et
604 550 680 605 ait
712 548 978 615 Dominus
1002 547 1073 605 ad
1107 547 1297 615 Mosen
1345 564 1360 603 :
1400 548 1649 613 Extende
1692 544 1913 613 niauutn
1956 560 2103 619 tuam

504 655 672 717 super
720 655 911 711 mare,
965 648 1025 701 ut
1078 647 1432 707 revertantur
1476 655 1632 713 aqua:
1686 640 1759 703 ad
1819 640 2107 715 Egyptios

494 748 674 807 super
702 748 903 795 currus
932 745 985 795 et
1007 734 1223 805 equites
1248 748 1461 799 eorum.
1485 733 1733 806 Cumque
1771 736 2107 797 ostendisset

506 827 682 885 Moses
704 843 926 886 manum
955 838 1145 887 centra
1172 841 1347 894 mare,
1379 843 1666 891 reversum
1694 840 1779 887 eat
1811 830 1988 901 primo
2017 828 2104 889 di-

505 920 689 981 luculo
712 921 779 979 ad
813 923 1051 992 priorem
1083 923 1261 981 locum
1294 938 1309 976 :
1342 920 1793 996 fugientibusque
1831 921 2106 996 Egyptiis

505 1024 865 1083 occurrerunt
891 1031 1081 1087 aqum,
1129 1025 1186 1077 et
1215 1015 1452 1077 involvit
1482 1032 1579 1074 eos
1609 1017 1872 1085 Dominus
1894 1018 1955 1083 in
1986 1032 2101 1075 me-

496 1108 610 1171 diis
633 1108 907 1173 ﬂuctibus.
930 1108 1298 1180 Reversmque
1319 1119 1452 1175 sunt
1481 1125 1662 1182 aqua,
1685 1120 1743 1167 et
1766 1122 2108 1183 operuerunt

503 1218 697 1269 currus
736 1212 792 1263 et
836 1196 1050 1275 equites
1085 1202 1270 1265 cuncti
1314 1202 1599 1268 exercitus
1644 1202 1974 1271 Pharaonis.
2015 1202 2104 1274 qui

505 1302 801 1368 sequentes
841 1293 1073 1366 ingressi
1120 1295 1338 1360 fuerant
1380 1309 1562 1361 mare,
1594 1310 1662 1350 ne
1705 1308 1848 1359 unus
1886 1292 2106 1366 quidem

501 1390 777 1461 superfuit
817 1404 888 1447 ex
916 1390 1019 1445 eis.
1051 1388 1175 1449 Filii
1201 1399 1386 1449 autem
1420 1387 1590 1453 lsrael
1621 1397 1982 1461 perrexerunt
2008 1402 2109 1461 per

506 1480 752 1545 medium
780 1481 914 1538 sicci
964 1479 1169 1547 maris,
1205 1488 1262 1545 et
1300 1495 1455 1553 aqua:
1500 1481 1582 1541 eis
1620 1490 1781 1545 erant
1827 1480 1987 1552 quasi
2010 1495 2109 1551 pro

506 1589 663 1639 muro
694 1590 724 1639 a
756 1574 964 1641 dextris
1004 1584 1060 1635 et
1080 1590 1110 1635 a
1142 1573 1383 1637 sinistris
1411 1590 1427 1631 :
1455 1573 1821 1646 liberavitque
1846 1573 2108 1631 Dominus

509 1671 562 1727 in
585 1668 676 1731 die
705 1668 796 1724 illa
829 1668 998 1729 Israel
1026 1668 1096 1725 de
1129 1683 1294 1733 manu
1324 1666 1731 1742 Egyptiornm.
1764 1668 1830 1731 Et
1855 1667 2109 1724 viderunt

2281 458 2549 517 terribilis
2578 468 2743 531 atque
2768 459 3076 527 laudabilis.
3110 459 3314 518 faciens
3341 462 3621 520 mirabilia?

2214 549 2524 611 Extendisti
2550 566 2767 613 manum
2800 562 2948 611 tuam
2980 552 3059 625 [ὴ.
3084 552 3367 615 Dexteram
3392 555 3573 627 tuam],

2285 653 2347 705 et
2367 644 2652 709 devoravit
2674 660 2773 707 eos
2799 653 2970 707 terra.

2212 736 2330 797 Dux
2356 737 2505 796 fuisti
2527 739 2583 797 in
2609 738 2985 799 misericordia
3015 751 3108 799 tua

2283 834 2483 905 popqu
2511 850 2673 906 quem
2699 835 3003 901 redemisti.

2210 926 2279 987 Et
2302 927 2528 997 portasti
2558 942 2685 991 eum
2708 927 2763 984 in
2791 928 3109 989 fortitudine
3132 935 3221 989 tua

2279 1020 2345 1081 ad
2378 1020 2749 1079 habitaculum
2773 1030 3023 1081 sanetum
3055 1034 3226 1081 tuum.
3314 1056 3339 1065 ρ

2209 1112 2237 1155 (ι
2269 1114 2651 1179 Ascenderunt
2691 1115 2906 1187 populi.
2949 1125 3005 1173 et
3042 1115 3166 1175 imi
3210 1123 3340 1174 sunt
3375 1114 3454 1187 1h.
3502 1115 3772 1174 Audierant

2356 1207 2563 1278 pepuli,
2596 1217 2652 1265 et
2680 1207 2983 1279 perturbati
3012 1207 3199 1281 sunt]:

2281 1296 2506 1355 dolores
2534 1299 2890 1355 obtinuerunt
2919 1297 3256 1359 habitatores
3285 1298 3626 1361 Pbtliuhiim.

2211 1389 2363 1447 Tunc
2388 1390 2700 1451 conturbati
2724 1400 2850 1447 sunt
2882 1391 3157 1463 principes
3191 1391 3387 1458 Iidem,

2284 1483 2542 1540 robustos
2563 1484 2722 1540 Moab
2744 1484 2983 1542 obtinuit
3010 1495 3216 1547 tremor
3240 1503 3257 1544 :

2280 1577 2639 1650 obriguerunt
2665 1593 2858 1635 omnes
2883 1578 3223 1639 habitatores
3246 1577 3528 1643 Chanaan.

2212 1670 2387 1729 lrruat
2416 1686 2581 1743 super
2607 1686 2704 1727 eos
2735 1670 2971 1727 formido
2999 1682 3056 1728 et
3084 1687 3278 1742 pavor,

507 1763 799 1839 ὤσῃιίοε
824 1774 1073 1829 mortuos
1092 1779 1259 1839 super
1280 1764 1433 1825 littus
1457 1763 1717 1839 maris,et
1736 1779 1958 1821 manum
1990 1779 2104 1819 ma-
2137 1756 2186 1831 Β
2280 1764 2336 1821 in
2370 1774 2393 1802 θ
2420 1763 2796 1835 magnitudine
2825 1763 3035 1827 brachii
3072 1764 3172 1821 tui.

508 1872 675 1935 gnam
702 1872 863 1933 quam
884 1866 1213 1921 exercuerat
1241 1857 1509 1914 Dominus
1530 1866 1725 1923 contra
1750 1870 1870 1925 eos,
1902 1856 2113 1917 tinuit-

510 1964 619 2021 que
652 1949 885 2031 populus
914 1950 1239 2021 Dominum,
1267 1961 1322 2019 et
1349 1949 1708 2015 crediderunt
1749 1949 2017 2017 Domino,
2055 1957 2113 2009 et

507 2043 642 2115 Mosi
663 2058 827 2113 servo
853 2044 994 2115 ejus,

577 2133 730 2199 Tunc
758 2136 960 2205 cecinit
988 2136 1169 2201 Moses
1193 2145 1250 2205 et
1277 2135 1373 2197 lilii
1404 2135 1572 2205 lsrael
1603 2151 1826 2201 carmen
1866 2134 1973 2203 hoc
2002 2135 2115 2201 Do-

506 2230 682 2303 mino,
712 2239 768 2289 et
792 2231 1053 2301 dixerunt
1078 2248 1093 2286 :

504 2322 801 2382 Cantemus
832 2324 1101 2391 Domino;

576 2417 817 2497 gloriose
836 2418 984 2487 enim
1016 2415 1398 2493 magnificatus
1426 2425 1531 2486 est,

580 2525 778 2582 equum
806 2520 862 2567 et
887 2526 1235 2577 ascensorem
1264 2509 1463 2582 dejeeit
1491 2511 1544 2569 in
1575 2526 1747 2575 mare.

506 2599 792 2671 Fortitudo
819 2617 967 2671 mea,
1004 2612 1058 2667 et
1086 2602 1203 2669 laus
1238 2617 1357 2659 mea
1388 2602 1681 2669 Dominus;

577 2704 635 2752 et
658 2695 835 2755 factus
861 2705 948 2753 est
969 2696 1101 2753 mihi
1134 2697 1188 2754 in
1217 2697 1473 2763 salutem.

507 2789 615 2849 Iste
636 2788 783 2853 Deus
810 2804 985 2860 meus,
1017 2799 1075 2846 et
1098 2788 1419 2867 gloritlcabo
1448 2805 1574 2853 eum
1602 2809 1614 2845 :

581 2881 723 2947 Deus
754 2883 924 2953 patris
955 2882 1086 2955 mei,
1120 2892 1177 2940 et
1204 2882 1462 2939 exaltabo
1497 2898 1643 2951 eum.

506 2974 776 3039 Dominus
804 2975 960 3048 quasi
980 2976 1066 3032 vir
1095 2985 1400 3048 pugnator:

581 3079 608 3107 ει
639 3068 986 3141 omnipotens
1018 3069 1099 3143 [In
1131 3070 1187 3127 lt.
1223 3070 1508 3147 Dominus]
1535 3086 1735 3137 nomen
1768 3071 1889 3143 ejus
1918 3092 1929 3125 :

578 3176 771 3218 currus
788 3141 1086 3227 Pharaonis
1101 3172 1153 3229 et
1175 3164 1478 3223 exercitum
1490 3141 1607 3236 ejus
1624 3141 1853 3236 projecit
1865 3168 1918 3220 in
1936 3178 2107 3223 mare.
2138 3141 2185 3217 C

504 3252 680 3331 Electi
710 3255 985 3326 principes
1013 3254 1134 3329 ejus
1162 3255 1436 3315 submersi
1464 3268 1592 3325 sunt
1622 3257 1675 3317 itt
1709 3256 1847 3321 mari
1876 3255 2065 3316 Rubro
2094 3274 2107 3311 :

496 3416 501 3423 κ
582 3345 765 3425 abyssi
795 3358 1133 3421 operuerunt
1161 3363 1256 3404 eos
1282 3366 1297 3403 :

578 3439 983 3497 descenderunt
1016 3442 1066 3496 in
1098 3439 1430 3511 profundum
1455 3442 1610 3513 quasi
1639 3442 1800 3512 lapis.

510 3531 750 3601 Dextera
791 3542 913 3601 tua,
962 3533 1213 3600 Domine,
1260 3533 1289 3573 δ
1342 3533 1684 3608 magnificata
1733 3544 1821 3593 est
1860 3536 1912 3593 in
1958 3536 2113 3601 forti-

657 3623 864 3680 tudine.
945 3678 954 3686 ,

496 3702 507 3710 ’
582 3716 811 3800 ἀεξιθιιη
842 3726 953 3785 tua,
1002 3714 1260 3786 Domine,
1303 3719 1577 3788 percussit
1625 3718 1943 3777 inimicum:
1974 3720 2113 3777 etin

656 3809 1233 3882 tnultitudinegloriaa
1265 3821 1371 3868 tua:
1418 3810 1720 3883 deposuisti
1768 3813 2113 3873 adversarios

652 3911 682 3971 με
712 3915 867 3957 meos
897 3900 979 3976 [lt.
1013 3900 1180 3975 tuos].

512 3992 706 4050 Misisti
728 3993 864 4050 iram
890 4006 1059 4064 tuam,
1080 4012 1205 4068 quae
1228 3996 1513 4063 devoravit
1537 4012 1632 4054 eos
1653 3997 1797 4054 sicut
1818 3998 2111 4071 stipulam:

582 4095 637 4141 et
665 4086 718 4141 in
747 4086 945 4157 spiritu
973 4086 1176 4144 furoris
1203 4088 1277 4145 tui
1307 4100 1646 4164 congregato
1675 4100 1802 4148 sunt
1824 4108 2001 4164 aquae.

510 4177 669 4237 Stetit
699 4179 840 4236 unda
872 4181 1050 4237 fluens
1075 4198 1088 4234 :

581 4283 929 4353 congregans
959 4284 1089 4330 sunt
1117 4275 1303 4348 abyssi
1329 4277 1384 4334 in
1414 4278 1594 4335 medio
1625 4280 1782 4335 mari.

501 4360 664 4427 ‘Dixit
693 4368 948 4427 inimicus
976 4389 987 4425 :
1022 4368 1326 4444 Persequar
1361 4384 1417 4428 et
1446 4373 1929 4447 comprehendam,

580 4462 819 4521 dividam
847 4462 1046 4536 spolia,
1078 4464 1394 4536 implebitnr
1414 4465 1594 4521 anima
1625 4482 1765 4533 mea.

508 4557 820 4629 Evaginabo
842 4556 1078 4629 gladium
1106 4572 1287 4617 meum
1314 4576 1325 4610 :

653 4650 941 4707 interticiet
969 4665 1065 4706 eos
1088 4664 1279 4709 manus
1303 4666 1446 4706 mea.

510 4739 685 4798 Flavit
709 4742 933 4813 spiritus
963 4749 1111 4814 tuus,
1135 4750 1194 4798 et
1213 4741 1431 4817 operuit
1458 4757 1555 4799 eos
1582 4758 1731 4805 mare
1756 4763 1767 4799 :

583 4837 851 4894 submersi
882 4845 1013 4899 sunt
1039 4838 1192 4911 quasi
1228 4837 1509 4911 plumbum
1543 4840 1594 4896 in
1626 4839 1783 4912 aquis
1813 4820 2112 4895 vehemen-

652 4931 819 4989 tibus.

510 5022 643 5093 Quis
665 5023 858 5081 similis
889 5025 965 5082 tui
999 5026 1054 5083 in
1081 5026 1336 5099 fortibus,
1370 5026 1639 5084 Domine?
1924 5095 1929 5099 ς

585 5156 612 5185 ι
648 5144 1180 5273 ιδυῗθὶιβεὴὺρῃιιε
1204 5144 1530 5214 editionem,
1552 5160 1677 5217 qua
1698 5144 1826 5214 fert,
1851 5143 2107 5203 Dominus

585 5236 696 5273 men
717 5235 767 5273 es
816 5235 834 5273 ι
878 5235 915 5273 ι.

511 5234 696 5275 nomen
717 5228 789 5275 εει
816 5228 854 5273 Π
858 5228 893 5273 ιι
902 5259 915 5273 .

581 5289 609 5330 δ
648 5286 803 5348 Ηυιιο
840 5290 1021 5346 locum
1063 5289 1431 5361 dlverslmode
1468 5290 1651 5361 legunt
1692 5303 1823 5346 mss.
1856 5288 2099 5361 codices.

504 5360 694 5420 Cantm
724 5360 862 5419 Rob.
895 5378 1013 5417 ver.
1048 5362 1117 5417 ita
1146 5361 1311 5418 habet
1340 5379 1353 5416 ε
1385 5359 1638 5417 Βοωιὶτιηι
1661 5371 1824 5428 tuam,
1858 5359 2102 5428 Domine,

508 5436 841 5508 magniﬁcam
875 5434 1283 5508 intortum.
1305 5432 1451 5508 _Alii,
1498 5433 1693 5508 Dextra
1719 5443 1826 5508 tua_,
1859 5431 2103 5508 Domine,

508 5501 780 5581 magniﬁce
814 5507 881 5581 in
902 5501 1599 5581 fortitudine;_llecentior
1631 5521 1770 5560 unus
1801 5501 2106 5581 logit,_Ma-

507 5574 781 5652 qui/ieeur
803 5580 858 5635 in
887 5574 1213 5652 fortitudine.
1240 5575 1332 5652 sic
1353 5589 1455 5647 pro
1485 5576 1767 5652 voluntate
1792 5574 2101 5643 exaeriplo-

505 5647 627 5709 ἱιιὼ
678 5651 837 5715 tutius
869 5647 1152 5711 sementis:
1192 5647 1377 5711 nulla!
1424 5649 1626 5719 sacpius
1664 5655 1963 5709 occurrunt
2003 5661 2097 5709 Ia.-

505 5722 711 5779 riantes
739 5722 1026 5778 lectiones.
1066 5720 1247 5775 MART.

572 5793 703 5850 —ln
728 5793 917 5851 Latina
946 5790 1189 5851 editione
1216 5791 1343 5861 alia,
1376 5804 1537 5864 quam
1568 5789 1863 5848 Rabbanus
1898 5789 2104 5847 laudat.

2210 1855 2371 1913 Fiant
2398 1855 2707 1913 immobiles
2731 1858 2889 1927 quasi
2913 1856 3074 1927 lapis,

2283 1948 2463 2006 donec
2491 1958 2737 2006 transeat
2766 1942 2996 2022 populus
3026 1958 3172 2018 tuus,
3207 1949 3465 2017 Domine,

2281 2043 2460 2100 donec
2489 2051 2732 2107 transeat
2756 2043 2987 2117 papulas
3012 2053 3136 2109 tuus
3165 2044 3295 2111 iste,
3314 2058 3479 2116 quem
3505 2043 3795 2117 possedisti.

2210 2127 2529 2201 Introduces
2573 2152 2691 2205 eos,
2740 2149 2798 2199 et
2842 2136 3111 2210 plautabis
3155 2139 3210 2195 in
3255 2145 3448 2203 monte
3483 2137 3793 2203 haeditatis

2358 2237 2496 2293 tuae.

2285 2320 2607 2383 ﬁrmissime
2661 2320 2974 2389 habitacula
3025 2330 3156 2394 tuo,
3207 2320 3361 2394 quod
3417 2332 3674 2395 operatus
3718 2336 3802 2388 es,

2357 2413 2590 2473 Domine
2618 2432 2629 2467 :

2218 2505 2604 2571 Sanctuarium
2634 2506 2823 2587 [ναις.
2852 2508 2979 2565 add.
3026 2507 3221 2583 tuum],
3258 2509 3518 2577 Domine,
3556 2508 3699 2582 quod
3732 2508 3809 2569 fir-

2358 2608 2646 2659 moverunt
2672 2615 2866 2656 manus
2890 2610 3017 2657 tum.
3428 2610 3437 2617 “

2291 2691 2552 2749 Dominus
2579 2694 2831 2765 regnabit
2856 2693 2912 2755 in
2944 2703 3215 2761 aeternum
3247 2706 3305 2757 et
3339 2696 3513 2759 ultra-

2216 2784 2500 2861 Ingressus
2526 2796 2614 2842 est
2641 2787 2785 2845 enim
2810 2786 2889 2861 [h.
2922 2788 3023 2860 sic]
3050 2803 3227 2868 equus
3254 2788 3489 2851 Pharao
3512 2803 3639 2851 cum
3663 2785 3820 2853 curti-

2359 2880 2461 2936 bus
2482 2887 2541 2937 et
2559 2880 2835 2950 equitibus
2862 2880 2980 2953 ejus
2995 2878 3058 2939 in
3089 2896 3242 2945 mare
3267 2898 3286 2940 :

2287 2980 2343 3027 et
2367 2971 2589 3029 reduxit
2616 2986 2785 3037 super
2809 2987 2904 3029 eos
2931 2972 3190 3039 Dominus
3216 2987 3398 3053 aquas
3424 2973 3619 3041 maris.

2215 3065 2338 3123 Filii
2376 3075 2559 3131 autem
2590 3066 2757 3129 Israel
2789 3066 3210 3137 ambulauerunt
3240 3081 3346 3139 per
3376 3070 3615 3138 siccum,
3644 3067 3697 3123 in
3725 3079 3826 3131 me-

2353 3160 2445 3215 dio
2474 3161 2612 3232 ejus.

2219 3250 2302 3327 [Β.
2361 3252 2555 3328 XXV.]
2612 3253 2858 3327 Sonipsit
2907 3269 3040 3333 ergo
3091 3254 3261 3319 Maria
3307 3254 3606 3333 prOpItetis
3655 3250 3827 3325 [Vulg-

2215 3345 2587 3421 prophetissa]
2618 3362 2779 3403 soror
2807 3349 3012 3417 Aaron,
3047 3358 3377 3421 tympanum
3412 3348 3471 3405 in
3503 3361 3671 3413 manu
3698 3360 3790 3411 sua
3818 3360 3830 3398 :

2216 3453 2562 3509 egressaeque
2585 3448 2713 3493 sunt
2738 3454 2927 3495 omnes
2949 3440 3206 3494 mulieres
3237 3450 3372 3511 post
3400 3455 3530 3499 eam
3558 3453 3685 3501 cum
3708 3445 3837 3506 tym-

2215 3533 2372 3604 panis
2399 3539 2454 3587 et
2492 3531 2699 3594 choris.
2746 3532 2943 3603 quibus
2980 3530 3345 3605 prmcinebat,
3378 3532 3581 3589 dicens
3605 3548 3621 3586 :
3645 3531 3837 3587 Cante-

2204 3638 2337 3693 mus
2367 3623 2625 3689 Domino,
2654 3625 2892 3696 gloriose
2914 3626 3058 3679 enim
3091 3625 3496 3697 magnificatus
3516 3634 3629 3691 est,
3651 3637 3841 3697 equum

2214 3726 2271 3773 et
2300 3730 2648 3772 ascensorem
2692 3716 2810 3789 ejus
2839 3716 3041 3788 dejecit
3069 3717 3124 3775 in
3166 3732 3331 3781 mare
3385 3718 3483 3789 [Τ.
3513 3716 3613 3787 ιχ,
3645 3717 3711 3775 Β.
3751 3714 3841 3781 ιχ.

2213 3807 2275 3865 C.
2306 3808 2526 3883 XXV|.]
2554 3809 2706 3865 Tulit
2734 3821 2913 3871 autem
2938 3810 3117 3869 Moses
3147 3810 3332 3867 Israel
3358 3815 3434 3868 de
3464 3814 3613 3867 mari
3644 3810 3844 3875 Rubro,

2214 3909 2271 3958 et
2302 3901 2508 3971 egressi
2558 3909 2685 3957 sunt
2715 3901 2769 3956 in
2800 3900 3075 3957 desertum
3118 3900 3262 3957 Sttr:
3299 3901 3849 3970 atnbulaveruntque

2221 3993 2400 4050 tribus
2443 3993 2635 4053 diebus
2686 4009 2781 4071 per
2822 3993 3194 4060 solitudinem,
3226 4004 3286 4050 et
3323 4012 3444 4057 tton
3496 3993 3853 4052 inveniebant

2219 4102 2437 4160 aquam.
2470 4087 2537 4153 Et
2573 4097 2842 4149 venerunt
2871 4088 2923 4143 itt
2952 4086 3182 4156 Marath,
3212 4103 3320 4145 nec
3360 4099 3642 4161 poterant
3673 4088 3856 4145 bibere

2221 4198 2390 4256 aquas
2432 4183 2500 4240 de
2544 4183 2709 4251 Mara,
2758 4198 2824 4239 eo
2872 4183 3015 4254 quod
3058 4191 3247 4239 essent
3302 4198 3571 4241 amara}:
3609 4184 3760 4241 unde
3806 4191 3859 4235 et

2217 4291 2520 4349 congruum
2548 4275 2673 4332 loco
2710 4290 2906 4331 nomen
2942 4275 3217 4345 imposuit,
3249 4290 3483 4333 vocans
3515 4275 3659 4331 illud
3691 4275 3858 4339 Mara,

2218 4369 2270 4437 id
2303 4380 2407 4438 est,
2440 4369 2877 4426 amaritudinem.
2911 4367 2979 4424 Et
3016 4370 3394 4426 murmuravit
3441 4370 3699 4443 populus
3737 4384 3865 4425 con-

2220 4472 2299 4531 tra
2328 4463 2534 4533 Mosen,
2568 4464 2779 4530 dicens,
2814 4462 2943 4534 quid
2983 4462 3274 4518 bibemus?
3322 4462 3400 4519 At
3460 4466 3563 4523 ille
3601 4462 3865 4523 clamavit

2139 4534 2188 4605 Β
2219 4555 2289 4611 ad
2319 4555 2627 4623 Dominum,
2652 4554 2745 4626 qui
2767 4553 3007 4615 ostendit
3033 4553 3086 4610 ei
3120 4554 3333 4629 lignum
3366 4576 3380 4609 :
3418 4556 3583 4629 quod
3608 4572 3739 4613 cum
3769 4553 3872 4611 mi-

2221 4652 2386 4709 sisset
2416 4652 2468 4707 in
2498 4666 2689 4724 aquas,
2723 4652 2776 4706 in
2814 4651 3156 4711 dulcedinem
3185 4666 3379 4709 uersae
3402 4662 3550 4727 sunt
3582 4672 3597 4709 :
3634 4653 3715 4721 ibi
3740 4665 3870 4713 con-

2212 4744 2390 4801 stituit
2436 4744 2485 4799 ei
2535 4752 2830 4819 praecepta,
2880 4754 3043 4816 atque
3080 4742 3316 4816 judicia,
3376 4757 3444 4805 et
3503 4747 3591 4803 ibi
3641 4744 3877 4804 tentavit

2213 4851 2360 4902 eum,
2392 4834 2501 4911 [ιι]
2543 4844 2598 4893 et
2628 4834 2801 4891 dixit:
2829 4834 2885 4892 Si
2926 4834 3167 4899 audieris
3211 4851 3424 4893 vocem
3482 4839 3725 4897 Domini
3775 4836 3872 4893 Dei

2218 4930 2315 4994 tui.
2344 4941 2399 4986 et
2426 4929 2571 5003 quod
2602 4939 2808 4986 rectum
2836 4936 2921 4986 est
2947 4942 3136 4985 coram
3167 4944 3235 4985 eo
3264 4928 3525 5006 feceris,
3560 4946 3621 4993 et
3651 4933 3878 4992 obedie-

2214 5024 2290 5081 ris
2342 5022 2610 5079 mandatis
2654 5022 2798 5095 ejus,
2831 5020 3265 5093 custodierisque
3323 5027 3538 5082 omnia
3594 5034 3882 5101 praecepta

2212 5142 2513 5217 θεονίεεριᾳ
2533 5149 2628 5217 8.“-

2289 5225 2312 5254 °
2352 5208 2505 5269 Editi
2553 5212 2762 5283 legunt,
2817 5220 2957 5278 tuos,
3005 5210 3157 5281 juxta
3203 5208 3561 5276 Helymum.
3620 5219 3702 5272 At
3750 5229 3885 5269 mss.

2213 5301 2407 5341 omnes
2454 5287 2675 5357 optime
2707 5294 2851 5339 notae
2882 5291 2946 5357 et
2994 5283 3348 5355 antiquiores
3401 5285 3667 5357 habent,
3721 5303 3889 5342 meos.

2211 5358 2393 5425 Quare
2438 5355 2509 5413 ne
2551 5356 2678 5427 quid
2713 5355 2929 5425 βροντὴ
2956 5356 3290 5411 auctoritate
3332 5368 3371 5409 ι
3410 5358 3601 5414 nobis
3635 5355 3893 5423 “are—

2212 5439 2324 5490 tur.
2359 5443 2447 5485 res
2478 5437 2535 5493 ut
2563 5437 2690 5483 sunt
2718 5428 2774 5484 in
2795 5440 3027 5495 canone,
3054 5440 3278 5483 manere
3310 5427 3669 5495 νωυίφιις.
3700 5432 3892 5491 Mur.

2209 5531 2282 5542 -
2305 5501 2398 5559 Sic
2426 5499 2620 5567 nostri,
2649 5499 2848 5569 aliique
2890 5512 3085 5554 omnes
3115 5512 3245 5553 mss.
3286 5495 3537 5558 habent
3570 5520 3755 5561 meos.
3788 5505 3898 5559 Hc-

2214 5574 2395 5651 hratus
2426 5583 2605 5651 tamen
2626 5579 2708 5651 et
2724 5570 3007 5651 V‘lll‘illlls,
3037 5577 3175 5651 tuos.
3273 5638 3313 5651 Π

2278 5643 2306 5686 ἀ
2346 5644 2559 5717 invenit
2586 5650 2642 5699 et
2669 5638 2964 5703 Rabbantts
2994 5638 3050 5701 in
3087 5642 3191 5703 alia
3218 5638 3533 5717 editione,
3572 5648 3902 5713 Audierant

2207 5726 2402 5792 sentes.
2428 5726 2477 5772 ει
2505 5716 2652 5792 irate
2677 5720 2815 5792 wn};

2284 5799 2306 5827 ε
2332 5782 2489 5844 unus
2520 5784 2721 5851 Palat.,
2755 5782 3161 5857 nmmum.
