4044 6360
232 268 332 327 261

1586 273 1788 344 LIBER
1830 280 2058 354 £25901.

3423 298 3531 372 263

235 385 405 450 illius,
439 394 694 444 cunctum
727 387 1067 460 languorem,
1100 409 1256 465 quem
1289 397 1440 468 posui
1481 397 1532 452 in
1570 397 1827 469 Aﬂgypto,
1857 407 1912 467 Α
1937 406 2135 464 terant,
2190 412 2676 474 congregaveiuut.
2737 404 2984 474 Dixitque
3036 406 3214 464 Moses
3269 408 3335 464 ad
3381 426 3474 464 eos
3513 429 3528 468 :

233 496 340 534 non
373 480 628 536 inducam
668 497 833 554 super
879 495 930 540 lc
959 505 968 539 :
1003 501 1103 558 ego
1143 487 1287 544 enim
1317 489 1583 546 Dominus
1613 503 1835 547 sanator

231 581 378 629 tuus.
430 573 515 646 [Ο.
571 574 812 650 XXVIIJ
864 576 1141 636 Venerunt
1191 589 1375 640 autem
1429 584 1481 638 in
1540 585 1681 639 Elim
1739 584 1834 639 ﬁlii

230 669 431 740 Israel,
490 672 581 738 ubi
639 685 795 729 erant
846 674 1132 731 duodecim
1196 678 1374 734 fontes
1426 696 1723 751 aquarum,
1783 690 1836 735 et

226 764 568 834 septuaginta
600 767 813 834 palmze,
842 778 898 823 et
921 772 1291 825 castrametati
1314 780 1443 827 sunt
1463 772 1617 843 juxta
1643 788 1830 844 aquas.

302 854 465 927 [ϐαρ.
502 855 667 929 Χνιλ
705 856 1052 930 Proiectique
1092 873 1220 916 sunt
1264 862 1333 918 de
1381 863 1552 934 Elim,
1586 875 1641 920 et
1689 865 1836 920 venit

230 949 420 1004 omnis
459 947 750 1005 multitudo
799 950 1034 1006 ﬁliorum
1082 953 1245 1010 Israel
1293 956 1346 1010 in
1394 955 1671 1014 desertum
1714 956 1835 1020 Sin.

221 1039 377 1108 quod
421 1050 505 1096 est
546 1041 690 1097 inter
739 1042 876 1097 Elim
923 1055 977 1098 et
1018 1043 1209 1100 Sinai:
1245 1047 1436 1117 quinto
1485 1048 1699 1104 decimo
1747 1048 1835 1105 die

220 1134 437 1188 mensis
483 1133 730 1203 secundi,
789 1145 1070 1206 postquam
1123 1142 1328 1208 egressi
1384 1151 1507 1196 sunt
1561 1142 1629 1196 de
1688 1151 1832 1196 terra

221 1225 482 1298 Egypti.
515 1229 582 1282 Et
612 1231 970 1285 murmuravit
1003 1234 1181 1296 omnis
1212 1235 1561 1305 congregatio
1592 1233 1832 1290 ﬁliouim

217 1317 401 1374 Israel
437 1329 627 1376 contra
658 1321 844 1378 Mosen
878 1331 933 1376 et
963 1337 1152 1378 contra
1183 1323 1368 1380 Aaron
1415 1326 1466 1382 in
1510 1326 1827 1386 solitudine.

217 1412 611 1485 Dixeruntque
633 1415 699 1471 ad
727 1430 824 1472 eos
848 1418 940 1472 ﬁlii
972 1416 1144 1473 Israel
1171 1438 1181 1473 ;
1208 1417 1427 1476 Utinam
1457 1421 1654 1476 mortui
1685 1437 1833 1476 esse-

216 1521 360 1561 mus
389 1523 485 1578 per
516 1523 736 1564 manum
770 1509 983 1564 Domini
1035 1511 1087 1565 in
1135 1520 1275 1567 terra
1321 1509 1567 1585 Egypti,
1611 1514 1831 1584 quando

215 1599 556 1656 sedebamus
577 1615 742 1671 super
758 1601 893 1656 ollas
916 1603 1184 1670 carnium,
1210 1615 1264 1658 et
1285 1605 1707 1661 comedebamus
1725 1605 1832 1680 [In]

217 1708 427 1762 panem
466 1695 518 1749 in
563 1693 844 1750 saturitate
871 1712 886 1751 :
918 1711 1012 1750 cur
1044 1696 1310 1752 eduxistis
1341 1715 1438 1752 nos
1470 1698 1522 1754 in
1552 1697 1828 1754 desertum

1935 487 2126 545 Nullus
2153 490 2420 562 relinquat
2445 508 2510 548 ex
2539 510 2605 549 co
2649 497 2700 556 in
2741 513 2919 554 mane.
2949 499 3050 567 Qtti
3096 517 3204 556 non
3246 501 3536 558 audierunt

1935 595 2081 648 eum,
2113 582 2208 636 sed
2240 582 2566 641 dimiserunt
2591 587 2810 660 quidam
2839 605 2904 646 ex
2935 591 3016 646 eis
3059 607 3228 663 usque
3272 608 3449 662 mane,
3485 604 3540 657 et

1933 687 2147 729 scatere
2177 675 2344 744 coepit
2375 679 2672 748 vermibus,
2697 693 2860 752 atque
2900 686 3258 754 computruit,
3283 696 3338 741 ct
3363 688 3534 745 iratus

1936 777 2022 821 est
2044 761 2238 826 eontra
2280 784 2374 824 eos
2407 769 2603 828 Moses.
2635 771 2969 845 Colligebant
3003 788 3184 834 autem
3225 794 3384 835 mane
3421 781 3532 837 sin-

1933 858 2068 938 guli,
2098 871 2358 930 quantum
2385 862 2637 920 sufﬁcere
2669 874 2883 934 poterat
2911 869 2978 922 ad
3002 869 3356 938 vescendum,
3383 886 3535 930 ettm~

1935 936 2041 1022 que
2090 953 2404 1034 incaluisset
2444 956 2547 1023 sol,
2599 956 2932 1028 liqueﬁebat.
2977 962 3034 1016 In
3077 963 3168 1020 die
3207 936 3350 1022 vero
3374 975 3536 1026 sexta

1935 1041 2267 1112 collegerunt
2299 1045 2454 1101 cibos
2503 1048 2767 1120 duplices,
2805 1051 2859 1108 id
2899 1062 3006 1122 est,
3051 1053 3158 1110 duo
3193 1071 3388 1127 gomor
3437 1075 3534 1130 per

1933 1137 2177 1208 singulos
2209 1139 2462 1210 homines
2489 1161 2500 1194 :
2533 1157 2798 1204 venerunt
2826 1158 3006 1206 autent
3035 1164 3228 1212 omnes
3258 1153 3535 1225 principes

1935 1231 2318 1300 multitudinis,
2352 1244 2407 1288 et
2436 1249 2798 1302 narraverunt
2826 1238 2984 1300 Mosi.
3014 1240 3116 1309 Qui
3142 1242 3222 1306 ait
3262 1245 3384 1308 eis:
3421 1246 3534 1302 lloc

1934 1337 2015 1379 cSL
2044 1329 2188 1398 quod
2215 1326 2428 1384 locutus
2451 1338 2536 1384 est
2568 1329 2832 1390 Dominus
2857 1349 2869 1385 :
2911 1333 3144 1407 Requies
3167 1335 3376 1392 sabbati
3405 1355 3532 1394 san-

1934 1418 2164 1473 ctiﬁcata
2195 1417 2300 1475 erit
2331 1421 2560 1477 Domino
2587 1439 2707 1478 cras
2738 1440 2751 1477 :
2785 1425 3163 1506 quodcumque
3190 1430 3530 1502 operandutu

1933 1520 2038 1581 est,
2067 1513 2246 1580 tacite,
2279 1525 2333 1570 et
2359 1531 2480 1586 quia:
2506 1517 2784 1589 coquenda
2811 1528 2960 1588 sunt,
2996 1522 3244 1592 coquite;
3271 1525 3533 1594 quidquid

1933 1613 2114 1660 autem
2142 1605 2411 1677 reliquum
2437 1607 2620 1675 fuerit,
2656 1612 2904 1681 reponite
2937 1628 3111 1685 usque
3138 1616 3192 1681 in
3215 1632 3395 1681 mane.
3430 1617 3531 1674 Fc-

1932 1706 2233 1770 ceruntque
2277 1700 2350 1755 ita
2386 1709 2442 1754 ut
2472 1715 2809 1774 praeceperat
2840 1705 3037 1772 Moses,
3069 1717 3126 1764 et
3161 1724 3268 1778 non
3310 1725 3532 1780 compu-

215 1787 413 1853 istud,
467 1798 524 1844 ut
562 1790 890 1846 occideretis
935 1807 1153 1847 omnem
1205 1792 1608 1849 multitudinem
1656 1795 1831 1851 tame?
1863 1804 1910 1864 Β
1939 1789 2087 1857 lt‘uit,
2137 1807 2312 1860 neque
2359 1794 2557 1849 vermis
2606 1797 2854 1856 inventus
2902 1809 2985 1854 est
3038 1800 3091 1856 in
3145 1816 3231 1868 eo.
3267 1801 3534 1874 Dixitque

216 1881 376 1937 Dixit
421 1892 603 1939 autem
649 1883 914 1941 Dominus
942 1886 1008 1942 ad
1041 1887 1270 1942 Mosen:
1311 1888 1451 1944 Ecce
1505 1904 1606 1960 ego
1649 1888 1828 1960 pluam

213 1975 386 2030 vobis
434 1973 540 2047 [In]
587 1992 778 2048 pauent
821 1977 893 2033 de
933 1981 1113 2035 coalo:
1147 1980 1460 2049 egrediatur
1491 1981 1740 2052 populus,
1777 1992 1832 2038 et

216 2068 457 2139 colligat
485 2085 603 2140 qua:
639 2069 917 2126 sufﬁciunt
945 2087 1042 2142 per
1068 2072 1311 2146 singulos
1337 2074 1453 2129 dies
1481 2093 1494 2127 :
1531 2083 1589 2130 ut
1630 2085 1830 2132 tentem

214 2175 384 2226 eum,
432 2171 611 2216 utrum
654 2163 897 2219 ambulet
925 2164 978 2218 in
1012 2164 1129 2236 lege
1161 2182 1300 2233 mea,
1333 2182 1399 2222 an
1430 2169 1572 2230 non?
1602 2169 1697 2226 Die
1737 2185 1835 2224 au-

218 2263 347 2308 tem
387 2263 540 2310 sexta
570 2265 762 2326 parent
789 2253 932 2327 quod
960 2258 1213 2327 inferant,
1243 2268 1298 2315 et
1322 2259 1393 2316 sit
1419 2261 1640 2332 duplum
1671 2277 1831 2333 quam

217 2350 498 2421 colligere
550 2353 798 2408 solebant
844 2369 940 2424 per
984 2354 1228 2425 singulos
1274 2355 1410 2411 dies.
1465 2356 1834 2430 Dixeruntque

217 2442 415 2499 [loses
471 2453 526 2500 et
571 2447 753 2502 Aaron
802 2447 868 2502 ad
918 2463 1113 2504 omnes
1154 2449 1295 2504 ﬁlios
1347 2449 1554 2508 Israel:
1595 2451 1836 2524 Vespere

216 2536 424 2592 scietis
455 2538 596 2608 quod
627 2538 896 2595 Dominus
926 2540 1177 2598 eduxerit
1203 2557 1298 2598 vos
1323 2542 1390 2599 de
1423 2553 1562 2600 terra
1593 2543 1833 2619 ngypti,

219 2638 284 2685 et
337 2643 498 2685 mane
546 2631 800 2686 videbitis
847 2633 1078 2704 gloriam
1130 2635 1340 2690 Domini
1384 2655 1396 2690 :
1437 2637 1645 2694 audivit
1690 2641 1834 2696 enim

221 2737 484 2779 murmur
511 2737 758 2781 veStrum
791 2737 982 2781 eontra
1029 2727 1321 2794 Dominum
1355 2746 1496 2786 :nos
1530 2746 1660 2788 vero
1705 2733 1836 2804 quid

222 2830 452 2882 sumus,
499 2819 620 2888 quia
677 2819 1194 2894 mussitatis[l’ulg.
1243 2823 1593 2895 mussitastis]
1645 2836 1835 2882 contra

223 2910 373 2963 nos?
419 2909 488 2964 Et
535 2911 608 2964 ait
651 2911 829 2968 Moses
863 2929 876 2966 :
908 2913 1068 2969 Dabit
1113 2915 1268 2969 vobis
1309 2915 1570 2972 Dominus
1610 2933 1839 2990 vestiere

223 3016 434 3058 carnes
481 3003 680 3073 edere,
731 3016 787 3059 et
825 3020 986 3061 mane
1041 3021 1207 3075 panes
1254 3007 1305 3061 in
1356 3005 1696 3065 saturitatem
1728 3028 1741 3064 :
1772 3028 1837 3067 eo

222 3095 381 3166 quod
420 3096 653 3152 audierit
701 3099 1158 3154 murmurationes
1202 3108 1437 3167 vestras,
1468 3102 1667 3173 quibus
1693 3119 1840 3158 mur-

1933 1881 2152 1937 Moses:
2185 1885 2466 1948 Comedite
2513 1887 2649 1948 illud
2699 1888 2900 1959 bodie,
2948 1894 3073 1968 quia
3118 1896 3402 1964 sabbatum
3453 1908 3540 1956 cst

1935 1971 2151 2028 Domini
2178 1993 2191 2031 :
2229 1993 2337 2031 non
2384 1978 2693 2036 invenietur
2721 1981 2886 2040 hodie
2917 1985 2970 2044 in
3020 2001 3174 2061 agro.
3205 1986 3313 2054 Sex
3341 1990 3535 2048 diebus

1933 2067 2200 2139 colligite,
2231 2071 2284 2128 in
2314 2070 2405 2128 die
2434 2085 2615 2130 autem
2649 2076 2884 2148 septimo
2914 2079 3200 2144 sabbatum
3229 2093 3309 2146 est
3341 2083 3532 2158 [γαίῃ.

1933 2160 2060 2241 add.
2089 2161 2348 2235 Domini],
2379 2164 2585 2224 idcirco
2619 2185 2724 2228 non
2756 2171 3088 2233 invenietur.
3124 2175 3279 2243 Venit
3305 2180 3538 2248 septima

1937 2253 2077 2321 dies,
2103 2264 2157 2310 et
2182 2259 2389 2330 egressi
2415 2259 2484 2314 de
2510 2264 2734 2342 populo,
2778 2273 2836 2318 ut
2863 2266 3206 2338 colligerent,
3235 2285 3342 2337 non
3381 2272 3538 2332 inve-

1936 2357 2153 2403 nerunt.
2188 2349 2334 2405 Dixit
2361 2363 2539 2414 autem
2585 2354 2848 2424 Dominus
2877 2359 2945 2416 ad
2985 2361 3212 2428 Mosen:
3249 2362 3537 2437 Usquequo

1939 2455 2045 2494 non
2069 2440 2229 2496 vultis
2259 2443 2542 2502 custodire
2571 2448 2822 2512 mandata
2855 2466 2997 2521 mea,
3033 2463 3088 2509 et
3120 2456 3290 2526 legem
3323 2457 3540 2520 meam?

1942 2529 2130 2588 Videte
2171 2535 2315 2606 quod
2359 2538 2620 2594 Dominus
2668 2539 2884 2597 dederit
2930 2545 3080 2599 vobis
3129 2547 3440 2617 sabbatum,
3485 2560 3540 2604 ct

1938 2636 2161 2700 propter
2189 2627 2292 2686 hoc
2323 2630 2409 2685 die
2431 2640 2583 2685 sexta
2614 2633 2869 2690 tribuerit
2896 2637 3053 2692 vobis
3076 2639 3230 2700 cibos
3251 2640 3538 2711 duplices:

1939 2727 2155 2774 maneat
2187 2721 2565 2795 unusquisque
2594 2725 2737 2796 apud
2767 2729 3144 2803 semetipsum,
3173 2733 3358 2794 nullus
3381 2751 3536 2808 egre-

1941 2811 2122 2867 diatur
2160 2813 2228 2870 de
2260 2815 2382 2871 loco
2419 2831 2518 2872 suo
2549 2818 2636 2875 die
2665 2825 2920 2893 septimo.
2954 2824 3022 2879 Et
3051 2825 3414 2900 sabbatizavit
3445 2848 3542 2902 po-

1941 2905 2101 2974 pulus
2147 2907 2236 2962 die
2279 2911 2531 2981 septimo.
2566 2912 2986 2988 Appellavitque
3023 2919 3218 2978 domus
3252 2922 3414 2982 Israel
3446 2939 3544 2980 no-

1941 3015 2065 3056 men
2096 3001 2213 3072 ejus
2244 3019 2353 3059 MAN
2380 3022 2393 3059 :
2427 3006 2572 3080 quod
2602 3019 2719 3064 erat
2743 3010 2899 3080 quasi
2927 3027 3114 3076 semen
3148 3016 3425 3087 coriandri
3456 3019 3542 3078 al-

1945 3092 2094 3160 bum,
2120 3106 2419 3170 gustusque
2449 3099 2567 3170 ejus
2596 3105 2751 3171 quasi
2788 3105 2984 3161 simila:
3017 3121 3140 3162 cum
3181 3111 3362 3168 melle.
3398 3111 3548 3167 Dixit

224 3190 439 3245 murali
464 3192 598 3246 estis
625 3199 814 3246 contra
847 3208 996 3259 eum,
1023 3209 1124 3250 nos
1153 3195 1298 3250 enim
1327 3196 1457 3265 quid
1489 3199 1712 3251 sumus?
1739 3213 1842 3253 nec
1867 3176 1914 3240 C
1944 3194 2126 3242 amem
2152 3187 2333 3246 Μυεθε
2360 3211 2370 3243 ε
2400 3193 2506 3248 Ιειε
2537 3203 2624 3250 εει
2653 3211 2858 3264 εθιίηο,
2886 3215 3044 3270 quem
3077 3205 3334 3276 Prmcepit
3363 3205 3547 3262 Domi-

223 3287 430 3336 eontra
461 3297 564 3337 nos
593 3295 676 3338 est
718 3299 966 3340 murmur
1009 3287 1270 3354 vestrum,
1306 3285 1403 3341 sed
1439 3297 1628 3342 contra
1663 3288 1842 3343 Domi-

225 3388 394 3428 num.
432 3374 686 3446 Dixitque
715 3375 892 3431 Moses
923 3377 988 3432 ad
1020 3379 1198 3433 Aaron
1227 3399 1239 3432 ;
1275 3379 1371 3434 Dic
1404 3380 1673 3436 universae
1712 3397 1842 3437 con-

223 3468 544 3538 gregationi
575 3467 808 3524 ﬁliorum
835 3468 1001 3524 Israel
1027 3487 1038 3524 :
1073 3471 1332 3526 Accedite
1352 3487 1536 3553 coram
1568 3472 1799 3529 Domino
1824 3517 1839 3532 .

223 3561 450 3616 audivit
479 3562 627 3616 enim
658 3578 906 3618 murmur
946 3575 1211 3618 vestrum.
1239 3565 1486 3636 Cumque
1530 3567 1844 3638 loqueretur

225 3659 424 3709 Aaron
447 3653 514 3708 ad
541 3669 755 3709 omnem
779 3669 982 3711 emtum
1012 3654 1244 3711 ﬁliorum
1266 3656 1451 3723 Israel,
1485 3668 1845 3732 respexerunt

228 3745 300 3799 ad
329 3745 712 3810 solitudinem,
747 3755 802 3801 et
845 3762 973 3802 ecce
1016 3746 1189 3818 gloria
1234 3747 1451 3802 Domini
1491 3751 1740 3822 apparuit
1789 3751 1840 3805 in

228 3839 404 3895 nube.
441 3837 530 3908 [(3.
566 3838 833 3912 ΧΧνΙΙΙ.]
877 3840 1114 3896 Locutus
1151 3852 1238 3896 est
1278 3852 1457 3898 autem
1492 3843 1752 3901 Dominus
1775 3846 1842 3901 ad

229 3931 466 3998 Mosen,
529 3931 776 3988 dicens:
827 3933 1028 3988 Audivi
1087 3936 1547 3992 murmmationes
1607 3938 1842 3993 liliorum

229 4024 428 4094 Israel,
459 4025 684 4096 loquere
710 4026 776 4079 ad
807 4042 901 4082 eos
926 4043 940 4081 :
967 4025 1210 4098 Vespere
1234 4029 1518 4085 comeditis
1547 4045 1762 4100 carnes,
1789 4044 1844 4088 et

231 4133 406 4175 mane
450 4118 830 4174 saturabimini
861 4119 968 4193 [In]
1009 4136 1185 4192 pane:
1216 4122 1508 4194 scietisque
1551 4126 1693 4195 quod
1742 4126 1841 4183 sim

231 4210 434 4285 [ναίει.
470 4226 574 4281 ego
617 4209 759 4285 sum]
791 4213 1052 4268 Dominus
1095 4215 1235 4270 Deus
1266 4225 1470 4272 vester.
1506 4218 1728 4274 Factum
1759 4233 1845 4278 est

227 4322 366 4377 ergo
400 4321 654 4376 vespere,
678 4317 732 4363 et
757 4308 1061 4363 ascendens
1101 4310 1354 4365 coturnix
1390 4316 1843 4382 operuitcastra:

231 4414 403 4456 mane
447 4415 668 4470 quoque
713 4415 805 4456 ros
846 4401 1020 4473 jacuit
1065 4417 1163 4472 per
1191 4404 1481 4459 circuitum
1516 4415 1842 4463 castrorum.

231 4494 485 4564 Cumque
517 4494 824 4564 Operuisset
867 4494 1211 4566 superﬁciem
1263 4509 1445 4567 terrae,
1488 4502 1740 4570 apparuit
1786 4503 1839 4557 in

1945 3295 2086 3335 nus:
2119 3279 2290 3353 Imple
2323 3300 2515 3357 gomor
2553 3306 2617 3343 ex
2653 3307 2742 3359 eo,
2785 3304 2840 3352 et
2881 3295 3222 3362 custodiatur
3251 3301 3302 3356 in
3336 3300 3547 3368 futuras

1945 3379 2099 3426 retro
2131 3370 2211 3448 [li.
2244 3391 2348 3430 non
2382 3376 2548 3434 habet
2576 3380 2746 3455 retro]
2778 3386 3186 3458 generationes,
3223 3397 3548 3456 utnoverint

1903 3506 1912 3512 .
1946 3479 2163 3533 panem,
2201 3484 2309 3536 quo
2357 3468 2469 3524 alui
2514 3486 2613 3528 vos
2660 3474 2712 3528 in
2764 3477 3085 3545 solitudine,
3116 3484 3332 3558 quando
3363 3487 3545 3544 educti

1944 3557 2077 3611 estis
2107 3557 2174 3613 de
2206 3567 2350 3616 terra
2383 3562 2629 3636 ZEgypti.
2682 3566 2928 3640 Dixitque
2978 3557 3155 3632 Moses
3203 3576 3270 3634 ad
3320 3577 3542 3644 Aaron:

1944 3649 2113 3707 Sume
2143 3669 2240 3709 vas
2273 3672 2459 3724 unum,
2494 3670 2548 3714 et
2579 3660 2732 3717 mitte
2779 3664 2852 3718 ibi
2897 3681 3028 3734 nan,
3060 3681 3322 3739 quantum
3368 3684 3549 3748 potest

1944 3759 2142 3815 capere
2164 3763 2378 3818 gomor,
2412 3761 2465 3806 et
2498 3769 2703 3823 repone
2733 3773 2913 3813 coram
2948 3761 3202 3835 Domino,
3228 3767 3294 3822 ad
3323 3783 3548 3826 servan-

1945 3837 2071 3900 dum
2107 3841 2160 3896 in
2201 3844 2586 3914 generationes
2620 3862 2852 3919 vestras,
2884 3854 3025 3920 sicut
3056 3861 3320 3932 prmcepit
3364 3862 3548 3920 Domi-

1947 3949 2046 3989 nus
2077 3933 2234 3988 Mosi.
2274 3935 2571 4010 Posuitque
2607 3941 2735 3998 illud
2778 3944 2958 4006 Aaron
2987 3945 3042 4002 in
3074 3950 3426 4014 tabernaculo
3459 3970 3548 4010 re-

1946 4027 2297 4083 servandum.
2331 4028 2413 4103 [C.
2460 4031 2680 4106 XXIX]
2713 4034 2836 4092 Filii
2870 4048 3048 4096 autcm
3079 4042 3248 4108 Israel
3286 4050 3544 4114 comede-

1946 4130 2072 4176 runt
2102 4138 2211 4178 uan
2248 4125 2601 4199 quadraginta
2631 4131 2808 4197 annis,
2840 4131 3019 4192 donec
3048 4138 3302 4196 venirent
3339 4142 3392 4200 in
3433 4151 3544 4202 ter-

1947 4230 2063 4269 ram
2096 4217 2444 4274 habitabilem
2478 4221 2584 4282 hoc
2622 4224 2743 4282 cibo
2782 4225 2900 4281 aliti
2936 4213 3400 4310 sunt,'usquequ0
3423 4247 3542 4294 tau-

1944 4320 2136 4378 gercnt
2164 4309 2297 4365 ﬁnes
2329 4323 2487 4368 terra:
2515 4315 2796 4374 Chanaan.
2845 4319 3050 4386 Gomor
3101 4337 3282 4396 autem
3327 4329 3555 4400 decima

1946 4413 2075 4470 pars
2102 4413 2183 4456 est
2214 4403 2314 4476 [In]
2349 4405 2521 4476 Epha.

2023 4493 2109 4566 [Τ.
2145 4472 2314 4566 ΧξΒῙ
2334 4472 2411 4568 Χξ
2437 4499 2500 4555 c.
2528 4499 2700 4572 xxx,
2731 4504 2860 4574 Cap.
2893 4507 3051 4565 xvu.
3063 4511 3078 4582 j
3107 4472 3281 4585 Igitan
3296 4515 3541 4586 protecta

232 4587 537 4644 solitudine
567 4589 858 4655 minutum,
893 4597 948 4645 et
976 4590 1128 4660 quasi
1161 4591 1270 4661 pilo
1299 4603 1539 4657 tunsum,
1567 4594 1621 4649 in
1651 4596 1842 4652 simili-
1868 4581 1922 4644 D
1949 4589 2129 4644 Omnis
2169 4590 2464 4649 multitudo
2498 4595 2735 4652 ﬁliorum
2766 4598 2934 4662 Israel
2965 4603 3032 4659 de
3062 4581 3280 4666 deserto
3296 4581 3402 4670 ’δίη
3439 4629 3537 4684 per

233 4683 490 4738 tudinem
523 4682 736 4752 pruina:
764 4698 930 4754 super
957 4692 1180 4739 terram.
1220 4686 1374 4752 Quod
1419 4701 1540 4742 eum
1581 4690 1844 4747 vidissent

235 4774 339 4830 ﬁlii
366 4774 562 4843 Israel,
587 4774 841 4831 dixerunt
867 4775 933 4830 ad
967 4777 1220 4844 invicem,
1253 4779 1472 4834 manu?
1503 4781 1646 4851 quod
1679 4783 1847 4854 signi-

238 4866 371 4921 ﬁcat
402 4883 417 4924 :
449 4866 589 4933 Quid
639 4878 722 4923 est
769 4867 916 4922 hoc?
949 4869 1269 4939 ignorabant
1311 4873 1454 4926 enim
1500 4873 1630 4944 quid
1677 4883 1842 4931 esset.

236 4958 454 5027 Quibus
477 4960 553 5014 ait
583 4957 761 5014 Moses
790 4975 803 5013 :
839 4959 945 5030 Iste
975 4970 1057 5016 est
1086 4961 1262 5031 panis,
1293 4979 1452 5033 quem
1483 4964 1635 5020 dedit
1664 4967 1847 5022 Domi-

241 5067 350 5107 nus
380 5051 538 5105 vobis
563 5051 632 5106 ad
663 5050 1013 5107 vescendum.
1049 5052 1145 5108 Hic
1171 5064 1256 5109 est
1285 5069 1485 5126 sermo,
1520 5073 1678 5127 quem
1708 5073 1848 5128 prae-

239 5147 396 5213 cepit
419 5143 717 5199 Dominus:
749 5143 976 5215 Colligat
1013 5146 1380 5218 unusquisque
1406 5164 1471 5204 ex
1495 5164 1560 5205 eo
1586 5161 1844 5221 quantum

239 5234 482 5291 sufﬁciat
512 5236 580 5292 ad
611 5237 942 5291 vescendum
977 5253 990 5292 :
1024 5255 1216 5310 gomor
1247 5255 1344 5308 per
1391 5243 1597 5313 singula
1643 5246 1844 5313 capita,

237 5331 400 5401 juxta
443 5346 733 5387 numerum
777 5333 1079 5387 animarum
1111 5343 1412 5391 vestrarum
1446 5355 1563 5407 quae
1602 5339 1846 5396 habitant

243 5426 308 5480 iu
363 5425 750 5493 tabernaculo,
806 5427 884 5480 sic
937 5427 1160 5482 tolletis.
1197 5427 1568 5502 Feceruntque
1621 5434 1691 5487 ita
1751 5434 1846 5490 lilii

246 5517 464 5577 Israel:
499 5529 554 5574 et
597 5520 928 5591 collegerunt
972 5521 1110 5575 alius
1159 5523 1298 5592 plus,
1349 5524 1487 5578 alius
1535 5525 1733 5580 minus.
1784 5527 1848 5582 Et

246 5613 429 5668 mensi
461 5621 592 5667 sunt
620 5613 686 5667 ad
729 5628 1045 5668 mensuram
1078 5629 1307 5685 gomor:
1344 5632 1442 5669 nec
1469 5618 1556 5694 qui
1591 5618 1708 5687 plus
1738 5620 1849 5674 col—

250 5703 486 5774 legerat,
513 5705 700 5760 habuit
738 5705 1013 5776 amplius:
1041 5722 1140 5761 nee
1182 5707 1276 5777 qui
1321 5710 1500 5763 minus
1545 5722 1846 5779 paraverat,

249 5799 456 5869 reperit
488 5799 668 5856 minus
694 5814 708 5854 :
739 5798 833 5857 sed
861 5799 1055 5872 singuli
1091 5799 1244 5869 juxta
1287 5800 1338 5858 id
1367 5802 1511 5874 quod
1553 5803 1718 5861 edere
1755 5821 1850 5877 po-

1947 4685 2262 4740 mansiones
2307 4701 2456 4758 suas,
2496 4691 2652 4759 juxta
2701 4708 3010 4758 sermonem
3059 4699 3298 4772 Domini,
3337 4718 3541 4770 castra-

1949 4777 2137 4832 metati
2185 4788 2308 4833 sunt
2353 4781 2407 4834 in
2448 4781 2775 4854 Raphidim,
2827 4790 2918 4854 ubi
2971 4807 3078 4854 non
3123 4807 3240 4853 erat
3286 4815 3424 4873 aqua
3470 4807 3538 4871 ad

1945 4867 2242 4931 bibendum
2272 4874 2500 4942 populo.
2536 4875 2636 4945 Qui
2661 4878 2912 4952 jurgatus
2951 4895 3142 4946 contra
3180 4867 3387 4962 Mosen,
3422 4867 3539 4954 ait“:

1949 4960 2024 5016 Da
2054 4962 2210 5017 nobis
2237 4980 2457 5036 aquam,
2488 4977 2549 5024 ut
2580 4970 2850 5030 bibamus.
2880 4976 3087 5048 Quibus
3116 4960 3402 5055 respondit
3432 4993 3544 5052 Mo-

1951 5071 2078 5112 ses:
2113 5057 2252 5126 Quid
2277 5060 2570 5136 jnrgamini
2602 5077 2790 5122 contra
2822 5071 2944 5130 me?
2977 5087 3075 5132 cur
3103 5082 3327 5146 tentatis
3361 5081 3545 5148 [ictui-

1951 5149 2116 5203 num?
2148 5150 2327 5207 Sitivit
2358 5167 2488 5226 ergo
2516 5158 2747 5228 populus
2779 5161 2852 5218 ibi
2877 5178 2983 5234 pro
3011 5181 3168 5239 aqua:
3195 5176 3451 5247 penuria,
3491 5189 3547 5236 et

1953 5244 2312 5298 murmuravil
2361 5257 2551 5303 contra
2594 5250 2802 5322 Mosen,
2845 5257 3210 5326 dicens:Cur
3248 5282 3348 5330 nos
3392 5244 3544 5334 esire

1951 5333 2126 5390 fecisti
2153 5337 2221 5392 de
2251 5337 2506 5410 Aﬁgypto,
2552 5351 2611 5397 ut
2655 5347 2934 5406 occideres
2981 5363 3030 5408 et
3085 5373 3205 5426 uos,
3244 5371 3297 5418 et
3346 5333 3546 5428 ldicros

1954 5440 2196 5499 nostros,
2239 5447 2302 5488 ac
2335 5434 2578 5504 jumenta
2610 5440 2734 5495 siti?
2765 5445 3028 5506 Clamavit
3054 5461 3234 5518 autem
3262 5457 3445 5518 Moses
3473 5462 3543 5518 ad

1957 5522 2265 5594 Dominum,
2311 5527 2500 5585 dicens
2525 5549 2538 5582 :
2569 5533 2708 5599 Quid
2738 5539 2928 5606 faciam
2955 5546 3155 5614 popqu
3177 5548 3346 5606 huic?
3370 5553 3546 5614 adhuc

1957 5621 2250 5713 pauxillum
2290 5634 2342 5680 et
2375 5627 2634 5699 lapidabit
2667 5650 2772 5688 mc.
2804 5636 2890 5690 Ait
2917 5636 3178 5698 Dominus
3208 5644 3274 5700 ad
3322 5646 3504 5713 Mosen
3531 5669 3542 5705 :

1955 5711 2232 5770 Antecede
2268 5718 2546 5792 pupulum,
2587 5733 2641 5778 et
2689 5739 2846 5781 sume
2896 5737 3072 5785 tecum
3121 5732 3188 5789 de
3234 5711 3542 5798 senioribus

1958 5801 2167 5862 Israel:
2204 5819 2256 5863 et
2299 5807 2526 5882 virgam,
2560 5828 2660 5885 qua
2694 5819 3006 5886 percussisti
3041 5821 3287 5899 ﬂuvium,
3325 5829 3453 5889 tolle
3494 5834 3549 5892 in
