4044 6360
496 323 611 381 265

1521 324 1582 384 S.
1623 321 2004 383 HIERONYMI
2043 319 2272 382 DIVINA
2313 318 2798 380 BIBLIOTIIECA.

3704 319 3818 376 ρει

495 450 660 492 manu
697 443 809 504 tua,
843 441 900 492 et
935 433 1095 491 vade.
1139 435 1217 491 En
1258 448 1362 508 ego
1394 435 1554 494 stabo
1586 452 1773 492 coram
1808 445 1858 492 te
1892 437 1989 503 ibi,
2023 454 2113 493 su-
2139 441 2190 500 Α
2219 435 2300 508 [C.
2337 436 2602 509 XXXIII.]
2637 438 2817 492 Altera
2849 443 3032 493 autem
3061 434 3151 492 die
3189 434 3332 492 sedit
3357 435 3554 502 Moses,
3588 435 3817 506 utjudi-

497 544 596 600 pra
629 541 837 601 petram
864 529 1069 596 lloreb,
1099 531 1486 602 percutiesque
1510 541 1743 601 petram,
1767 539 1824 585 et
1843 530 2015 587 exibit
2041 548 2107 587 ex

495 636 561 678 ea
590 637 754 693 aqua,
789 631 848 677 ut
883 621 1033 677 bibat
1066 623 1321 692 peputus.
1372 621 1527 678 Fecit
1574 621 1751 677 Moses
1797 621 1870 676 ita
1917 637 2107 677 coram

494 715 808 772 senioribus
839 715 1008 773 Israel
1034 732 1048 770 :
1073 727 1123 772 et
1157 716 1375 773 vocavit
1411 729 1610 770 nomen
1636 715 1783 770 illius
1810 713 1939 782 loci,
1965 715 2108 771 Ten-

500 809 656 877 talio,
693 806 773 879 [lt]
803 816 861 865 et
892 808 982 874 lis,
1017 818 1241 879 propter
1279 806 1522 878 jurgium
1557 805 1796 862 filiorum
1833 806 2019 876 Israel,
2053 814 2108 862 et

507 899 634 970 quia
665 910 1012 957 teutaverunt
1044 899 1353 966 Dominum,
1385 899 1670 956 dicentes:
1697 899 1793 956 Est
1820 914 1888 953 ne
1919 898 2100 954 Domi-

503 1007 607 1048 nus
652 992 705 1047 in
755 992 934 1060 nobis,
984 1006 1053 1046 an
1108 991 1256 1046 non?
1304 991 1387 1064 lC.
1441 991 1664 1064 XXXI.]
1712 991 1873 1048 Venit
1921 1001 2101 1046 autem

495 1084 802 1141 Amalech:
831 1093 886 1140 et
914 1084 1195 1155 pugnabat
1231 1093 1420 1139 contra
1466 1083 1635 1141 Israel
1683 1084 1736 1139 in
1787 1082 2101 1154 Raphidim.

491 1179 749 1251 Dixitque
778 1179 956 1234 Moses
991 1178 1058 1233 ad
1090 1176 1261 1233 Josue
1287 1194 1299 1231 :
1334 1176 1492 1248 Elige
1524 1178 1672 1232 viros
1693 1221 1708 1246 ,
1740 1187 1794 1232 et
1826 1191 2100 1247 egressus,

491 1287 673 1344 pugna
703 1279 898 1327 contra
939 1270 1234 1326 Amalech:
1265 1285 1389 1326 cras
1438 1283 1540 1340 ego
1587 1268 1746 1324 stabo
1792 1269 1845 1323 in
1897 1269 2102 1324 vertice

491 1365 670 1432 collis,
706 1364 917 1420 habens
947 1364 1152 1436 virgam
1181 1363 1279 1421 Dei
1308 1363 1362 1420 in
1386 1377 1546 1419 manu
1573 1377 1692 1418 mea
1721 1380 1732 1416 :
1760 1360 1911 1417 Fecit
1935 1359 2102 1417 Iosue

491 1467 550 1511 ut
583 1456 800 1512 locutus
829 1455 882 1512 ei
922 1463 1042 1513 erat
1077 1457 1279 1527 Moses,
1314 1465 1368 1513 et
1408 1456 1666 1528 pugnavit
1707 1464 1901 1512 contra
1939 1457 2099 1510 Ama-

491 1542 614 1600 lech
639 1559 654 1597 :
684 1543 864 1599 Moses
888 1553 1071 1600 autem
1101 1553 1157 1600 et
1184 1546 1363 1600 Aaron
1396 1554 1452 1599 et
1482 1544 1594 1600 llur
1619 1544 1986 1600 ascenderunt
2008 1560 2100 1601 su-

491 1650 593 1708 per
632 1635 899 1692 verticem
933 1635 1114 1693 collis.
1143 1635 1391 1709 Cum‘que
1427 1637 1634 1693 levaret
1670 1637 1851 1694 Moses
1881 1653 2092 1706 manus,

493 1733 754 1789 vincebat
781 1732 954 1790 Israel
981 1751 994 1786 :
1017 1733 1102 1788 sin
1134 1742 1314 1789 autem
1342 1733 1619 1804 paululum
1653 1733 1976 1802 remisisset,
2007 1749 2096 1790 su-

2215 540 2365 586 caret
2396 531 2652 602 p0pulum
2672 575 2686 597 ,
2714 529 3126 602 qui‘assistebat
3167 529 3302 585 Mosi
3349 530 3419 586 de
3453 545 3611 587 mane
3637 544 3815 600 usque

2215 626 2282 681 ad
2308 641 2612 696 vesperam.
2645 625 2800 695 Quod
2827 641 2951 681 cum
2983 625 3214 681 vidisset
3241 637 3508 696 cognatus
3530 625 3673 693 ejus,
3701 638 3816 678 om-

2214 719 2301 773 nia
2332 719 2540 774 scilicet
2560 734 2682 790 quae
2712 718 2908 791 agebat
2928 717 2980 774 in
3017 717 3243 789 populo,
3271 717 3349 773 ait
3381 736 3394 772 :
3427 717 3568 788 Quid
3593 717 3809 774 esthoc

2207 813 2351 882 quod
2377 813 2506 869 facis
2533 813 2590 868 in
2613 814 2804 880 plebe?
2833 830 2934 870 cur
2957 813 3109 870 solus
3135 812 3316 882 sedes,
3343 824 3398 870 et
3423 812 3606 868 omnis
3636 828 3814 882 popu-

2208 903 2294 959 lus
2339 906 2695 975 praestolatur
2737 906 2807 962 de
2840 921 3000 961 mane
3030 921 3199 976 usque
3243 905 3311 961 ad
3345 905 3673 976 vesperam?
3706 901 3813 959 Cui

2211 998 2494 1068 respondit
2516 999 2693 1055 Moses
2719 1017 2732 1056 :
2755 999 2919 1055 Venit
2938 999 3003 1053 ad
3031 1015 3116 1055 me
3145 999 3378 1070 populus
3397 1013 3657 1070 qumreus
3684 1013 3815 1053 sen-

2207 1090 2431 1146 tentiam
2477 1091 2592 1147 Dei.
2639 1089 2886 1162 Cumque
2915 1091 3178 1146 acciderit
3205 1091 3289 1147 eis
3321 1091 3500 1162 aliqua
3533 1091 3812 1162 discepta-

2205 1182 2302 1247 tio,
2345 1183 2572 1238 veniunt
2607 1181 2674 1238 ad
2714 1199 2800 1238 me
2832 1191 2890 1238 ut
2929 1182 3170 1254 judicem
3202 1183 3345 1238 inter
3367 1197 3484 1251 eos,
3531 1191 3586 1238 et
3615 1191 3808 1237 osten-

2203 1273 2326 1330 dam
2363 1285 2636 1346 prarcepta
2683 1275 2776 1331 Dei
2817 1284 2871 1332 et
2913 1275 3063 1347 leges
3103 1275 3243 1344 ejus.
3277 1277 3348 1330 At
3385 1275 3479 1330 ille
3510 1291 3524 1329 :
3556 1273 3674 1329 Non
3701 1275 3804 1330 ho-

2204 1383 2352 1436 nam,
2384 1369 2581 1441 inquit,
2611 1385 2725 1425 rem
2755 1369 2888 1426 lacis
2925 1387 2938 1424 :
2967 1369 3135 1424 stulto
3166 1369 3355 1425 labore
3379 1370 3721 1425 consumeris
3747 1377 3811 1425 et

2204 1472 2258 1518 tu
2290 1473 2343 1519 et
2371 1464 2608 1535 populus
2637 1465 2738 1520 iste
2757 1465 2846 1535 qui
2874 1472 3052 1520 tecum
3086 1474 3171 1520 est
3193 1482 3204 1518 :
3227 1465 3371 1519 ultra
3397 1462 3542 1519 vires
3575 1472 3694 1518 tuas
3716 1471 3812 1520 est

2202 1559 2502 1629 negotium,
2523 1561 2672 1615 solus
2696 1559 2832 1614 illud
2865 1575 2973 1614 non
2997 1558 3204 1630 poteris
3227 1559 3520 1614 sustinere.
3543 1557 3650 1615 Sed
3675 1556 3811 1614 audi

2201 1653 2366 1709 verba
2397 1667 2516 1708 mea
2543 1663 2708 1725 atque
2729 1653 2978 1719 consilia,
3007 1662 3064 1709 et
3102 1653 3209 1709 erit
3239 1652 3383 1708 Deus
3429 1661 3632 1709 tecum.
3670 1652 3808 1707 Esto

2202 1753 2258 1798 tu
2292 1745 2491 1816 populo
2523 1745 2576 1801 in
2604 1745 2691 1820 his
2718 1762 2839 1816 qua:
2870 1746 2940 1802 ad
2969 1746 3140 1802 Deum
3173 1745 3470 1816 pertinent,
3501 1757 3560 1800 ut
3588 1744 3805 1802 referas
3835 1749 3838 1751 ‘
3877 1817 3886 1820 _

491 1824 722 1897 perabat
751 1824 1038 1882 Amalech.
1070 1825 1261 1881 Manus
1287 1835 1470 1880 autem
1504 1825 1640 1882 MOSI
1670 1834 1830 1882 erant
1853 1841 2050 1898 graves
2076 1841 2091 1882 ἶ
2123 1835 2173 1899 B
2200 1853 2320 1908 qua}
2337 1837 2591 1894 dicuntur
2617 1818 2698 1894 {ur
2713 1854 2835 1894 cum
2865 1857 2877 1892 τ
2908 1838 3272 1908 οειρηάιιεειυρ
3303 1837 3500 1909 populo
3523 1852 3802 1893 can-emo-

491 1931 776 1975 sumentes
807 1918 977 1990 igitur
1012 1916 1272 1989 lapidem,
1305 1926 1612 1989 posuerunt
1651 1934 1817 1989 super
1853 1934 2000 1986 eum,
2041 1920 2094 1974 in

491 2025 602 2081 quo
629 2010 775 2068 sedit
799 2027 813 2066 :
846 2010 1032 2067 Aaron
1060 2021 1241 2067 autem
1271 2019 1327 2067 et
1350 2011 1465 2066 llur
1489 2012 1873 2068 sustentabant
1900 2027 2094 2069 manus

493 2102 612 2174 ejus
641 2119 708 2160 ex
733 2113 966 2176 utraque
993 2114 1170 2176 parte.
1201 2105 1272 2160 Et
1293 2103 1495 2161 factum
1523 2113 1607 2161 est
1630 2113 1688 2159 ut
1709 2120 1904 2161 manus
1927 2105 2096 2176 ipsius

494 2212 604 2254 non
635 2196 973 2253 lassat-eatur
993 2212 1164 2269 usque
1195 2197 1263 2253 ad
1294 2212 1544 2254 occasum
1573 2198 1730 2254 solis.
1759 2196 2096 2269 [fugavitque

493 2287 658 2348 Josue
685 2289 947 2347 Amalech
980 2299 1036 2346 et
1065 2291 1329 2361 populum
1355 2290 1472 2360 ejus
1513 2289 1568 2346 in
1611 2304 1706 2347 ore
1732 2290 1918 2362 gladii.
1950 2290 2098 2346 Dixit

497 2391 685 2441 autem
727 2383 994 2441 Dominus
1037 2383 1105 2439 ad
1145 2383 1374 2440 Mosen:
1409 2383 1598 2442 Scribe
1649 2385 1755 2440 hoc
1803 2383 1874 2440 ob
1915 2384 2098 2440 moni-

497 2488 740 2536 mentum
793 2479 848 2535 in
896 2480 1070 2548 libro,
1124 2489 1182 2536 et
1227 2478 1380 2536 trade
1415 2479 1640 2536 auribus
1677 2479 2100 2537 Josue:delebo

492 2576 638 2632 enim
669 2576 990 2632 memoriam
1021 2575 1281 2632 Amalech
1311 2575 1414 2632 sub
1455 2575 1599 2633 caelo
1628 2595 1639 2630 :
1675 2574 2100 2647 lEditicavitque

497 2670 675 2728 Moses
723 2670 905 2727 altare
950 2689 962 2724 :
1012 2678 1070 2726 et
1113 2670 1330 2727 vocavit
1380 2686 1582 2726 nomen
1628 2671 1784 2741 ejus,
1840 2670 2103 2726 Dominus

493 2763 751 2820 exaltatio
792 2778 938 2831 mea,
966 2763 1204 2820 dicens:
1251 2763 1387 2832 Quia
1439 2778 1632 2819 manus
1686 2778 1851 2833 super
1902 2763 2099 2819 solium

501 2857 691 2931 [,Vulg.
741 2857 890 2931 solii]
940 2857 1190 2928 Domini,
1243 2857 1451 2914 bellum
1499 2858 1716 2913 Domini
1763 2858 1871 2913 erit
1914 2866 2102 2914 contra

501 2949 791 3016 Amalech,
819 2965 847 3004 a
886 2951 1254 3022 generatione
1280 2952 1332 3006 in
1359 2952 1794 3022 generationem.

571 3045 656 3118 [C.
682 3043 912 3111 XXXII,
947 3043 1077 3118 Cap.
1102 3043 1318 3117 XVIII.}
1357 3043 1598 3116 Cumque
1621 3043 1863 3100 audisset
1887 3043 2104 3110 Jethro,

501 3139 760 3196 sacerdos
791 3139 1028 3210 Madian,
1062 3147 1329 3211 cognatus
1356 3139 1512 3208 Mosi,
1543 3139 1724 3195 omnia
1753 3154 1875 3211 quae
1904 3138 2107 3195 fecerat

2197 1934 2314 1988 nias
2337 1941 2392 1989 et
2419 1934 2580 1989 ritum
2604 1933 2845 2002 colendi,
2869 1935 3124 2006 viamque
3148 1949 3243 2004 per
3272 1949 3437 2005 quam
3465 1934 3674 2006 ingredi
3704 1932 3811 1989 de-

2197 2025 2382 2093 beant,
2405 2035 2462 2083 et
2482 2043 2619 2099 opus
2641 2028 2782 2100 quod
2808 2028 2988 2085 facere
3007 2027 3196 2102 [Vulg.
3222 2029 3348 2083 add.
3371 2025 3650 2100 debeant].
3673 2026 3810 2082 Pro-

2199 2120 2321 2178 vide
2342 2132 2523 2178 autem
2552 2122 2623 2178 de
2645 2122 2791 2177 omni
2821 2122 2980 2193 plebe
3011 2122 3152 2178 viros
3174 2129 3442 2192 potentes,
3467 2129 3517 2177 et
3549 2122 3808 2175 timentes

2201 2212 2395 2281 Deum,
2421 2213 2472 2268 in
2499 2213 2694 2284 quibus
2710 2215 2778 2268 sit
2806 2213 3029 2283 veritas,
3053 2222 3107 2270 et
3127 2213 3218 2284 qui
3245 2211 3458 2269 oderint
3489 2213 3804 2279 avaritiam,

2201 2316 2256 2363 et
2283 2307 2555 2363 constitue
2578 2322 2646 2364 ex
2669 2307 2750 2363 eis
2771 2306 3044 2373 tribunos,
3075 2314 3130 2364 et
3145 2305 3519 2374 centuriones,
3561 2313 3614 2361 et
3642 2304 3808 2375 quin-

2201 2399 2583 2470 quagenarios,
2610 2407 2662 2454 et
2690 2399 3058 2468 decanos,qui
3081 2399 3332 2470 judicent
3359 2398 3620 2470 populum
3653 2395 3806 2452 omni

2201 2501 2447 2564 tempore
2476 2511 2490 2548 :
2521 2492 2782 2564 quidquid
2813 2502 2994 2550 autem
3033 2493 3208 2564 majus
3236 2492 3420 2559 fuerit,
3454 2491 3698 2548 referant
3730 2489 3803 2545 ad

2204 2594 2280 2655 te,
2311 2595 2366 2642 et
2409 2584 2516 2657 ipsi
2548 2587 2763 2641 minora
2811 2585 3190 2642 tantummodo
3217 2586 3487 2657 judicent,
3516 2585 3808 2655 leviusque

2204 2681 2301 2737 tibi
2333 2681 2424 2746 sit,
2456 2681 2655 2752 partito
2681 2681 2736 2736 in
2759 2681 2898 2737 alios
2924 2697 3112 2738 onere.
3135 2681 3194 2739 Si
3225 2682 3329 2736 hoc
3361 2680 3576 2749 feceris,
3612 2680 3811 2751 imple-

2205 2775 2289 2831 bis
2319 2776 2604 2847 imperium
2638 2776 2757 2846 Dei,
2791 2785 2847 2834 et
2875 2789 3144 2849 praecepta
3181 2776 3299 2848 ejus
3341 2777 3546 2848 poteris
3583 2785 3810 2833 susten-

2207 2881 2320 2928 tare
2350 2888 2362 2926 :
2389 2882 2443 2929 et
2473 2872 2652 2928 omnis
2681 2871 2771 2928 hic
2802 2874 3036 2944 populus
3063 2881 3371 2930 revertetur
3403 2888 3524 2929 cum
3568 2886 3704 2942 pace
3737 2870 3809 2926 ad

2209 2964 2324 3020 loca
2355 2980 2476 3020 sua.
2510 2966 2718 3034 Quibus
2747 2965 2973 3033 auditis,
3000 2965 3178 3024 Moses
3201 2965 3331 3022 fecit
3352 2967 3535 3022 omnia
3559 2982 3679 3038 qua:
3712 2964 3812 3021 ille

2209 3067 2580 3132 suggesserat.
2626 3059 2721 3128 Et,
2772 3061 2966 3118 electis
3010 3062 3142 3118 viris
3189 3061 3430 3118 strenuis
3486 3061 3555 3118 de
3605 3070 3812 3117 cuncto

2209 3153 2399 3223 Israel,
2430 3155 2717 3212 constituit
2755 3171 2853 3213 eos
2882 3156 3158 3228 principes
3198 3157 3412 3230 populi,
3451 3158 3723 3225 tribunos,
3757 3172 3790 3214 e

501 3233 645 3290 Deus
672 3233 831 3302 Mosi,
853 3241 911 3290 et
934 3233 1118 3290 Israeli
1139 3234 1342 3305 populo
1369 3248 1491 3301 suo,
1519 3248 1586 3290 eo
1616 3232 1759 3305 quod
1783 3232 2102 3290 adduxisset

2213 3247 2580 3314 centuriones,
2601 3257 2655 3304 et
2675 3249 3194 3322 quinquagenarios,
3220 3260 3277 3308 et
3296 3250 3558 3306 decanos.
3585 3249 3687 3318 Qui
3715 3249 3817 3317 ju-

506 3327 773 3385 Dominus
823 3328 992 3386 Israel
1030 3327 1099 3386 de
1140 3328 1419 3401 Egypto:
1455 3328 1582 3385 tulit
1617 3329 1919 3400 Sephoram
1962 3343 2100 3383 uxo-

507 3438 622 3480 rem
664 3422 803 3479 Mosi
836 3438 999 3495 quam
1029 3422 1342 3490 remiserat,
1376 3431 1429 3478 et
1459 3422 1600 3478 duos
1630 3422 1769 3479 tilios
1798 3422 1935 3493 ejus,
1966 3437 2103 3492 quo-

513 3533 632 3574 rum
675 3533 817 3573 unus
862 3518 1162 3574 vocabatur
1207 3516 1458 3584 Gersom,
1507 3515 1724 3574 dicente
1765 3526 1917 3587 patre
1951 3533 1963 3569 :
1996 3515 2106 3571 Ad-

510 3627 649 3668 vena
686 3611 762 3666 fui
793 3610 846 3666 in
897 3619 1041 3668 terra
1085 3612 1286 3668 aliena.
1332 3610 1488 3667 Alter
1518 3626 1647 3667 vero
1675 3610 1929 3666 Eliezer:
1965 3609 2108 3666 Deus

511 3703 679 3771 enim,
714 3703 810 3770 ait,
845 3705 1016 3774 patris
1046 3704 1154 3760 mei
1182 3704 1401 3776 adjutor
1441 3718 1626 3772 meus,
1660 3712 1716 3760 et
1757 3703 1900 3759 eruit
1929 3719 2014 3759 me
2041 3703 2109 3760 de

511 3796 694 3869 gladio
729 3795 1048 3852 Pharaonis.
1082 3797 1246 3853 Venit
1271 3812 1402 3868 ergo
1430 3796 1624 3853 Jethro
1659 3805 1921 3868 cognatus
1951 3795 2106 3863 Mosi,

513 3898 569 3946 et
594 3888 846 3960 Iiliiejus,
879 3898 934 3946 et
962 3905 1097 3945 uxor
1119 3889 1260 3960 ejus,
1290 3888 1355 3945 ad
1392 3888 1577 3945 Mosen
1603 3889 1654 3944 in
1687 3887 1990 3955 desertum,
2020 3887 2111 3944 ubi

513 3989 632 4037 erat
660 3988 1076 4038 eastrametatus
1101 3980 1252 4052 juxta
1305 3989 1545 4037 montem
1594 3980 1710 4036 Dei.
1744 3979 2113 4036 Etmaudavit

515 4073 672 4143 Mosi,
696 4073 920 4130 dicens:
954 4073 1067 4146 Ego
1094 4083 1360 4146 cognatus
1389 4083 1516 4130 tuus
1539 4073 1730 4130 Jethro
1755 4074 1916 4130 venio
1942 4074 2008 4129 ad
2035 4083 2108 4143 te,

517 4176 573 4224 et
603 4182 743 4223 uxor
773 4175 886 4237 tua,
913 4175 970 4224 et
997 4166 1106 4224 duo
1133 4167 1228 4224 filii
1257 4168 1333 4224 tui
1362 4182 1487 4224 cum
1526 4183 1610 4224 ea.
1646 4167 1747 4236 Qui
1778 4183 2027 4239 egressus
2059 4169 2113 4222 in

517 4276 806 4318 occursum
825 4262 1043 4333 cognati
1065 4261 1168 4327 sui,
1188 4260 1456 4330 adoravit,
1481 4269 1538 4319 et
1561 4262 1836 4318 osculatus
1859 4272 1943 4318 est
1963 4277 2110 4328 eum,

524 4355 1018 4427 salutaveruntque
1047 4369 1107 4412 se
1137 4363 1328 4410 mutuo
1358 4355 1542 4412 verbis
1580 4356 1843 4426 pacificis.
1873 4355 2117 4427 Cumque

523 4449 785 4506 intrasset
809 4448 1241 4517 tabernaculum,
1275 4448 1516 4505 narravit
1551 4449 1729 4506 Moses
1758 4459 1992 4521 cognato
2016 4464 2116 4506 suo

522 4550 719 4598 cuncta
751 4557 874 4612 qua:
905 4541 1111 4598 fecerat
1140 4541 1404 4598 Dominus
1431 4541 1729 4609 Pharaoni,
1759 4551 1812 4597 et
1844 4539 2118 4613 Aigyptiis

2207 3342 2460 3397 dicabant
2481 3341 2692 3412 plebem
2712 3343 2860 3398 omni
2884 3351 3126 3414 tempore
3154 3362 3166 3396 :
3194 3342 3452 3414 quidquid
3476 3350 3655 3398 autem
3681 3357 3808 3412 gra-

2206 3435 2328 3491 vius
2359 3444 2496 3504 erat,
2522 3435 2832 3492 referebant
2859 3435 2926 3491 ad
2958 3450 3110 3504 eum,
3143 3434 3388 3492 faciliora
3421 3433 3802 3491 tantummodo

2204 3529 2530 3602 judicantes.
2553 3529 2875 3602 Dimisitque
2897 3540 3194 3601 cognatum
3235 3529 3426 3604 [ναις.
3449 3528 3576 3586 add.
3600 3527 3815 3600 suum],

2211 3626 2306 3696 qui
2339 3638 2589 3680 reversus
2617 3623 2751 3679 abiit
2779 3624 2832 3679 in
2865 3632 3066 3678 terram
3093 3637 3267 3679 suam.
3715 3692 3718 3694 γ

2285 3715 2372 3789 [Τ.
2404 3714 2498 3782 x1,
2531 3715 2594 3772 Β.
2619 3713 2712 3782 x1,
2741 3715 2804 3771 c.
2839 3714 3084 3783 XXXIV,
3112 3715 3242 3788 Cap.
3269 3714 3442 3788 xm]
3485 3715 3670 3771 Mense
3697 3724 3819 3770 ter-

2215 3808 2290 3864 tio
2315 3808 2648 3880 egressionis
2670 3806 2778 3881 [h.]
2808 3807 3044 3864 filiorum
3089 3808 3261 3864 Israel
3289 3808 3358 3864 de
3390 3816 3533 3864 terra
3564 3807 3818 3879 Egypti,

2218 3902 2270 3957 in
2306 3902 2394 3958 (lie
2423 3901 2523 3958 hac
2553 3910 2823 3959 venerunt
2851 3904 2902 3958 in
2935 3901 3287 3958 solitudinem
3321 3901 3492 3959 Sinai.
3519 3901 3652 3956 Nam
3682 3916 3821 3972 pro-

2216 3994 2340 4050 fecti
2380 3994 2448 4051 de
2477 3993 2794 4066 Raphidim,
2825 4003 2878 4050 et
2910 3993 3296 4066 pervenierites
3325 4008 3498 4065 usque
3531 3993 3581 4047 in
3621 3991 3824 4048 deser-

2220 4097 2330 4143 tum
2363 4086 2548 4153 Sinai,
2593 4089 2961 4142 castrametati
2989 4095 3117 4142 sunt
3137 4087 3189 4141 iu
3222 4085 3412 4142 eodem
3444 4085 3598 4153 loco,
3631 4085 3825 4154 ibique

2217 4181 2386 4237 Israel
2431 4179 2548 4236 fixit
2575 4180 2808 4236 tentoria
2841 4195 2872 4236 e
2900 4181 3128 4251 regione
3159 4180 3380 4235 montis.
3425 4178 3603 4234 Moses
3631 4187 3824 4233 autem

2217 4273 2464 4330 ascendit
2509 4273 2578 4329 ad
2630 4272 2833 4339 Deum,
2886 4272 3212 4344 vocavitque
3266 4287 3391 4328 eum
3441 4271 3706 4328 Dominus
3749 4270 3827 4328 de

2218 4377 2426 4434 monte,
2451 4376 2505 4423 et
2527 4367 2599 4422 ait
2628 4385 2638 4422 :
2664 4367 2790 4423 Ilrec
2817 4365 2968 4423 dices
2994 4366 3186 4422 domui
3219 4365 3411 4432 Jacoh,
3439 4373 3496 4422 et
3518 4365 3824 4448 annuntia-

2218 4463 2304 4520 bis
2330 4462 2456 4517 tiliis
2485 4460 2649 4516 Israel
2681 4477 2696 4516 :
2739 4459 2848 4516 Vos
2873 4459 2979 4531 ipsi
3006 4457 3222 4516 vidistis
3251 4474 3372 4530 quae
3395 4457 3618 4514 fecerim
3648 4455 3830 4529 Egy-

2222 4555 2370 4627 ptiis,
2396 4552 2670 4626 quomodo
2691 4553 3021 4624 portaverim
3047 4567 3144 4610 vos
3166 4567 3332 4624 super
3350 4553 3465 4607 alas
3487 4550 3826 4624 aquilarum,

525 4647 749 4707 propter
787 4635 991 4706 Israel,
1038 4635 1350 4693 universum
1391 4635 1656 4702 laborem,
1697 4637 1789 4708 qui
1831 4635 2108 4694 accidisset

2225 4661 2280 4708 et
2332 4648 2723 4721 assumpserim
2773 4647 2930 4704 mihi.
2988 4647 3050 4704 Si
3108 4662 3238 4719 ergo
3291 4645 3575 4703 audieritis
3625 4661 3830 4702 vocem

523 4730 604 4786 eis
635 4731 686 4785 in
711 4729 927 4798 itinere,
959 4745 1067 4802 quo
1107 4729 1127 4804 [
1173 4729 1332 4802 Vulg.
1363 4737 1418 4786 et
1443 4729 1627 4803 quod]
1667 4729 1999 4787 liberaverat
2025 4747 2121 4788 eos

526 4822 808 4880 Dominus.
840 4824 1188 4895 Laetatusque
1216 4832 1299 4879 est
1327 4821 1524 4880 Jethro
1558 4839 1720 4896 super
1745 4824 1996 4881 omnibus
2026 4825 2124 4882 ho-

531 4917 638 4984 nis,
673 4934 795 4988 quae
824 4917 1029 4975 fecerat
1060 4917 1321 4974 Dominus
1353 4917 1567 4987 Israeli,
1604 4934 1670 4975 eo
1709 4919 1852 4990 quod
1891 4917 2124 4976 eruisset

523 5025 651 5068 eum
682 5012 752 5067 de
783 5027 946 5067 manu
989 5011 1399 5084 Egyptiorum,
1425 5021 1482 5069 et
1509 5013 1586 5067 ait
1617 5030 1629 5066 :
1658 5012 1982 5072 Benedictus
2010 5015 2122 5072 Do-

531 5103 731 5172 minus,
754 5103 847 5176 qui
878 5103 1134 5160 liberavit
1159 5119 1256 5161 vos
1277 5104 1345 5161 de
1363 5119 1525 5160 manu
1542 5104 1947 5178 Egyptiorum,
1975 5116 2032 5164 et
2051 5107 2122 5166 de

526 5212 692 5254 manu
732 5196 1057 5267 Pharaonis,
1090 5197 1185 5270 qui
1213 5198 1353 5255 eruit
1383 5199 1641 5271 populum
1672 5213 1830 5256 suum
1859 5200 1926 5256 de
1953 5217 2119 5258 manu

528 5293 774 5366 Egypti.
834 5291 984 5349 Nunc
1048 5295 1325 5366 cognovi,
1389 5294 1515 5367 quia
1580 5311 1802 5368 magnus
1859 5295 2119 5354 Dominus

525 5405 692 5464 super
719 5404 911 5447 omnes
933 5389 1066 5446 deos
1101 5407 1114 5444 :
1144 5404 1212 5445 eo
1253 5389 1398 5463 quod
1426 5391 1658 5462 superbe
1680 5392 1890 5463 egerint
1927 5404 2118 5448 contra

533 5485 682 5544 illos.
705 5476 1078 5557 Obtulit'ergo
1113 5493 1375 5556 cognatus
1405 5483 1536 5542 Mosi
1571 5485 1888 5542 holocausta
1910 5494 1964 5541 et
1993 5485 2120 5542 hos-

530 5580 635 5637 tias
656 5583 684 5614 ⁸
714 5580 828 5637 Deo
865 5597 880 5634 τ
912 5586 1288 5650 veneruntque
1333 5577 1514 5634 Aaron
1555 5587 1612 5635 et
1639 5594 1832 5636 omnes
1875 5580 2120 5636 seniores
2141 5609 2154 5624 ο

527 5673 728 5744 Israel,
768 5682 830 5731 ut
870 5672 1223 5732 comederent
1262 5686 1459 5744 panem
1498 5686 1620 5730 cum
1651 5689 1728 5731 eo.
1753 5689 1938 5732 coram
1986 5675 2117 5734 Deo.

603 5884 628 5917 ο
644 5876 721 5937 Ita
742 5876 982 5938 etnostri
997 5894 1156 5948 mss.;
1179 5874 1485 5937 Martian.in
1502 5875 1624 5937 aliis
1639 5877 1849 5936 invenit
1889 5872 2134 5936 Domino.

2227 4761 2428 4810 meam,
2457 4752 2512 4800 et
2541 4741 2918 4799 eustodieritis
2947 4749 3165 4813 pactum
3195 4755 3402 4809 meum,
3435 4739 3589 4796 eritis
3609 4737 3740 4794 mihi
3766 4739 3830 4794 in

2227 4838 2504 4911 peculium
2551 4837 2622 4894 de
2655 4836 2866 4892 cunctis
2909 4834 3122 4906 populis
3157 4853 3168 4889 :
3196 4849 3317 4892 mea
3349 4843 3434 4890 est
3465 4833 3611 4890 enim
3641 4833 3833 4889 omnis

2229 4942 2392 4990 terra.
2425 4932 2494 4988 Et
2524 4947 2621 4987 vos
2649 4931 2804 4988 eritis
2840 4930 2978 4986 mihi
3021 4929 3076 4985 iu
3116 4945 3343 5002 regnum
3369 4927 3732 4995 sacerdotale,
3766 4937 3836 4984 et.

2225 5041 2359 5097 gens
2388 5033 2595 5080 sancta.
2628 5023 2757 5080 Haec
2797 5031 2924 5081 sunt
2953 5022 3123 5080 verba
3151 5039 3272 5094 qua:
3303 5022 3547 5093 loqueris
3575 5021 3645 5077 ad
3675 5020 3836 5078 filios

2227 5118 2414 5175 Israel.
2444 5115 2608 5172 Venit
2636 5117 2816 5172 Moses
2844 5133 2857 5169 :
2889 5123 2948 5171 et
2984 5115 3306 5171 convocatis
3345 5113 3644 5185 majoribus
3687 5123 3836 5171 natu

2230 5210 2437 5283 populi,
2469 5208 2721 5281 exposuit
2749 5222 2942 5264 omnes
2963 5221 3272 5274 sermones,
3304 5222 3442 5278 quos
3467 5204 3842 5262 mandaverat

2226 5305 2506 5360 Dominus.
2550 5300 2957 5373 Rcsponditque
2995 5301 3284 5357 universus
3317 5298 3552 5370 populus
3601 5296 3770 5353 simul
3812 5316 3834 5353 :

2223 5397 2430 5453 Cuncta
2457 5411 2576 5466 qua:
2617 5395 2834 5450 locutus
2864 5404 2950 5450 est
2977 5394 3262 5460 Dominus,
3313 5391 3601 5447 faciemus.
3650 5389 3835 5445 Cum-

2224 5506 2329 5564 que
2367 5489 2649 5546 retulisset
2679 5489 2860 5546 Moses
2889 5487 3056 5544 verba
3085 5485 3271 5559 populi
3299 5485 3366 5542 ad
3398 5485 3711 5552 Dominum,
3748 5487 3837 5544 ait

2224 5585 2274 5641 ei
2297 5584 2562 5641 Dominus
2590 5601 2606 5643 :
2635 5581 2754 5639 Jam
2781 5597 2928 5639 nunc
2950 5583 3166 5639 veniam
3194 5581 3262 5638 ad
3290 5590 3343 5637 te
3373 5581 3428 5636 in
3456 5579 3689 5652 caligine
3723 5596 3836 5636 nu~

2225 5677 2331 5746 bis,
2364 5689 2423 5736 ut
2446 5677 2630 5736 audiat
2655 5691 2743 5736 me
2774 5675 3014 5750 populus
3049 5673 3467 5748 loquentem‘ad
3499 5675 3571 5744 te,
3618 5682 3673 5730 et
3699 5687 3836 5736 cre-
