4044 6360
264 274 362 339 ῑᾶὅ

1607 283 1806 345 LIBER
1849 284 2080 346 EXODI.

3446 303 3557 363 εδδ

262 386 345 441 dat
376 385 474 441 tibi
508 386 560 440 in
600 393 945 458 perpetuum.
974 390 993 463 [
1019 390 1081 446 C.
1112 390 1333 451 XXXV.
1361 396 1379 469 j
1421 395 1696 454 Nnntiavit
1725 416 1856 471 ergo
1888 420 1928 476 Α
1962 416 2149 457 eorum
2202 403 2293 473 qui
2328 403 2563 460 oderunt
2624 422 2709 463 me
2742 426 2754 462 :
2790 418 2842 465 et
2883 412 3086 468 faciens
3118 418 3553 477 misericordiam

264 479 436 533 Moses
462 480 628 535 verba
654 482 837 551 pepuli
867 483 933 538 ad
967 485 1277 543 Dominum.
1305 490 1405 556 Qui
1431 491 1632 546 dixitei
1673 512 1683 522 ·
1710 493 1858 549 Vade

262 571 319 626 ad
354 575 615 643 populum
648 592 661 627 :
696 584 751 629 et
777 577 1054 633 sanctifica
1098 580 1244 649 illos,
1293 581 1454 638 hodie
1499 593 1552 638 et
1583 600 1726 651 cras,
1782 586 1859 639 Ia-

264 680 501 739 ventque
531 674 856 729 vestimenta
882 690 1000 730 sua.
1028 676 1095 731 Et
1121 678 1232 732 sint
1262 681 1432 748 parati
1466 680 1518 735 itt
1565 681 1708 735 diem
1743 689 1857 735 ter—

261 762 384 817 tium
425 781 437 817 :
468 766 523 819 in
558 766 645 823 die
670 771 815 822 enim
852 771 1013 824 tertio
1054 770 1646 829 descendetDominus
1672 791 1856 831 coram

260 857 399 911 omni
434 857 595 928 plebe
625 875 793 931 super
815 872 1059 918 montem
1093 864 1267 921 Sinai.
1293 864 1718 940 Constituesque
1748 880 1858 926 ter-

260 950 432 1006 minos
467 954 673 1024 popqu
702 970 799 1025 per
828 956 1138 1022 circuitum,
1168 970 1222 1015 et
1263 961 1413 1016 dices
1440 961 1455 1033 [
1488 961 1643 1035 Vulg.
1674 965 1762 1019 ad.
1788 964 1855 1020 ad

258 1042 367 1117 eos]
403 1061 416 1096 :
449 1044 672 1117 Cavete,
704 1064 773 1103 ne
801 1051 1115 1108 ascendatis
1146 1053 1198 1108 in
1242 1065 1505 1121 montem,
1542 1073 1640 1113 nec
1674 1069 1857 1130 tanga-

259 1138 320 1192 tis
354 1138 493 1195 lines
522 1141 671 1197 illius
702 1160 716 1197 :
750 1148 928 1201 omnis
957 1149 1047 1218 qui
1093 1150 1332 1220 tetigerit
1374 1161 1641 1219 montem,
1678 1164 1855 1210 morte

256 1233 541 1290 morietur.
575 1235 762 1293 Manus
788 1254 893 1293 non
926 1248 1107 1312 tanget
1145 1259 1292 1309 eum,
1322 1244 1417 1300 sed
1457 1245 1728 1315 lapidibus
1755 1262 1852 1317 op-
1902 1254 1905 1255 ⁷

256 1330 525 1398 primetur
561 1329 638 1403 [h.
668 1332 866 1398 Aliter,
897 1349 1090 1391 manus
1121 1352 1226 1392 non
1269 1345 1451 1408 tangat
1481 1356 1628 1404 cum,
1662 1346 1783 1413 quia
1810 1341 1853 1396 si

256 1424 522 1493 tetigerit,
559 1425 829 1495 lapidibus
860 1430 1247 1503 opprimetur],
1289 1440 1385 1486 aut
1413 1432 1858 1503 confodieturja~

254 1518 398 1573 culis
428 1534 443 1576 :
478 1520 597 1575 sive
621 1518 925 1589 jumentum
957 1522 1141 1591 fuerit,
1188 1528 1302 1582 sive
1332 1527 1521 1595 homo,
1552 1543 1657 1583 non
1685 1528 1851 1583 vivet.

250 1613 381 1669 Cum
420 1616 650 1686 cmperit
690 1619 947 1688 clangere
991 1619 1239 1690 buccina,
1275 1631 1403 1676 tunc
1454 1622 1749 1677 ascendant
1798 1623 1851 1677 in

252 1720 523 1764 montem.
557 1711 957 1783 Descenditque
980 1714 1153 1769 Moses
1177 1715 1243 1770 de
1272 1724 1456 1772 monte
1485 1717 1549 1771 ad
1568 1717 1850 1789 pepulum,
1886 1731 1890 1737 '

1964 494 2014 548 in
2039 495 2200 549 millia
2236 498 2315 550 bis
2343 498 2430 568 qni
2452 498 2687 570 diligunt
2714 518 2825 570 me,
2853 515 2905 559 et
2936 508 3252 565 cusmdiunt
3283 527 3553 585 praecepta

1964 602 2101 641 mea.
2138 587 2195 659 [5
2227 587 2424 661 Ρι’ίιέ.]
2452 590 2572 646 Non
2597 608 2845 651 assumes
2881 613 3077 655 nomen
3106 602 3319 659 Domini
3355 606 3447 659 Dei
3482 606 3557 661 tui

1962 676 2013 732 in
2060 694 2304 736 vanum:
2355 697 2455 737 ncc
2499 685 2645 739 enim
2705 687 2927 744 habebit.
2976 692 3244 749 insontem
3293 696 3556 753 Dominus

1961 786 2083 826 eum
2141 774 2229 843 qni
2286 779 2647 846 assumpserit
2679 794 2875 837 nomen
2927 783 3137 840 Domini
3181 787 3277 842 Dei
3320 789 3404 843 sui
3438 788 3557 843 fru-

1960 874 2092 919 stra.
2120 864 2176 937 [.i
2196 866 2394 941 Prae]
2415 871 2705 941 Memento,
2736 885 2793 929 ut
2813 875 2954 932 diem
2986 880 3195 935 sabbati
3218 884 3553 941 sanctilices.

1959 955 2065 1012 Sex
2110 959 2303 1015 diebus
2335 963 2682 1030 operaberis,
2732 975 2787 1021 et
2827 967 2995 1025 facies
3027 973 3211 1026 omnia
3249 990 3410 1044 opt-ra
3445 984 3554 1031 tua.

1959 1048 2207 1119 Septimo
2236 1061 2419 1109 autem
2467 1056 2553 1111 die
2583 1058 2866 1114 sabbatum
2912 1060 3123 1118 Domini
3160 1064 3252 1119 Dei
3284 1067 3355 1120 tni
3394 1085 3406 1120 :
3443 1084 3551 1123 non

1960 1136 2209 1199 facics‘in
2234 1161 2300 1201 eo
2328 1162 2489 1204 omne
2513 1165 2669 1220 Opus,
2694 1161 2768 1217 tu,
2803 1163 2856 1208 et
2884 1156 3025 1211 filius
3060 1168 3180 1212 tuus
3216 1168 3273 1214 et
3302 1159 3407 1215 lilia
3434 1172 3546 1229 tua,

1960 1252 2151 1294 servus
2184 1249 2306 1297 tuus
2339 1252 2391 1297 et
2435 1246 2634 1300 ancilla
2668 1259 2780 1316 tua,
2811 1247 3119 1319 jumentum
3156 1262 3328 1321 tuum,
3364 1265 3418 1312 et
3456 1259 3551 1313 ad-

1962 1348 2122 1403 vena,
2169 1337 2260 1405 qui
2306 1347 2390 1392 est
2434 1340 2575 1394 intra
2622 1352 2809 1411 portas
2860 1353 3000 1401 tuas.
3042 1347 3145 1403 Sex
3190 1353 3332 1404 enim
3365 1352 3555 1408 diebus

1958 1424 2089 1481 fecit
2118 1427 2379 1487 Dominus
2408 1434 2608 1488 caelum
2638 1445 2691 1490 et
2724 1446 2945 1506 terram,
2990 1450 3043 1493 et
3081 1458 3255 1508 mare,
3283 1454 3337 1499 et
3367 1447 3549 1502 omnia

1960 1538 2078 1591 qum
2111 1524 2161 1578 in
2190 1525 2267 1579 eis
2296 1536 2443 1595 sunt,
2475 1540 2525 1583 et
2553 1531 2822 1600 requievit
2845 1532 2897 1587 in
2925 1534 3011 1588 die
3035 1537 3267 1605 septimo
3301 1555 3312 1591 :
3344 1539 3552 1595 idcirco

1958 1616 2239 1673 benedixit
2261 1621 2523 1678 Dominus
2546 1625 2686 1680 diem
2713 1627 2925 1683 sabbati
2949 1636 3005 1683 et
3026 1632 3390 1690 sanctificavit
3406 1651 3551 1691 eum.

1962 1709 2016 1780 [.‘i
2052 1709 2247 1785 Pravo]
2282 1714 2496 1770 Honora
2531 1726 2739 1787 patrem
2772 1729 2919 1774 tuum
2949 1730 3002 1776 et
3035 1731 3263 1778 matrem
3299 1735 3463 1791 tuam,
3497 1738 3556 1783 ut

250 1812 305 1859 et
356 1806 721 1861 sanctiﬁcavit
750 1822 894 1863 eum.
928 1809 1169 1880 Cumque
1210 1810 1470 1865 lavissent
1524 1812 1850 1867 vestimenta

1959 1803 2033 1857 sis
2084 1804 2362 1875 longaevus
2403 1824 2567 1879 super
2618 1822 2842 1879 terram,
2894 1831 3055 1885 quam
3104 1818 3365 1876 Dominus
3412 1823 3556 1881 Dens

249 1912 372 1964 sua,
406 1900 483 1953 ait
510 1900 578 1954 ad
612 1917 707 1955 eos
738 1918 750 1953 :
780 1901 973 1957 Estote
1008 1904 1179 1973 parati
1223 1904 1274 1958 in
1316 1904 1460 1961 diem
1508 1907 1752 1977 tertium,
1790 1923 1857 1963 ne

249 1994 705 2064 apprOpinquetis
736 1996 1001 2051 uxoribus
1029 1996 1249 2053 vestris.
1274 1999 1392 2054 Jam
1422 1999 1717 2055 advenerat
1751 2010 1859 2055 tcr-

248 2084 362 2140 tius
393 2085 538 2153 dies,
567 2095 620 2141 et
651 2103 810 2143 mane
836 2087 1207 2144 inclaruerat:
1236 2100 1291 2146 et
1316 2106 1440 2146 cccc
1459 2102 1739 2163 caepcrunt
1760 2108 1857 2147 au-

247 2176 353 2231 diri
387 2179 653 2245 tonitrua,
687 2195 754 2236 ac
798 2180 1001 2236 micare
1044 2180 1295 2254 fulgura,
1339 2193 1393 2239 et
1432 2185 1607 2239 nubes
1648 2186 1857 2242 densis-

248 2272 387 2325 sima
414 2273 633 2342 operire
651 2281 913 2338 montem,
937 2275 1273 2346 clangorque
1297 2277 1543 2332 buccina:
1563 2276 1855 2333 veltemen-

248 2365 355 2420 tius
387 2368 807 2437 perstrepebat:
849 2369 1140 2440 timuitque
1172 2372 1350 2426 omnis
1381 2370 1570 2443 [Vulg.
1602 2382 1703 2427 lac.
1736 2388 1855 2427 om-

244 2459 370 2533 nis]
399 2462 665 2532 populus,
690 2462 783 2532 qui
815 2471 933 2517 erat
964 2462 1017 2517 in
1042 2464 1261 2519 castris.
1295 2461 1541 2536 Cumque
1573 2466 1856 2522 eduxisset

244 2567 335 2608 eos
362 2553 548 2611 Moses
572 2556 626 2609 in
669 2570 956 2611 occursum
991 2557 1091 2613 Dei
1121 2558 1188 2613 de
1228 2558 1352 2615 loco
1379 2568 1712 2629 castrorum,
1747 2572 1856 2617 ste-

245 2656 436 2702 terunt
461 2648 527 2704 ad
559 2648 773 2704 radices
799 2652 1023 2705 montis.
1051 2652 1222 2706 Totus
1247 2651 1436 2727 [Vulg.
1464 2652 1641 2726 Tunc]
1669 2664 1851 2709 autem

244 2757 406 2796 mons
441 2740 592 2797 Siuai
620 2741 884 2807 fumabat,
911 2759 977 2799 eo
999 2744 1142 2815 quod
1174 2745 1558 2801 descendisset
1586 2746 1853 2802 Dominus

247 2848 417 2904 super
440 2850 565 2889 eum
601 2834 653 2889 in
681 2835 823 2904 igne,
858 2845 914 2892 et
942 2837 1269 2893 ascenderet
1299 2837 1480 2893 fumus
1508 2855 1573 2895 ex
1606 2854 1670 2895 eo
1698 2841 1853 2911 quasi

244 2927 308 2982 de
348 2930 582 2984 fornace
617 2946 630 2983 :
664 2940 897 3001 eratque
928 2945 1087 2988 mons
1123 2933 1303 2988 omnis
1336 2933 1616 2989 terribilis.
1650 2936 1715 2988 Et
1757 2950 1850 2990 so-

244 3021 389 3076 nitus
420 3020 672 3077 buccina:
705 3023 965 3094 paulatim
990 3026 1279 3081 crescebat
1317 3026 1372 3080 in
1404 3027 1604 3097 majus,
1641 3036 1695 3083 et
1728 3044 1853 3097 pro-

244 3112 414 3168 lixius
463 3115 814 3171 tendebatnr.
865 3116 1048 3173 Moses
1085 3118 1441 3189 loquebatur,
1491 3127 1546 3174 et
1581 3120 1722 3175 Deus
1766 3136 1852 3175 re-

1964 1904 2090 1951 tuus
2115 1898 2262 1953 dabit
2292 1901 2409 1956 tibi.
2443 1902 2497 1973 [ti
2531 1903 2621 1977 P.]
2644 1905 2760 1960 Non
2790 1908 3028 1969 occides.
3056 1911 3109 1984 [7
3137 1912 3232 1987 P.]
3274 1916 3386 1970 Non
3422 1935 3556 1975 mue-

1959 1990 2230 2049 cbaberis.
2264 1992 2318 2067 [8
2352 1995 2443 2070 P.]
2478 1998 2591 2053 Non
2627 2000 2828 2055 furtum
2875 2002 3066 2061 facies.
3102 2006 3156 2080 [9
3186 2007 3282 2083 P.]
3322 2010 3437 2066 Non
3471 2014 3555 2069 lo-
3627 2022 3634 2029 ’

1958 2087 2143 2154 queris
2174 2096 2362 2144 contra
2398 2092 2706 2159 proximum
2740 2105 2888 2150 tuum
2922 2098 3118 2154 falsum
3152 2103 3553 2161 testimonium.

1960 2178 2051 2251 [10
2084 2179 2175 2252 Ρ.]
2208 2181 2323 2238 Νοιι
2367 2188 2721 2257 concupisces
2758 2190 2980 2247 domum
3029 2196 3260 2263 proximi
3300 2198 3377 2253 tui
3411 2218 3423 2252 :
3454 2216 3556 2257 nec

1958 2272 2298 2333 desiderabis
2329 2294 2552 2336 uxorem
2601 2282 2718 2353 ejus
2754 2302 2767 2339 :
2801 2300 2907 2342 non
2932 2302 3177 2357 servum,
3227 2306 3331 2346 non
3379 2294 3553 2350 ancil-

1959 2365 2090 2433 lam,
2126 2384 2231 2424 non
2261 2370 2482 2437 bovem,
2509 2390 2615 2429 non
2646 2378 2881 2444 asinum,
2918 2396 3017 2435 nec
3058 2384 3241 2438 omnia
3269 2400 3387 2454 quae
3409 2386 3555 2441 illius

1959 2470 2104 2517 sunt.
2137 2462 2219 2534 [Ο.
2251 2463 2569 2539 XXXVIIH
2590 2468 2835 2537 Cunctus
2868 2484 3051 2530 autem
3078 2478 3307 2547 papulus
3338 2480 3559 2536 videbat

1958 2569 2116 2611 voces
2132 2565 2188 2612 et
2216 2558 2519 2632 lampades,
2544 2572 2599 2619 et
2626 2566 2864 2622 sonitum
2900 2569 3167 2639 buccintc,
3195 2582 3550 2645 mentemque

1958 2651 2249 2708 fumantem
2279 2671 2292 2712 :
2326 2664 2382 2710 et
2413 2660 2690 2726 perterriti
2734 2676 2798 2716 ac
2835 2678 3036 2731 pavore
3067 2670 3349 2732 concussi,
3383 2677 3551 2725 stete-

1956 2755 2086 2801 rtmt
2132 2750 2349 2817 procul,
2396 2750 2640 2808 dicentes
2682 2754 2814 2810 Mosi
2851 2774 2863 2809 :
2909 2756 3157 2827 Loquere
3193 2770 3247 2815 tu
3287 2762 3462 2829 nobis,
3496 2772 3553 2818 et

1958 2840 2247 2895 audiemus
2283 2859 2299 2897 :
2345 2858 2453 2899 non
2496 2846 2748 2916 loquatur
2780 2838 2937 2905 nobis
2968 2851 3262 2921 Dominus,
3305 2871 3373 2910 ne
3406 2856 3549 2911 forte

1958 2932 2280 2988 moriamur.
2317 2935 2385 2989 Et
2414 2938 2491 2991 ait
2520 2938 2700 2995 Moses
2738 2940 2804 2995 ad
2839 2944 3092 3012 populum
3130 2963 3143 3000 :
3185 2944 3363 3001 Nolite
3395 2948 3552 3004 time-

1958 3040 2039 3091 re,
2075 3035 2134 3080 ut
2164 3028 2309 3082 enim
2339 3030 2600 3099 probaret
2648 3049 2742 3088 vos
2788 3036 2936 3090 venit
2968 3038 3107 3093 Deus
3128 3081 3141 3104 ,
3194 3051 3249 3095 et
3280 3050 3337 3096 ut
3379 3052 3553 3098 terror

1957 3119 2101 3175 illius
2131 3131 2277 3178 esset
2304 3124 2354 3177 in
2386 3124 2560 3195 vobis,
2592 3136 2777 3182 etnon
2806 3134 3126 3198 peccaretis.
3164 3135 3435 3207 Stetitque
3461 3152 3557 3207 po-

244 3204 553 3272 Spmtdcbat
576 3207 649 3262 ei.
688 3207 1089 3281 Descendilque
1117 3210 1376 3266 Dominus
1408 3228 1573 3283 super
1605 3221 1844 3267 montem
1878 3214 1923 3277 C
1956 3215 2114 3284 pulus
2142 3215 2208 3271 de
2238 3218 2415 3287 longe.
2451 3218 2554 3290 [T.
2599 3220 2712 3287 XII,
2751 3220 2811 3275 C.
2842 3223 3131 3298 XXXIX]
3165 3204 3549 3283 Mtis-es'atttetti

244 3302 397 3355 Sinai
431 3302 482 3355 in
514 3302 635 3370 ipso
664 3304 864 3358 montis
890 3304 1123 3372 vertice,
1145 3312 1202 3360 et
1217 3307 1434 3362 vocavit
1460 3307 1645 3361 Mosen
1682 3308 1733 3361 in
1756 3323 1848 3363 ca—

246 3410 452 3452 cumen
484 3396 625 3467 ejus.
658 3397 779 3465 Quo
818 3413 942 3453 cum
988 3399 1346 3469 ascendisset,
1382 3400 1522 3455 dixit
1562 3400 1630 3455 ad
1672 3416 1795 3455 cum
1831 3418 1845 3452 :

254 3485 565 3555 Descende,
608 3497 664 3543 et
708 3498 1021 3546 contestare
1066 3492 1347 3561 populum,
1392 3507 1461 3547 ne
1499 3490 1637 3548 forte
1679 3493 1850 3549 velint

252 3582 655 3639 transcendere
694 3585 957 3640 terminos
986 3585 1051 3640 ad
1093 3586 1389 3641 videndum
1424 3587 1712 3642 Dominum
1744 3605 1758 3643 :
1793 3596 1850 3645 et

244 3686 437 3746 pereat
460 3692 530 3732 ex
552 3678 633 3733 eis
658 3678 891 3749 plurima
924 3680 1237 3737 multitudo.
1261 3682 1587 3739 Sacerdotes
1608 3699 1842 3754 quoque,

245 3769 330 3838 qui
362 3769 643 3825 accedunt
674 3770 743 3826 ad
787 3771 1103 3840 Dominum,
1137 3775 1576 3842 sanctificentur,
1620 3792 1688 3832 ne
1724 3792 1847 3847 per-

246 3862 414 3916 cutiat
441 3877 563 3919 eos.
598 3863 854 3935 Dixitque
885 3865 1065 3922 Moses
1092 3867 1160 3921 ad
1187 3868 1472 3924 Dominum
1500 3886 1512 3923 :
1540 3869 1655 3924 Non
1688 3880 1848 3940 pote-

246 3955 311 4009 rit
331 3955 535 4027 vulgus
558 3957 861 4015 ascendere
891 3958 944 4013 in
980 3969 1221 4016 montem
1248 3961 1402 4018 Sinai
1438 3979 1453 4019 :
1489 3971 1542 4017 tu
1575 3964 1720 4018 enim
1748 3974 1849 4020 tes-

246 4049 490 4105 tiﬁcatus
512 4065 594 4117 es,
617 4060 668 4107 et
687 4052 933 4122 jussisti:
955 4053 1103 4109 Pone
1126 4057 1387 4112 terminos
1408 4057 1553 4114 circa
1576 4067 1840 4125 montem,

245 4152 297 4197 et
315 4146 601 4200 sanetitica
627 4144 803 4201 illum.
832 4145 1193 4221 [C.XXXVI.]
1211 4149 1309 4204 Cui
1328 4152 1403 4206 ait
1426 4151 1686 4208 Dominus
1713 4153 1846 4208 :Va-

244 4235 329 4301 de,
361 4235 647 4293 descende
670 4254 686 4293 :
711 4240 1081 4312 aseendesque
1104 4251 1180 4307 tu,
1212 4252 1266 4298 et
1292 4246 1469 4299 Aaron
1502 4253 1675 4300 tecum
1712 4264 1722 4301 :
1755 4262 1843 4301 sa-

244 4330 499 4386 cerdotes
518 4339 700 4387 autem
726 4342 781 4389 et
804 4335 1034 4405 populus
1063 4351 1129 4391 ne
1146 4344 1423 4393 transeant
1446 4340 1729 4406 terminos,
1747 4354 1846 4395 nec

243 4425 632 4481 ascendautad
650 4427 962 4497 Dominum,
991 4446 1059 4487 ne
1084 4431 1222 4488 forte
1258 4433 1552 4489 interficiat
1573 4434 1713 4489 illos.
1745 4434 1847 4491 De-

244 4519 571 4588 scenditque
601 4521 777 4578 Moses
796 4523 863 4578 ad
887 4525 1166 4594 p0pulum,
1206 4535 1257 4582 et
1280 4528 1461 4583 omnia
1484 4528 1719 4584 narravit
1743 4529 1842 4585 eis.

1951 3306 2182 3361 accessit
2211 3308 2277 3361 ad
2307 3309 2590 3381 caliginem
2624 3312 2675 3367 in
2718 3328 2821 3383 qua
2852 3324 2973 3370 erat
3011 3317 3177 3373 Deus.
3219 3320 3365 3375 Dixit
3416 3337 3552 3390 prm-

1954 3408 2098 3455 terea
2131 3401 2399 3459 Dominus
2441 3404 2507 3459 ad
2548 3406 2733 3461 Mosen
2771 3426 2785 3462 :
2833 3408 2957 3464 Haec
2998 3410 3149 3467 dices
3181 3412 3307 3468 filiis
3334 3415 3499 3470 Israel
3532 3434 3544 3469 :

1955 3492 2064 3549 Vos
2092 3494 2306 3553 vidistis
2343 3498 2488 3569 quod
2529 3500 2596 3557 de
2634 3502 2775 3558 caelo
2815 3503 3028 3561 locutus
3069 3507 3170 3562 sim
3213 3509 3386 3565 vobis.
3426 3510 3545 3566 Non

1953 3588 2166 3646 facietis
2196 3600 2221 3628 ⁸
2254 3608 2467 3648 mecum
2515 3596 2648 3652 deos
2677 3606 2995 3669 argenteos,
3054 3616 3155 3657 nec
3185 3602 3318 3659 deos
3356 3619 3553 3661 aureos

1950 3681 2166 3739 facietis
2210 3686 2385 3741 vobis.
2421 3687 2609 3743 Altare
2640 3689 2709 3746 de
2740 3699 2882 3747 terra
2919 3693 3127 3750 facietis
3155 3696 3309 3764 milii,
3336 3707 3392 3754 et
3419 3699 3552 3754 olfe-

1950 3778 2087 3833 retis
2138 3795 2303 3851 super
2344 3797 2409 3837 eo
2451 3781 2771 3841 holocausta
2809 3798 2863 3843 et
2908 3790 3128 3857 pacifica
3176 3802 3388 3859 vestra,
3419 3810 3548 3851 oves

1949 3881 2165 3927 vestras
2190 3884 2243 3929 et
2269 3874 2459 3943 boves,
2492 3878 2543 3932 in
2577 3882 2724 3933 omni
2756 3879 2874 3936 loco
2903 3880 2956 3935 in
2998 3898 3106 3953 quo
3137 3887 3401 3940 memoria
3433 3888 3549 3943 fue-

1950 3967 2022 4022 rit
2067 3969 2306 4026 nominis
2337 3972 2468 4039 mei,
2498 3973 2717 4029 veniam
2748 3974 2816 4030 ad
2862 3985 2937 4041 te,
2985 3986 3041 4031 et
3077 3978 3394 4035 benedicam
3428 3981 3567 4039 tibi.‘

1952 4059 2107 4128 Quod
2132 4062 2175 4116 si
2208 4062 2381 4118 altare
2404 4064 2680 4135 lapideum
2708 4066 2903 4123 feceris
2929 4070 3082 4137 milii,
3112 4076 3217 4127 non
3251 4075 3548 4131 (EdiIiCaDIS

1957 4154 2089 4209 illud
2117 4155 2185 4211 de
2208 4159 2373 4212 seetis
2403 4158 2675 4229 lapidibus
2709 4180 2719 4215 :
2754 4163 2796 4215 si
2826 4163 2973 4218 enim
3006 4164 3279 4223 levaveris
3308 4169 3546 4223 cultrum

1952 4255 2099 4302 tuum
2135 4246 2154 4321 [
2181 4247 2337 4321 Vulg.
2372 4259 2475 4305 tac.
2510 4253 2698 4326 tuum]
2729 4268 2893 4324 snpcr
2925 4272 3072 4324 eum,
3105 4259 3400 4329 polluetur.
3426 4262 3545 4317 Non

1951 4340 2218 4397 ascendes
2249 4359 2346 4412 per
2387 4346 2590 4416 gradus
2629 4348 2693 4403 ad
2719 4349 2894 4407 altare
2923 4366 3130 4420 meum,
3166 4369 3235 4410 ne
3263 4356 3545 4411 reveletur

1953 4438 2230 4504 turpitudo
2263 4448 2353 4494 tua
2383 4440 2460 4512 [h.
2490 4458 2654 4513 super
2680 4444 2856 4517 illud].

2025 4529 2106 4602 [Ο.
2138 4530 2250 4599 XL,
2286 4532 2415 4605 Cap.
2450 4535 2617 4607 XXI.]
2649 4536 2775 4592 Ilaec
2809 4540 3148 4609 suntjudicia
3195 4559 3313 4615 qum
3343 4562 3545 4619 propo-

313 4615 405 4686 [Ο.
432 4615 699 4684 XXXVII,
731 4617 860 4689 Cap.
892 4618 1039 4693 XX]
1061 4619 1407 4693 Locutusqne
1430 4631 1514 4679 est
1539 4625 1682 4680 Deus
1713 4640 1844 4680 cun-
1872 4618 1923 4680 D
1951 4638 2048 4679 nes
2078 4623 2179 4680 eis.
2214 4625 2273 4681 Si
2304 4629 2501 4683 emeris
2529 4644 2745 4685 servum
2780 4632 3088 4701 llebraaum,
3121 4654 3216 4694 sex
3246 4615 3403 4699 annis
3430 4615 3548 4701 ser-

244 4719 362 4765 ctos
399 4725 686 4767 sermones
716 4711 817 4767 hos
847 4730 859 4766 :
894 4712 945 4784 [1
982 4712 1335 4789 Praeceptum]
1366 4717 1478 4788 Ego
1508 4735 1625 4774 sum
1654 4719 1844 4775 Domi-

246 4821 345 4859 nus
372 4805 520 4861 Deus
546 4818 693 4876 tuus,
721 4809 813 4877 qui
837 4807 1145 4866 eduxitede
1167 4820 1313 4867 terra
1336 4810 1581 4885 Egypti,
1602 4813 1669 4869 de
1682 4815 1844 4871 domo

244 4902 547 4957 servitutis.
572 4902 629 4975 [2
658 4903 854 4979 Prwc.]
876 4904 991 4960 Non
1018 4906 1255 4963 habebis
1274 4907 1405 4963 deos
1426 4908 1635 4963 alienos
1658 4924 1843 4965 coram

245 5007 353 5050 me.
394 4993 513 5051 Non
544 4996 713 5053 facies
743 4998 838 5054 tibi
873 5000 1152 5070 sculptile,
1195 5014 1373 5071 neque
1403 5015 1618 5056 omnem
1651 5002 1845 5057 simili-

249 5089 521 5157 tudinem,
556 5107 681 5163 quae
711 5094 869 5149 estin
902 5094 1043 5152 caelo
1087 5095 1344 5167 desuper,
1380 5105 1432 5151 et
1466 5112 1585 5167 qua:
1614 5097 1664 5151 in
1700 5106 1845 5153 terra

244 5180 543 5253 deorsum,
580 5199 680 5242 nec
715 5201 909 5243 eorum
940 5202 1064 5259 qua:
1107 5196 1235 5244 sunt
1280 5188 1334 5243 in
1366 5189 1520 5260 aquis
1550 5190 1650 5245 sub
1679 5200 1842 5245 terra.

244 5273 364 5329 Non
390 5276 645 5333 adorabis
674 5295 762 5347 ea,
794 5296 973 5352 neque
1001 5282 1183 5348 coles;
1210 5297 1315 5354 ego
1342 5281 1485 5338 enim
1513 5298 1630 5338 sum
1658 5283 1844 5339 Domi-

244 5383 349 5423 nus
392 5368 539 5427 Deus
585 5379 709 5428 tuus
747 5371 932 5440 fortis,
971 5378 1198 5444 zelotes,
1241 5374 1469 5431 visitans
1506 5376 1845 5447 iniquitatem

245 5473 470 5533 patrum
495 5465 548 5520 in
576 5466 740 5537 filios,
769 5469 820 5523 in
846 5469 1058 5524 tertiam
1084 5477 1140 5525 et
1160 5479 1411 5541 quartam
1436 5471 1845 5541 generationem

322 5633 350 5661 ⁸
394 5624 663 5681 Particula
690 5644 912 5695 ,mecum
951 5629 1104 5685 abest
1135 5629 1187 5684 in
1217 5628 1415 5684 editis:
1451 5637 1628 5685 exstat
1658 5636 1837 5684 tamen

249 5694 304 5751 in
353 5696 506 5752 fonte
551 5694 846 5765 llebraico,
896 5715 1105 5756 canone
1154 5700 1289 5756 lIeb.
1343 5701 1498 5756 verit.
1552 5709 1605 5756 et
1634 5700 1688 5756 in
1719 5701 1840 5756 aliis

251 5782 391 5843 mss.
415 5769 598 5843 ‘codd.
642 5769 849 5827 Latinis
878 5773 1280 5843 antiquioribus
1306 5788 1371 5829 ac
1396 5773 1639 5828 melioris
1672 5782 1836 5827 notze.

250 5835 515 5897 Eamdcm
557 5844 801 5913 reperies
852 5835 1138 5900 lectionem
1190 5845 1331 5917 apud
1377 5845 1736 5917 Augustinum
1784 5844 1835 5901 in

535 5936 817 5999 ΡΑτιιοι.
860 5936 1153 6000 XXVIII.

1952 4719 2065 4773 viet
2115 4719 2211 4773 tibi
2246 4737 2258 4773 :
2290 4719 2345 4775 in
2386 4724 2617 4791 septimo
2660 4726 2974 4795 egredietur
3006 4729 3144 4787 liber
3186 4736 3375 4803 gratis.
3409 4736 3544 4794 Cum

1949 4812 2093 4883 quali
2136 4823 2285 4869 veste
2334 4817 2646 4886 intraverit,
2697 4836 2819 4875 cum
2871 4823 2963 4878 tttli
3011 4836 3212 4882 exeat:
3247 4831 3291 4884 si
3340 4831 3547 4890 habens

1948 4923 2197 4975 uxorem,
2230 4918 2283 4964 et
2325 4926 2460 4965 uxor
2490 4912 2798 4983 egredietur
2824 4917 3004 4972 simul.
3034 4917 3127 4975 Siti
3162 4934 3339 4978 autem
3373 4927 3550 4983 domi-

1950 5017 2053 5057 nus
2082 5001 2294 5058 dederit
2344 5004 2417 5058 illi
2466 5020 2724 5072 uxorem,
2774 5017 2829 5063 et
2860 5012 3069 5079 peperit
3111 5013 3253 5071 filios
3281 5028 3333 5073 et
3365 5016 3501 5075 filias
3530 5037 3546 5078 ε

1952 5095 2146 5151 mulier
2172 5105 2227 5152 et
2253 5097 2411 5153 liberi
2435 5098 2552 5168 ejus
2581 5109 2739 5155 erunt
2761 5101 2966 5158 domini
2992 5107 3098 5171 sui,
3128 5108 3246 5179 ipse
3275 5125 3408 5168 vero
3432 5114 3549 5169 exi-

1951 5187 2030 5243 bit
2057 5204 2177 5243 cum
2207 5190 2406 5246 veSIitu
2437 5207 2560 5247 suo.
2593 5192 2749 5260 Quod
2788 5196 2831 5250 si
2880 5196 3080 5255 dixerit
3110 5216 3299 5259 servus
3328 5222 3341 5259 :
3376 5206 3552 5280 Diligo

1950 5282 2235 5338 dominum
2260 5300 2441 5340 meum
2474 5295 2529 5340 et
2557 5302 2780 5343 uxorem
2813 5304 2876 5344 ac
2907 5290 3133 5361 liberos,
3165 5312 3271 5350 non
3302 5300 3553 5368 egrediar

1951 5374 2090 5431 liber
2126 5393 2139 5431 :
2182 5375 2375 5431 offeret
2404 5393 2527 5433 eum
2558 5378 2810 5436 dominus
2833 5382 2961 5451 diis,
3004 5395 3060 5441 et
3094 5389 3452 5459 applicabitur
3480 5394 3549 5449 ad

1951 5468 2151 5525 ostium
2180 5480 2235 5525 et
2268 5481 2483 5541 postes,
2516 5472 2921 5545 perforabitque
2950 5493 3135 5536 aurem
3177 5482 3294 5553 ejus
3322 5484 3509 5540 subula
3529 5528 3547 5554 ,

1947 5628 2326 5708 Speculonnbi
2375 5630 2672 5708 scripturae
2713 5634 3011 5708 recitantur
3055 5637 3207 5708 juxta
3242 5642 3550 5701 translatio-

1946 5716 2078 5779 nem
2123 5699 2477 5779 Latinam_S.
2504 5699 2853 5777 Hieronymi,
2904 5699 3074 5779 quam'
3096 5711 3187 5767 ille
3213 5727 3278 5767 ex
3319 5699 3549 5773 Hebrzeo

1948 5774 2108 5829 nobis
2128 5772 2316 5827 edidit.
2351 5773 2528 5831 MART.

2019 5844 2241 5903 -—Unus
2254 5844 2485 5904 Palatia.
2500 5863 2529 5905 e
2541 5849 2741 5907 nostris
2756 5865 2884 5909 mss.
2902 5868 3091 5911 vocem
3108 5871 3308 5912 mecum
3322 5858 3552 5931 ignorat.

3119 5946 3159 6008 9
