3912 6348
482 340 585 408 νη

1488 339 1546 402 Β.
1587 333 1972 400 IIIERONYMI
2010 330 2246 396 DIVINA
2286 331 2768 397 BIBLIOTHECA.

3647 331 3741 396 ατε

486 479 709 534 domum
730 475 944 532 Domini
969 476 1064 533 Dei
1089 477 1186 550 tui.
1203 446 1286 553 [C.
1314 474 1502 550 XCll.]
1519 474 1632 531 Non
1652 487 1854 546 coques
1874 472 2087 527 haedum

2218 453 2355 524 egit,
2379 451 2633 507 audiente
2657 446 2876 520 populo,
2907 443 2998 516 qui
3031 440 3316 498 dixerunt:
3339 439 3522 496 Omnia
3542 455 3650 513 quae
3670 441 3742 496 lo-

488 572 543 627 in
596 572 738 627 lacte
779 572 970 627 matris
1011 587 1142 628 suae.
1194 571 1278 644 [C.
1308 569 1519 642 XCIII.]
1549 569 1690 624 Ecce
1735 583 1836 639 ego
1878 566 2086 622 mittam

494 667 778 738 angelum,
831 667 920 737 qui
967 664 1241 736 praecedat
1273 675 1354 732 te,
1403 674 1460 720 et
1503 663 1773 719 custodiat
1803 665 1856 717 in
1886 662 2003 727 via,
2038 668 2093 715 et

493 760 809 816 introducat
837 759 905 816 ad
937 760 1120 815 locum
1151 774 1310 830 quem
1341 757 1548 828 paravi.
1577 756 1818 813 Observa
1851 769 2005 820 eum,
2037 760 2093 808 et

493 853 620 909 audi
653 869 843 910 vocem
895 854 1045 924 ejus,
1098 867 1198 908 nec
1225 851 1688 908 contemnendum
1736 858 1892 919 putes
1917 887 1932 914 ,
1965 845 2092 917 quia

496 961 604 1001 non
630 947 866 1002 dimittet
904 962 1024 1001 cum
1060 944 1440 1016 peccaveritis,
1481 951 1536 998 et
1566 950 1650 997 est
1680 955 1878 996 nomen
1910 951 2092 993 meum

493 1040 548 1096 in
580 1042 696 1095 illo.
733 1039 816 1113 [C.
851 1036 1061 1111 XCIV.]
1089 1037 1242 1105 Quod
1275 1037 1322 1106 si
1346 1036 1583 1092 audieris
1623 1048 1818 1090 vocem
1842 1031 1993 1102 ejus,
2039 1036 2096 1086 et

498 1135 699 1192 feceris
724 1133 910 1189 omnia
932 1147 1055 1203 qua:
1084 1134 1295 1203 loquor,
1322 1131 1574 1186 inimicus
1591 1142 1688 1184 ero
1713 1124 1945 1182 inimicis
1964 1123 2093 1192 tuis,

491 1239 545 1285 ct
583 1227 817 1300 aflligam
866 1225 1172 1298 afﬁigentes
1223 1235 1298 1282 te.
1344 1223 1732 1294 Praacedetque
1780 1231 1832 1276 te
1873 1217 2097 1290 angelus

488 1337 667 1386 meus,
697 1330 749 1375 et
768 1319 1079 1375 introducet
1103 1328 1154 1376 te
1172 1319 1239 1376 ad
1258 1317 1660 1388 Amorrhaeum,
1686 1327 1742 1373 et
1765 1312 2097 1380 Hetthmum,

487 1425 544 1472 ct
569 1411 1463 1484 Pherezteum,Chananaeumque,
1488 1422 1543 1467 et
1560 1411 1842 1476 Ilevaeum,
1858 1415 1912 1463 et
1931 1405 2098 1462 Jebu-

488 1525 681 1576 saaum,
713 1524 852 1581 quos
881 1525 981 1582 ego
1012 1519 1312 1565 conteram.
1365 1505 1449 1580 [C.
1479 1504 1666 1578 XCV.]
1696 1503 1814 1560 Non
1845 1500 2102 1558 adorabis

489 1603 623 1661 deos
659 1619 873 1670 eorum,
912 1617 1013 1659 nec
1033 1601 1182 1659 coles
1207 1616 1304 1657 eos
1334 1618 1348 1655 :
1383 1615 1490 1655 non
1524 1599 1686 1653 facies
1712 1611 1880 1668 Opera
1909 1608 2100 1651 eorum

491 1695 587 1753 sed
618 1696 870 1753 destrues
899 1709 1026 1762 eos,
1064 1703 1118 1751 et
1146 1694 1458 1764 confringes
1485 1701 1693 1748 statuas
1723 1705 1934 1746 eorum.
1975 1687 2104 1743 Ser-

492 1789 767 1860 vietisque
794 1787 1026 1843 Domino
1052 1787 1164 1844 Deo
1187 1795 1393 1853 vestro,
1425 1793 1486 1840 ut
1509 1783 1824 1841 benedicam
1855 1781 1981 1853 pani
2009 1789 2102 1834 tuo

2191 554 2346 600 cutus
2373 553 2456 598 est
2489 543 2774 609 Dominus,
2811 539 3096 606 faciemus,
3131 545 3185 590 et
3207 535 3414 592 erimus
3443 533 3748 590 ohedientes.

2193 635 2288 692 Ille
2309 650 2439 691 vero
2465 643 2742 704 sumptum
2775 632 3093 702 sanguinem
3126 626 3387 698 respersit
3416 625 3467 680 in
3498 626 3749 697 populum,

2193 740 2245 784 et
2271 729 2377 784 ait:
2404 729 2500 784 llic
2523 736 2608 784 est
2625 725 2845 797 sanguis
2867 723 3111 790 foederis,
3135 720 3277 792 quod
3303 719 3499 792 pepigit
3519 719 3756 777 Dominus

2195 823 2472 878 vobiscum
2500 837 2660 893 super
2706 819 2917 877 cunctis
2945 817 3289 876 sermonibus
3317 815 3420 870 his.
3451 811 3531 888 [C.
3565 814 3756 888 XCIX]

2195 916 2680 987 Ascenderuntque
2710 915 2886 970 Moses
2915 921 2973 969 et
3003 915 3217 979 Aaron,
3249 909 3432 965 Nadab
3455 916 3507 964 et
3530 907 3690 975 Abiu,
3715 917 3764 964 et

2197 1014 2536 1084 septuaginta
2580 1011 2649 1067 de
2690 1009 2915 1066 senibus
2949 1007 3138 1064 Israel.
3186 1003 3381 1079 [αα]
3429 1005 3493 1060 Et
3533 1003 3762 1061 viderunt

2198 1107 2367 1162 Deum
2400 1106 2591 1176 Israel,
2617 1117 2672 1164 et
2700 1106 2804 1162 sub
2846 1103 3069 1176 pedibus
3091 1103 3212 1173 ejus
3238 1100 3391 1173 quasi
3421 1115 3553 1171 Opus
3593 1100 3767 1170 lapidis

2197 1199 2536 1271 sapphirini,
2568 1209 2623 1256 et
2663 1198 2816 1268 quasi
2847 1197 3072 1263 cmlum,
3107 1211 3229 1250 cum
3259 1207 3510 1249 serenum
3548 1201 3646 1248 est.
3673 1191 3771 1249 Nec

2199 1309 2363 1365 super
2409 1308 2505 1349 eos
2554 1292 2644 1363 qui
2697 1290 2887 1362 procul
2921 1294 3266 1345 recesserant
3310 1285 3380 1343 de
3427 1284 3556 1340 ﬁliis
3583 1285 3770 1355 Israel,

2203 1389 2350 1445 misit
2378 1403 2596 1443 manum
2634 1401 2812 1453 suam,
2845 1385 3206 1456 videruntque
3236 1383 3430 1450 Deum,
3462 1391 3514 1439 et
3544 1382 3777 1438 comede-

2202 1489 2353 1549 runt,
2378 1497 2441 1537 ac
2471 1481 2742 1538 biberunt.
2772 1479 2854 1552 [C.
2898 1477 3011 1552 CL]
3045 1477 3190 1533 Dixit
3213 1484 3400 1533 autem
3441 1475 3691 1531 Dominus
3717 1475 3777 1531 ad

2204 1578 2390 1633 Mosen
2437 1593 2451 1630 :
2494 1573 2744 1631 Ascende
2785 1573 2853 1629 ad
2885 1588 2973 1629 me
3013 1573 3065 1627 in
3100 1579 3370 1636 montem,
3423 1578 3479 1625 et
3522 1576 3637 1624 esto
3663 1567 3728 1624 ibi
3764 1585 3777 1624 :

2205 1669 2452 1740 daboque
2487 1668 2583 1724 tibi
2613 1667 2824 1724 tabulas
2853 1665 3116 1738 lapideas,
3141 1675 3202 1729 et
3222 1666 3396 1736 legem
3428 1678 3490 1720 ac
3514 1663 3780 1731 mandata,

2204 1781 2323 1837 quae
2354 1764 2581 1834 scripsi,
2636 1771 2698 1819 ut
2744 1762 2942 1819 doceas
2975 1775 3090 1818 eos.
3126 1760 3504 1816 Surrexerunt
3533 1758 3700 1814 Moses
3733 1766 3783 1813 et

492 1889 548 1938 et
575 1852 760 1951 aquis,
793 1889 848 1934 et
874 1878 1116 1934 auferam
1149 1878 1527 1933 infirmitatem
1555 1877 1622 1932 de
1650 1875 1828 1930 medio
1859 1852 2102 1943 tui.{Non
2132 1859 2178 1920 Β
2207 1858 2374 1951 «Iosue
2395 1857 2644 1914 ιηίιιίεῑθτ
2672 1856 2789 1928 eius
2813 1874 2826 1910 ε
2850 1855 3258 1926 ascendensque
3281 1852 3458 1909 Μοεθε
3482 1852 3535 1906 ίη
3563 1859 3785 1907 ῐηοηίθπι

491 1975 599 2030 erit
646 1973 936 2029 infecunda
969 1987 1069 2028 nec
1095 1971 1300 2028 sterilis
1345 1971 1398 2026 in
1439 1982 1588 2027 terra
1635 1977 1727 2024 tua
1762 1987 1775 2024 :
1815 1981 2100 2023 numerum

492 2067 704 2124 dierum
731 2077 947 2122 tuorum
969 2063 1226 2136 implebo.
1254 2063 1341 2138 [C.
1371 2060 1582 2134 XCVI.]
1605 2061 1892 2118 Terrorem
1919 2075 2101 2116 meum

493 2163 704 2222 mittam
728 2167 780 2222 in
815 2180 1154 2237 prwcursum
1186 2174 1357 2230 tuum,
1389 2174 1445 2220 et
1475 2163 1719 2220 occidam
1762 2177 1976 2218 omnem
2006 2176 2102 2231 po-

494 2261 713 2333 pulum,
744 2259 810 2317 ad
837 2275 998 2330 quem
1026 2257 1375 2329 ingredieris,
1398 2266 1833 2326 cunctorumque
1856 2252 2106 2310 inimico-

493 2369 614 2409 rum
648 2361 866 2408 tuorum
893 2365 1079 2406 coram
1125 2359 1178 2406 te
1202 2357 1350 2422 terga
1381 2361 1590 2420 vertam
1621 2392 1637 2417 ,
1684 2350 1941 2404 eminens
1980 2361 2103 2403 cra-

491 2445 693 2502 brones
723 2444 891 2516 prius,
917 2443 1010 2515 qui
1035 2443 1294 2514 lugabunt
1324 2441 1610 2509 Hevmum,
1630 2449 1685 2496 et
1710 2440 2103 2507 Chananazum,

499 2548 554 2595 et
582 2538 908 2604 Hetthaeum,
939 2545 1232 2606 antequam
1265 2534 1531 2590 introeas.
1562 2534 1681 2590 Non
1712 2533 1924 2605 ejiciam
1955 2547 2050 2588 eos
2077 2547 2106 2585 a

498 2632 639 2690 faeie
686 2640 774 2687 tua
801 2645 948 2687 anno
976 2645 1108 2696 uno,
1139 2644 1210 2686 ne
1241 2640 1386 2685 terra
1429 2629 1480 2684 in
1519 2628 1869 2685 solitudinem
1898 2626 2110 2698 rediga-

503 2737 611 2792 tur,
643 2734 700 2782 et
729 2731 981 2781 crescant
1005 2732 1192 2780 contra
1217 2730 1272 2778 te
1300 2723 1509 2778 bestiae.
1542 2721 1808 2776 Paulatim
1836 2719 2108 2791 expellam

504 2838 601 2880 eos
627 2822 696 2879 de
739 2829 1031 2893 conspectu
1065 2829 1180 2885 tuo,
1224 2819 1402 2875 donec
1425 2819 1704 2890 augearis,
1747 2825 1803 2872 et
1829 2815 2110 2887 possideas

506 2927 728 2972 terram.
775 2914 979 2970 Ponam
1026 2921 1208 2968 autem
1240 2913 1502 2968 terminos
1533 2919 1657 2966 tuos
1685 2926 1716 2966 a
1747 2910 1883 2964 mari
1927 2909 2112 2965 Rubro

504 3024 678 3083 usque
723 3010 797 3087 ad
824 3024 974 3064 mare
1015 3018 1039 3045 α
1085 3004 1529 3072 Philistinorum,
1553 3017 1659 3062 eta
1694 3003 1912 3060 deserto
1943 3017 2113 3074 usque

507 3105 576 3162 ad
607 3106 824 3162 fluvium
881 3123 895 3160 :
944 3103 1155 3160 tradam
1187 3104 1242 3158 in
1271 3104 1522 3160 manibus
1551 3103 1750 3160 vestris
1779 3102 2113 3159 habitatores

512 3210 694 3269 teme,
729 3208 784 3254 et
821 3197 1036 3270 ejiciam
1065 3211 1162 3253 eos
1188 3195 1258 3252 de
1286 3206 1582 3268 conspectu
1612 3205 1813 3253 vestro.
1847 3194 1966 3251 Non
2009 3195 2113 3250 ini-

2207 1950 2329 2018 Dei,
2376 1951 2684 2007 senioribus
2711 1949 2788 2004 ait
2821 1967 2835 2004 :
2868 1948 3199 2020 Exspectate
3246 1945 3334 2002 his
3363 1945 3536 2001 donec
3561 1953 3787 2001 reverta-

2207 2061 2331 2102 mur
2361 2044 2428 2100 ad
2470 2061 2590 2100 vos.
2637 2043 2859 2099 Ilahctis
2898 2044 3080 2098 Aaron
3125 2051 3180 2097 et
3213 2040 3325 2095 llur
3375 2038 3696 2104 vobiscum;
3749 2037 3789 2093 si

2207 2140 2333 2211 quid
2389 2150 2573 2196 natum
2629 2137 2794 2194 fuerit
2848 2136 3206 2210 qumstionis,
3260 2134 3514 2192 referetis
3574 2133 3640 2188 ad
3688 2147 3790 2189 eos.

2207 2233 2455 2304 Cumque
2480 2232 2824 2290 ascendisset
2864 2231 3060 2302 Moses,
3087 2231 3307 2301 operuit
3331 2229 3512 2285 nubes
3540 2235 3791 2295 montem,

2213 2335 2270 2383 et
2299 2327 2562 2383 habitavit
2581 2327 2750 2398 gloria
2778 2327 2996 2383 Domini
3038 2341 3201 2396 super
3223 2322 3377 2380 Sinai
3399 2366 3415 2392 ,
3447 2331 3634 2395 tegens
3660 2321 3794 2376 illum

2213 2421 2354 2478 nube
2386 2437 2477 2478 sex
2501 2422 2714 2478 diebus.
2758 2421 2840 2494 [C.
2873 2419 3010 2494 CIL]
3038 2420 3282 2491 Septimo
3308 2431 3497 2476 autem
3531 2418 3619 2475 die
3648 2432 3793 2473 voca-

2213 2522 2291 2576 vit
2341 2538 2466 2579 eum
2497 2519 2684 2595 [γαίῃ.
2733 2520 2860 2576 add.
2895 2516 3178 2592 Dominus]
3208 2517 3277 2574 de
3326 2516 3513 2574 medio
3546 2514 3798 2588 caliginis.

2213 2617 2345 2672 Erat
2363 2624 2542 2672 autem
2565 2614 2777 2685 Species
2800 2613 2986 2686 gloria:
3011 2611 3252 2678 Domini,
3276 2611 3437 2684 quasi
3461 2610 3602 2682 ignis
3621 2609 3801 2666 ardens

2214 2725 2379 2780 super
2406 2708 2670 2764 verticem
2699 2707 2924 2772 montis,
2955 2707 3006 2762 in
3029 2712 3331 2776 conspectu
3362 2703 3600 2760 ﬁliorum
3626 2700 3800 2758 Israel.

2213 2803 2607 2874 Ingressusque
2660 2800 2839 2855 Moses
2891 2798 3131 2855 medium
3190 2797 3412 2854 nebula:
3471 2794 3712 2852 ascendit
3758 2793 3803 2848 in

2215 2907 2456 2953 montem
2490 2912 2504 2949 :
2535 2903 2589 2950 et
2616 2893 2716 2948 fuit
2744 2893 2817 2948 ibi
2841 2891 3196 2965 quadraginta
3227 2890 3431 2948 diebus
3456 2929 3472 2956 ,
3506 2898 3562 2945 et
3584 2887 3805 2960 quadrae

2215 2994 2362 3065 ginta
2389 2989 2657 3046 noctibus.

2292 3083 2373 3156 [C.
2406 3081 2552 3150 CIII,
2591 3078 2928 3155 Cap.XXV.]
2974 3080 3319 3151 Locutusque
3349 3086 3438 3136 est
3462 3075 3717 3133 Dominus
3750 3071 3809 3128 ad

2218 3179 2428 3245 Mosen,
2459 3177 2684 3234 dicens:
2721 3175 2969 3245 Loquere
3006 3173 3130 3228 ﬁliis
3150 3170 3341 3240 Israel,
3381 3181 3440 3226 ut
3469 3170 3655 3225 tollant
3689 3163 3808 3221 mihi

516 3292 603 3349 bis
625 3309 746 3348 cum
770 3293 852 3349 eis
878 3291 1077 3359 fuadus,
1105 3307 1205 3347 nec
1222 3306 1344 3348 cum
1368 3291 1471 3346 diis
1490 3306 1702 3348 eorum.
1727 3289 1843 3346 Non
1871 3289 2110 3346 habitent

2219 3273 2483 3345 primitias
2510 3271 2587 3345 [Ιι.
2612 3268 2960 3342 oblationes],
2984 3269 3053 3325 ab
3077 3267 3222 3324 omni
3246 3267 3480 3323 homine
3507 3265 3598 3337 qui
3627 3265 3657 3303 ι)
3696 3260 3814 3318 οσθο

515 3386 569 3440 in
623 3395 765 3440 terra
798 3394 919 3453 tua,
968 3398 1036 3440 ne
1064 3383 1206 3441 forte
1237 3397 1466 3453 peccare
1496 3392 1550 3439 te
1590 3383 1794 3438 faciant
1834 3381 1888 3437 in
1921 3398 2036 3448 me,
2068 3381 2114 3437 si

2218 3382 2301 3425 ret
2329 3369 2608 3424 ultroneus
2637 3412 2651 3437 ,
2699 3365 2974 3436 accipietis
3023 3378 3138 3420 eas.
3173 3361 3256 3435 [C.
3307 3359 3478 3434 ΟΝ]
3527 3358 3654 3415 Ilmc
3691 3362 3808 3412 sunt

511 3475 770 3533 scrvieris
809 3476 914 3533 diis
961 3491 1147 3532 eorum
1176 3495 1189 3532 :
1215 3475 1359 3547 quod
1396 3476 1489 3532 tibi
1519 3485 1670 3532 certe
1714 3476 1819 3531 erit
1863 3476 1915 3530 in
1961 3489 2110 3530 scan-

2218 3472 2398 3518 autem
2431 3475 2554 3532 qua:
2582 3460 2830 3531 accipere
2857 3456 3069 3514 debetis
3101 3473 3113 3511 :
3147 3456 3388 3525 Aurum,
3414 3465 3471 3512 et
3507 3460 3812 3526 argentum,

513 3569 718 3625 dalum.

585 3661 669 3734 [C.
698 3659 913 3729 XCVII,
946 3662 1074 3734 Cap.
1108 3660 1340 3733 XXIV.J
1377 3663 1511 3718 Mosi
1561 3677 1778 3732 quoque
1809 3661 1946 3718 dixit
1981 3681 1992 3716 ε
2037 3664 2112 3717 A-

515 3756 720 3814 scende
744 3757 812 3811 ad
844 3757 1130 3811 Dominum
1156 3766 1236 3823 tu,
1260 3764 1315 3810 et
1338 3759 1542 3825 Aaron,
1564 3755 1770 3824 Nadab,
1795 3767 1850 3812 ct
1871 3756 2036 3824 Abiu,
2062 3765 2118 3812 et

512 3849 858 3920 septuaginta
897 3848 1147 3926 seniores
1177 3863 1246 3902 ex
1275 3846 1464 3915 Israel,
1493 3857 1548 3902 et
1569 3845 1869 3902 adorabitis
1903 3846 2113 3917 procul.

511 3943 786 4014 Solusque
827 3929 1005 3997 Moses
1041 3940 1302 3997 ascendet
1331 3939 1399 3995 ad
1433 3940 1720 3996 Dominum
1744 3982 1760 4006 ,
1808 3948 1864 3996 et
1895 3939 1974 3994 illi
2005 3955 2114 3995 non

518 4037 1033 4110 appropinquabunt
1082 4053 1096 4090 :
1145 4051 1246 4093 nec
1288 4037 1520 4108 populus
1561 4036 1825 4093 ascendet
1865 4052 1987 4092 cum
2025 4051 2114 4093 eo.

2218 3571 2273 3616 et
2301 3574 2398 3625 aes,
2452 3555 2804 3630 hyacinthum
2859 3562 2916 3610 et
2963 3566 3258 3624 purpuram
3292 3593 3309 3618 ,
3358 3561 3695 3619 coccumque
3737 3542 3811 3598 bis

2219 3654 2472 3718 tinctum,
2503 3661 2559 3708 et
2583 3651 2831 3723 byssum,
2866 3648 3002 3719 pilos
3025 3661 3352 3719 caprarum,
3387 3653 3447 3702 et
3484 3643 3658 3716 pelles
3686 3638 3815 3694 arie—

2223 3758 2334 3803 tum
2367 3745 2690 3808 rubrieatas,
2718 3742 2995 3814 pellesque
3022 3739 3322 3808 ianthinas,
3352 3745 3411 3795 et
3443 3736 3592 3808 ligna
3617 3731 3818 3797 settim,

2219 3841 2399 3897 oleum
2455 3837 2523 3894 ad
2569 3837 2854 3893 luminaria
2907 3831 3284 3890 concinnanda
3342 3831 3428 3905 [h.
3475 3845 3586 3886 non
3640 3825 3822 3888 habet,

2222 3929 2625 4004 concinnanda]
2658 3950 2671 3985 :
2704 3936 2950 3985 aromata
2995 3927 3050 3982 in
3074 3934 3420 3998 unguentum
3445 3967 3461 3992 ,
3507 3932 3565 3980 et
3611 3917 3826 3992 thymia-

2221 4036 2364 4084 mata
2389 4026 2516 4082 boni
2548 4023 2732 4081 odoris
2765 4041 2777 4079 :
2808 4021 3019 4094 lapides
3043 4018 3360 4093 onychinos
3405 4028 3467 4077 et
3495 4032 3738 4092 gemmas
3765 4011 3826 4068 ad

654 4101 821 4193 XIII,
867 4130 932 4184 Β.
967 4127 1131 4200 Χ111.]
1160 4101 1318 4184 Venit
1354 4101 1486 4200 ergo
1530 4128 1751 4198 Moses,
1785 4139 1837 4185 et
1877 4128 2121 4184 narravit
2222 4119 2525 4178 ornandum
2587 4117 2778 4190 Ephod
2831 4131 2895 4172 ac
2943 4113 3247 4171 Rationale.
3298 4112 3651 4183 Facientquc
3704 4101 3828 4163 mihi

517 4223 668 4295 plebi
691 4224 876 4280 omnia
903 4222 1069 4279 verba
1094 4223 1307 4278 Domini
1339 4231 1504 4294 atquc
1525 4223 1729 4293 judicia
1763 4240 1778 4278 :
1809 4225 2120 4295 respondit-

521 4337 632 4391 quc
676 4327 902 4375 cunctus
957 4317 1188 4388 populus
1227 4333 1328 4372 una
1353 4331 1527 4372 voce:
1561 4315 1753 4372 Omnia
1793 4317 1956 4373 verba
2013 4317 2122 4372 Do-

523 4414 703 4482 mini,
763 4427 884 4484 qua:
932 4411 1145 4468 locutus
1204 4419 1322 4475 est,
1380 4408 1659 4465 faciemus.
1716 4407 1798 4481 [C.
1865 4409 2121 4483 XCVIII]

524 4507 755 4578 Scripsit
778 4514 960 4562 autem
985 4505 1164 4561 Moses
1186 4503 1470 4559 univorsos
1497 4517 1780 4558 sermones
1807 4501 2042 4572 Domini,
2067 4514 2122 4560 et

521 4615 686 4657 mane
707 4612 1047 4669 consurgens
1067 4593 1358 4652 aediﬁcavit
1379 4595 1550 4651 altare
1571 4594 1639 4650 ad
1664 4594 1875 4651 radices
1897 4596 2115 4664 montis,

2222 4217 2626 4282 sanctuarium,
2677 4222 2734 4270 et
2762 4211 3017 4267 habitabo
3049 4211 3102 4266 in
3150 4207 3343 4265 medio
3386 4223 3588 4264 eorum
3642 4224 3653 4259 :
3690 4203 3833 4275 juxta

2224 4326 2442 4368 omnem
2490 4307 2901 4366 similitudinem
2954 4302 3296 4361 tabernaculi
3348 4301 3505 4374 quod
3552 4296 3828 4358 ostendam

2229 4382 2348 4472 tibi,
2379 4415 2436 4464 et
2468 4403 2713 4460 omnium
2737 4416 2985 4457 vasorum
3016 4399 3069 4455 in
3097 4396 3304 4455 cultum
3339 4397 3473 4468 ejus
3511 4414 3524 4451 :
3561 4395 3747 4466 sicque
3770 4390 3837 4444 la-

2227 4499 2384 4558 cietis
2407 4496 2540 4554 illud
2587 4496 2717 4569 :[C.
2747 4492 2884 4566 CV.]
2927 4492 3122 4548 Arcam
3151 4489 3220 4547 de
3248 4489 3424 4562 lignis
3470 4488 3658 4545 settim
3701 4497 3840 4540 com-

2229 4593 2459 4666 pingite,
2483 4591 2639 4662 cujus
2664 4588 2943 4660 longitudo
2971 4586 3165 4642 habeat
3189 4584 3332 4641 duos
3382 4585 3563 4642 semis
3589 4580 3799 4640 cubitos
3827 4595 3838 4631 :

525 4704 581 4748 et
638 4656 944 4748 duodecimv
977 4689 1161 4744 titulos
1211 4702 1311 4758 per
1363 4685 1654 4743 duodecim
1705 4688 1879 4742 tribus
1932 4656 2464 4743 Israel.Dlatiludo
2492 4656 2735 4742 cubitum
2758 4656 2814 4738 et
2841 4680 3124 4737 dimidium
3157 4695 3171 4733 :
3205 4678 3450 4736 altitudo
3477 4678 3726 4736 cubitum
3774 4671 3842 4728 si-

526 4787 779 4856 Misitque
809 4785 1037 4856 juvenes
1066 4783 1135 4838 de
1165 4780 1289 4837 ﬁliis
1315 4781 1504 4850 Israel,
1535 4791 1591 4836 et
1622 4781 1938 4837 obtulerunt
1966 4781 2123 4837 holo-

529 4887 742 4942 causta,
761 4875 1295 4945 immolaveruntque
1314 4873 1563 4929 victimas
1589 4873 1846 4945 paciﬁcos
1870 4873 2121 4942 Domino,

529 4973 751 5027 vitulos.
783 4970 929 5026 Tulit
955 4971 1136 5040 itaque
1159 4968 1338 5025 Moses
1364 4969 1642 5024 dimidiam
1669 4982 1877 5040 partem
1912 4971 2126 5042 sangui-

2230 4781 2434 4837 militer
2480 4793 2544 4834 ac
2587 4777 2894 4834 semissem.
2938 4773 3007 4828 Et
3035 4771 3329 4829 deaurabis
3366 4788 3501 4829 eam
3530 4786 3673 4828 auro
3700 4781 3840 4824 mun-

2230 4875 2457 4933 dissimo
2487 4873 2634 4928 intus
2661 4879 2718 4927 et
2744 4869 2880 4926 foris
2908 4886 2921 4922 :
2951 4867 3224 4938 faciesque
3252 4881 3433 4936 supra
3465 4878 3734 4922 coronam
3760 4875 3848 4914 au-

2230 4984 2378 5027 ream
2410 4983 2506 5039 per
2528 4965 2838 5030 circuitum,
2863 4970 2918 5018 et
2938 4969 3174 5032 quatuor
3193 4959 3446 5016 circulos
3471 4974 3701 5025 aureos,
3722 4966 3848 5028 quos

528 5065 636 5131 nis,
686 5073 742 5120 et
773 5063 920 5119 misit
961 5064 1014 5117 in
1052 5071 1297 5119 crateras
1343 5079 1358 5116 :
1391 5071 1600 5132 partem
1633 5073 1816 5118 autem
1849 5063 2126 5119 residuam
2229 5077 2403 5134 pones
2432 5075 2528 5132 per
2556 5068 2786 5130 quatuor
2815 5069 2961 5111 arca:
2988 5053 3242 5126 angulos;
3271 5051 3396 5109 duo
3428 5053 3631 5110 circuli
3664 5051 3773 5107 sint
3800 5047 3848 5101 in

525 5159 670 5216 fudit
699 5171 863 5228 super
892 5155 1083 5211 altare.
1115 5159 1524 5226 Assumensque
1573 5155 1827 5212 volumen
1875 5154 2126 5226 foederis,

606 5323 634 5354 ⁸
671 5321 790 5379 Non
814 5318 1249 5383 Palwstinorum,
1287 5323 1346 5370 ut
1372 5313 1600 5370 habetur
1627 5314 1679 5369 in
1709 5313 1869 5370 editis
1899 5328 1963 5370 ac
1992 5328 2124 5370 mss.

533 5398 724 5462 libris,
772 5392 867 5449 sed
912 5387 1590 5462 Philistinorum_legimus
1647 5385 1767 5442 freti
1808 5391 2130 5462 auctoritate

531 5459 719 5541 ipsius
740 5464 1078 5541 Hieronvtni,
1112 5463 1201 5541 qui
1234 5463 1290 5514 in
1316 5459 1562 5513 Danielis
1589 5467 1749 5541 caput
1778 5459 2126 5541 undecimum

528 5528 604 5598 ila
637 5536 858 5594 disserit
897 5553 910 5590 :
948 5528 1260 5588 Notandum
1291 5539 1484 5596 auum,
1519 5531 1655 5601 quod
1677 5547 1793 5584 cum
1827 5552 1868 5586 π
1898 5528 2125 5584 litteram

527 5614 785 5670 Hebrum:
831 5622 1000 5662 sermo
1039 5623 1141 5660 non
1184 5603 1398 5666 habeat,
1433 5603 1522 5654 sed
1553 5618 1648 5670 pro
1671 5603 1786 5670 ipsa
1814 5612 1988 5655 utatur
2019 5606 2128 5671 plne

527 5684 832 5758 (menius
866 5680 967 5734 vim
1013 5676 1252 5758 Graecum
1296 5698 1328 5748 φ
1369 5682 1542 5758 sonat,
1569 5673 1750 5758 injsto
1779 5683 1979 5758 tantum
2013 5675 2124 5727 loco

2233 5155 2402 5211 latere
2428 5167 2560 5220 uno,
2588 5157 2644 5206 et
2663 5148 2772 5205 duo
2795 5148 2848 5204 in
2875 5147 3068 5204 altero.
3094 5145 3290 5202 Facies
3319 5161 3560 5219 quoque
3585 5154 3770 5204 vectes
3789 5140 3853 5198 de

2235 5308 2547 5367 observavit
2577 5321 2754 5363 canon
2788 5303 2926 5377 Ileh.
2977 5302 3138 5377 verit.
3171 5301 3262 5359 ubi
3287 5301 3410 5377 alii
3467 5302 3685 5361 habent
3723 5320 3777 5377 p,
3802 5309 3856 5356 ut

2239 5398 2403 5453 snpra
2440 5382 2492 5435 in
2524 5380 2747 5453 nomine
2781 5375 3111 5453 Ijutipharis,
3145 5383 3251 5431 etc.
3287 5374 3488 5431 MART.

2313 5447 2383 5495 '—
2411 5453 2564 5510 Unus
2587 5450 2760 5506 Palat.
2785 5447 3191 5502 Palwstiizorum
3217 5463 3235 5502 :
3259 5455 3484 5504 caetera
3517 5458 3715 5506 notum
3744 5460 3855 5503 ma-

2231 5527 2398 5584 luisse
2429 5519 3302 5595 Hieronymum,‘l’ltilistinorum.

2306 5598 2332 5638 ι)
2372 5590 2725 5666 Μθιιιιεοτῐριί
2753 5591 2968 5666 codices
2992 5633 3014 5666 ,γ
3041 5591 3193 5666 nullo
3217 5601 3492 5666 excepto,
3530 5593 3746 5666 legunt.
3775 5590 3858 5666 qui

2234 5671 2388 5739 offert
2414 5686 2432 5724 :
2463 5660 2736 5739 editorum
2777 5663 3127 5739 nihilominus
3174 5660 3347 5718 lectio
3391 5660 3755 5739 praeferenda
3785 5660 3860 5716 vi-

524 5733 964 5828 Aﬁti’d'iiébreos
1014 5752 1270 5828 scribatur
1304 5733 1552 5828 "quidem.
1597 5748 1752 5828 plne,
1794 5746 1884 5828 sed
1932 5747 2134 5817 legatur
2235 5733 2577 5828 d;et.ur,.qnia
2606 5738 2672 5791 ad
2700 5751 2935 5828 sensunr
2959 5733 3297 5828 Sjcript'uraz,
3351 5747 3413 5792 et
3452 5737 3525 5793 ad
3554 5739 3858 5794 veritatem

524 5807 858 5898 {tinem
882 5827 1063 5898 itaque
1092 5807 1510 5898 verbodiiad‘no
1542 5807 1882 5898 in'Da_riiele_,
1913 5807 2132 5898 semper
2234 5807 2562 5874 Hebraicam
2590 5808 2813 5882 propius
2841 5807 3070 5864 accedit.
3100 5807 3283 5864 Mur.

519 5887 558 5966 ὲ
589 5887 780 5972 legitur
803 5896 871 5970 ph
899 5895 952 5952 in
976 5887 1208 5953 'vocibus
1237 5887 1516 5951 Hebraeis:
1561 5887 1704 5958 quod
1739 5890 1938 5960 saepius
1962 5889 2125 5946 etiam
