4044 6360
270 296 369 353 273

1679 294 1886 371 uana
1927 291 2157 350 EXODl.

3455 290 3562 349 274

271 412 426 485 lignis
458 411 678 480 settim,
710 422 765 469 et
809 414 1022 484 aperies
1052 428 1150 469 eos
1194 427 1348 469 auro.
1382 412 1718 484 Inducesque
1763 426 1860 482 per
1885 413 1934 471 A
1964 408 2176 480 pondus
2226 407 2536 465 candelabri
2594 422 2715 466 cum
2756 408 3026 465 universis
3086 407 3231 463 vasis
3285 406 3395 463 suis
3466 408 3569 463 ha-

269 509 501 567 circulos
521 509 611 580 qui
632 518 763 566 sunt
785 509 835 565 in
858 524 999 565 arcte
1024 510 1308 576 lateribus,
1332 516 1390 564 ut
1412 517 1653 580 portetur
1677 509 1729 562 in
1754 506 1855 575 eis,

269 602 353 674 qui
384 617 605 672 semper
625 614 787 658 erunt
813 603 863 657 in
887 603 1129 670 circulis,
1158 617 1259 658 nec
1289 616 1542 673 umquam
1567 599 1861 656 extrahen-

271 704 353 751 tur
402 696 473 750 ab
516 696 620 751 eis.
656 695 939 767 Ponesque
972 696 1027 751 in
1060 712 1185 751 arca
1236 696 1669 751 lestillcationem
1701 706 1859 764 quam

268 790 404 847 dabo
440 791 559 845 tibi.
590 790 783 846 Facies
810 800 863 845 et
894 790 1331 861 prepitiatorium
1357 788 1427 845 de
1456 803 1589 843 auro
1619 786 1863 842 mundis-

268 882 436 949 simo,
487 882 624 938 duos
661 883 880 939 cubitos
914 891 969 939 et
1003 882 1286 939 dimidium
1339 882 1542 938 tenebit
1582 879 1862 952 longitudo

269 977 388 1046 ejus
420 992 435 1029 :
479 974 766 1031 semissem
805 985 861 1032 et
897 976 1136 1031 cubitum
1170 973 1421 1030 latitudo.
1458 974 1603 1029 Duos
1650 986 1865 1043 quoque

270 1069 565 1126 Cberubim
597 1084 793 1126 aureos
820 1080 875 1125 et
915 1069 1245 1141 productiles
1276 1068 1443 1124 facies
1466 1111 1481 1136 ,
1528 1082 1593 1123 ex
1640 1076 1865 1136 utraque

266 1172 423 1232 parte
461 1162 689 1218 oraculi.
735 1171 761 1200 ι
799 1162 1019 1219 Cherub
1049 1179 1188 1218 unus
1218 1162 1290 1218 sit
1317 1162 1369 1216 in
1412 1161 1580 1217 latere
1618 1175 1764 1225 uno,
1812 1168 1868 1215 ct

268 1258 406 1311 alter
434 1255 487 1309 in
512 1255 707 1311 altero.
751 1254 1056 1326 Utrumque
1088 1256 1227 1311 latus
1257 1254 1616 1326 prepitiatorii
1652 1262 1863 1324 tegant,

270 1350 646 1419 expandentes
668 1349 781 1405 alas
808 1358 862 1405 et
884 1349 1194 1419 aperientes
1219 1350 1519 1416 oraculum,
1547 1348 1868 1419 respiciant-

264 1457 372 1514 que
402 1458 462 1498 se
488 1449 679 1498 mutuo
708 1443 879 1499 versis
908 1442 1145 1499 vultibus
1183 1443 1237 1499 in
1286 1443 1721 1515 propitiatorium
1760 1457 1869 1514 quo

271 1536 576 1608 operienda
602 1546 689 1594 est
715 1553 872 1606 arca,
903 1539 958 1595 in
990 1556 1092 1610 qua
1126 1554 1295 1610 pones
1328 1540 1695 1595 testimonium
1723 1538 1869 1610 quod

264 1630 412 1686 dabo
439 1630 560 1686 tibi.
604 1629 736 1687 inde
776 1632 1122 1703 prmcipiam,
1176 1640 1232 1688 ct
1264 1632 1455 1703 loquar
1498 1632 1563 1687 ad
1614 1642 1663 1688 te
1708 1648 1871 1703 super

266 1724 653 1795 propitiatorio
679 1724 707 1764 δ
734 1725 967 1793 scilicet,
995 1741 1059 1783 ac
1083 1728 1261 1783 medio
1285 1726 1517 1783 duorum
1546 1726 1865 1795 Cberubim,

1965 504 2112 560 bebit
2160 504 2419 561 talentum
2467 505 2584 561 auri
2634 504 2997 561 mundissimi.
3045 503 3298 575 Inspice,
3363 513 3419 560 et
3477 505 3559 559 fac

1965 596 2260 652 secundum
2312 598 2588 669 exemplar
2635 597 2778 670 quod
2822 597 2915 653 tibi
2958 598 3013 653 in
3053 606 3235 653 monte
3284 607 3556 654 monstra-

1966 697 2075 744 tum
2125 699 2226 745 est.

2037 782 2189 855 [ϐαρ.
2230 783 2449 859 XXV/[.1
2492 785 2927 842 Tabernaeulum
2961 801 3090 842 vero
3135 786 3160 823 ά
3196 787 3269 841 ita
3315 785 3483 843 facies
3543 803 3559 841 :

1966 876 2166 933 Decem
2194 878 2432 933 cortinas
2470 878 2537 935 de
2566 879 2733 951 bysso
2760 889 2965 935 retorta
2989 923 3002 947 ,
3052 889 3105 935 et
3134 879 3431 951 hyacintho
3453 921 3467 947 ,
3501 894 3563 936 ac

1969 988 2227 1044 purpura,
2263 987 2535 1045 coccoque
2557 974 2639 1030 bis
2664 975 2855 1042 tincto,
2891 975 3125 1031 variatas
3155 989 3325 1045 opere
3350 974 3562 1044 pluma-

1969 1070 2051 1125 rio
2099 1068 2283 1124 facies.
2316 1068 2625 1141 Longitudo
2657 1070 2879 1125 cortina:
2912 1069 3073 1124 unius
3115 1068 3338 1124 habebit
3372 1068 3564 1139 viginti

1969 1173 2092 1218 octo
2141 1162 2358 1219 cubitos
2409 1181 2423 1219 :
2475 1162 2733 1228 latitudo,
2787 1172 3023 1234 quatuor
3075 1162 3383 1218 cubitorum
3439 1161 3565 1217 erit.

1968 1259 2140 1316 Unius
2161 1274 2430 1315 mensura:
2456 1260 2585 1316 fient
2607 1262 2859 1316 universa
2887 1261 3141 1316 tentoria.
3166 1260 3416 1329 Quinque
3440 1276 3565 1316 cor-

1970 1354 2097 1408 tina:
2148 1353 2251 1408 sibi
2292 1353 2590 1424 jungeutur
2634 1362 2859 1420 mutuo,
2897 1363 2955 1409 et
2997 1354 3116 1408 alia:
3143 1353 3382 1424 quinque
3424 1369 3564 1417 nexu

1970 1446 2132 1503 simili
2152 1449 2525 1504 cohazrebunt.
2551 1449 2785 1503 Ansulas
2817 1448 3196 1521 hyacinthinas
3222 1451 3272 1504 in
3303 1449 3568 1505 lateribus

1973 1558 2037 1599 ac
2071 1542 2471 1597 summitatibus
2502 1541 2672 1599 facies
2705 1544 3060 1611 cortinarum,
3092 1555 3148 1598 ut
3175 1545 3383 1615 possint
3425 1544 3568 1598 invi-

1973 1652 2091 1693 cem
2115 1638 2378 1709 copulari.
2411 1638 2836 1711 Quinquagenas
2865 1640 3083 1696 ansulas
3108 1641 3321 1696 cortina
3346 1640 3569 1697 habebit

1975 1731 2027 1786 in
2060 1740 2287 1802 utraque
2316 1740 2492 1802 parte,
2525 1732 2596 1786 ita
2626 1732 2881 1798 insertas,
2910 1741 2967 1787 ut
2993 1738 3159 1799 ansae;
3184 1742 3374 1789 contra
3400 1748 3563 1788 ansas

263 1818 541 1888 quierunt
564 1833 732 1889 super
760 1835 944 1875 arcam
977 1820 1296 1888 testimonii,
1331 1830 1524 1876 cuncta
1555 1837 1674 1892 quae
1707 1836 1865 1875 man-
1898 1817 1944 1876 Β
1972 1825 2229 1891 veniant,
2275 1834 2329 1881 et
2369 1825 2542 1881 altera
2588 1826 2744 1881 alteri
2801 1826 2975 1896 possit
3023 1828 3220 1896 aptari.
3274 1826 3465 1882 Facies
3519 1838 3577 1882 et

262 1911 408 1966 dabo
435 1926 536 1982 per
566 1920 619 1967 te
647 1911 772 1968 filiis
807 1911 996 1968 Israel.
1027 1912 1220 1968 Facies
1247 1921 1302 1968 et
1326 1928 1567 1968 mensam
1596 1913 1661 1968 de
1705 1912 1868 1984 lignis

264 2006 476 2070 settim,
510 2004 801 2061 habentem
825 2005 968 2061 duos
993 2007 1206 2063 cubitos
1226 2006 1598 2079 longitudinis,
1624 2016 1677 2063 et
1705 2006 1757 2061 in
1792 2006 1869 2061 la—

264 2098 499 2154 titudine
527 2098 771 2154 cubitum
792 2140 808 2169 ,
838 2109 893 2156 et
921 2100 974 2155 in
995 2099 1284 2156 altitudine
1313 2099 1555 2155 cubitum
1586 2115 1649 2154 ac
1678 2100 1870 2155 semis-

262 2208 403 2249 sem.
442 2192 511 2248 Et
539 2193 818 2249 iuaurabis
845 2209 964 2250 eam
997 2209 1129 2250 auro
1154 2196 1466 2267 purissimo,
1494 2194 1767 2267 faciesque
1790 2195 1867 2251 illi

262 2286 473 2342 labium
500 2303 727 2343 aureum
760 2290 855 2359 per
886 2288 1199 2358 circuitum,
1228 2299 1282 2346 et
1307 2290 1410 2361 ipsi
1438 2290 1582 2347 labio
1610 2307 1866 2347 coronam

261 2380 634 2436 interrasilem
659 2382 822 2447 altam
851 2393 1084 2454 quatuor
1113 2384 1319 2455 digitis,
1354 2396 1411 2442 et
1436 2397 1457 2425 ο
1486 2402 1651 2457 super
1676 2386 1825 2441 illam
1850 2429 1865 2455 ,

258 2474 485 2529 alteram
545 2491 787 2530 coronam
837 2475 925 2550 [h.
981 2493 1089 2533 non
1144 2478 1306 2535 habet
1365 2480 1509 2553 haec]
1563 2481 1862 2537 aureolam.

264 2566 515 2636 Quatuor
541 2584 755 2640 quoque
772 2569 1006 2626 cireulos
1022 2586 1219 2627 aureos
1241 2574 1597 2643 prmparabis,
1622 2586 1676 2631 et
1700 2590 1867 2645 pones

261 2674 357 2715 eos
396 2660 453 2716 in
486 2670 720 2731 quatuor
750 2663 965 2735 angulis
992 2664 1237 2735 ejusdem
1268 2680 1469 2722 mensae
1500 2684 1594 2738 per
1620 2668 1868 2740 singulos

262 2752 455 2824 pedes.
489 2754 691 2810 Subter
722 2770 982 2813 coronam
1012 2766 1177 2813 erunt
1211 2758 1399 2814 circuli
1435 2761 1615 2828 aurei,
1650 2772 1709 2816 ut
1739 2763 1866 2818 mit-

260 2855 447 2901 tantur
468 2858 652 2902 vectes
681 2863 778 2918 pcr
800 2863 918 2915 eos,
952 2859 1005 2905 ct
1034 2850 1208 2921 possit
1232 2867 1417 2908 mensa
1463 2855 1687 2924 portari.
1715 2855 1866 2926 Ipsos

261 2955 483 3012 quoque
503 2950 692 2998 vectes
719 2941 883 2999 facies
910 2943 978 2999 de
1000 2944 1165 3015 lignis
1193 2947 1401 3013 settim,
1430 2958 1483 3002 ct
1504 2949 1866 3006 circuindabis

263 3048 401 3089 auro
421 3034 487 3090 ad
516 3036 923 3093 subvehendam
948 3054 1212 3096 mensam.
1237 3041 1307 3097 Et
1329 3042 1541 3112 parabis
1558 3043 1861 3111 acetabula,

260 3142 321 3182 ac
369 3127 619 3198 phialas,
678 3128 981 3200 thuribula,
1035 3141 1089 3188 et
1138 3133 1382 3200 ciathos,
1411 3135 1465 3191 in
1512 3136 1706 3207 quibus
1730 3136 1865 3193 olfe—

263 3222 435 3278 renda
464 3232 593 3279 sunt
632 3224 883 3281 libamina
908 3267 923 3293 ,
966 3242 1031 3283 ex
1072 3242 1206 3284 auro
1241 3229 1547 3299 purissimo.
1592 3231 1659 3285 Et
1696 3246 1865 3302 pones

262 3329 430 3385 super
488 3330 733 3372 mensam
791 3332 958 3387 panes
1018 3320 1405 3391 propositionis
1464 3322 1516 3377 in
1571 3332 1863 3394 conspectu

261 3424 388 3465 meo
439 3424 676 3481 semper.
736 3411 927 3469 Facies
993 3423 1049 3469 et
1101 3413 1488 3471 candelabrum
1537 3415 1739 3472 ductile
1795 3416 1864 3473 de

261 3517 400 3558 auro
432 3503 819 3573 mundissimo,
861 3505 1053 3563 hastile
1073 3506 1212 3579 ejus,
1248 3518 1301 3564 et
1319 3508 1578 3575 calamos,
1606 3510 1859 3582 scyphos,

260 3610 315 3655 et
360 3598 665 3669 sphacrulas
692 3644 705 3667 ,
739 3615 803 3657 ac
855 3601 999 3668 lilia,
1038 3603 1154 3673 ipso
1195 3603 1563 3674 procedentia.
1620 3605 1724 3662 Sex
1771 3621 1864 3661 ca-

262 3694 398 3750 lami
442 3695 791 3767 egredientur
825 3697 893 3754 de
930 3698 1222 3763 lateribus,
1273 3709 1384 3756 tres
1434 3716 1503 3756 ex
1536 3716 1641 3757 uno
1673 3703 1862 3771 latere,

268 3799 322 3845 et
362 3798 478 3845 tres
502 3804 567 3844 ex
597 3791 791 3847 altero.
815 3791 948 3847 Tres
978 3792 1166 3865 scyphi
1200 3793 1353 3863 quasi
1384 3794 1436 3848 iu
1465 3795 1615 3849 nucis
1646 3794 1861 3850 modum

265 3897 363 3952 per
410 3882 652 3937 calamos
679 3884 953 3955 singulos,
978 3885 1353 3957 spliazrulaque
1379 3887 1537 3942 simul
1563 3897 1617 3943 et
1658 3887 1859 3955 lilium,

264 3982 318 4029 et
385 3983 498 4031 tres
551 3976 805 4033 similiter
866 3979 1053 4050 scyphi
1120 3980 1293 4034 instar
1346 3981 1497 4036 nucis
1546 3982 1599 4036 in
1658 3982 1865 4038 calamo

262 4065 470 4135 altero,
503 4067 878 4140 spbmrulaque
924 4071 1084 4127 simul
1126 4081 1180 4127 et
1210 4072 1402 4129 lilium.
1437 4074 1550 4130 Hoc
1579 4076 1684 4130 erit
1725 4090 1867 4147 opus

263 4175 359 4217 sex
401 4162 767 4231 calamorum,
800 4164 889 4235 qui
920 4164 1258 4235 producendi
1290 4177 1411 4221 sunt
1442 4168 1509 4224 de
1537 4168 1717 4224 hastili
1762 4188 1773 4222 :
1812 4172 1863 4225 iu

263 4258 385 4329 ipso
412 4270 596 4314 autem
620 4260 945 4318 candelabro
970 4270 1133 4317 erunt
1155 4272 1385 4333 quatuor
1406 4266 1594 4336 scyphi
1628 4265 1680 4320 in
1713 4266 1867 4322 nucis

264 4354 527 4419 modum,
561 4354 962 4426 sphmrulmque
993 4371 1089 4426 per
1119 4356 1383 4427 singulos,
1414 4366 1469 4413 et
1496 4358 1629 4413 lilia.
1672 4358 1863 4430 Sphae-

266 4450 387 4503 rula
412 4448 517 4503 sub
547 4448 761 4504 duobus
788 4449 1009 4505 calamis
1042 4466 1137 4520 per
1168 4451 1266 4505 tria
1295 4452 1431 4515 loca,
1460 4452 1548 4522 qui
1577 4452 1735 4506 simul
1764 4468 1864 4508 sex

266 4540 429 4608 fiunt,
456 4542 818 4613 procedentes
839 4542 906 4597 de
934 4542 1115 4598 hastili
1141 4559 1269 4598 uno.
1300 4543 1366 4599 Et
1393 4545 1680 4615 Sphaerukc
1708 4546 1868 4618 igitur

1972 1919 2363 1991 quinquaginta
2391 1919 2621 1975 circulos
2648 1934 2843 1975 aureos
2866 1920 3061 1989 quibus
3088 1922 3424 1974 cortinarum
3447 1919 3568 1974 vela

1966 2011 2243 2081 jungeuda
2276 2020 2433 2078 sunt,
2470 2020 2527 2067 ut
2564 2028 2731 2067 unum
2776 2012 3184 2067 tabernaculum
3223 2013 3336 2067 flat.
3378 2011 3571 2067 Facies

1970 2112 2025 2159 et
2078 2118 2202 2176 saga
2255 2103 2471 2161 cilicina
2516 2105 2807 2172 undecim,
2848 2104 2916 2160 ad
2960 2104 3315 2175 operiendam
3371 2114 3569 2160 tectum

1970 2196 2329 2252 tabernaculi.
2382 2197 2689 2268 Longitudo
2731 2198 2843 2268 sagi
2882 2198 3042 2253 unius
3081 2196 3306 2253 habebit
3350 2198 3570 2269 triginta

1972 2288 2217 2351 cubitos,
2269 2298 2323 2344 et
2353 2290 2582 2345 latitudo
2607 2332 2621 2357 ,
2654 2299 2892 2360 quatuor
2926 2308 2937 2343 :
2971 2305 3124 2359 requa
3172 2291 3276 2346 erit
3320 2305 3576 2346 mensura

1969 2396 2221 2453 sagorum
2250 2382 2516 2439 omnium.
2550 2383 2592 2437 E
2621 2382 2816 2455 quibus
2844 2384 3089 2454 quinque
3106 2383 3302 2455 junges
3325 2399 3570 2440 seorsum

1969 2487 2025 2530 et
2053 2489 2149 2530 sex
2174 2475 2275 2529 sibi
2306 2485 2495 2531 mutuo
2518 2476 2824 2547 copulabis,
2859 2477 2931 2530 ita
2965 2485 3023 2530 ut
3049 2486 3263 2531 sextum
3296 2493 3483 2548 sagum
3513 2476 3569 2531 in

1969 2566 2148 2623 fronte
2181 2568 2309 2623 tecti
2350 2566 2616 2637 duplices.
2664 2568 2857 2624 Facies
2887 2580 2941 2623 et
2986 2570 3375 2641 quinquaginta
3406 2585 3571 2625 ansas

1970 2662 2023 2718 in
2050 2676 2141 2716 ora
2166 2662 2277 2732 sagi
2324 2663 2514 2730 unius,
2549 2672 2605 2717 ut
2641 2662 2897 2733 conjungi
2928 2678 3051 2718 cum
3080 2662 3257 2717 altero
3279 2674 3449 2732 queat
3476 2706 3489 2730 ,
3518 2673 3576 2720 et

1966 2756 2352 2829 quinquaginta
2382 2771 2544 2813 ausas
2578 2758 2635 2813 in
2668 2773 2762 2814 ora
2792 2759 2907 2831 sagi
2947 2759 3171 2815 alterius
3194 2803 3208 2828 ,
3242 2766 3303 2814 ut
3328 2773 3449 2814 cum
3491 2758 3574 2813 al-

1970 2866 2088 2912 tero
2136 2856 2446 2927 copuletur.
2504 2865 2527 2894 θ
2573 2856 2763 2913 Facies
2815 2866 2870 2913 et
2925 2858 3318 2930 quinquaginta
3370 2855 3569 2911 ﬁbulas

1968 2966 2173 3020 teneas,
2206 2950 2715 3022 quibusjungantur
2744 2966 2910 3017 ansae,
2946 2960 3004 3005 ut
3026 2967 3190 3006 unum
3225 2967 3291 3007 ex
3314 2949 3572 3005 omnibus

1969 3045 2371 3115 operimentum
2405 3044 2516 3100 fiat.
2552 3044 2705 3113 Quod
2741 3053 2922 3099 autem
2954 3043 3284 3115 superfuerit
3324 3044 3375 3097 in
3424 3042 3571 3114 sagis

1968 3154 2088 3209 quin
2117 3148 2382 3209 parantur
2410 3121 2590 3206 lecto,
2620 3137 2672 3193 id
2709 3147 2791 3193 est
2814 3180 2829 3205 ,
2860 3153 3027 3193 uuttm
3076 3151 3260 3207 sagum
3289 3135 3433 3207 quod
3460 3149 3574 3188 am-

1972 3231 2117 3302 plius
2142 3239 2247 3297 est,
2276 3246 2342 3286 ex
2364 3230 2660 3286 medietate
2677 3230 2799 3300 ejus
2826 3230 3040 3300 operies
3068 3229 3367 3298 posteriora
3394 3228 3577 3283 taber-

1971 3323 2169 3378 naculi.
2197 3324 2262 3377 Et
2286 3324 2501 3379 cubitus
2526 3338 2594 3378 ex
2633 3338 2737 3377 una
2767 3330 2921 3392 parte
2957 3321 3240 3391 pendebit,
3271 3330 3322 3375 et
3346 3319 3483 3374 alter
3506 3334 3574 3374 ex

1968 3417 2136 3473 altera
2156 3461 2170 3485 ,
2204 3419 2293 3488 qui
2320 3416 2440 3488 plus
2468 3426 2551 3471 est
2580 3416 2635 3471 in
2658 3431 2913 3488 sagorum
2949 3413 3288 3486 longitudine
3307 3456 3321 3480 ,
3358 3422 3571 3468 utrum-

1967 3526 2074 3581 que
2104 3511 2245 3565 latus
2278 3508 2612 3565 tabernaculi
2641 3516 2951 3580 protegens.
2980 3506 3173 3563 Facies
3196 3514 3251 3561 et
3270 3505 3578 3577 operimen-

1969 3614 2082 3661 tum
2133 3605 2279 3661 aliud
2310 3613 2452 3660 tecto
2483 3604 2550 3659 de
2592 3604 2823 3673 pellibus
2868 3604 3097 3658 arietum
3135 3600 3428 3657 rubricatis
3456 3643 3470 3667 ,
3520 3610 3575 3656 et

1970 3714 2134 3771 super
2174 3699 2276 3753 hoc
2306 3713 2524 3754 rursum
2568 3696 2714 3752 aliud
2756 3698 3155 3767 operimentum
3197 3694 3266 3750 de
3316 3694 3578 3750 ianthinis

1969 3793 2220 3865 pellibus.
2280 3792 2468 3847 Facies
2515 3800 2570 3848 et
2618 3791 2826 3847 tabulas
2880 3798 3086 3846 stantes
3120 3789 3461 3846 tabernaculi
3507 3789 3577 3846 de

1968 3886 2134 3958 lignis
2164 3887 2345 3942 settim
2374 3927 2387 3953 ,
2446 3902 2565 3957 qua:
2593 3886 2821 3956 singulae
2868 3884 3040 3940 denos
3068 3884 3280 3941 cubitos
3311 3885 3367 3940 in
3401 3884 3579 3955 longi-

1970 3980 2155 4037 tudine
2186 3980 2441 4047 babeant,
2458 3989 2512 4035 et
2538 3980 2590 4035 in
2606 3978 2896 4035 latitudine
2914 3978 3157 4049 singulos
3178 3993 3243 4033 ac
3259 3977 3570 4034 semissem.

1968 4076 2027 4130 In
2056 4074 2315 4130 lateribus
2342 4073 2540 4128 tabulae
2567 4114 2581 4139 ,
2611 4073 2732 4127 duae
2764 4072 3141 4131 incastraturae
3169 4072 3297 4128 fient
3326 4117 3341 4143 ,
3375 4072 3578 4143 quibus

1972 4169 2155 4225 tabula
2197 4168 2355 4224 alteri
2406 4167 2604 4223 tabulae
2657 4175 3053 4233 connectatur,
3109 4175 3269 4238 atque
3324 4167 3375 4221 in
3436 4167 3581 4221 hunc

1971 4262 2189 4318 modum
2213 4273 2421 4318 cunctae.
2445 4261 2640 4316 tabula:
2672 4262 3033 4331 parabuntur.
3090 4260 3338 4328 Quarum
3386 4259 3579 4331 viginti

1970 4365 2132 4413 erunt
2157 4356 2209 4411 in
2237 4355 2407 4411 latere
2428 4354 2734 4410 meridiano
2764 4395 2778 4421 ,
2813 4354 2956 4425 quod
2986 4355 3162 4425 vergit
3190 4354 3258 4408 ad
3294 4356 3579 4413 Austrum.

1969 4449 2174 4518 Quibus
2201 4447 2557 4519 quadraginta
2600 4447 2757 4503 bases
2785 4456 3073 4518 argenteas
3104 4446 3324 4511 lundcs,
3358 4445 3581 4501 utbiuae

1974 4541 2134 4598 bases
2161 4540 2389 4612 singulis
2417 4538 2618 4595 tabulis
2650 4554 2746 4609 per
2770 4538 2909 4593 duos
2932 4538 3161 4608 angulos
3190 4536 3579 4607 subjiciantur.

266 4642 321 4688 et
348 4612 547 4688 calami
593 4648 659 4689 ex
692 4633 813 4704 ipso
849 4643 1040 4703 erunt,
1074 4635 1326 4691 universa
1354 4612 1575 4691 ductilia
1618 4637 1686 4693 de
1728 4612 1868 4694 auro
1899 4612 1945 4672 ί)
1976 4637 2031 4692 In
2062 4636 2232 4691 latere
2279 4648 2495 4706 quoque
2521 4632 2766 4688 secundo
2799 4631 3135 4687 tabernaculi
3159 4671 3176 4699 ,
3206 4630 3349 4702 quod
3408 4630 3584 4701 vergit

266 4726 588 4798 purissimo.
647 4726 839 4782 Facies
893 4736 949 4783 et
992 4729 1245 4785 lucernas
1294 4738 1542 4800 septem,
1601 4740 1657 4786 et
1701 4747 1871 4801 pones

267 4834 363 4875 eas
423 4834 592 4889 super
635 4818 1063 4886 candelabrum,
1118 4829 1175 4873 ut
1226 4819 1443 4875 luceant
1499 4836 1567 4877 ex
1619 4821 1869 4877 adverso.

270 4910 627 4968 Emunctoria
685 4925 948 4982 quoque,
1008 4923 1063 4968 et
1123 4911 1211 4969 ubi
1264 4928 1383 4984 qua:
1438 4924 1691 4970 emuncta
1750 4924 1874 4970 sunt

268 5007 736 5079 exstinguantur,
804 5008 935 5064 ﬁant
988 5007 1057 5065 de
1109 5024 1242 5065 auro
1309 5009 1620 5081 purissimo.
1702 5008 1875 5067 Omne

346 5197 374 5226 ⁸
415 5194 470 5250 In
498 5212 611 5252 uno
636 5212 739 5253 ms.
769 5197 1113 5255 Corbeiensis
1137 5198 1451 5256 monasterii
1476 5198 1685 5267 codice,
1711 5209 1872 5269 atque

270 5266 327 5320 in
360 5281 573 5323 canone
604 5269 741 5325 lleb.
775 5273 1020 5328 veritatis
1064 5272 1307 5326 additum
1356 5280 1440 5326 est
1475 5270 1578 5326 hoc
1610 5266 1728 5327 loCo
1753 5266 1878 5327 ver-

271 5337 427 5402 bum,
461 5342 694 5407 oraculi,
726 5343 805 5398 sic
830 5344 978 5397 enim
1006 5343 1239 5400 habent:
1274 5341 1476 5398 Cherub
1500 5360 1632 5398 unus
1664 5344 1732 5397 sit
1755 5360 1872 5397 ora-

272 5410 380 5463 culi
410 5412 462 5464 in
491 5412 650 5467 latere
682 5429 805 5469 uno.
837 5415 1015 5470 Man'r.

272 5521 295 5547 ,ι
349 5481 376 5520 ι)
399 5483 554 5559 A_pud
575 5484 731 5559 Vulg.
761 5502 919 5557 supra
940 5486 1358 5559 propitiatorium
1384 5503 1444 5540 ac
1465 5486 1529 5540 de
1550 5484 1873 5555 medio,'etc.

353 5564 375 5592 ε
415 5556 554 5610 Nata
611 5556 803 5611 isthzec
828 5556 1165 5629 'marginalis
1194 5559 1419 5613 minime
1458 5574 1585 5613 vera
1624 5572 1876 5624 compro-

274 5624 465 5691 batur,
516 5637 760 5701 aut‘suo
807 5629 930 5686 loco
972 5624 1296 5701 ‘neutiquam
1346 5630 1591 5700 apposita
1641 5629 1873 5701 dicenda

274 5705 404 5771 est»:
441 5713 565 5771 nam
613 5699 884 5758 dictiones
932 5699 1196 5758 asterisco
1242 5699 1459 5757 umata’s
1485 5743 1500 5767 ,
1531 5716 1669 5771 quas
1697 5701 1747 5754 in
1775 5700 1881 5755 ile-

274 5768 431 5822 hrzeo
460 5769 653 5825 abesse
684 5772 833 5838 dicit,
866 5774 1171 5829 invenimus
1204 5776 1253 5828 iu
1281 5768 1726 5829 omnibus'libris
1766 5771 1871 5826 He-

276 5839 579 5899 brrcorum.
628 5841 769 5911 Quid
800 5860 943 5917 ergo
989 5848 1094 5902 sibi
1128 5847 1258 5903 velit
1281 5848 1382 5903 hoc
1412 5846 1659 5903 scholion
1684 5889 1697 5911 ,
1729 5844 1874 5900 scire

1974 4730 2044 4785 ad
2073 4729 2418 4799 Aquilonem,
2444 4727 2631 4797 viginti
2658 4725 2852 4781 tabulae
2883 4734 3068 4791 erunt,
3101 4724 3457 4795 quadraginta
3488 4723 3585 4779 ha-

1975 4822 2168 4878 bentes
2206 4823 2367 4875 bases
2412 4825 2719 4889 argenteas.
2764 4816 2914 4872 Bitiae
2942 4816 3099 4872 bases
3126 4816 3357 4887 singulis
3387 4816 3586 4871 tabulis

1976 4922 2374 4985 supponentur.
2406 4912 2486 4967 Ad
2508 4909 2900 4966 occidentalem
2930 4924 3063 4964 vero
3090 4909 3300 4980 plagam
3330 4908 3586 4964 taberna-

1978 5007 2086 5065 culi
2110 5007 2277 5063 facies
2303 5020 2402 5062 sex
2429 5004 2641 5061 tabulas
2671 5045 2687 5070 ,
2720 5013 2774 5059 et
2796 5018 3012 5058 rursum
3044 5001 3181 5059 alias
3203 5002 3339 5059 duas
3378 5017 3497 5074 qua:
3531 5002 3587 5058 iu

1985 5212 2093 5254 non
2128 5208 2437 5265 possumus.
2471 5191 2655 5248 Mam.

2055 5267 2081 5307 ά
2123 5259 2227 5325 Pro
2252 5310 2267 5335 ,
2300 5269 2375 5321 ita
2406 5265 2565 5337 {acies
2591 5309 2606 5333 ,
2641 5276 2818 5319 canon
2856 5270 2911 5319 et
2951 5262 3160 5335 aliquot
3183 5275 3316 5318 mss.
3354 5259 3585 5328 habent,

1981 5343 2056 5397 ita
2084 5342 2190 5410 ﬁet.
2216 5341 2392 5396 MART.

2060 5407 2091 5451 θ’
2126 5413 2251 5468 Haec
2272 5427 2393 5468 cum
2425 5408 2800 5478 superioribus
2829 5407 3112 5477 conjungit
3136 5421 3310 5463 canon
3349 5420 3411 5462 ac
3441 5420 3577 5461 mss.

1985 5499 2177 5541 omnes
2206 5485 2445 5540 codices.
2494 5480 2680 5549 Quare
2710 5480 2762 5534 in
2791 5479 2939 5533 nullo
2980 5495 3167 5534 eorum
3207 5479 3387 5547 legas,
3424 5478 3584 5547 facies

1986 5567 2066 5623 et;
2118 5556 2214 5612 sed
2264 5564 2384 5626 post
2431 5554 2736 5626 copuletur,
2786 5550 3100 5626 immediate
3156 5550 3416 5626 scriptum
3458 5558 3579 5626 est,

1986 5620 2368 5701 qainquaginta
2413 5624 2604 5696 ﬁbulas
2633 5666 2646 5689 ,
2676 5632 2786 5701 etc_.
2824 5622 2936 5677 Nos
2961 5637 3167 5701 morem
3194 5620 3588 5701 Hiero_uymia-

1984 5691 2331 5756 num'secuti
2361 5742 2375 5765 ,
2413 5691 2638 5750 'tnutare
2684 5695 2944 5750 nolumus
2992 5695 3261 5765 librorum
3301 5691 3581 5765 editorum

1981 5772 2269 5841 lectiones,
2288 5762 2378 5828 ubi
2396 5768 2604 5824 nullum
2624 5778 2707 5825 est
2725 5767 2981 5823 damnum
3012 5764 3067 5820 in
3095 5762 3372 5822 sensibus.
3396 5762 3585 5819 MART.
