4044 6360
443 317 548 370 επὶ

1442 315 1498 367 s.
1545 309 1926 367 illbiiONYMl
1965 295 2195 363 mitur
2241 304 2715 364 uincientem.

3647 309 3758 367 9.76

441 441 650 508 anguiis
679 438 959 506 erigantur
986 435 1108 508 post
1131 443 1340 508 tergum
1377 433 1733 491 tabernaculi.
1761 431 2052 502 Eruntan
2077 437 2124 493 Α
2155 431 2403 486 totidem.
2438 432 2494 486 In
2537 443 2597 487 ea
2631 445 2738 502 quo
2759 447 2845 500 {ue
2867 433 2988 486 atrii
3024 431 3314 487 latitudine
3340 475 3354 500 ,
3382 447 3503 504 qua:
3534 435 3756 504 respicit

442 535 752 603 conjunctae
777 547 811 586 a
835 532 1086 588 deorsum
1132 532 1306 603 nsqtte‘
1333 541 1548 586 sursum
1575 571 1589 595 ,
1637 535 1692 584 et
1721 543 1823 583 una
1856 529 2048 582 omnes

442 633 712 698 compago
755 622 1034 681 retinebit.
1092 625 1310 680 Duabus
1351 628 1566 695 quoque
1598 621 1795 676 tabulis
1825 627 1944 692 qua:
1991 621 2046 675 iu‘

443 721 653 792 angulis
685 719 949 790 ponendae
978 729 1103 773 sunt
1134 760 1150 786 ,
1193 717 1384 772 similis
1417 719 1669 784 junctura
1710 714 2041 771 servabitur.

443 815 512 870 Et
540 824 700 869 erunt
726 805 890 868 simul
924 813 1122 868 tabul:c‘
1151 817 1273 865 octo
1305 853 1318 876 ,
1367 811 1461 864 bas
1483 825 1526 865 ~s
1555 817 1739 865 eamut
1772 815 2044 880 argentea:

438 907 676 964 sedecim
709 949 722 972 ,
757 905 971 961 duabus
1007 905 1226 959 hasibus
1256 915 1351 973 per
1383 917 1546 956 unam
1577 903 1812 956 tabulam
1844 909 2047 970 suppu-

435 1003 582 1056 tatis.
620 998 809 1054 Facies
841 1013 893 1053 et
921 1005 1100 1052 vectes
1136 997 1204 1052 de
1237 998 1396 1067 lignis
1430 998 1610 1050 ~~ctti'nr
1638 1039 1650 1062 ,
1705 995 1947 1066 quinque
1976 994 2042 1049 ad

439 1094 804 1151 continendas
848 1083 1055 1148 tabulas
1107 1091 1298 1146 inuno
1342 1091 1511 1144 latere
1564 1089 1941 1156 tabernaculi,
1993 1097 2046 1144 ct

437 1188 682 1259 quinque
709 1186 849 1240 alios
875 1185 928 1238 in
958 1185 1134 1240 altero
1159 1226 1174 1250 ,
1203 1192 1260 1238 et
1288 1182 1532 1252 ejusdem
1564 1197 1747 1238 numer
1765 1183 1784 1236 i~
1810 1183 1877 1236 ad
1903 1182 2046 1236 occi-

439 1279 710 1334 dentalem
739 1276 970 1348 plagam,
1005 1275 1096 1343 qui
1124 1276 1407 1329 mittentur
1435 1288 1532 1346 per
1550 1274 1757 1328 medias
1783 1274 1994 1328 tabulas
2015 1287 2046 1326 a

441 1384 659 1425 summo
698 1381 868 1439 usque
898 1367 963 1422 ad
1007 1379 1300 1422 sunnnum.
1335 1366 1403 1437 lp.
1427 1377 1595 1436 asque
1637 1366 1846 1420 tabulas
1873 1365 2042 1419 deau-

441 1466 612 1531 rabis,
638 1473 691 1519 et
711 1463 902 1519 [trudes
926 1465 978 1517 in
1001 1465 1080 1517 eis
1106 1462 1565 1524 annulosanreos,
1585 1475 1680 1530 per
1701 1473 1836 1531 quos
1861 1468 2044 1516 vectes

440 1562 677 1616 tabulata
712 1561 1056 1616 contineant:
1087 1571 1222 1628 quos
1250 1558 1468 1628 operies
1502 1557 1721 1612 laminis
1743 1556 1946 1611 aureis.
1977 1555 2041 1612 Et

436 1654 614 1726 erigas
665 1654 1071 1709 tabernaculum
1099 1652 1254 1719 juxta
1300 1652 1611 1719 echiplum
1647 1649 1789 1722 quod
1844 1649 1936 1706 tibi
1988 1650 2042 1704 in

438 1759 624 1803 monte
653 1755 1014 1800 monstratum
1047 1754 1151 1800 est.
1189 1743 1382 1800 Facies
1410 1753 1464 1800 et
1493 1745 1676 1800 velum
1706 1745 1777 1801 de
1817 1745 2044 1816 lyacin-

2150 523 2218 578 ad
2251 525 2568 588 Orientem,
2612 526 2996 596 quinquaginta
3028 525 3195 580 cubiti
3243 534 3421 581 erunt.
3472 526 3526 583 In
3555 529 3762 598 quibus

2150 617 2456 687 quindecim
2489 620 2794 672 ealritormn
2830 619 3062 673 te‘ntoi-ia
3094 619 3247 674 lateri
3277 631 3383 672 un‘o
3405 619 3756 689 tleputabtm-

2151 717 2258 775 tur,
2289 711 2668 781 colttmttthde
2695 721 2806 766 tres
2837 719 2892 766 et
2924 711 3081 768 trusos
3112 711 3338 767 totidem
3359 755 3374 779 ,
3406 724 3458 768 et
3491 713 3545 768 in
3579 707 3754 773 latere

2149 806 2326 858 altero
2355 810 2512 858 erunt
2545 804 2776 859 tentoria
2819 803 3034 859 cubitos
3061 803 3368 860 obtinentia
3397 805 3708 877 quindecim
3737 847 3754 874 ,

2149 897 2326 952 colum
2354 909 2414 949 23'
2446 901 2560 951 (res
2588 939 2601 960 ,
2651 903 2705 950 et
2752 895 2908 951 bases
2955 895 3203 952 totidem.
3260 896 3320 952 in
3358 898 3581 953 introitu
3623 913 3758 955 vero

2150 989 2274 1043 atrii
2309 991 2401 1044 tiet
2447 989 2742 1044 tentorium
2786 989 3096 1044 cubitorum
3131 989 3316 1060 viginti
3356 1003 3423 1046 ex
3456 991 3762 1063 hyacintho

2151 1089 2207 1136 ct
2234 1096 2467 1151 purpura
2499 1123 2513 1148 ,
2555 1093 2826 1153 coccoque
2856 1082 2944 1136 bis
2971 1083 3141 1140 tincto
3171 1127 3185 1153 ,
3219 1090 3275 1138 et
3301 1084 3464 1155 bysso
3505 1093 3752 1154 retorta,

2149 1189 2316 1246 opere
2347 1175 2596 1244 plumarii
2619 1176 2934 1230 :columnas
2958 1176 3176 1232 habebit
3201 1185 3432 1247 quatuor
3457 1189 3578 1234 cum
3611 1180 3762 1236 basis

2151 1268 2250 1323 bus
2284 1270 2528 1324 totidem.
2582 1267 2786 1326 Omnes
2835 1270 3110 1326 columna;l
3152 1271 3284 1327 atrii
3329 1281 3428 1343 per”
3467 1273 3755 1331 circuitum

2151 1371 2361 1425 \‘85lltte
2387 1383 2548 1425 erunt
2578 1370 2788 1440 argenti
2819 1369 3038 1426 laminis
3069 1412 3083 1434 ,
3141 1371 3414 1441 capitibus
3439 1371 3711 1442 argenteis
3735 1413 3753 1440 ,

2149 1475 2202 1521 et
2225 1465 2444 1521 basibus
2492 1467 2682 1522 a‘neis.
2736 1467 2791 1521 In
2840 1460 3176 1536 longitudine
3223 1459 3515 1538 occupabit
3555 1468 3754 1524 atrium

2149 1558 2361 1614 cubitos
2389 1567 2606 1614 centum
2635 1601 2649 1623 ,
2702 1557 2756 1614 in
2806 1559 3094 1614 latitudine
3134 1558 3527 1632 quinquaginta
3558 1555 3750 1634 [Vulg].

2149 1651 2551 1724 quadragintt],
2575 1650 2803 1708 altitudo
2835 1653 3080 1722 quinque
3106 1651 3413 1708 cubitorum
3445 1653 3566 1708 erit.
3600 1651 3750 1710 Fiet‘

2150 1761 2255 1814 que
2279 1743 2348 1801 de
2377 1746 2537 1818 bysso
2564 1753 2789 1814 retorta,
2814 1755 2868 1801 et
2900 1745 3116 1802 habebit
3141 1747 3297 1802 bases
3325 1759 3524 1804 mneas.
3546 1745 3754 1805 Cuncta

439 1840 557 1902 tbo,
581 1848 635 1893 ct
667 1851 902 1909 purpura
933 1851 1208 1908 coccoque
1235 1839 1315 1891 bis
1339 1837 1528 1904 liltCiO,
1553 1846 1608 1892 et
1631 1837 1796 1910 bYSSt)
1817 1845 2039 1904 retorta,
2081 1839 2123 1900 Β
2155 1855 2278 1896 vasa
2305 1842 2640 1898 tabernaculi
2668 1841 2720 1898 in
2747 1855 2937 1897 amnes
2969 1857 3100 1896 usus
3125 1852 3177 1897 et
3209 1843 3565 1898 cmremonias
3590 1886 3605 1911 ν
3641 1849 3751 1899 tam

441 1947 610 2003 opere
667 1933 936 2002 plumario
993 1941 1046 1985 et
1097 1931 1323 2001 pulchra
1380 1931 1644 1986 varietate
1696 1937 2044 1997 contextum,

439 2029 584 2097 quod
615 2027 894 2098 appen‘des
927 2037 1052 2081 ante
1080 2035 1316 2097 quatuor
1338 2027 1622 2082 Columnas
1643 2027 1712 2081 de
1751 2027 1912 2097 lignis
1935 2035 2044 2081 set-

438 2123 536 2176 tim
579 2138 702 2191 qua:
736 2124 864 2192 ipsa:
887 2121 1102 2192 quidem
1137 2121 1414 2176 deaurattc
1443 2127 1638 2186 erunt,
1673 2133 1725 2176 et
1769 2121 2044 2177 habebunt

436 2218 612 2286 capita
637 2232 800 2271 aurea
825 2257 839 2281 ,
873 2215 966 2269 sed
1002 2217 1162 2271 bases
1193 2223 1507 2285 argenteas.
1552 2214 1824 2270 Inseretur
1864 2225 2043 2268 autem

439 2311 616 2364 velum
653 2325 749 2380 per
772 2309 1053 2372 circulus,-
1112 2308 1249 2361 intra
1291 2307 1434 2377 quod
1484 2320 1655 2377 pones
1685 2321 1868 2361 arcam
1894 2306 2044 2360 testi-

440 2405 631 2469 m0nii,
657 2409 708 2456 ct
737 2417 844 2473 quo
864 2401 1244 2457 Sauctuarium
1282 2443 1294 2464 ,
1325 2406 1380 2455 et
1406 2399 1698 2454 sanctuarii
1730 2399 2041 2453 sanctuaria

437 2499 768 2553 dividentur.
788 2495 963 2550 Poues
986 2504 1036 2549 et
1063 2493 1498 2564 propitiatorium
1531 2501 1695 2561 super
1723 2503 1905 2546 arcam
1929 2497 2040 2544 tes-

442 2591 652 2645 timonii
714 2590 766 2644 in
827 2593 1018 2644 sancto
1071 2593 1420 2642 sanctorum:
1482 2597 1838 2655 mensamque
1889 2591 2042 2639 extra

440 2684 654 2746 wlmu,
701 2692 754 2737 et
800 2689 985 2737 contra
1037 2689 1277 2736 mellSaJt
1333 2679 1714 2735 candelabrum
1771 2679 1824 2732 in
1874 2676 2046 2732 latere

438 2772 776 2831 taliet-naeuli
808 2774 1146 2829 meridiano:
1198 2781 1386 2828 mensa
1430 2773 1572 2828 enim
1614 2771 1776 2825 stabit
1806 2771 1857 2824 in
1889 2779 2043 2840 parte

439 2868 744 2937 Aquilonis.
800 2865 990 2920 Facies
1025 2877 1077 2919 et
1127 2867 1422 2919 tentorium
1450 2863 1503 2918 In
1536 2864 1762 2918 introitu
1792 2865 2038 2918 taberna-

440 2963 548 3014 culi
578 2961 648 3016 de
681 2961 1001 3032 hyacintho,
1035 2972 1084 3014 et
1113 2971 1352 3028 purpura
1379 2999 1394 3025 ,
1426 2973 1467 3014 c-
1493 2970 1701 3029 ccoquc
1732 2956 1814 3011 bis
1847 2957 2040 3023 liueto,

439 3066 497 3109 et
529 3056 694 3125 bysso
724 3062 948 3120 retorta,
974 3067 1137 3122 opere
1170 3052 1452 3121 plumarm.
1485 3051 1804 3122 thuiuque
1833 3051 2042 3106 culum-

441 3161 540 3201 nas
594 3145 886 3202 deaurabis
915 3146 1183 3214 lignorum
1228 3146 1409 3200 settim
1441 3187 1452 3205 .
1490 3153 1616 3198 autc
1647 3158 1782 3214 quas
1809 3144 2040 3200 ducetur

435 3238 768 3294 tentorium:
824 3251 1048 3309 quarum
1089 3247 1247 3292 erunt
1297 3238 1472 3307 capita
1519 3251 1682 3292 aurea
1720 3278 1732 3299 .
1781 3248 1836 3293 et
1881 3239 2042 3293 bases
2069 3233 2112 3293 C

439 3346 628 3386 ωηεειξ.

513 3423 665 3496 [ϐαρ.
694 3422 934 3496 XXVIH
975 3422 1164 3477 Facies
1193 3423 1441 3477 etaltare
1491 3421 1560 3477 de
1612 3422 1776 3492 lignis
1816 3424 2037 3490 settim,

439 3515 583 3585 quod
612 3513 834 3570 habebit.
865 3515 1104 3586 quinque
1123 3514 1335 3570 Cubitus
1393 3516 1443 3569 in
1499 3515 1881 3586 luttgitutitline
1906 3559 1921 3584 ,
1987 3524 2048 3572 et

441 3613 663 3668 tetidem
701 3615 752 3666 in
781 3612 1061 3668 latitudine
1092 3645 1107 3677 ς
1133 3611 1183 3665 itI
1215 3623 1299 3666 est
1319 3651 1334 3677 ,
1355 3610 1642 3683 quadrum,
1668 3621 1720 3666 et
1754 3619 1862 3664 tres
1895 3611 2047 3667 cubiti

440 3715 527 3761 tos
558 3702 610 3760 in
638 3700 948 3760 altitudine.
975 3702 1192 3760 Cornua
1221 3713 1402 3758 mrtem
1436 3719 1530 3774 per
1557 3712 1790 3774 quatuor
1817 3703 2043 3772 angulos

441 3801 654 3871 exipso
681 3808 841 3855 erunt
874 3827 888 3866 ,
930 3808 984 3853 et
1023 3798 1238 3867 liperies
1291 3796 1423 3852 illud
1454 3811 1582 3851 tere.
1644 3795 1939 3868 Faciesque
1991 3797 2043 3853 in

447 3907 577 3948 usus
604 3893 724 3963 ejus
753 3892 957 3948 lebetes
988 3891 1053 3946 ad
1079 3891 1452 3960 suscipiendos
1483 3889 1715 3959 cineres,
1736 3899 1788 3944 et
1809 3891 2046 3959 forcipes

442 3993 608 4054 atque
640 3983 936 4039 fuscinulas
962 3991 1016 4038 et
1039 3981 1240 4052 ignium
1275 3981 1633 4051 receptacula.
1691 3980 1882 4036 Omnia
1918 3995 2042 4036 vasa

441 4095 510 4135 ex
559 4093 667 4133 ture
700 4078 1008 4133 fabricahis.
1065 4068 1501 4146 Craticulamque
1553 4076 1607 4130 in
1642 4076 1859 4132 modmu
1913 4075 2045 4131 retia

445 4187 690 4230 aeneam:
742 4189 837 4243 per
864 4174 1017 4244 cujus
1064 4183 1300 4243 quatuor
1329 4174 1557 4242 angulos
1603 4181 1764 4225 erunt
1812 4176 2047 4241 quatuor

443 4264 632 4320 annttli
665 4266 794 4320 terei
823 4262 1014 4337 [Vulg].
1052 4262 1237 4334 amei],
1268 4278 1404 4331 quos
1429 4276 1598 4333 puncs
1616 4261 1804 4318 subter
1833 4262 2044 4317 arulam

441 4363 653 4419 altaris.
689 4359 913 4432 Eriique
939 4362 1196 4417 craticula
1233 4375 1404 4430 usque
1436 4359 1502 4413 ad
1551 4359 1732 4414 altaris
1781 4358 2042 4414 medium.

441 4455 633 4512 Facies
664 4463 723 4511 et
743 4463 924 4511 veCtes
953 4453 1142 4509 altaris
1191 4453 1377 4526 [Vulg];
1404 4462 1503 4506 lac.
1540 4451 1749 4524 altaris]
1790 4452 1856 4507 tle
1888 4452 2048 4522 lignis

440 4551 624 4606 scttim
655 4549 791 4605 duos
818 4581 834 4617 ~,
861 4561 996 4620 quos
1022 4555 1238 4619 apertos
1267 4547 1483 4602 laminis
1508 4549 1676 4602 trucis
1699 4587 1714 4610 ,
1747 4555 1801 4601 et
1824 4547 2047 4604 induces

2148 1933 2376 2004 paxillus
2428 1936 2548 2005 ejus
2596 1947 2758 1998 quam
2808 1935 2952 2001 atrii,
3001 1952 3065 1991 ex
3092 1952 3199 1991 me
3250 1935 3437 1992 iacies.
3473 1931 3555 2008 (C.
3591 1935 3756 2011 (ΝΜ

2147 2028 2388 2099 Ρτςιιςὶρε
2419 2029 2542 2085 Iiliis
2587 2028 2746 2085 lsrael
2781 2040 2838 2084 ut
2866 2027 3094 2086 aﬂ‘crant
3128 2031 3220 2086 tibi
3269 2029 3450 2086 oleum
3482 2030 3550 2087 de
3589 2031 3751 2086 arbo-

2147 2121 2299 2176 ribus
2330 2123 2599 2177 ulivorum
2637 2124 2987 2193 purissimum
3023 2165 3037 2189 ,
3072 2123 3290 2192 piloque
3335 2133 3620 2179 contusum
3647 2167 3662 2192 ,
3693 2132 3753 2180 ut

2145 2215 2336 2270 artieat
2356 2216 2575 2271 lucerna
2599 2223 2818 2287 setnpcr
2838 2218 2890 2271 in
2909 2216 3255 2273 tabernaculo
3280 2217 3752 2284 tcStimonii,extra‘

2144 2307 2323 2362 velum
2345 2308 2489 2376 quod
2518 2319 2820 2380 oppansum
2851 2320 2934 2364 est
2959 2309 3290 2364 testimonio.
3320 2309 3384 2365 Et
3406 2306 3752 2367 collocabunt

2144 2417 2264 2456 eam
2296 2406 2474 2457 Aaron
2505 2413 2559 2458 et
2586 2402 2680 2457 lilii
2703 2405 2844 2473 ejus,
2881 2415 2936 2457 ut
2965 2417 3138 2474 usque
3168 2418 3326 2459 mane
3356 2403 3535 2459 luceat
3566 2417 3751 2460 coram

2146 2497 2707 2569 Ilotnino.Pcrpetuus
2722 2499 2827 2554 erit
2841 2499 3018 2554 cultus
3043 2511 3140 2570 per
3161 2498 3544 2554 successiones
3561 2508 3752 2556 eorum

2143 2606 2172 2644 a
2207 2591 2237 2644 Il
2248 2591 2330 2646 liis
2360 2591 2549 2666 lsrael.

2217 2681 2300 2758 [(3.
2333 2685 2503 2751 CVII,
2537 2685 2667 2756 Cap.
2715 2681 2978 2760 XXVII”
3030 2685 3252 2756 Applica
3309 2699 3522 2758 quoque
3579 2686 3646 2741 ad
3699 2691 3754 2743 te

2145 2778 2323 2833 Aaron
2348 2777 2571 2833 fratrem
2606 2792 2754 2834 tuum
2781 2787 2904 2834 cum
2933 2779 3059 2834 [iliis
3088 2779 3200 2834 suis
3223 2779 3291 2834 de
3309 2780 3489 2835 medio
3516 2775 3752 2837 liliorum

2146 2872 2332 2940 Israel,
2364 2882 2424 2927 ut
2451 2873 2763 2928 sacerdotio
2795 2872 3090 2943 {irrigantur
3120 2873 3282 2928 mihi:
3309 2872 3508 2940 Aaron,
3540 2873 3747 2945 Nadab,

2145 2975 2198 3020 et
2229 2965 2405 3034 Abiit,
2438 2966 2658 3022 Eleazar
2688 3008 2701 3032 ,
2730 2977 2781 3022 et
2803 2966 3058 3022 Ithamar.
3091 2965 3176 3040 lC.
3208 2965 3417 3041 CVIII.]
3449 2964 3754 3041 Faciesque

2145 3067 2349 3114 vestem
2379 3070 2617 3115 sanctam
2655 3063 2828 3115 Aaron
2866 3060 3014 3116 fratri
3049 3070 3144 3118 tuo
3175 3062 3226 3116 in
3246 3061 3474 3132 gloriam
3499 3073 3553 3118 et
3580 3062 3750 3119 deco-

2145 3167 2280 3208 rem.
2316 3152 2385 3207 Et
2435 3153 2675 3224 loqueris
2714 3156 2926 3209 cunctis
2975 3154 3313 3224 sapientibus
3355 3155 3521 3212 corde
3552 3197 3568 3224 ,
3614 3169 3753 3227 quos

2148 3247 2355 3316 repleri
2385 3248 2574 3318 spiritu
2610 3247 2910 3317 prtnlentia
2935 3289 2951 3316 ,
2999 3259 3055 3303 ut
3082 3248 3280 3304 iaciant
3312 3259 3491 3305 vcstes
3516 3245 3700 3304 Aaron
3731 3291 3748 3318 ,

2149 3340 2201 3393 in
2224 3339 2417 3410 quibus
2447 3341 2824 3394 sanctiticatus
2851 3339 3120 3396 ministret
3152 3341 3302 3396 mihi.
3336 3337 3600 3414 [C.CIX.]
3628 3339 3752 3399 Ilico

2147 3444 2326 3490 autem
2357 3443 2514 3490 erunt
2546 3435 2869 3490 vet-nimenta
2902 3449 3020 3505 quae
3051 3434 3276 3490 facient:
3325 3435 3609 3490 Rationale
3637 3479 3650 3501 ,
3697 3435 3752 3492 et

2147 3527 2613 3598 superhutnerale,
2644 3530 2879 3583 tunicam
2907 3537 2962 3584 et
2988 3528 3190 3585 lineam
3215 3529 3480 3596 strictam,
3522 3521 3750 3585 Cidarim

2147 3634 2200 3678 et
2229 3623 2486 3678 balteum.
2535 3623 2754 3677 Facient
2783 3623 3106 3678 vestimenta
3146 3627 3330 3678 sancta
3361 3623 3545 3678 Aaron
3593 3615 3752 3678 fratri

2149 3727 2238 3772 tuo
2271 3730 2322 3774 et
2357 3715 2480 3772 Iiiiis
2507 3717 2647 3788 ejus,
2682 3717 3065 3774 utsacerdotio
3097 3717 3386 3789 iungantur
3417 3715 3568 3772 mihi.
3595 3716 3753 3774 Acci-

2147 3813 2409 3884 pientque
2437 3827 2649 3873 aurum,
2678 3823 2731 3867 et
2753 3811 3103 3884 hyacinlhum
3132 3854 3146 3876 ,
3180 3823 3233 3868 et
3262 3821 3580 3883 purpuram,
3623 3821 3754 3869 ρος-ι

2147 3921 2379 3976 cumque
2396 3906 2479 3960 bis
2507 3905 2750 3970 tinctum,
2768 3911 2825 3961 et
2848 3905 3090 3978 byssutu.
3110 3905 3334 3961 Facient
3359 3903 3537 3961 autem
3563 3919 3754 3974 super-

2150 3999 2429 4054 humerale
2454 3999 2523 4054 de
2549 4014 2682 4054 auro
2707 4011 2759 4054 et
2784 3999 3080 4072 hyacintho
3110 4013 3175 4055 ac
3202 4007 3460 4068 purpura,
3478 4013 3754 4071 coccoque

2148 4093 2228 4147 his
2262 4093 2428 4148 tincto
2455 4137 2468 4160 ,
2499 4103 2550 4148 et
2582 4093 2745 4165 bysso
2780 4103 2981 4148 retorta
3019 4134 3034 4156 ,
3067 4101 3234 4162 opere
3267 4091 3548 4164 polymita.
3609 4091 3752 4146 [tuas

2147 4203 2269 4244 oras
2289 4188 2506 4257 junctas
2538 4187 2762 4244 habebit
2791 4187 2842 4242 in
2869 4195 3099 4257 utroque
3132 4187 3302 4242 latere
3323 4186 3697 4240 sumtuitatum
3731 4227 3748 4251 ,

2148 4281 2278 4335 utin
2303 4295 2469 4334 unum
2501 4280 2744 4335 redeant.
2765 4278 2990 4350 Ipsaque
3014 4285 3229 4335 textura
3264 4287 3318 4333 ct
3347 4289 3540 4333 cuncta
3568 4277 3752 4347 operis

2147 4374 2500 4430 varietaserit
2521 4387 2586 4429 ex
2616 4389 2769 4437 auro,
2803 4382 2856 4429 et
2887 4372 3204 4444 hyacintho,
3235 4379 3291 4427 et
3325 4380 3586 4443 purpura,
3623 4387 3753 4427 cuca

2148 4484 2321 4540 coque
2357 4469 2436 4523 bis
2467 4469 2654 4534 tincto,
2699 4476 2750 4524 et
2795 4467 2957 4538 bysso
3004 4475 3229 4523 retorta.
3271 4467 3574 4538 Sumesque
3615 4467 3754 4523 duos

2152 4562 2355 4633 lapides
2377 4561 2682 4634 onychinos
2705 4603 2720 4627 ,
2751 4571 2805 4617 et
2835 4561 3056 4632 sculpes
3081 4561 3133 4615 in
3163 4559 3245 4616 eis
3268 4560 3487 4614 nomina
3517 4559 3751 4616 liliorum

441 4657 544 4714 per
563 4643 839 4706 circulos,
893 4649 1160 4712 eruntque
1185 4655 1249 4695 ex
1281 4650 1512 4712 utroque
1555 4641 1724 4695 latere
1763 4638 1948 4694 altaris
1977 4636 2044 4693 ad

2151 4657 2313 4713 Israel
2339 4675 2350 4710 :
2375 4671 2468 4712 sex
2491 4655 2708 4711 nomina
2741 4657 2791 4710 in
2822 4653 3004 4726 lapide
3033 4669 3142 4710 uno
3169 4696 3182 4719 ,
3225 4663 3281 4710 et
3319 4665 3414 4709 sex
3447 4654 3652 4723 reliqua
3699 4654 3752 4710 in

444 4737 795 4808 portandum.
826 4735 942 4791 Non
974 4734 1227 4801 solidum,
1256 4735 1348 4790 sed
1370 4735 1530 4790 inane
1556 4745 1608 4789 et
1635 4749 1822 4789 cavum
1850 4732 2045 4787 intrin-

445 4842 606 4886 secus
634 4829 802 4884 t'acies
831 4822 965 4884 illud
994 4867 1008 4894 ,
1068 4828 1206 4882 sicut
1234 4827 1330 4882 tibi
1375 4827 1429 4882 in
1462 4836 1642 4882 monte
1683 4834 2044 4880 monstratum

443 4939 550 4984 est.
604 4926 795 4983 Facies
851 4934 905 4982 et
933 4925 1128 4982 atrium
1180 4923 1509 4981 tabernaculi
1539 4967 1552 4989 ,
1607 4924 1660 4980 in
1701 4925 1856 4995 cujus
1890 4923 2044 4996 plaga

445 5020 668 5076 australi
710 5027 901 5075 contra
960 5018 1243 5075 meridiem
1300 5025 1462 5072 erunt
1503 5018 1731 5072 tentoria
1766 5016 1836 5072 de
1883 5015 2046 5088 bysso

442 5123 680 5171 retorta:
712 5121 930 5169 centum
953 5113 1165 5169 cubitos
1198 5128 1364 5168 unum
1389 5112 1528 5166 latus
1557 5111 1764 5166 tenebit
1787 5110 1837 5164 in
1862 5109 2038 5179 longi-

439 5209 648 5264 tudine.
703 5207 768 5263 Et
801 5206 1085 5262 columnas
1129 5204 1322 5276 viginti
1360 5213 1482 5260 cum
1533 5199 1755 5258 itaslbus
1808 5201 2038 5257 totidem

443 5302 656 5364 aeneis,
701 5309 822 5370 qua)
873 5301 1048 5370 capita
1106 5303 1228 5354 cum
1275 5285 1546 5354 cmlaturis
1599 5295 1712 5352 suis
1769 5291 2046 5352 habebunt

447 5402 730 5466 argentea.
784 5394 1048 5450 Similiter
1083 5393 1138 5446 in
1167 5393 1336 5448 latere
1367 5390 1652 5462 Aquilonis
1686 5406 1779 5461 per
1824 5387 2042 5461 longum

444 5491 607 5543 erunt
646 5484 874 5542 tentoria
901 5493 1120 5541 centum
1151 5484 1462 5540 cubitorum
1497 5515 1511 5548 -,
1540 5486 1806 5539 columna}
1829 5482 2043 5551 viginti,

444 5589 500 5634 et
525 5573 680 5634 bases
708 5591 871 5632 tenete
893 5575 1134 5647 ejusdem
1161 5576 1398 5642 numeri,
1431 5577 1482 5631 et
1506 5577 1682 5646 capita
1711 5587 1894 5630 earnm
1921 5587 2044 5630 cum

446 5663 718 5726 ctelaturis
764 5671 875 5726 suis
922 5681 1201 5741 argentea.
1260 5668 1313 5725 lu
1363 5667 1646 5726 latitudine
1695 5687 1821 5726 vero
1871 5671 2043 5740 atrii,

445 5765 588 5834 quod
637 5764 862 5835 respicit
908 5763 974 5820 ad
1024 5765 1403 5833 Occidentem,
1454 5775 1616 5820 erunt
1663 5767 1896 5822 tentoria
1949 5782 2044 5837 per

445 5857 830 5930 quinquaginta
855 5857 1073 5915 cubitos
1102 5901 1115 5927 ,
1141 5869 1194 5917 et
1220 5859 1487 5917 columna:
1511 5859 1697 5916 decem
1726 5903 1740 5930 ,
1778 5861 2043 5933 basesque

2152 4750 2350 4816 altero,
2377 4749 2530 4819 juxta
2561 4747 2807 4804 ordinem
2835 4745 3131 4804 nativitatis
3163 4753 3372 4801 eorum.
3407 4744 3584 4815 Opere
3610 4745 3755 4800 scul-

2154 4842 2324 4912 pturis
2345 4850 2400 4896 et
2427 4841 2684 4897 eiciatur:
2730 4838 3011 4910 geminarii
3057 4837 3272 4907 sculpes
3315 4852 3410 4893 eos
3440 4836 3753 4894 nominibus

2151 4936 2381 4990 liliorum
2412 4933 2574 4990 Israel
2603 4978 2617 5003 ,
2643 4933 2884 4988 inclusos
2907 4939 3042 4987 auro
3072 4941 3234 5001 atque
3261 4930 3631 4988 circumdatos
3657 4947 3670 4986 :
3698 4931 3754 4988 et

2151 5033 2319 5098 pones
2352 5028 2404 5083 in
2439 5037 2672 5099 utroque
2697 5026 2870 5081 latere
2899 5024 3391 5095 superhumeraiis,
3431 5023 3756 5080 memoriale

2147 5122 2276 5180 ﬁliis
2307 5122 2492 5177 Israel.
2521 5120 2876 5191 Portabitque
2905 5124 3082 5174 Aaron
3111 5118 3330 5173 nomina
3354 5132 3545 5174 eorum
3569 5132 3754 5173 coram

2148 5215 2380 5270 Domino
2397 5223 2559 5283 super
2578 5219 2866 5283 utrumque
2884 5211 3193 5278 humerum,
3209 5209 3279 5265 ob
3297 5209 3752 5266 recordationem.

2148 5304 2336 5363 Facies
2358 5301 2660 5363 etuncinos
2688 5321 2754 5360 ex
2787 5311 2920 5360 auro
2948 5345 2962 5370 ,
3019 5307 3076 5359 et
3122 5293 3256 5357 duas
3301 5301 3585 5358 catenulas
3637 5297 3757 5357 auri

2150 5402 2425 5471 purissimi
2476 5400 2580 5455 sibi
2641 5401 2874 5456 invicem
2935 5397 3324 5464 cohtrrentes,
3376 5413 3510 5466 quas
3543 5397 3756 5452 inseres

2156 5495 2387 5549 uncinis.
2415 5493 2707 5549 Rationale
2731 5505 2948 5563 quoque
2984 5489 3177 5560 judicii
3211 5487 3378 5544 facies
3412 5499 3578 5558 opere
3603 5487 3758 5559 poly-

2155 5589 2287 5643 mito
2308 5589 2464 5657 juxta
2496 5591 2772 5642 texturam
2801 5581 3298 5654 superhdmeralis,
3329 5595 3396 5636 ex
3427 5591 3583 5646 auro,
3617 5575 3752 5651 hya-

2151 5681 2336 5739 cintho
2361 5722 2375 5743 .
2406 5693 2459 5738 et
2487 5697 2724 5754 purpura
2753 5720 2767 5745 ,
2816 5692 3092 5750 coccoque
3115 5669 3200 5731 bis
3231 5675 3400 5730 tincto
3427 5715 3442 5741 ,
3491 5682 3543 5730 et
3589 5671 3758 5744 bysso

2151 5777 2376 5830 retorta.
2425 5771 2868 5843 Quadranguium
2914 5770 3020 5824 erit
3051 5780 3107 5825 et
3149 5767 3390 5839 duplex:
3443 5779 3757 5822 mensuram

2152 5863 2316 5937 palliii
2347 5862 2568 5922 habebit
2596 5867 2706 5919 tam
2729 5863 2783 5918 in
2803 5859 3143 5934 longitudine
3165 5867 3329 5933 quam
3358 5860 3412 5916 in
3440 5857 3755 5916 latitudines
