4044 6360
270 270 361 324 277
827 301 848 340 ς

1661 271 1878 336 LIBER,
1909 272 2139 336 EXODI.
2183 311 2186 316 -

3431 276 3539 334 278

269 397 290 421 ιι
320 385 597 453 Punesque
626 385 676 440 in
706 401 770 440 eo
797 394 1025 457 quatuor
1047 385 1269 446 ordines
1298 387 1565 458 lapidum;
1592 389 1644 454 in
1677 390 1850 457 primo
1877 391 1927 452 Α
1956 388 2048 452 ﬁlii
2081 389 2244 444 Israel
2275 432 2286 455 ,
2343 391 2392 451 in
2436 395 2646 448 cunctis
2699 396 3016 466 muneribus
3051 404 3106 450 et
3136 394 3380 462 donariis.
3404 395 3540 450 suis.

267 493 413 534 versu
437 479 548 538 erit~
577 479 712 550 lapis
741 479 976 546 sardius.
1012 491 1064 537 et
1096 483 1365 552 topazius,
1400 494 1448 538 et
1484 483 1797 554 sntaragdus
1831 501 1845 538 :

264 573 310 627 in
329 571 563 626 secundo
587 572 968 640 carbunculus,
1005 573 1312 651 sapphirus,
1339 587 1393 631 et
1419 574 1620 645 iaspis:
1655 574 1708 630 in
1734 583 1844 630 ter.-

264 666 328 719 tio
353 663 606 734 ligni-ius,
638 665 874 733 achates,
907 679 959 724 et
986 669 1351 740 amethystus:
1380 669 1435 730 in
1465 679 1659 739 quarto
1686 670 1846 740 chry-

261 755 512 828 solytltus,
538 758 876 831 onychinus,
903 768 959 816 et
988 761 1263 833 beryllus.
1290 760 1490 818 Inclusi
1520 778 1655 827 auro
1686 769 1848 828 erunt

259 865 343 929 per
394 849 636 906 ordines
680 868 828 907 suos.
888 853 1281 926 Habebuntque
1337 854 1553 913 nomina
1611 854 1842 911 ﬁliorum

259 941 442 998 Israel:
499 943 789 1000 duodecim
847 947 1165 1008 nominibus
1216 949 1589 1015 etelabuntur,
1649 948 1843 1020 singqu

257 1035 451 1106 lapides
479 1039 799 1094 nominibus
821 1040 1158 1115 singulorum
1195 1060 1290 1114 per
1320 1044 1607 1100 duodecim
1644 1045 1841 1106 tribus.

259 1129 434 1186 Facies
463 1133 515 1186 in
550 1131 828 1190 Rationali
849 1144 1070 1193 catenas
1099 1137 1201 1192 sibi
1242 1138 1471 1194 invicem
1501 1140 1845 1198 cohaarentes

258 1240 312 1280 ex
352 1240 484 1280 auro
512 1228 841 1296 purissimo:
887 1239 940 1286 et
966 1229 1106 1286 duos
1151 1232 1382 1286 annulos
1420 1247 1614 1287 aureos
1641 1273 1658 1296 ,
1708 1248 1845 1305 quos

256 1336 411 1393 pones
439 1321 493 1376 in
525 1335 762 1392 utraque
796 1323 1093 1380 Rationalis
1120 1326 1470 1382 summitate:
1519 1339 1846 1397 catenasque

254 1429 430 1469 aureas
455 1413 662 1486 junges
688 1418 928 1485 annulis,
960 1417 1049 1488 qui
1071 1427 1196 1473 sunt
1227 1416 1282 1473 in
1314 1418 1650 1490 marginibus
1679 1420 1796 1490 ejus
1825 1461 1842 1488 ,

253 1515 298 1560 ct
341 1505 582 1574 ipsarum
631 1515 947 1569 catenarum
1003 1520 1252 1574 extrema
1296 1509 1510 1567 duobus
1564 1511 1844 1582 copulabis

254 1596 447 1652 uncinis
478 1595 535 1651 in
572 1607 812 1668 utroque
839 1600 1010 1656 latere
1042 1603 1505 1672 superbumeralis
1545 1603 1687 1674 quod
1735 1603 1846 1668 Ra-

217 1703 226 1711 ’
255 1689 434 1742 tionale
463 1690 717 1760 reSpicit.
750 1691 937 1752 Facies
963 1703 1013 1748 et
1041 1694 1176 1748 duos
1198 1695 1430 1752 annulus
1462 1712 1678 1766 aur-eos,
1708 1713 1843 1768 quos

253 1793 405 1848 pones
436 1777 492 1836 in
524 1782 937 1839 summitatibus
967 1783 1274 1840 Rationalis
1303 1825 1346 1865 ,_
1380 1785 1431 1840 in
1463 1785 1574 1842 oris
1607 1829 1622 1852 ,
1663 1803 1782 1858 quae
1815 1804 1845 1845 e
1875 1782 1926 1850 Β

254 1875 460 1946 regione
489 1885 628 1931 sunt
653 1878 1139 1949 superbutneralis,
1161 1891 1214 1936 et
1233 1883 1544 1951 posteriora
1565 1882 1681 1952 ejus
1706 1883 1846 1954 aspi-

253 1970 406 2026 ciunt.
438 1969 554 2027 Nec
589 1988 701 2028 non
745 1983 801 2029 et
853 1975 991 2030 alios
1034 1977 1171 2032 duos
1211 1978 1443 2034 aunulos
1475 1994 1669 2034 aureos
1703 2022 1717 2045 ,
1752 1979 1842 2049 qui

256 2063 468 2132 ponendi
495 2068 710 2122 suntin
745 2079 976 2142 utroque
999 2069 1167 2126 latere
1195 2073 1662 2139 superbumeralis
1687 2072 1847 2130 dcor-

254 2172 376 2223 sum,
396 2159 542 2230 quod
571 2162 800 2231 respicit
827 2176 1016 2218 contra
1042 2163 1228 2218 faciem
1255 2165 1524 2234 junctura:
1549 2165 1842 2235 inferioris,

255 2259 302 2303 ut
325 2249 489 2318 aptari
539 2251 719 2320 possit
751 2267 872 2306 cum
924 2253 1352 2324 superltumerali
1380 2296 1393 2319 ,
1444 2265 1501 2309 et
1546 2254 1846 2324 stringatur

257 2341 516 2398 Rationale
539 2345 765 2399 annttlis
793 2345 909 2401 suis
935 2361 1055 2401 cum
1087 2347 1339 2402 annualis
1375 2347 1844 2416 superltumeralis

258 2439 371 2491 vitta
404 2438 791 2509 hyacinthina,
827 2451 883 2496 ut
915 2452 1130 2496 maneat
1158 2441 1412 2512 junctura
1438 2440 1760 2508 fabrefacta,
1790 2452 1844 2496 et

255 2544 348 2585 ase
376 2529 619 2587 invicem
666 2532 956 2590 Rationale
1001 2544 1053 2589 et
1091 2533 1536 2605 superhumerale
1575 2543 1846 2606 nequeant

256 2625 496 2693 separari.
541 2624 906 2697 Portabitque
938 2629 1116 2682 Aaron
1160 2629 1376 2682 nomina
1409 2626 1642 2681 ﬁliorum
1677 2626 1842 2684 Israel

257 2717 577 2774 inltationali
609 2719 801 2788 judicii
834 2734 998 2790 super
1023 2733 1400 2790 peetussuum,
1421 2720 1637 2791 quando
1664 2721 1844 2790 ingre-

256 2813 408 2866 dietur
437 2813 857 2881 sanctuarinm,
899 2815 1216 2870 memoriale
1265 2829 1450 2870 coram
1507 2815 1736 2868 Domino
1786 2813 1842 2884 in

256 2913 517 2960 :rternum.
564 2905 749 2962 Poncs
787 2917 975 2962 autem
995 2907 1046 2961 in
1093 2906 1363 2961 Rationali
1401 2907 1588 2976 judicii
1642 2906 1842 2962 doctri-

260 3013 360 3053 nam
398 3008 451 3054 et
497 3001 799 3056 veritatem
826 3043 841 3068 ,
883 3017 1004 3071 quae
1039 3013 1202 3058 erunt
1250 3002 1301 3055 in
1349 3012 1566 3072 pectore
1615 3003 1795 3055 Aaron
1822 3043 1837 3068 ,

258 3093 447 3161 quando
475 3093 824 3163 ingredietur
854 3110 1040 3152 coram
1073 3096 1328 3156 Domino:
1357 3109 1410 3152 et
1436 3097 1671 3167 gestabit
1696 3098 1841 3165 judi-

1950 481 2060 537 Erit
2093 494 2271 542 autem
2306 486 2500 546 lamina
2535 502 2752 558 semper
2775 490 2827 546 in
2863 488 3040 543 fronte
3068 487 3184 558 ejus
3211 529 3224 553 ,
3258 497 3320 554 ui.
3360 487 3537 557 Placa-

1950 584 2036 629 tus
2061 575 2139 631 eis
2165 577 2235 632 sit
2267 579 2543 636 Dominus.
2596 583 2950 653 Stringcsque
2991 581 3225 646 tunicam
3254 581 3418 652 bysso
3447 623 3461 647 ,
3493 589 3549 640 et

1949 670 2138 726 tiaram
2172 672 2444 743 byssinam
2480 674 2644 730 facies
2675 718 2690 740 ,
2723 685 2778 732 et
2803 677 3038 754 balteum
3072 690 3240 746 opere
3265 673 3540 746 plumarii.

1948 760 2120 817 Porro
2144 764 2268 818 filiis
2298 769 2476 830 Aaron
2508 767 2722 834 tunicas
2751 769 2920 830 lineas
2952 768 3172 838 parabis
3201 813 3214 836 ,
3251 774 3308 830 et
3338 766 3549 822 balteos

1947 869 2011 910 ac
2033 855 2218 924 tiaras,
2235 856 2286 914 in
2313 859 2542 929 gloriam
2565 861 2910 930 etdecorem:
2939 861 3244 930 vestiesque
3268 858 3352 914 bis
3377 858 3546 924 omni-

1949 945 2047 1001 bus
2101 949 2280 1004 AarOn
2330 951 2552 1007 fratrem
2603 962 2751 1007 tuum
2781 963 2832 1008 et
2865 952 3006 1009 ﬁlios
3033 951 3152 1022 ejus
3177 966 3299 1006 cum
3333 965 3419 1006 eo.
3480 950 3550 1020 Et

1947 1051 2265 1099 cunctorunt
2291 1047 2640 1106 consecrabis
2663 1044 3380 1124 manus,.sanctiﬁcabisque
3400 1043 3547 1112 illos,

1947 1145 2006 1204 ut
2053 1137 2361 1196 sacerdOtio
2413 1139 2702 1210 fungantur
2748 1141 2903 1196 mihi.
2937 1139 3126 1204 Facies
3172 1148 3227 1194 et
3276 1137 3548 1194 ieminalia

1947 1229 2086 1285 linea
2114 1273 2128 1296 ,
2164 1239 2221 1285 nt
2249 1233 2502 1302 operiant
2527 1249 2746 1300 carnem
2779 1233 3126 1304 turpitudinis
3153 1247 3266 1287 suae
3293 1274 3308 1297 ,
3337 1248 3366 1285 a
3399 1231 3551 1286 reni-

1947 1322 2050 1378 bus
2097 1338 2265 1394 usque
2292 1324 2360 1378 ad
2406 1325 2632 1384 femina:
2678 1332 2734 1384 et
2779 1334 3004 1380 utentur
3028 1325 3107 1380 eis
3151 1321 3330 1380 Aaron
3361 1328 3419 1377 et
3450 1320 3548 1396 lilii

1947 1415 2064 1484 ejus
2095 1415 2313 1485 quando
2341 1417 2714 1488 ingrcdientur
2743 1418 3152 1490 tabernaculum
3205 1415 3501 1472 testimonii
3530 1456 3546 1481 ,

1949 1509 2029 1564 vel
2061 1509 2276 1578 quando
2307 1511 2747 1581 appropinquant
2771 1509 2836 1564 ad
2862 1510 3033 1564 altare
3061 1517 3119 1562 ttt
3148 1508 3458 1563 ministrent
3491 1506 3544 1560 in

1948 1601 2256 1657 sanctuario
2288 1643 2303 1668 ,
2333 1619 2401 1657 ne
2432 1603 2729 1674 iniquitatis
2763 1603 2839 1658 rei
2865 1604 3181 1657 moriantur.
3217 1600 3544 1671 Legitimum

1949 1696 2342 1767 sempiternum
2373 1698 2476 1752 erit
2518 1698 2700 1752 Aaron
2729 1739 2742 1762 ,
2778 1709 2830 1754 et
2859 1697 3053 1752 semini
3087 1694 3205 1765 ejus
3248 1704 3369 1764 post
3396 1708 3544 1748 eum.

2022 1786 2127 1857 lB.
2187 1786 2364 1853 XVII,
2403 1789 2464 1842 (1.
2515 1788 2608 1844 CX
2639 1831 2654 1855 ,
2707 1785 2837 1862 Cap.
2895 1785 3137 1858 XXIX]
3183 1784 3290 1842 Sed
3339 1795 3396 1840 et
3444 1783 3552 1840 hoc

1950 1879 2114 1936 facies
2141 1923 2154 1944 ,
2192 1891 2249 1934 ut
2275 1881 2405 1936 mihi
2432 1883 2484 1936 in
2512 1882 2880 1948 sacerdotium
2915 1890 3336 1936 consecrentur.
3397 1876 3550 1934 Tolle

1950 1978 2174 2033 vitulunt
2229 1978 2298 2034 de
2357 1992 2644 2046 armento,
2687 1987 2744 2034 et
2783 1979 2983 2034 arietes
3040 1977 3178 2034 duos
3233 1974 3550 2032 immacula-

1951 2082 2053 2137 tos,
2088 2087 2367 2144 panesque
2399 2089 2636 2144 azymos,
2669 2082 2724 2128 et
2751 2073 2990 2128 crustula
3025 2072 3229 2143 absque
3255 2070 3546 2134 fermento,

1947 2182 2066 2239 quae
2114 2183 2409 2237 conspersa
2460 2169 2570 2223 sint
2612 2169 2767 2232 oleo,
2833 2161 3281 2240 lagana’quoque
3348 2178 3537 2236 azyma

1947 2261 2068 2316 oleo
2109 2261 2198 2315 lita
2227 2280 2238 2316 :
2269 2261 2337 2318 de
2362 2263 2540 2317 simila
2573 2262 2787 2316 triticea
2818 2272 3012 2317 cuncta
3046 2260 3231 2316 facies.
3266 2261 3323 2313 Et
3371 2258 3544 2328 posita

1949 2355 1998 2407 in
2031 2352 2268 2410 canistro
2300 2353 2500 2410 offeres
2526 2373 2538 2408 :
2566 2355 2791 2410 vitulum
2830 2363 3008 2409 autem
3053 2363 3108 2410 et
3137 2354 3273 2410 duos
3322 2352 3543 2420 arietes,

1947 2454 2004 2499 et
2034 2445 2212 2500 Aaron
2245 2461 2307 2502 ac
2340 2446 2482 2502 filios
2523 2447 2642 2518 ejus
2669 2447 2973 2518 appIICithS
3003 2446 3069 2502 ad
3097 2446 3333 2501 hostium
3369 2443 3548 2500 taber-

1949 2540 2129 2594 naculi
2163 2540 2479 2596 testimonii.
2507 2539 2749 2611 Cumque
2788 2542 2986 2596 laveris
3016 2551 3228 2611 patrem
3272 2555 3394 2594 cum
3420 2538 3549 2593 ﬁliis

1949 2629 2137 2704 [Vulg.
2167 2629 2295 2685 add.
2329 2631 2464 2703 suis]
2515 2649 2651 2702 aqua
2676 2674 2690 2700 ,
2750 2633 2941 2688 indues
2993 2633 3174 2688 Aaron
3211 2632 3549 2686 vestimentis

1948 2725 2082 2791 suis,
2115 2725 2165 2779 id
2191 2736 2294 2794 est,
2332 2725 2480 2780 linea
2512 2737 2567 2788 et
2594 2727 2794 2796 tunica,
2823 2726 3331 2803 etsuperbumerali
3357 2723 3547 2799 etBa-

1950 2818 2157 2887 tionali,
2190 2821 2332 2888 quod
2359 2820 2705 2892 constringes
2733 2821 2933 2876 balteo.
2980 2805 3045 2875 Et
3075 2834 3243 2891 pones
3274 2818 3462 2892 tiaram
3490 2817 3544 2872 itt

1946 2915 2128 2984 capite
2157 2911 2296 2982 ejus,
2324 2921 2380 2968 et
2412 2913 2668 2968 laminam
2713 2922 2956 2969 sanctam
3007 2927 3172 2982 super
3226 2911 3425 2982 tiaram
3449 2952 3462 2974 ,
3495 2918 3551 2965 et

1946 3005 2126 3060 oleum
2177 3005 2450 3060 unctionis
2508 3005 2703 3062 fundes
2759 3020 2926 3076 super
2977 2993 3142 3075 caput
3181 3002 3299 3075 ejus
3335 3019 3350 3059 :
3382 3013 3545 3072 atque

1949 3097 2049 3158 hoc
2082 3097 2186 3152 ritu
2214 3099 2644 3153 consecrabitur.
2678 3097 2848 3152 Filios
2873 3112 3087 3167 quoque
3117 3095 3262 3151 illius
3292 3093 3535 3165 applica-

259 3186 378 3240 cium
407 3185 653 3242 ﬁliorum
685 3188 851 3244 Israel
899 3191 958 3254 in
997 3178 1216 3268 peetOre
1264 3205 1365 3244 suo
1389 3233 1405 3259 ,
1458 3190 1509 3245 in
1542 3199 1836 3261 conspectu
1867 3173 1912 3238 C
1947 3193 2049 3257 bis,
2079 3201 2134 3247 et
2163 3191 2353 3248 indues
2384 3191 2583 3256 tunicis
2607 3192 2764 3247 lineis
2790 3237 2803 3261 ,
2835 3193 3128 3262 cingesque
3174 3189 3371 3258 balteo.
3441 3187 3548 3242 Aa-

263 3278 444 3335 Domini
475 3297 727 3352 semper.
785 3282 974 3339 Facies
1014 3294 1070 3339 et
1109 3284 1346 3338 tunicam
1375 3283 1839 3354 superbumeralis

262 3383 402 3429 tutam
429 3375 865 3447 byacinthinam,
897 3377 948 3433 itt
979 3379 1135 3448 cujus
1163 3379 1344 3435 medio
1374 3395 1534 3448 supra
1567 3379 1671 3435 erit
1692 3380 1841 3457 capi-

261 3468 391 3536 tium,
411 3481 463 3525 et
492 3487 601 3526 ora
636 3488 730 3542 per
756 3489 946 3544 gyrum
979 3474 1096 3544 ejus
1122 3474 1344 3542 textilis,
1377 3475 1518 3530 sicut
1549 3476 1667 3532 ﬁeri
1697 3476 1840 3531 solet

262 3563 303 3616 in
341 3563 602 3620 extremis
630 3568 861 3622 vestium
897 3567 1141 3636 partibus
1167 3609 1181 3633 ,
1224 3582 1290 3624 ne
1341 3568 1498 3622 facile
1534 3577 1838 3640 rumpatur.

262 3654 495 3713 Deorsum
530 3673 667 3714 vero
690 3700 705 3725 ,
753 3660 817 3714 ad
853 3661 1018 3730 pedes
1048 3660 1292 3730 ejusdem
1329 3663 1527 3715 tunicae
1556 3703 1570 3728 ,
1615 3677 1710 3732 per
1735 3661 1842 3716 cir-

261 3752 456 3819 cuitum,
484 3755 647 3824 quasi
679 3742 820 3808 mala
852 3757 1052 3826 punica
1077 3753 1249 3810 facies
1275 3794 1290 3818 ,
1323 3769 1392 3810 ex
1424 3752 1716 3826 hyacintho
1741 3794 1756 3821 ,
1787 3765 1842 3810 et

262 3858 471 3918 purpura
499 3889 516 3914 ,
555 3856 612 3902 et
636 3861 805 3919 cocco
835 3847 918 3902 bis
948 3848 1118 3904 tincto
1148 3889 1162 3913 ,
1200 3847 1386 3922 mixtis
1417 3848 1470 3912 in
1514 3847 1695 3906 medio
1728 3849 1837 3912 tin-

262 3936 555 4008 tinnabulis,
583 3937 656 3996 ita
684 3949 740 3994 ut
773 3939 1189 3998 tintinnabulum
1221 3941 1292 3994 sit
1313 3955 1537 3998 aureum
1563 3950 1612 3995 el
1640 3940 1838 4004 malum

262 4032 518 4101 punicum,
553 4047 878 4105 rursumque
911 4033 1332 4092 tintinnabnltnn
1365 4033 1511 4088 aliud
1539 4049 1761 4088 aureum
1785 4044 1840 4089 et

262 4125 434 4180 malum
486 4127 768 4196 punicum.
820 4127 886 4181 Et
936 4127 1196 4188 vestietur
1241 4143 1304 4184 ea
1350 4130 1531 4183 Aaron
1562 4129 1613 4183 in
1657 4127 1840 4194 ofﬁcio

262 4217 531 4281 ministerii
551 4261 568 4283 ,
597 4227 659 4275 ut
684 4219 936 4276 audiatur
965 4223 1178 4275 sonitus
1209 4220 1428 4292 quando
1461 4220 1760 4294 ingreditur
1786 4233 1841 4281 et

262 4313 512 4383 egreditur
544 4316 915 4370 sanctuariutn
947 4316 1002 4369 in
1035 4327 1332 4386 conspectu
1363 4316 1573 4370 Domini
1601 4358 1616 4383 ,
1647 4325 1700 4370 et
1732 4332 1838 4371 non

262 4409 524 4466 moriatur.
583 4408 772 4465 Facies
803 4417 857 4464 et
889 4409 1142 4470 laminam
1170 4410 1236 4464 de
1261 4426 1393 4470 auro
1426 4411 1748 4480 purissimo:
1786 4412 1838 4467 in

262 4516 346 4568 qua
374 4503 588 4574 seulpes
615 4518 780 4572 opere
811 4502 1082 4558 caelatoris
1103 4545 1118 4570 ,
1166 4501 1428 4568 Sanctum
1461 4504 1710 4560 Domino.
1745 4504 1837 4560 Li-

261 4596 495 4668 gabisque
523 4614 643 4656 eam
669 4598 800 4660 vitta
825 4598 1198 4671 hyacinthina,
1227 4608 1284 4653 et
1306 4598 1412 4653 erit
1439 4614 1602 4668 super
1624 4600 1837 4672 tiaram,
1865 4565 1920 4638 D

262 4685 531 4746 imminens
563 4689 726 4746 fronti
777 4690 1069 4762 pontiﬁcis.
1121 4690 1476 4767 Portabitque
1511 4692 1693 4747 Aaron
1732 4693 1840 4748 ini-
1887 4723 1890 4726 ι

263 4786 474 4855 quitates
501 4802 694 4843 eorum
724 4829 738 4860 ,
773 4803 895 4859 quae
925 4786 1243 4844 obtulerunt
1273 4796 1327 4841 et
1365 4786 1844 4844 sanetilicavcrunt

324 4958 345 4986 ³·
381 4950 456 5005 De
484 4956 720 5018 quatuor
769 4946 1006 5016 lapidum
1055 4945 1383 5018 ordinibus.
1431 4946 1547 5001 sive
1575 4948 1830 5006 versibus

266 5021 308 5075 in
337 5017 605 5078 Rationali
634 5020 814 5075 Aaron
856 5033 1001 5083 saepe
1047 5019 1292 5076 meminit
1341 5017 1398 5074 S.
1442 5018 1831 5090 Hieronymus,

267 5103 314 5146 ut
338 5095 426 5148 lib.
469 5111 536 5150 xv
577 5092 883 5149 Comment.
924 5091 986 5164 in
1031 5105 1150 5162 cap.
1186 5105 1272 5146 LIV
1307 5090 1456 5164 Isam,
1500 5090 1597 5160 Hi,
1633 5092 1832 5164 inquit,

267 5166 517 5222 duodecim
566 5165 767 5236 lapides
811 5162 1101 5236 scribuntur
1139 5179 1230 5233 per
1271 5163 1503 5236 ordinent
1533 5165 1585 5216 in
1624 5162 1832 5234 Exodo,

267 5247 304 5288 et
323 5239 367 5290 in
384 5234 669 5299 Ezechiele,
698 5235 753 5289 id
784 5244 876 5302 est,
910 5237 960 5290 ἃν
989 5242 1061 5306 τῷ
1084 5234 1264 5306 λογεζι»
1294 5234 1577 5303 pontiﬁms,
1603 5246 1650 5289 et
1678 5237 1731 5290 in
1751 5253 1840 5291 co-

267 5325 376 5362 rona
399 5318 553 5377 atque
589 5292 882 5361 dindentare
923 5292 1172 5374 principis
1205 5292 1375 5376 Tyrii,
1411 5292 1514 5359 «οἷο.
1547 5292 1651 5361 Sed
1685 5317 1740 5362 et
1768 5308 1836 5364 de

270 5391 400 5433 veste
441 5378 762 5436 sacerdotali
809 5387 1100 5433 tractatum
1153 5377 1327 5448 edidit
1375 5380 1424 5432 in
1469 5377 1711 5448 Epistola
1761 5381 1830 5436 ad

271 5449 556 5522 Fabiolam,
575 5452 728 5522 cujus
755 5451 961 5522 initium
989 5458 1069 5503 est
1087 5447 1300 5522 [Usque
1324 5449 1496 5512 hodie,
1515 5447 1621 5503 etc.
1647 5449 1828 5506 MART.

328 5521 352 5560 δ
390 5523 462 5578 Ita
491 5520 718 5577 habetur
752 5521 805 5576 In
839 5535 1052 5576 canone
1085 5520 1217 5575 Hei).
1252 5522 1412 5575 verit.
1457 5530 1510 5575 et
1544 5523 1594 5575 in
1626 5523 1832 5577 codici-

274 5595 356 5648 bus
385 5611 508 5649 mss.
537 5593 954 5664 antiquioribus.
986 5593 1164 5646 Mam.

334 5662 698 5734 —Pa|atinus',
730 5665 998 5734 etquibus
1024 5680 1153 5726 usus
1174 5676 1256 5727 est
1279 5662 1530 5722 Martian.
1556 5680 1714 5734 mss.,
1749 5682 1834 5720 sa-

279 5739 482 5795 rerdofes
502 5738 619 5792 mei.
681 5755 685 5759 ‘

346 5821 366 5846 π
391 5805 641 5874 Hebraice
671 5817 754 5865 est
777 5814 969 5874 nam,
991 5805 1272 5882 jotheretlt.
1314 5809 1616 5872 Bocbartus
1657 5816 1836 5865 autem

1946 3301 2041 3339 ron
2067 3285 2276 3340 scilicet
2301 3297 2355 3340 et
2395 3285 2602 3351 liberos,
2620 3284 2760 3355 ejus,
2793 3295 2845 3339 et
2873 3284 3121 3353 impones
3173 3283 3252 3337 eis
3299 3281 3493 3336 mitras
3525 3297 3539 3332 :

1943 3390 2206 3447 eruntque
2251 3377 2568 3432 Sacerdotes
2608 3375 2635 3414 δ
2665 3369 2800 3430 inihi
2845 3375 3111 3447 religione
3143 3383 3425 3449 perpetua.
3458 3371 3542 3444 [C.

1943 3469 2105 3542 CXL]
2133 3471 2422 3540 POSIquam
2451 3469 2758 3526 initiaveris
2785 3483 2976 3523 manus
3005 3483 3219 3540 eorum,
3244 3463 3543 3537 applicabis

1944 3575 1997 3619 et
2042 3563 2268 3618 vitulum
2329 3579 2513 3617 coram
2580 3562 2935 3634 tabernaculo
2997 3560 3312 3634 testimonii.
3366 3558 3546 3628 Impo-

1946 3668 2185 3727 nctttque
2216 3656 2398 3712 Aaron
2427 3666 2482 3712 et
2509 3656 2600 3710 lilii
2643 3657 2760 3726 ejus
2789 3671 2982 3711 manus
3027 3670 3195 3725 super
3258 3663 3421 3724 caput
3480 3653 3546 3709 il-

1946 3750 2070 3814 lius,
2097 3758 2152 3804 et
2182 3748 2442 3803 mactabis
2481 3763 2605 3804 eum
2638 3748 2691 3803 in
2741 3759 3043 3819 conspectu
3083 3747 3346 3816 Domini,
3391 3746 3543 3818 juxta

1945 3844 2144 3900 ostium
2177 3842 2519 3899 tabernaculi
2547 3843 2864 3910 testimonii,
2894 3850 3282 3920 sumptumque
3327 3839 3395 3896 dc
3421 3855 3545 3895 san-

1943 3940 2106 4011 guine
2140 3940 2288 3993 vituli
2316 3953 2484 4008 pones
2534 3953 2700 4010 super
2725 3954 2928 3993 cornua
2975 3930 3161 3993 altaris
3214 3936 3383 4008 digito
3427 3946 3541 4003 tuo,

1945 4035 2214 4104 reliquum
2239 4042 2420 4088 autem
2453 4033 2770 4104 sanguinem
2796 4032 2987 4087 fundes
3012 4033 3159 4102 juxta
3206 4033 3377 4104 basim
3401 4032 3541 4102 ejus.

1944 4127 2137 4187 Sumcs
2166 4137 2220 4184 et
2242 4127 2456 4198 adipem
2491 4137 2658 4182 totum
2691 4128 2780 4200 qui
2807 4129 2984 4197 operit
3015 4128 3293 4195 intestina,
3327 4138 3380 4182 et
3412 4118 3546 4182 ere.

1945 4218 2164 4275 ticulum
2191 4218 2393 4288 jecoris
2425 4233 2487 4273 ac
2515 4218 2652 4272 duos
2683 4209 2862 4282 rencs,
2889 4226 2945 4273 et
2969 4219 3184 4288 adipem
3229 4219 3318 4289 qui
3376 4233 3544 4286 super

1943 4329 2036 4369 eos
2064 4322 2166 4377 est,
2202 4323 2256 4382 et
2295 4311 2493 4382 oﬁ'eres
2533 4311 2816 4368 incensum
2874 4329 3039 4384 super
3089 4313 3262 4369 altare
3305 4332 3316 4366 :
3348 4327 3543 4391 carnes

1943 4408 2257 4463 vero'vituli
2289 4417 2342 4462 et
2363 4407 2568 4463 corium
2603 4417 2656 4462 et
2689 4408 2875 4476 ﬁmum
2902 4407 3196 4464 combures
3241 4407 3381 4462 foris
3443 4423 3544 4463 ex-

1947 4517 2029 4564 tra
2057 4515 2259 4573 castra,
2291 4520 2355 4559 eo
2385 4503 2526 4576 quod
2557 4517 2653 4574 pro
2679 4511 2902 4573 peccato
2930 4501 3116 4576 [Vulg.
3154 4501 3416 4574 peccatis]
3445 4501 3538 4558 sit.

1950 4601 2120 4658 Unum
2146 4615 2361 4669 quoque
2391 4598 2616 4653 arietem
2649 4610 2855 4663 sumes,
2889 4611 3052 4665 super
3079 4585 3236 4664 cujus
3267 4603 3427 4664 caput
3453 4610 3541 4664 po-

1942 4703 2074 4751 nent
2101 4699 2282 4748 Aaron
2314 4701 2370 4748 et
2399 4691 2488 4754 ﬁlii
2523 4691 2641 4760 ejus
2688 4705 2899 4744 manus.
2931 4689 3102 4758 Quem
3152 4704 3275 4744 cum
3332 4683 3541 4744 macta-

1943 4789 2107 4851 veris,
2134 4786 2289 4841 tolles
2315 4783 2383 4839 de
2411 4771 2672 4856 sanguine
2703 4782 2841 4852 ejus,
2877 4761 3151 4837 et‘fundes
3189 4781 3334 4837 circa
3363 4781 3536 4838 altare

1938 4965 2060 5006 cum
2094 4945 2231 5000 nihil
2262 4941 2550 4999 retiforme
2575 4939 2707 4995 velit
2734 4953 2857 4994 esse
2880 4939 2930 4993 iu
2955 4939 3167 5009 jccore,
3195 4939 3336 4993 hanc
3361 4939 3535 5009 ipsam

1940 5016 2335 5077 emendandam
2362 5015 2652 5078 lectionem
2685 5019 2936 5084 putat,_et
2963 5026 3061 5081 pro
3091 5012 3396 5084 reticulum,
3433 5011 3539 5082 legi

1939 5089 2260 5152 resticulam,
2287 5085 2618 5158 quoquidetn
2651 5082 2939 5158 vocabulo,
2967 5083 3108 5152 qttod
3135 5099 3166 5156 a
3195 5083 3337 5158 resti,
3355 5093 3433 5158 _e_t_
3456 5101 3539 5148 re-

1942 5162 2129 5218 sticula
2160 5151 2446 5214 deducitur
2476 5204 2487 5225 ,
2547 5171 2675 5210 usus
2712 5166 2793 5210 est
2822 5151 2880 5209 S.
2915 5151 3116 5209 Doctor
3141 5151 3309 5210 etiam
3353 5155 3367 5207 l
3400 5151 3534 5225 Reg.

1943 5253 2038 5304 νη,
2059 5231 2269 5289 23.8ed
2290 5237 2649 5304 praeterquam
2678 5226 2821 5304 quod
2844 5227 2945 5304 alia
2965 5225 3037 5280 ibi
3058 5242 3156 5280 vox
3184 5225 3406 5304 llebrma
3426 5238 3531 5304 est,

1944 5296 2050 5362 non
2085 5308 2185 5360 huc
2220 5296 2424 5361 tantum
2453 5296 2572 5356 loco
2600 5313 2664 5354 ex
2699 5296 2945 5362 Borharti
2991 5296 3284 5360 srntentia,
3317 5298 3535 5363 resticttr

1944 5381 2072 5447 tum,
2093 5371 2678 5447 Oporteatrescribere,
2702 5369 2795 5426 sed
2820 5367 3291 5447 etalibjsmpiqsin
3308 5368 3530 5447 Levitis.

1943 5467 2022 5519 nt,
2061 5438 2366 5519 1,10,45;
2394 5456 2562 5519 _ct_tv,
2593 5441 2656 5500 9:
2686 5448 2740 5519 et
2764 5455 2857 5503 vn,
2888 5438 2964 5519 if;
2999 5438 3053 5494 et
3083 5438 3194 5502 vni,
3223 5438 3318 5519 id,
3438 5448 3538 5519 λρι

1941 5510 2020 5589 rx,
2048 5510 2134 5585 ID,
2167 5510 2373 5589 qnibus
2394 5514 2525 5589 locis
2557 5511 3025 5589 ontnibuseadem
3059 5521 3112 5589 et
3138 5525 3242 5589 vos
3270 5510 3532 5589 Hebraica

1942 5579 2028 5648 est
2052 5579 2219 5653 noni,
2264 5595 2318 5643 et
2355 5587 2541 5643 Latina
2577 5583 2869 5654 explicatio
2908 5579 3536 5654 reticuluminvulgatis

1947 5679 2101 5733 a'que
2132 5676 2196 5720 ac
2217 5674 2349 5733 mss.
2385 5659 2561 5733 libris.
2583 5653 2852 5733 Lectione
2881 5663 3061 5733 autem
3097 5653 3225 5724 nihil
3272 5653 3533 5731 immuta—

1947 5725 2273 5810 ta;j_titigues
2300 5731 2502 5804 jecoris
2544 5729 2706 5802 libras
2753 5725 3048 5804 denotari,
3094 5739 3206 5810 par,
3231 5725 3402 5798 magis
3451 5734 3535 5800 est

1946 5805 2187 5863 Credere.
