3912 6348
433 310 541 366 279

1427 311 1484 368 s.
1527 311 1914 390 IIIEBONYMI
1954 309 2184 369 mvma
2228 283 2708 370 BIBLIOTIIECA.

3607 327 3699 384 280

436 429 619 498 Ipsum
652 436 832 485 autem
865 429 1090 486 arietem
1123 429 1340 486 secabis
1371 429 1422 485 in
1463 429 1651 496 frusta,
1701 429 1918 499 Iotaque
1950 429 2032 483 in-
2057 430 2106 490 Α
2137 426 2252 496 hin,
2281 439 2335 485 et
2365 429 2548 485 vinum
2608 429 2674 484 ad
2726 429 3002 486 libandum
3059 432 3309 503 ejusdem
3365 452 3611 496 mensum
3640 443 3688 500 in

439 524 634 579 testiua
668 523 788 594 ejus
819 541 881 578 ac
911 523 1076 594 pedes
1104 540 1274 595 pones
1302 540 1476 595 super
1507 525 1754 579 concisas
1807 537 2025 589 carnes,

437 625 493 673 et
515 633 681 688 super
703 627 867 688 caput
889 619 1054 674 illius.
1085 619 1152 674 Et
1175 619 1370 675 offeres
1403 628 1572 675 totum
1608 619 1834 676 arietem
1863 620 1914 674 in
1947 620 2034 674 in»

438 726 663 768 censum
692 729 858 783 super
882 714 1073 769 altare.
1108 711 1192 786 [C.
1224 711 1413 785 CXII.]
1441 712 1655 768 Oblatio
1694 722 1776 769 est
1803 713 2032 768 Domino

439 809 574 864 odor
608 808 964 865 suavissimus
1004 809 1234 864 victima:
1277 807 1494 863 Domini
1531 806 1757 863 :Tolles
1814 822 2031 878 quoque

437 901 664 957 arietem
693 901 946 970 alterum,
965 916 1134 972 super
1160 901 1315 970 cujus
1336 909 1500 971 caput
1521 905 1703 956 Aaron
1721 908 1777 955 et
1803 899 2031 971 filiiejus

441 1007 642 1068 ponent
675 1012 888 1052 manus.
923 997 1094 1063 Quem
1123 1010 1246 1050 cum
1282 994 1654 1050 immolaveris
1678 1036 1692 1061 ,
1748 1009 1932 1050 sumes
1964 995 2033 1048 de

437 1091 700 1160 sanguine
733 1089 926 1157 ipsius,
970 1096 1026 1144 et
1054 1103 1224 1158 pones
1250 1103 1419 1158 super
1460 1099 1772 1143 extremum
1825 1087 2032 1143 dextra:

436 1185 692 1238 auriculae
716 1186 898 1237 Aaron
925 1193 980 1238 et
1022 1181 1256 1237 ﬁliorum
1286 1182 1403 1252 ejus
1431 1225 1446 1249 ,
1495 1190 1549 1238 et
1593 1197 1758 1252 super
1806 1181 2034 1253 pollices

438 1291 630 1332 manus
662 1291 848 1332 eorum
873 1283 929 1331 et
953 1275 1102 1346 pedis
1129 1277 1332 1344 dextri,
1376 1275 1682 1346 fundesque
1713 1275 2030 1346 sanguinem

436 1387 599 1442 super
620 1369 790 1426 altare
824 1385 919 1440 per
941 1369 1258 1426 circuitum.
1281 1370 1527 1441 Cumque
1554 1369 1742 1425 tuleris
1786 1369 1854 1424 de
1907 1384 2034 1423 san-

437 1471 604 1542 guine
652 1470 744 1538 qui
791 1479 871 1525 est
933 1484 1095 1540 snper
1148 1469 1348 1535 altare,
1381 1479 1436 1524 et
1466 1467 1536 1524 de
1559 1468 1683 1523 oleo
1731 1467 2029 1536 unctionis,

435 1579 693 1636 asperges
714 1562 900 1619 Aaron
931 1573 983 1618 et
1013 1573 1191 1619 vestes
1232 1565 1350 1633 ejus
1375 1603 1390 1628 ,
1439 1561 1582 1616 filios
1624 1571 1678 1616 et
1707 1561 2033 1618 vestimenta

436 1673 648 1714 eorum.
679 1657 1139 1729 Censet-ratisque
1169 1666 1226 1712 et
1251 1657 1406 1728 ipsis,
1437 1669 1490 1714 et
1529 1656 1774 1712 vestibus
1799 1702 1813 1725 ,
1872 1655 2034 1711 tolles

433 1754 650 1824 adipem
680 1752 748 1808 de
776 1753 969 1817 ariete,
999 1763 1053 1808 et
1081 1751 1310 1807 caudam
1337 1760 1391 1807 et
1421 1751 1662 1806 arvinam
1684 1793 1698 1818 ,
1758 1767 1879 1823 quae
1904 1765 2036 1820 ope-

2133 537 2274 592 agno
2298 539 2425 578 uno.
2457 524 2708 579 Alterum
2737 540 2866 580 vero
2894 540 3092 596 agnum
3118 526 3315 584 offeres
3344 529 3408 584 ad
3432 547 3690 603 vesperam

2129 615 2287 685 juxta
2343 617 2506 670 ritum
2547 615 2831 672 matutina:
2855 618 3148 674 oblationis
3173 662 3188 688 ,
3213 629 3266 675 et
3309 620 3458 691 juxta
3507 640 3562 679 ea
3589 643 3693 698 qua:

2134 707 2370 763 diximus
2404 709 2455 763 in
2489 708 2710 765 odorem
2738 709 3028 766 suavitatis
3059 729 3071 765 :
3097 712 3417 770 sacriﬁcium
3465 716 3695 789 Domino,

2134 803 2414 860 oblatione
2465 815 2729 876 perpetua
2795 807 2848 862 in
2913 808 3290 876 generationes
3346 819 3583 880 vestras,
3639 815 3697 870 ad

2135 898 2332 952 ostium
2392 899 2728 954 tabernaculi
2785 901 3084 956 testimonii
3123 916 3304 957 coram
3331 903 3570 970 Domino,
3619 907 3702 962 ttbi

2135 993 2460 1048 constituam
2491 1002 2548 1048 ut
2588 994 2777 1064 loquar
2800 995 2866 1050 ad
2915 1007 2987 1051 te.
3017 995 3205 1068 Ibique
3251 998 3551 1068 prmcipiam
3593 1001 3704 1056 ﬁliis

2135 1083 2326 1153 Israel,
2356 1094 2412 1140 et
2458 1086 2890 1142 sanctiﬁcahitur
2910 1089 3086 1143 altare
3135 1089 3188 1142 in
3217 1088 3385 1158 gloria
3420 1105 3554 1145 mea.
3584 1091 3708 1146 San-

2136 1177 2393 1235 ctiﬁcabo
2423 1189 2478 1234 et
2511 1180 2921 1236 tabernaculum
2975 1180 3274 1236 testimonii
3313 1196 3434 1236 cum
3462 1183 3635 1249 altari,
3661 1194 3709 1240 et

2138 1273 2321 1327 Aaron
2351 1287 2471 1328 cum
2496 1274 2624 1329 ﬁliis
2655 1275 2770 1330 suis
2804 1285 2861 1330 ut
2899 1275 3206 1331 sacerdotio
3249 1274 3544 1347 fungantur
3569 1279 3708 1333 mihi.

2140 1364 2208 1419 Et
2245 1365 2502 1422 habitabo
2547 1368 2600 1423 in
2645 1369 2828 1425 medio
2863 1369 3096 1425 ﬁliorum
3131 1369 3296 1425 Israel
3323 1412 3339 1436 ,
3397 1385 3592 1442 oroque
3643 1372 3713 1428 cis

2140 1457 2306 1525 Deus,
2338 1468 2392 1514 et
2423 1461 2594 1515 scient
2637 1462 2760 1531 quia
2786 1475 2887 1531 ego
2914 1459 3174 1516 Dominus
3203 1460 3351 1516 Deus
3399 1475 3604 1528 eorum,
3637 1465 3716 1534 qui

2140 1551 2302 1607 eduxi
2333 1567 2430 1609 eos
2455 1553 2522 1608 de
2554 1565 2693 1610 terra
2717 1554 2964 1628 Egypti,
2998 1565 3055 1611 ut
3085 1570 3370 1612 manerem
3401 1555 3537 1612 inter
3583 1556 3713 1625 illos,

2138 1661 2242 1717 ego
2275 1648 2536 1703 Dominus
2565 1649 2708 1706 Deus
2736 1652 3000 1722 ipsorum.

2213 1741 2368 1814 [Cap.
2396 1742 2594 1818 XXX]
2627 1745 2821 1802 Facies
2851 1761 3066 1818 quoque
3094 1747 3267 1801 altare
3296 1745 3365 1802 ad
3402 1746 3716 1805 adolemlum

433 1847 506 1903 rit
529 1846 713 1902 vitalia
736 1861 798 1900 ac
822 1843 1350 1914 reticulumjecoris,
1386 1854 1442 1899 et
1469 1843 1607 1898 duos
1656 1860 1818 1898 renes
1873 1855 2037 1914 atque
2066 1832 2115 1892 B
2145 1836 2436 1908 thymiama
2466 1838 2533 1892 de
2559 1839 2717 1910 lignis
2748 1841 3181 1907 settim,habcns
3211 1841 3458 1896 cubitum
3493 1841 3714 1912 longitu-

434 1940 677 2010 adipem,
736 1941 825 2010 qui
858 1954 1022 2010 super
1048 1943 1149 1994 eo's
1181 1949 1284 2006 est,
1317 1953 1638 2009 armumque
1686 1937 1938 1994 dextrum
1969 1952 2035 1993 eo

434 2031 577 2103 quod
625 2033 695 2086 sit
745 2031 890 2087 aries
943 2031 1417 2087 consecrationum
1448 2074 1462 2098 ,
1521 2039 1826 2100 tortamque
1884 2030 2039 2101 panis

436 2127 619 2196 unius,
648 2127 952 2182 crustulum
979 2142 1337 2196 conspersum
1369 2127 1516 2194 oleo,
1554 2127 1804 2196 laganum
1851 2125 1919 2182 de
1948 2140 2042 2180 ca-

439 2221 610 2276 nistro
641 2235 954 2293 azymorum
983 2262 1000 2288 ,
1033 2220 1177 2291 quod
1228 2221 1468 2290 positum
1520 2228 1605 2275 est
1651 2219 1702 2275 in
1743 2227 2041 2289 conspectu

443 2315 656 2370 Domini
689 2333 703 2369 :
738 2329 1022 2384 ponesque
1049 2313 1231 2368 omnia
1263 2328 1430 2384 super
1477 2327 1673 2368 manus
1729 2313 1950 2378 Aaron,
1986 2321 2043 2368 et

446 2408 682 2464 ﬁliorum
715 2407 855 2478 ejus,
905 2416 959 2462 et
1005 2406 1378 2462 sanctiﬁcabis
1431 2422 1527 2462 eos
1583 2407 1806 2462 elevans
1855 2420 2040 2460 coram

442 2503 698 2558 Domino.
729 2501 1116 2573 Suscipiesque
1148 2502 1404 2557 universa
1426 2501 1496 2556 de
1527 2501 1780 2556 manibus
1809 2513 2037 2554 eorum:

437 2608 493 2654 et
527 2598 790 2654 incendes
822 2613 986 2668 super
1027 2597 1203 2653 altare
1243 2597 1297 2651 in
1338 2595 1764 2660 holocaustum,
1815 2592 2043 2648 odorem

439 2692 826 2749 suavissimum
859 2693 913 2747 in
937 2699 1238 2763 conspectu
1270 2689 1507 2755 Domini,
1535 2689 1662 2760 quia
1695 2684 1897 2741 oblatio
1929 2686 2047 2755 ejus

436 2798 544 2844 est.
575 2788 769 2844 Sumes
791 2791 1008 2859 quoque
1035 2769 1406 2856 pectusculum
1428 2783 1498 2839 de
1528 2783 1700 2837 ariete
1727 2796 1836 2852 quo
1865 2778 2044 2834 initia-

445 2893 534 2938 tus
561 2893 643 2937 est
664 2882 873 2948 Aaron,
898 2880 1374 2950 sanctiﬁcabisque
1405 2876 1537 2933 illud
1566 2877 1836 2933 elevatum
1858 2887 2045 2929 coram

448 2978 713 3044 Domino,
756 2986 812 3032 et
835 2977 994 3032 cedet
1028 2974 1082 3029 in
1112 2984 1320 3044 partem
1354 2982 1522 3028 tuam.
1557 2969 2050 3040 Sanctiﬁcabisque

448 3081 505 3128 et
538 3071 906 3138 pectusculum
939 3077 1360 3137 consecratum,
1417 3078 1472 3124 et
1516 3081 1732 3122 armum
1787 3080 1948 3136 quem
1979 3063 2048 3119 de

443 3167 616 3220 ariete
642 3163 931 3234 separasti,
960 3177 1067 3232 quo
1099 3161 1346 3216 initiatus
1382 3169 1467 3217 est
1493 3161 1673 3216 Aaron
1698 3167 1751 3216 et
1785 3159 1882 3213 ﬁlii
1905 3157 2044 3230 ejus,

2142 1930 2311 1996 diuis,
2342 1941 2396 1987 et
2418 1933 2651 1987 alterum
2684 1935 3006 2002 latitudinis,
3043 1935 3095 1990 id
3125 1947 3231 2005 est,
3273 1936 3725 2007 quadrangulum,

2144 2033 2198 2078 et
2226 2023 2361 2078 duos
2391 2025 2607 2081 cubitus
2637 2027 2688 2081 in
2720 2027 3026 2084 altitudine.
3059 2027 3278 2084 Cornua
3310 2045 3376 2086 ex
3407 2031 3525 2101 ipso
3553 2045 3730 2101 proce-

2145 2117 2292 2174 deut.
2326 2119 2642 2192 Vestiesque
2667 2121 2798 2176 illttd
2821 2137 2954 2177 auro
2984 2124 3284 2194 purissimo
3313 2166 3327 2191 ,
3371 2133 3481 2180 tam
3521 2125 3736 2179 craticu-

2149 2215 2254 2270 lam
2281 2215 2419 2286 ejus,
2449 2233 2610 2289 quarn
2635 2219 2873 2289 parietes
2904 2235 3000 2297 per
3025 2219 3365 2289 circuitum,
3410 2228 3468 2276 et
3525 2235 3733 2275 cornua.

2148 2311 2342 2368 Facies
2371 2329 2590 2384 quoque
2617 2317 2665 2370 ei
2698 2329 2955 2371 coronam
2989 2316 3270 2372 aureolam
3301 2332 3400 2388 per
3427 2332 3612 2388 gyrum
3638 2359 3652 2383 ,
3691 2325 3740 2372 et

2149 2405 2288 2463 duos
2313 2408 2546 2462 aunulos
2579 2423 2780 2464 aureos
2803 2409 2909 2464 sub
2935 2424 3135 2465 corona
3169 2426 3265 2481 per
3309 2411 3526 2481 singula
3561 2410 3740 2476 latera,

2151 2511 2209 2556 ut
2243 2501 2534 2557 mittantur
2561 2502 2612 2556 iu
2639 2517 2735 2559 eos
2765 2515 2974 2571 vectes,
3003 2514 3056 2559 et
3085 2503 3260 2560 altare
3299 2515 3572 2577 portetur.
3607 2505 3743 2576 Ipsos

2149 2610 2367 2666 quoque
2397 2604 2582 2652 vectes
2614 2596 2780 2652 facies
2803 2597 2871 2652 de
2895 2597 3058 2668 lignis
3081 2598 3265 2653 settim
3289 2643 3304 2666 ,
3339 2607 3398 2656 et
3455 2597 3744 2654 inaurabis.

2154 2687 2440 2759 Ponesque
2470 2689 2641 2744 altare
2670 2700 2861 2744 contra
2894 2691 3070 2745 velum
3102 2735 3116 2757 ,
3179 2690 3334 2761 quod
3397 2702 3527 2747 ante
3575 2706 3744 2746 arcam

2154 2780 2353 2853 pendet
2386 2783 2684 2838 testimonii
2715 2798 2900 2838 coram
2927 2785 3310 2855 propitiatorio
3340 2827 3357 2853 ,
3396 2801 3506 2857 quo
3565 2785 3749 2856 tegitur

2155 2875 2550 2943 testimonium,
2596 2876 2684 2933 ubi
2733 2877 2923 2948 loquar
2949 2879 3066 2934 tibi.
3100 2878 3167 2934 Et
3192 2877 3450 2936 adolehit
3478 2882 3748 2936 incensum

2156 2985 2322 3041 super
2352 2985 2418 3025 eo
2469 2973 2648 3026 Aaron
2675 3013 2692 3038 ,
2751 2987 2920 3028 suave
2963 2972 3248 3044 fragrans,
3314 2990 3502 3031 mane.
3535 2975 3753 3044 Quando

2152 3053 2444 3137 Componet
2473 3067 2747 3130 lucernas,
2792 3067 3049 3124 incendct
3093 3068 3229 3124 illud
3259 3089 3275 3126 :
3326 3079 3384 3126 et
3409 3071 3626 3143 quando
3650 3071 3753 3126 col-

2154 3159 2295 3215 locat
2323 3160 2510 3232 [Vulg.
2545 3160 2859 3234 collocabit]
2887 3177 2982 3218 eas
3014 3161 3082 3218 ad
3107 3178 3434 3235 vesperum,
3469 3175 3589 3221 uret
3635 3165 3751 3238 thy-

435 3257 747 3329 cedeutque
780 3258 834 3312 in
862 3267 1074 3327 partem
1129 3257 1313 3310 Aaron
1347 3263 1403 3310 et
1455 3253 1688 3309 ﬁliorum
1749 3253 1866 3323 ejus
1917 3251 2039 3324 jure
2067 3237 2113 3303 C
2147 3256 2339 3310 iniama
2373 3256 2767 3326 sempiternum
2799 3272 2984 3313 coram
3017 3257 3246 3314 Domino
3291 3261 3346 3316 in
3378 3237 3756 3332 generationes

441 3364 757 3424 perpetuoa
784 3351 914 3406 ﬁliis
947 3349 1113 3406 Israel
1150 3367 1162 3404 :
1197 3351 1324 3420 quia
1376 3347 1454 3422 [ιι.
1505 3347 1732 3420 oblatio]
1767 3347 2040 3418 primitiva

439 3459 566 3501 sunt
597 3457 652 3502 et
683 3446 834 3500 initia
861 3444 929 3500 de
971 3444 1207 3500 victimis
1237 3457 1427 3499 eorum
1459 3441 1697 3513 paciﬁcis
1726 3458 1848 3514 qua:
1900 3440 2038 3496 offe-

439 3548 571 3596 runt
597 3538 852 3593 Domino.
879 3536 1098 3592 Vestem
1143 3545 1322 3592 autem
1362 3545 1604 3592 sanctam
1635 3580 1649 3604 ,
1704 3549 1809 3605 qua
1859 3543 2043 3588 utetur

445 3633 655 3699 Aaron,
684 3632 968 3688 habebunt
997 3632 1090 3686 ﬁlii
1115 3631 1234 3701 ejus
1261 3640 1383 3700 post
1411 3645 1534 3686 eum
1557 3669 1572 3696 ,
1607 3636 1667 3684 ut
1691 3637 1960 3699 uagantur
1990 3626 2042 3681 in

443 3741 530 3792 ea,
560 3736 616 3782 et
641 3735 1035 3782 consecrentur
1087 3738 1278 3780 manus
1324 3739 1536 3780 eorum.
1583 3723 1800 3794 Septem
1848 3721 2043 3778 diebus

449 3828 632 3874 utetur
660 3819 752 3874 illa
777 3819 870 3891 qui
900 3819 1142 3888 pontifex
1173 3833 1271 3888 pro
1299 3833 1364 3873 eo
1413 3817 1574 3873 luerit
1607 3816 1936 3872 constitutus
1975 3814 2043 3870 de

449 3915 577 3970 ﬁliis
604 3914 747 3984 ejus,
777 3924 833 3970 et
862 3913 955 3985 qui
981 3912 1316 3984 ingredietur
1355 3909 1774 3967 tabernaculum
1799 3908 2045 3964 testimo~

452 4009 528 4063 nii
562 4017 620 4063 ut
649 4008 920 4063 ministret
951 4007 1003 4062 in
1033 4005 1360 4061 sanctuario.
1401 4005 1642 4060 Arietem
1692 4011 1870 4058 autem
1913 4015 2045 4057 con-

451 4099 774 4156 secrationis
806 4099 985 4168 tolles,
1027 4106 1084 4154 et
1129 4112 1372 4169 coquens
1398 4111 1594 4152 carnes
1640 4095 1758 4166 ejus
1816 4094 1868 4148 in
1923 4093 2044 4149 loco

453 4202 680 4260 sancto,
725 4171 922 4264 quibus
955 4202 1209 4248 vescetur
1249 4190 1427 4246 Aaron
1459 4198 1514 4246 et
1554 4189 1647 4244 ﬁlii
1675 4189 1817 4259 ejus.
1868 4187 2044 4244 Panes

451 4302 688 4359 quoque,
723 4287 817 4358 qui
849 4296 973 4341 sunt
1003 4286 1056 4340 in
1088 4286 1351 4351 canistro,
1389 4286 1441 4340 in
1475 4285 1744 4342 vestibulo
1797 4285 2046 4340 taberna-

449 4383 560 4440 culi
592 4380 886 4439 testimonii
935 4377 1251 4446 comedent,
1285 4386 1342 4432 ut
1385 4376 1460 4455 sit,
1503 4376 1770 4448 placabile
1829 4376 2045 4432 sacriﬁ-

448 4477 614 4543 cium,
640 4485 696 4531 et
725 4473 1136 4532 sanctiﬁcentur
1163 4470 1509 4527 offerentium
1567 4485 1780 4526 manus.
1839 4471 2045 4525 Alieni-

449 4585 589 4641 gena
621 4583 730 4624 non
770 4575 1026 4623 vescetur
1052 4581 1120 4620 ex
1152 4565 1240 4630 iis,
1274 4564 1398 4633 quia
1434 4564 1605 4620 sancti
1630 4575 1776 4618 sunt.
1809 4562 1962 4632 Quod
1997 4563 2041 4618 si

453 4663 781 4719 remanserit
807 4661 874 4717 de
896 4659 1151 4716 carnibus
1174 4657 1508 4715 consecratis
1527 4699 1541 4724 ,
1570 4657 1686 4714 sive
1713 4656 1781 4713 de
1813 4658 2044 4728 panibus

453 4769 626 4826 usque
658 4769 837 4820 mane,
891 4754 1208 4810 combures.
1232 4751 1494 4822 reliquias
1527 4749 1638 4822 igni
1669 4768 1682 4804 :
1717 4765 1820 4806 non
1869 4764 2048 4806 come-

451 4847 670 4913 dentur,
695 4849 819 4918 quia
851 4849 1188 4903 sanctiﬁcata
1235 4857 1381 4902 sunt.
1409 4845 1605 4902 Omnia
1633 4863 1757 4917 qua:
1809 4850 2044 4921 praecepi

454 4939 774 5005 tibi,-facies
802 4955 965 5011 super
991 4941 1174 4996 Aaron
1203 4950 1258 4997 et
1287 4939 1410 4994 ﬁliis
1438 4940 1579 5010 ejus.
1602 4944 1820 5012 Septem
1853 4941 2046 4998 diebus

455 5031 805 5088 consecrabis
847 5047 1038 5089 manus
1061 5048 1290 5102 eorum,
1321 5044 1373 5089 et
1400 5034 1630 5089 vitulum
1665 5049 1762 5104 pro
1818 5045 2044 5105 peccato

451 5125 659 5180 oﬂ‘eres
701 5141 796 5194 per
826 5125 1069 5197 singulos
1097 5126 1214 5183 dies
1241 5128 1307 5183 ad
1330 5127 1684 5199 expiandum.
1735 5129 2039 5185 Mundabis-

450 5233 557 5287 que
605 5217 779 5272 altare
823 5232 947 5273 cum
989 5220 1354 5276 immolaveris
1400 5222 1733 5290 expiationis
1785 5221 2042 5289 hostiam,

454 5317 510 5366 et
533 5323 704 5380 unges
731 5308 866 5364 illud
919 5309 972 5365 in
1022 5313 1543 5370 sanctiﬁcationem.
1576 5315 1796 5386 Septem
1850 5313 2044 5370 diebus

453 5401 700 5474 expiabis
723 5403 893 5458 altare
925 5411 980 5459 et
1008 5404 1398 5475 sanctiﬁcabis,
1424 5417 1477 5465 et
1503 5409 1608 5464 erit
1635 5417 1886 5463 sanctum
1918 5423 2043 5463 san-

454 5505 691 5552 ctorum.
723 5496 914 5552 Omnis
957 5500 1048 5568 qui
1100 5499 1338 5572 tetigerit
1366 5501 1499 5557 illud
1528 5543 1542 5568 ,
1589 5502 2041 5558 sanetiﬁcabitur.

455 5591 569 5646 Hoc
597 5601 678 5647 est
701 5591 843 5661 quod
870 5591 1032 5649 facies
1059 5594 1113 5650 in
1141 5596 1297 5650 altari
1335 5615 1346 5650 :
1381 5601 1562 5667 Agnos
1585 5598 1874 5654 anniculos
1900 5598 2042 5653 duos

449 5698 549 5754 per
571 5685 812 5756 singulos
851 5686 972 5744 dies
995 5687 1415 5760 jugiterfunum
1441 5707 1636 5764 agnum
1662 5708 1840 5762 mane,
1873 5702 1928 5749 et
1957 5692 2038 5747 al-

450 5784 625 5831 terum
651 5793 900 5850 vespere,
927 5779 1190 5836 decimam
1225 5790 1435 5854 partem
1485 5785 1678 5841 similae
1732 5802 2042 5858 conspersa:

445 5868 568 5928 oleo
601 5878 779 5946 tunso,
808 5875 950 5946 quod
983 5875 1180 5936 habeat
1210 5895 1520 5938 mensuram
1552 5891 1797 5954 quartam
1828 5895 2038 5956 partem

2144 3358 2376 3405 vestras.
2409 3349 2527 3404 Non
2559 3349 2802 3406 oﬁ‘eretis
2845 3367 3009 3421 super
3039 3367 3106 3408 eo
3138 3351 3448 3426 thymiama
3491 3353 3756 3425 composi-

2145 3442 2312 3496 tionis
2341 3441 2589 3508 alterius,
2625 3457 2725 3498 nec
2746 3441 3081 3499 oblationem
3107 3488 3120 3512 ,
3172 3454 3226 3499 et
3278 3445 3615 3513 victimam,
3667 3458 3757 3500 nec

2147 3533 2257 3588 liba
2291 3532 2552 3590 libabitis.
2606 3536 2672 3590 Et
2721 3537 3103 3606 deprecabitur
3132 3538 3322 3594 Aaron
3353 3554 3526 3610 super
3563 3553 3760 3595 cornua

2145 3625 2265 3706 ejus
2293 3625 2461 3680 semel
2490 3641 2587 3696 per
2616 3641 2820 3682 annum
2841 3669 2854 3693 ,
2889 3627 2944 3682 in
2995 3629 3262 3698 sanguine
3310 3631 3467 3702 quod
3525 3631 3760 3686 oblatum

2145 3730 2228 3776 est
2259 3735 2354 3790 pro
2385 3729 2633 3790 peccato,
2664 3729 2720 3774 et
2749 3720 2988 3790 placabit
3012 3737 3176 3792 super
3207 3739 3276 3778 eo
3310 3723 3366 3778 in
3393 3722 3764 3796 generationi-

2145 3804 2254 3867 bus
2274 3811 2489 3868 vestris.
2544 3812 2808 3869 Sanctum
2851 3825 3161 3895 sanctorum
3206 3818 3317 3872 erit
3365 3819 3630 3873 Domino.
3679 3815 3762 3889 [T.

2145 3903 2313 3977 XIV.]
2346 3904 2694 3977 Locutusque
2733 3916 2818 3964 est
2856 3907 3116 3963 Dominus
3139 3909 3206 3964 ad
3231 3909 3432 3967 Mosen
3462 3953 3479 3980 ,
3531 3912 3717 3967 dicens
3749 3928 3760 3963 :

2147 3998 2376 4066 Quando
2416 3999 2608 4055 tuleris
2644 4015 2911 4055 summam
2958 4000 3192 4057 ﬁliorum
3224 4002 3408 4060 Israel
3460 4005 3622 4076 juxta
3673 4020 3766 4058 nu-

2146 4105 2378 4160 merum,
2411 4092 2620 4148 dabunt
2659 4093 2854 4164 singuli
2903 4095 3140 4166 pretium
3174 4110 3274 4166 pro
3327 4097 3626 4152 animabus
3656 4095 3766 4151 suis

2147 4184 2403 4252 Domino,
2435 4196 2491 4241 et
2519 4202 2623 4242 non
2649 4190 2753 4243 erit
2778 4188 2932 4260 plaga
2963 4190 3014 4245 in
3039 4191 3119 4244 eis
3146 4205 3272 4246 cum
3309 4192 3531 4249 fuerint
3583 4209 3769 4248 recen-

2147 4280 2258 4335 siti.
2292 4281 2405 4336 Iloc
2434 4292 2616 4338 autem
2642 4281 2794 4337 dabit
2832 4285 3012 4340 omnis
3037 4285 3126 4356 qui
3161 4287 3370 4342 transit
3415 4286 3530 4361 [h.]
3569 4287 3638 4342 ad
3676 4303 3770 4342 tut-

2147 4389 2382 4439 merum,
2413 4373 2698 4430 dimidium
2725 4376 2847 4432 sicli
2874 4377 3031 4448 juxta
3063 4393 3390 4434 mensuram
3425 4383 3645 4452 templi.
3693 4380 3775 4435 Si-

2147 4469 2263 4525 clus
2285 4470 2468 4541 viginti
2508 4471 2671 4527 habet
2697 4473 2907 4528 obolos.
2967 4473 3140 4530 Media
3172 4490 3303 4546 pars
3336 4477 3468 4534 sicli
3502 4477 3769 4534 oﬂeretur

2151 4563 2399 4619 Domino.
2433 4564 2536 4634 Qui
2562 4565 2792 4621 habetur
2823 4567 2875 4621 in
2905 4583 3168 4635 numero,
3199 4583 3228 4622 a
3261 4570 3470 4642 viginti
3533 4572 3698 4627 annis
3724 4580 3777 4626 et

2149 4672 2335 4728 supra,
2365 4658 2514 4714 dabit
2546 4660 2798 4730 pretium.
2833 4660 2996 4716 Dives
3028 4677 3132 4718 non
3165 4663 3332 4718 addet
3392 4665 3467 4720 ad
3530 4667 3775 4721 medium

2150 4751 2294 4821 sicli,
2321 4761 2375 4807 et
2403 4767 2605 4823 pauper
2638 4753 2768 4808 nihil
2814 4755 3040 4810 minuet.
3089 4756 3554 4829 Susceptamque
3603 4775 3775 4830 pecu-

2150 4846 2321 4914 niam,
2343 4862 2461 4916 quae
2483 4847 2679 4902 collata
2707 4855 2791 4903 est
2819 4862 2850 4902 a
2874 4848 2998 4903 filiis
3018 4847 3422 4914 Israel,trades
3457 4852 3513 4907 in
3539 4867 3678 4907 usus
3699 4860 3778 4906 ta-

2149 4940 2429 4997 bernaculi
2451 4941 2772 5008 testimonii,
2791 4951 2851 4998 ut
2867 4944 2937 4998 sit
2952 4947 3348 5001 monimentum
3365 4962 3573 5003 eorum
3592 4963 3780 5004 coram

2152 5033 2415 5100 Domino,
2440 5042 2495 5090 et
2523 5035 2847 5105 propitietur
2867 5036 3153 5090 animabus
3182 5052 3406 5094 eorttm.
3436 5039 3528 5111 [Ο.
3561 5038 3782 5112 CXIII.]

2149 5127 2496 5200 Locutusque
2523 5138 2608 5184 est
2638 5129 2902 5185 Dominus
2945 5130 3013 5184 ad
3040 5131 3250 5199 Mosen,
3282 5131 3498 5189 dicens
3534 5153 3548 5188 :
3585 5134 3786 5190 Facies

2148 5232 2203 5280 et
2231 5223 2441 5278 labrum
2475 5238 2683 5279 aeneum
2713 5239 2836 5280 cum
2869 5225 2986 5280 basi
3031 5241 3128 5281 sua
3158 5225 3225 5280 ad
3281 5225 3604 5285 lavandum
3644 5249 3658 5286 :
3690 5243 3786 5301 po-

2149 5331 2352 5387 nesque
2381 5315 2512 5372 illud
2541 5317 2683 5373 inter
2707 5317 3116 5374 tabernaculum
3138 5319 3460 5376 testimonii
3494 5333 3555 5378 et
3583 5324 3784 5378 altare.

2147 5410 2217 5466 Et
2246 5413 2408 5467 missa
2439 5428 2598 5483 aqua,
2632 5412 2893 5468 Iavabunt
2932 5415 2983 5468 in
3025 5429 3090 5469 eo
3113 5413 3305 5487 [γαίῃ.
3357 5417 3455 5490 ea]
3500 5418 3699 5476 Aaron
3733 5428 3788 5474 et

2150 5503 2244 5558 ﬁlii
2277 5505 2395 5576 ejus
2424 5520 2617 5560 manus
2647 5520 2777 5560 suas
2825 5521 2887 5562 ac
2917 5505 3086 5578 pedes
3114 5551 3128 5577 ,
3187 5508 3424 5579 quando
3470 5512 3789 5584 ingressuri

2148 5607 2274 5654 sunt
2308 5598 2720 5654 tabernaculum
2772 5600 3097 5666 testimonii,
3125 5611 3180 5658 et
3201 5603 3441 5672 quando
3492 5609 3787 5664 accessuri

2145 5691 2210 5746 ad
2241 5691 2430 5758 altare,
2467 5703 2526 5746 ut
2556 5691 2788 5747 offerant
2813 5693 2866 5748 in
2895 5709 2962 5748 eo
2993 5694 3290 5765 thymiama
3353 5695 3621 5754 Domino
3649 5743 3666 5769 ,
3721 5717 3791 5757 ne

2144 5784 2286 5841 forte
2319 5787 2650 5853 moriantur;
2684 5787 2986 5860 legitimum
3033 5790 3446 5860 sempiternum
3495 5793 3609 5846 erit
3652 5794 3784 5864 ipsi,

2144 5887 2198 5936 et
2218 5879 2412 5936 semini
2445 5878 2563 5950 ejus
2593 5896 2690 5953 per
2717 5883 3114 5942 successiones.
3148 5880 3483 5956 [C.GXIV.]
3504 5884 3760 5945 Locutus
