4044 6360
242 305 353 364 281

1666 299 1871 358 LIBER
1914 291 2146 357 EXODI.

3442 301 3552 359 282

253 435 366 491 que
420 426 505 474 est
568 418 830 474 Dominus
867 416 934 472 ad
982 417 1166 473 Mosen
1196 458 1210 483 ,
1267 416 1493 472 dicens:
1537 418 1701 474 Sume
1754 396 2099 479 tihiAtribu
2128 415 2261 469 Dan.
2297 414 2365 469 Et
2395 413 2447 470 in
2476 413 2643 471 corde
2672 415 2852 471 omnis
2900 415 3101 472 eruditi
3143 415 3297 488 posui
3328 417 3546 488 sapien-

243 519 481 567 aromata
500 510 579 583 [h.
614 518 861 565 aromata
888 510 1062 580 prima
1095 508 1364 580 smyrrhte
1387 508 1621 581 electae],
1653 509 1843 579 prima:

247 618 272 646 θ
304 606 539 679 myrrhre
568 607 759 662 electa:
790 606 1124 678 quingentos
1151 606 1316 661 siclos
1344 652 1357 675 ,
1409 615 1465 661 et
1510 606 1844 661 cinnamomi

251 700 512 765 medium,
538 699 590 754 id
622 708 741 767 est,
776 700 1040 777 ducentos
1076 698 1504 771 quinquaginta,
1549 699 1742 753 calami
1771 698 1845 753 si-

243 790 449 846 militer
470 790 738 846 ducentos
770 790 1200 862 quinquaginta,
1247 791 1411 846 casia:
1450 801 1633 847 autem
1682 790 1841 861 quin-

240 895 440 955 gentos
473 884 664 953 siclos,
701 884 754 939 iu
782 884 1025 955 pondere
1053 885 1383 952 sanctuarii,
1417 885 1521 940 olei
1552 884 1620 940 de
1669 884 1837 941 olive-

240 982 315 1034 tis
372 994 690 1034 mensuram
765 980 855 1034 hin
916 996 929 1033 :
983 978 1261 1051 faciesque
1328 979 1608 1035 unctionis
1662 981 1842 1035 oleum

238 1084 517 1138 sanctum,
547 1082 890 1143 unguentum
928 1074 1288 1144 compositum
1323 1088 1493 1145 opere
1542 1081 1846 1144 unguenta-

238 1166 345 1232 rii,
407 1176 467 1222 et
525 1181 698 1237 unges
732 1181 798 1221 ex
842 1180 909 1222 eo
949 1166 1362 1222 tabernaculum
1393 1166 1686 1221 testimOuii
1714 1209 1729 1235 ,
1789 1175 1845 1223 et

241 1275 429 1317 arcam
465 1261 803 1326 testamenti,
837 1276 1195 1332 mensamque
1224 1277 1347 1316 cum
1380 1260 1529 1315 vasis
1557 1261 1692 1326 suis,
1716 1275 1848 1316 can-

239 1354 557 1422 delabrum,
580 1365 635 1410 ct
660 1353 917 1410 utensilia
947 1353 1062 1425 ejus
1083 1395 1097 1421 ,
1132 1354 1321 1409 altaria
1353 1353 1748 1426 thymiamatis,
1792 1362 1847 1410 et

239 1447 597 1517 holocausti,
644 1457 699 1505 et
743 1448 1053 1504 universam
1100 1448 1540 1519 supellectilem,
1600 1465 1722 1517 quae
1776 1449 1844 1504 ad

239 1543 458 1600 cultum
529 1558 720 1599 eorum
791 1542 1052 1613 pertinet.
1094 1542 1579 1613 Sauctificabisque
1638 1542 1842 1611 omnia,

240 1646 296 1692 et
321 1646 490 1692 erunt
518 1644 706 1691 sancta
735 1647 1054 1693 sanctorum
1085 1654 1096 1690 :
1129 1634 1221 1706 qui
1255 1634 1493 1707 tetigerit
1523 1650 1609 1703 ea,
1640 1634 1845 1689 sancti-

242 1730 713 1785 licabitur.Aaron
744 1742 798 1785 et
827 1729 968 1785 ﬁlias
990 1731 1113 1801 ejus
1141 1744 1333 1800 uuges,
1367 1726 1843 1798 sanctificabisque

1949 512 2103 572 tiam,
2153 517 2211 564 ut
2240 508 2441 564 faciant
2467 516 2661 564 cuncta
2691 524 2814 580 quae
2860 510 3095 580 praecepi
3137 510 3253 576 tibi,
3290 510 3544 565 taberna-

1946 604 2127 660 culum
2169 603 2408 670 fuaderis,
2462 612 2518 660 et
2546 618 2726 659 arcam
2764 604 3092 671 testimonii,
3140 613 3195 661 et
3225 604 3545 675 propitiato-

1946 697 2109 763 riutn,
2158 697 2299 767 quod
2328 712 2492 766 super
2520 712 2644 753 eum
2670 706 2773 763 est,
2803 706 2859 753 et
2887 706 3081 754 cuncta
3112 712 3240 753 vasa
3293 698 3541 754 taberna-

1945 790 2076 858 culi,
2126 804 2477 861 meusamque
2507 800 2562 846 et
2606 805 2734 847 vasa
2764 790 2880 862 ejus
2902 836 2917 861 ,
2947 792 3332 849 candelabrum
3366 794 3542 863 puris-

1948 884 2143 939 simum
2187 899 2311 939 cum
2362 885 2509 940 vasis
2541 884 2675 954 suis,
2710 893 2766 941 et
2798 885 2989 940 altaria
3022 885 3393 958 thymiamatis
3416 929 3432 952 ,
3485 896 3540 942 ct

1946 975 2271 1043 holocausti,
2300 985 2357 1033 et
2386 980 2570 1033 omnia
2601 993 2726 1034 vasa
2756 994 2969 1046 eorum,
3018 979 3227 1035 labrum
3267 994 3390 1035 cum
3424 979 3539 1036 basi

1947 1087 2065 1139 sua,
2092 1082 2275 1128 vestes
2301 1084 2519 1129 sanctas
2551 1074 2603 1128 in
2635 1073 2942 1129 ministerio
2972 1075 3151 1129 Aaron
3183 1072 3454 1129 sacerdoti
3486 1081 3541 1128 et

1945 1164 2069 1220 filiis
2112 1165 2250 1234 ejus,
2282 1173 2343 1220 ut
2375 1164 2666 1237 fungantur
2688 1166 2870 1221 officio
2891 1179 2992 1221 suo
3020 1166 3072 1221 in
3105 1166 3279 1220 sacris
3312 1184 3326 1221 :
3356 1165 3535 1221 oleum

1946 1259 2239 1326 unctionis,
2288 1268 2344 1314 et
2393 1258 2686 1331 thymiama
2728 1267 3029 1314 aromatum
3083 1259 3137 1314 iu
3186 1258 3536 1324 sanctuario,

1944 1353 2123 1408 omnia
2153 1368 2273 1423 qua:
2297 1354 2527 1423 praecepi
2552 1353 2670 1418 tibi,
2694 1352 2917 1408 facient.
2947 1350 3256 1424 [C.CXVI.]
3287 1351 3358 1407 Et
3384 1352 3535 1408 locu-

1946 1454 2031 1502 tus
2061 1456 2142 1502 est
2168 1447 2427 1502 Dominus
2455 1446 2535 1520 [h.
2562 1446 2629 1501 Et
2649 1446 2784 1502 dixit
2814 1429 3110 1518 Dominus}
3130 1446 3196 1501 ad
3218 1446 3424 1513 Mosen,
3457 1445 3540 1501 di-

1944 1556 2075 1598 cens
2114 1559 2126 1594 :
2162 1541 2410 1612 Loquere
2451 1540 2573 1596 filiis
2592 1540 2781 1603 Israel,
2811 1549 2866 1595 et
2892 1540 3042 1597 dices
3069 1540 3135 1595 ad
3175 1556 3270 1597 eos
3299 1558 3313 1596 :
3345 1540 3541 1597 Videte

1945 1645 2008 1691 ut
2049 1636 2334 1692 sabbatum
2386 1650 2566 1691 meum
2619 1633 2969 1700 custodiatis,
3022 1634 3147 1706 quia
3191 1635 3404 1705 signum
3457 1643 3541 1689 est

1947 1732 2088 1787 inter
2117 1746 2204 1787 me
2235 1739 2289 1785 et
2314 1744 2412 1785 vos
2452 1731 2505 1784 in
2536 1727 2980 1809 generationibus
3008 1727 3231 1795 vestris,
3268 1734 3327 1782 ut
3352 1727 3538 1782 sciatis

238 1836 333 1878 eos
360 1864 375 1887 ,
435 1831 495 1877 ut
546 1822 856 1878 sacerdotio
882 1823 1178 1894 fungantur
1217 1820 1367 1877 mihi.
1421 1819 1576 1874 Filiis
1622 1833 1840 1891 quoque
1872 1815 1919 1876 Β
1944 1827 2070 1898 quia
2101 1840 2201 1896 ego
2230 1824 2511 1890 Dominus,
2535 1823 2627 1893 qui
2658 1820 2940 1877 sanetifico
2959 1836 3076 1876 vos.
3100 1818 3382 1876 Custodite
3410 1818 3540 1873 sab-‘

242 1916 411 1970 Israel
466 1915 617 1970 dices
660 1933 673 1969 :
721 1914 834 1972 Iloc
877 1915 1059 1971 oleum
1114 1913 1391 1970 unctionis
1436 1922 1682 1968 sanctum
1738 1912 1844 1967 erit

238 2010 374 2064 mihi
406 2010 463 2064 in
485 2009 877 2081 generationes
906 2017 1138 2065 vestras.
1165 2007 1309 2064 Caro
1338 2006 1583 2063 hominis
1610 2021 1713 2060 nou
1745 2020 1845 2059 uu-

238 2113 398 2175 gctur
431 2119 499 2159 ex
530 2120 629 2171 eo,
658 2112 717 2159 et
752 2104 910 2175 juxta
964 2101 1417 2174 compositionem
1447 2100 1565 2170 ejus
1604 2114 1712 2154 non
1766 2096 1854 2152 fa»

237 2201 405 2255 cietis
435 2198 606 2267 aliud,
633 2200 757 2270 quia
786 2199 1191 2254 sanctificatum
1220 2206 1340 2262 est,
1372 2205 1428 2251 et
1455 2203 1706 2250 sanctum
1738 2193 1844 2248 erit

237 2292 421 2347 vobis.
450 2292 623 2346 IIomo
654 2292 989 2363 quicumque
1013 2291 1123 2346 tale
1147 2289 1544 2360 composuerit,
1576 2297 1630 2343 et
1680 2286 1845 2344 dede-

238 2386 309 2441 rit
351 2401 424 2440 ex
471 2400 539 2440 eo
582 2385 809 2452 alieno,
862 2384 1323 2441 exterminabitur
1364 2383 1431 2437 dc
1466 2381 1666 2453 populo
1721 2396 1841 2435 suo.

239 2480 499 2550 Dixitque
535 2479 804 2535 Dominus
834 2478 900 2532 ad
929 2478 1114 2533 Mosen
1155 2495 1168 2531 :
1215 2475 1382 2532 Sume
1414 2475 1507 2530 tibi
1559 2482 1801 2529 aromata
1826 2516 1841 2542 ,

237 2581 459 2627 stacten
492 2581 550 2627 et
576 2570 812 2644 onycha,
840 2570 1131 2642 galbanum
1158 2570 1289 2625 boni
1321 2568 1505 2623 odoris
1531 2607 1546 2633 ,
1612 2574 1668 2622 et
1722 2568 1844 2621 thus

238 2664 668 2730 lucidissimum,
698 2664 925 2735 mqualis
969 2662 1228 2735 ponderis
1274 2671 1437 2718 erunt
1478 2659 1698 2715 omnia:
1744 2660 1845 2715 Fa-

237 2758 464 2831 ciesque
496 2757 798 2831 thymiama
824 2756 851 2796 ι)
881 2756 1247 2827 eutnpositum
1282 2771 1450 2826 opere
1499 2753 1842 2827 unguentarii

242 2852 481 2906 mixtum
512 2850 832 2921 diligenter,
863 2859 918 2906 et
949 2865 1167 2920 purum,
1199 2859 1254 2904 et
1297 2847 1731 2903 sauctilicalione
1758 2840 1867 2901 di?

238 2948 587 3017 gnissimum.
615 2946 861 3017 Cumque
886 2944 938 3001 iu
972 2944 1354 3000 tenuissimum
1386 2944 1673 3014 pulverem
1728 2941 1847 2996 uni-

240 3057 408 3097 versa
446 3040 767 3097 contuderis
797 3083 813 3109 ,
873 3053 1045 3110 pones
1077 3053 1142 3093 ex
1193 3053 1260 3093 eo
1305 3052 1492 3091 coram
1538 3033 1849 3091 testimonio

242 3135 581 3191 tabernaculi
609 3134 798 3207 [ναις.
851 3131 1209 3189 tabernacqu
1238 3129 1600 3202 testimonii],
1636 3130 1689 3184 in
1736 3142 1846 3199 quo

242 3231 360 3286 loco
392 3230 673 3301 apparebo
701 3228 823 3284 tibi.
857 3228 1117 3285 Sanctum
1171 3236 1481 3281 sanctorum
1524 3226 1630 3280 erit
1685 3224 1843 3280 vobis
1870 3209 1916 3273 C

243 3324 568 3395 thymiama.
600 3323 787 3378 Talem
830 3321 1290 3393 compositionem
1352 3335 1460 3375 non
1519 3318 1729 3374 facietis
1789 3321 1841 3372 iu

243 3434 377 3474 usus
405 3428 651 3484 vestros,
676 3418 800 3489 quia
827 3426 1075 3473 sanctum
1117 3425 1204 3471 est
1234 3415 1485 3470 Domino.
1521 3413 1695 3469 Homo
1725 3414 1848 3485 qui-

243 3526 482 3582 cumque
514 3510 707 3566 fecerit
738 3510 920 3565 simile
945 3550 960 3577 ,
1014 3518 1071 3564 ut
1116 3507 1289 3563 odore
1339 3507 1483 3564 illius
1515 3507 1843 3578 perfruatur,

245 3606 445 3676 peribit
470 3605 541 3661 de
572 3605 790 3675 populis
812 3604 948 3658 suis.

312 3696 413 3770 [C.
443 3695 609 3760 CXV,
642 3696 770 3769 Cap.
799 3693 1028 3767 XXXI.]
1078 3694 1425 3765 Locutusque
1468 3703 1553 3750 est
1586 3694 1849 3751 Dominus

244 3788 307 3843 ad
338 3789 553 3858 Mosen,
588 3789 780 3844 dicens
812 3804 825 3842 :
858 3787 1021 3854 Ecce,
1050 3788 1237 3842 vocavi
1260 3802 1329 3841 ex
1360 3787 1581 3843 nomine
1603 3787 1845 3843 Beseleel

246 3883 419 3938 ﬁlium
452 3884 547 3940 Uri
582 3884 677 3939 filii
710 3883 820 3939 IIur
864 3883 935 3938 de
964 3882 1135 3938 Trihu
1179 3882 1340 3950 Juda,
1376 3891 1431 3938 et
1477 3883 1695 3953 implevi
1723 3899 1847 3939 eum

244 3979 445 4048 spiritu
478 3978 597 4045 Dei,
627 3979 917 4050 sapientia,
952 3986 1008 4034 et
1033 3977 1414 4049 intelligentia,
1447 3988 1499 4032 et
1542 3979 1765 4033 scientia
1798 3980 1850 4034 in

245 4072 397 4127 omni
428 4087 629 4142 opere,
662 4072 729 4127 ad
760 4071 1180 4143 excogitandum
1230 4070 1383 4126 fabre
1424 4070 1688 4141 quidquid
1736 4071 1852 4128 ﬁeri

245 4174 436 4235 potest
463 4180 529 4220 ex
552 4180 708 4233 auro,
735 4174 791 4222 et
812 4173 1062 4236 argento,
1096 4172 1151 4219 et
1170 4179 1299 4231 tere,
1336 4178 1606 4218 marmore
1636 4163 1717 4237 [h.
1743 4181 1853 4221 uon

247 4258 437 4327 habet,
464 4258 796 4331 marmore],
814 4269 867 4315 et
886 4258 1134 4330 gemmis,
1154 4258 1537 4314 etdiversitate
1556 4258 1849 4330 lignorum.

255 4353 504 4425 Dedique
530 4354 580 4410 ei
611 4352 820 4409 socium
844 4352 1039 4408 Ooliab
1068 4353 1237 4407 filium
1272 4351 1379 4425 [h.]
1433 4353 1759 4409 Altisamach
1787 4356 1853 4413 de

319 4502 349 4531 δ
395 4492 510 4547 Non
544 4491 793 4563 myrrhaz,
822 4491 919 4547 sed
951 4507 1174 4563 smyrnw
1199 4490 1385 4560 legunt
1410 4506 1606 4563 amnes
1634 4493 1853 4552 codices
1880 4532 1885 4543 ι

248 4580 393 4621 mss.
431 4562 870 4639 juxta’Graecam
902 4578 1090 4618 vocem
1135 4565 1367 4639 σμύρνης
1407 4562 1551 4616 LXX
1578 4564 1852 4639 interpre-

249 4647 391 4691 tum.
452 4636 879 4708 Poteramusﬂet
930 4650 1029 4708 uos
1081 4634 1332 4688 veterum
1378 4634 1626 4704 exempla
1670 4634 1849 4708 sequi,

252 4710 357 4763 nisi
392 4724 524 4762 usus
551 4707 827 4763 scribendi
853 4707 1142 4778 myrrham,
1173 4721 1280 4761 nou
1313 4722 1602 4777 smyrnam,
1638 4707 1850 4779 praiva-

251 4780 415 4835 leret.
445 4780 630 4835 Mam.

250 4882 319 4891 —
351 4850 594 4907 Urbinas
627 4866 730 4904 ms.
761 4849 1006 4921 myrrhae,
1054 4858 1109 4905 et
1159 4849 1337 4903 electae
1362 4865 1381 4903 :
1427 4849 1663 4905 Palatin.
1719 4868 1844 4908 cum

252 4922 339 4988 iis,
375 4938 508 4992 quos
540 4931 742 4992 praesto
772 4922 961 4977 habuit
988 4921 1356 4988 Martianaeus,
1390 4938 1617 4992 amynta:
1643 4924 1843 4991 electw,

249 4994 604 5070 ἱυῖιίιβτὲεο·
642 4995 891 5070 seems;

325 5065 357 5104 ιι
399 5066 638 5121 Verbum
668 5064 812 5119 istud
849 5065 1176 5121 Hebraicum
1208 5064 1310 5119 hoc
1338 5065 1503 5121 modo
1528 5074 1843 5135 puuctatum

254 5138 532 5206 reperitur
577 5137 631 5191 in
673 5138 918 5206 margine
966 5136 1213 5191 interiori
1264 5137 1492 5191 canonis
1561 5137 1846 5193 I'Iebraica:

256 5209 510 5264 veritatis
547 5223 577 5263 e
608 5208 831 5279 regione
857 5207 1116 5263 dictionis
1143 5207 1446 5279 thymiama.
1492 5207 1692 5264 Verum
1727 5224 1843 5263 ma-

260 5296 331 5333 nu
366 5280 659 5335 recentiori
684 5278 699 5346 ,
734 5295 799 5333 ac
828 5288 1035 5335 temere
1072 5278 1238 5333 fuisse
1266 5279 1501 5345 positum
1527 5281 1693 5334 multa
1722 5295 1845 5335 sua-

257 5352 409 5408 deut.
446 5352 687 5406 Primum
716 5362 829 5415 est,
863 5352 1006 5420 quod
1032 5349 1314 5405 Hebraicis
1339 5351 1751 5407 characteribus
1778 5352 1851 5407 sit

258 5426 588 5493 exscriptum
613 5465 629 5489 ,
668 5438 791 5477 cum
823 5422 985 5477 verba
1010 5422 1234 5477 Hebraea
1269 5422 1321 5476 in
1346 5422 1572 5478 scholiis
1600 5423 1845 5493 ejusdem

258 5499 517 5557 canonis,
550 5493 749 5549 litteris
777 5494 978 5563 ubique
1011 5493 1217 5547 Latinis
1252 5496 1597 5561 reperiantur
1626 5510 1849 5563 expres-

259 5582 343 5632 sa,
373 5578 429 5621 ut
456 5566 510 5620 in
534 5566 750 5620 caeteris
772 5564 1086 5636 Hieronymi
1111 5565 1608 5621 lucubrati0uibus.
1642 5565 1847 5621 Deinde

260 5637 451 5693 eodem
494 5644 800 5692 atramento
844 5637 1227 5692 annotationes
1275 5636 1599 5707 marginales
1628 5653 1846 5703 semper

263 5710 580 5779 scribuntur
608 5708 662 5763 in
693 5723 925 5774 canone,
956 5723 1068 5779 quo
1098 5716 1152 5763 et
1178 5716 1359 5763 textus
1387 5710 1502 5776 ipse
1528 5725 1540 5761 :
1569 5716 1624 5762 at
1651 5709 1702 5761 iu
1739 5707 1843 5763 hoc

267 5782 433 5851 verba
460 5778 700 5835 Cetoreth
736 5780 915 5835 minus
956 5778 1131 5834 atrum
1171 5788 1400 5851 apparet
1423 5780 1756 5848 degenerans
1789 5780 1841 5835 in

266 5849 463 5907 flavum
491 5853 757 5909 colorem.
793 5851 955 5909 Nullo
981 5849 1223 5923 denique
1242 5849 1396 5923 signo
1429 5853 1685 5909 lectorem
1721 5866 1836 5907 mo-

1946 1921 2129 1976 batum
2161 1918 2348 1993 [Vulg.
2370 1918 2495 1972 add.
2527 1916 2754 1989 meum],
2785 1924 3035 1972 sanctum
3057 1925 3141 1971 est
3169 1915 3315 1970 enim
3341 1913 3494 1968 vobis
3520 1929 3535 1968 :

1944 2017 2034 2086 qui
2076 2014 2337 2086 polluerit
2367 2013 2523 2078 illud,
2558 2020 2736 2067 morte
2782 2010 3049 2065 morietur
3084 2028 3096 2063 :
3129 2008 3216 2079 qui
3264 2006 3455 2062 fecerit
3486 2006 3540 2061 in

1944 2124 2014 2166 eo
2046 2123 2201 2179 opus,
2248 2108 2443 2179 peribit
2470 2106 2647 2162 anima
2684 2105 2830 2161 illius
2875 2102 2943 2159 de
2985 2101 3165 2159 medio
3212 2100 3393 2172 populi
3424 2098 3531 2154 sui.

1943 2203 2048 2260 Sex
2076 2202 2270 2259 diebus
2324 2202 2537 2257 facietis
2581 2214 2717 2270 opus
2749 2218 2762 2256 :
2792 2199 2843 2253 iu
2878 2196 2967 2253 die
2994 2194 3225 2267 septimo
3256 2193 3542 2248 sabbatum

1945 2306 2051 2365 est,
2078 2297 2294 2367 requies
2327 2305 2510 2352 sancta
2547 2292 2799 2349 Domino.
2832 2290 3024 2346 Omnis
3057 2287 3149 2359 qui
3192 2287 3383 2344 fecerit
3408 2300 3545 2356 opus

1946 2392 2000 2448 in
2040 2390 2140 2446 hac
2183 2390 2293 2463 die,
2328 2389 2613 2445 morietur.
2646 2384 2972 2441 Custodiant
3022 2382 3115 2438 filii
3150 2380 3316 2437 Israel
3348 2380 3547 2434 sabba-

1946 2496 2081 2551 tum,
2109 2496 2162 2541 et
2202 2484 2484 2541 celebrent
2511 2482 2642 2537 illud
2672 2481 2725 2537 in
2765 2479 3215 2553 generationibus
3244 2479 3377 2534 suis.
3407 2476 3546 2531 Pac-

1947 2588 2059 2635 tum
2093 2589 2174 2634 est
2202 2578 2592 2648 sempiternum
2626 2575 2772 2631 inter
2803 2589 2890 2629 me
2937 2581 2990 2629 et
3022 2572 3190 2627 Filios
3242 2571 3430 2639 Israel,
3464 2568 3540 2625 si-

1946 2688 2221 2747 gnumque
2252 2682 2594 2743 perpetuum.
2626 2668 2736 2725 Sex
2764 2669 2909 2724 enim
2937 2666 3129 2723 diebus
3179 2666 3309 2722 fecit
3359 2666 3539 2720 Domi-

1947 2784 2052 2825 nus
2065 2768 2261 2824 coelum
2277 2776 2332 2822 et
2351 2775 2575 2831 terram,
2595 2774 2650 2820 et
2677 2767 2730 2818 lu
2749 2764 2987 2834 septimo
3011 2762 3079 2815 ab
3098 2775 3265 2832 opere
3290 2758 3544 2814 cessavit.

1949 2860 2036 2933 [T.
2068 2859 2186 2928 XV,
2220 2859 2282 2914 Β.
2314 2856 2456 2927 XIX,
2493 2856 2622 2928 Cap.
2645 2852 2933 2925 CXXVII]
2984 2852 3253 2923 Deditque
3284 2852 3544 2907 Dominus

1948 2954 2104 3025 Mosi,
2129 2952 2423 3023 completis
2456 2948 2838 3022 hujuscemodi
2887 2947 3232 3003 sermonibus
3275 2946 3327 3001 in
3362 2955 3544 3000 monte

1949 3047 2139 3114 Sinai,
2194 3047 2328 3102 duas
2377 3043 2592 3101 tabulas
2638 3041 2938 3100 testimonii
2992 3038 3271 3112 lapideas,
3311 3037 3545 3110 scriptas

1949 3144 2121 3215 digito
2150 3141 2268 3196 Dei.

2018 3234 2102 3308 [C.
2135 3234 2369 3301 CXVIII,
2402 3232 2534 3303 Cap.
2567 3227 2808 3302 XXXII.]
2856 3227 3061 3284 Videns
3090 3234 3271 3281 autem
3305 3222 3542 3295 populus

1947 3327 2092 3400 quod
2145 3342 2353 3381 moram
2385 3324 2591 3380 faceret
2617 3320 2986 3379 descendendi
3017 3319 3084 3375 de
3128 3328 3309 3373 monte
3340 3316 3537 3384 Moses,

1949 3430 2309 3494 congregatus
2337 3421 2601 3477 adversus
2632 3420 2838 3485 Aaron,
2882 3417 2958 3470 ait
2987 3432 3001 3471 :
3037 3415 3234 3485 Surge,
3274 3412 3358 3467 fac
3384 3410 3541 3466 nobis

1952 3519 2105 3586 deos,
2136 3518 2226 3589 qui
2256 3532 2356 3572 nos
2399 3514 2711 3587 praecedant
2737 3530 2751 3568 :
2783 3512 2916 3568 Mosi
2945 3511 3090 3567 enim
3122 3510 3249 3565 huic
3277 3507 3416 3570 viro,
3449 3506 3540 3576 qui

1954 3627 2055 3667 nos
2094 3610 2281 3667 eduxit
2309 3609 2376 3665 de
2410 3620 2555 3664 terra
2602 3606 2841 3678 Egypti,
2891 3605 3208 3677 ignoramus
3239 3600 3370 3673 quid
3402 3598 3547 3655 acci-

1955 3708 2117 3763 derit.
2167 3705 2417 3777 Dixitque
2462 3703 2528 3759 ad
2564 3718 2657 3758 eos
2704 3702 2884 3758 Aaron
2918 3717 2937 3756 :
2968 3700 3168 3755 Tollite
3211 3699 3429 3753 inaures
3455 3710 3549 3750 au-

1958 3816 2080 3856 reas
2108 3799 2177 3856 de
2219 3814 2448 3854 uxorum
2504 3796 2847 3866 filiorumque
2876 3805 2928 3850 et
2963 3792 3197 3863 filiarum
3245 3799 3546 3845 vestrarum

1957 3893 2199 3959 auribus,
2248 3902 2296 3947 et
2349 3890 2539 3946 afferte
2587 3888 2652 3944 ad
2696 3904 2801 3944 me.
2853 3886 3116 3958 Fecitque
3157 3884 3389 3955 populus
3428 3897 3547 3953 (ιιιςρ

1949 3987 2213 4058 jusserat,
2244 3983 2497 4040 deferens
2529 3983 2744 4037 inaures
2775 3980 2839 4035 ad
2872 3980 3079 4035 Aaron.
3113 3979 3260 4047 Quas
3303 3991 3425 4031 cum
3460 3975 3551 4030 ille

1955 4079 2277 4151 accepisset,
2330 4077 2584 4132 formavit
2630 4090 2796 4145 opere
2827 4074 3051 4141 fusorio,
3102 4082 3157 4128 et
3201 4070 3327 4127 fecit
3375 4085 3442 4125 ex
3472 4068 3551 4123 eis

1954 4174 2186 4229 vitulum
2214 4171 2567 4228 conflatilem.
2600 4169 2983 4239 Dixeruntque
3016 4184 3029 4223 :
3059 4166 3123 4221 lli
3174 4173 3301 4220 sunt
3341 4164 3416 4219 dii
3452 4164 3549 4229 tui,

1957 4266 2143 4332 Israel,
2177 4266 2268 4337 qui
2298 4276 2349 4319 te
2370 4264 2677 4319 eduxerunt
2703 4262 2773 4317 de
2804 4270 2947 4316 terra
2973 4259 3215 4332 Egypti.
3248 4256 3401 4325 Quod
3429 4270 3550 4311 cum

1963 4360 2189 4417 vidisset
2246 4360 2426 4413 Aaron
2454 4399 2469 4425 ,
2512 4355 2805 4412 aedificavit
2847 4355 3018 4410 altare
3058 4367 3238 4408 coram
3300 4363 3321 4389 ο
3357 4366 3421 4405 eo
3469 4348 3548 4421 [h.

1962 4507 2093 4563 net,
2142 4497 2284 4554 sicut
2315 4505 2510 4551 cmlera
2548 4495 2758 4552 scholia
2784 4534 2800 4563 ,
2830 4493 2961 4565 qttid
2986 4494 3089 4550 sibi
3124 4490 3458 4565 respondeat
3499 4490 3549 4545 in

1960 4561 2193 4640 corpore
2221 4612 2235 4634 ,
2280 4570 2363 4624 vel
2413 4570 2479 4623 ad
2523 4561 3118 4640 quamambiguitatent
3152 4561 3551 4640 dissolvendam

1958 4643 2030 4698 sit
2066 4636 2404 4711 appositum.
2460 4638 2731 4709 Quidquid
2757 4637 2832 4711 _sit
2862 4637 2930 4711 de
2961 4636 3058 4691 illo
3086 4637 3286 4711 verbo,
3334 4640 3545 4711 certum

1958 4704 2271 4771 exsta't'non
2296 4727 2417 4768 esse
2450 4704 2800 4782 I’I'ieronymi,
2834 4709 3154 4782 quipuncta
3184 4704 3552 4762 Massoretlta-

1958 4802 2077 4842 rum
2106 4784 2313 4839 vocalia
2343 4798 2607 4853 nusquam
2631 4780 2867 4851 agnovit.
2898 4780 3081 4853 _Mxn'r.

2026 4889 2096 4897 —
2112 4849 2486 4925 Expuuximus
2508 4849 2780 4909 alibrfora
2795 4851 3024 4907 verbum
3041 4849 3365 4907 Hebraicum
3378 4859 3555 4936 rmap

1954 4949 2100 5020 quod
2134 4949 2185 5002 in
2218 4948 2464 5020 margine
2518 4944 2766 5020 inte_rio_ri
2812 4941 3050 5020 Canonis
3083 4942 3378 5020 _Iiebraica:
3411 4946 3557 4997 veri-

1958 5015 2083 5075 tatis
2107 5036 2138 5076 e
2167 5015 2389 5089 regione
2418 5017 2670 5073 dictionis
2698 5015 3007 5089 Thymiauta
3031 5057 3044 5080 ,
3081 5015 3433 5070 Martianacus
3456 5029 3554 5089 re:

1958 5092 2125 5163 petit;
2192 5086 2445 5163 quodque
2494 5094 2611 5159 ipse
2656 5086 2795 5163 _uon'
2830 5086 3125 5163 diffitetur,
3175 5095 3287 5163 et__a
3319 5086 3557 5163 sequiori

1956 5158 2144 5230 manu,
2178 5158 2231 5217 et
2261 5178 2288 5215 a
2314 5158 2485 5217 sciolo
2517 5158 2813 5216 scholiaste
2859 5162 3194 5230 appositum.
3224 5158 3397 5213 Verus
3435 5159 3557 5213 Ilie-

1956 5249 2219 5307 ronymus
2250 5234 2417 5307 epist.
2455 5232 2674 5307 IO6._ad
2699 5232 2965 5307 Suttttiam
3013 5242 3065 5286 et
3114 5230 3386 5307 Fre‘tclam
3414 5270 3428 5292 ,
3482 5230 3553 5285 ad

1957 5300 2155 5378 psalm.
2191 5300 2322 5370 LXV,
2358 5303 2601 5378 Catoreth
2634 5304 2785 5374 legit,
2814 5311 2870 5359 et
2907 5303 3175 5357 incensum
3214 5300 3548 5372 IIIICI‘pI’Cl.t-

1955 5376 2063 5435 iur.
2093 5378 2227 5433 Vide
2258 5393 2379 5448 qua:
2407 5391 2507 5431 nos
2533 5376 2604 5432 ibi
2640 5384 2990 5429 aunotamus.

2028 5480 2049 5508 ο
2093 5469 2355 5525 IIebraice
2385 5468 2545 5523 habet
2569 5450 2733 5536 Ἥξει),
2766 5467 3050 5538 lephauau,
3080 5466 3128 5522 id
3157 5476 3260 5533 cst,
3302 5467 3371 5520 ad
3394 5468 3557 5538 facies

1950 5568 2087 5637 ejus.
2144 5563 2309 5617 Docet
2356 5562 2535 5637 itaque
2582 5571 2739 5637 uota_
2774 5562 2963 5637 istlncc
3007 5559 3552 5637 tuargiualis_,_‘quod

1947 5630 2101 5706 juxta
2144 5648 2364 5689 sensum
2398 5630 2677 5689 l'lebraicaa
2708 5634 3009 5702 Scriptura:
3048 5630 3229 5689 Aaron
3261 5630 3547 5706 aedificarit

1950 5704 2126 5761 altare
2168 5720 2353 5760 coram
2405 5718 2618 5769 monte,
2674 5722 2780 5760 nou
2813 5720 2999 5760 coram
3041 5707 3213 5760 vitulo
3259 5704 3544 5759 conﬂatili.

1949 5777 2057 5835 Sed
2091 5777 2424 5833 contrarium
2468 5777 2658 5833 volunt
2686 5778 2865 5832 critici
2894 5777 3032 5831 sacri
3072 5778 3229 5845 hujus
3262 5778 3546 5844 temporis,

1953 5850 2044 5921 qui
2077 5849 2144 5905 ad
2179 5850 2293 5907 haec
2317 5849 2506 5919 verba,
2537 5866 2711 5906 coram
2742 5866 2825 5919 eo,
2859 5856 3085 5905 mouent
3133 5847 3437 5917 subaudiri,
3471 5850 3551 5903 vi-
