4044 6360
443 265 552 324 235

1448 265 1504 322 S.
1545 263 1928 322 HlEIlliNYliI
1967 263 2202 324 DI‘VINA
2243 266 2726 328 BiBLIOTIlECA.

3634 259 3745 315 264

443 393 636 434 coram
671 376 901 451 monte],
933 387 990 434 et
1031 378 1302 449 praeconis
1345 395 1477 435 voce
1503 378 1756 434 clamavit
1799 378 1986 434 dicens
2015 397 2028 433 :
2061 384 2115 446 Α
2138 396 2238 452 ego
2285 380 2439 437 dixi:
2471 381 2606 451 Quis
2626 390 2866 438 vestrum
2900 381 3064 438 habet
3092 381 3321 436 aurum?
3367 379 3664 447 Tuleruut,
3687 387 3746 434 et

447 471 590 526 Cras
629 471 955 528 Solemnitas
1005 471 1217 527 Domini
1267 483 1374 528 est.
1437 475 1849 542 Sttrgeutesquc-
1881 487 2038 532 mane

447 565 770 622 obtulerunt
797 565 1140 633 holocausta,
1182 577 1235 622 et
1268 567 1470 621 hostias
1501 565 1772 634 paciﬁcus,
1818 576 1874 622 et
1899 566 2044 623 sedit

451 658 688 730 populus
705 660 1016 720 comedere.
1041 671 1098 716 et
1124 661 1332 724 bibere,
1363 670 1420 716 et
1445 670 1807 716 surrexerunt
1832 660 2042 718 ludere.

453 749 538 824 [C.
570 749 782 823 CXIX]
810 751 1050 809 Locutus
1078 762 1164 808 est
1191 763 1372 808 autem
1407 752 1674 809 Dominus
1705 753 1773 809 ad
1805 754 1992 812 Moses
2024 773 2037 810 :

453 842 628 910 Vade,
661 844 934 903 descende
967 863 980 900 :
1015 846 1258 915 peccavit
1287 846 1516 915 populus
1540 857 1685 916 tuus,
1721 864 1885 919 quem
1907 849 2040 905 edu-

451 936 580 992 xisti
629 937 698 994 de
745 946 894 994 terra
940 939 1182 1011 Egypti.
1232 940 1604 998 Recesserunt
1649 943 1762 998 cito
1811 945 1880 1000 de
1935 945 2048 1014 via,

453 1046 617 1100 quam
648 1033 938 1088 ostendisti
965 1034 1044 1088 eis
1075 1050 1090 1087 :
1124 1035 1474 1103 feceruntque
1505 1037 1606 1091 sibi
1648 1037 1873 1094 vitulum
1905 1051 2043 1094 con-

443 1125 690 1195 flatiletn,
739 1138 792 1182 et
827 1127 1212 1194 adoraverunt,
1257 1138 1418 1197 atque
1447 1131 1798 1188 immolantes
1821 1133 1873 1188 ci
1909 1133 2033 1189 bos-

457 1221 578 1289 tias,
627 1221 881 1276 dixerunt
919 1239 932 1277 :
961 1222 1048 1276 Isti
1078 1232 1206 1278 sunt
1245 1223 1320 1278 dii
1352 1224 1449 1290 tui,
1481 1223 1668 1289 Israel,
1701 1225 1792 1295 qui
1829 1233 1883 1279 te
1907 1224 2042 1280 edu-

457 1323 658 1369 xerunt
689 1313 756 1370 de
787 1324 928 1369 terra
957 1314 1195 1387 lEgypti.
1228 1317 1571 1388 Rursumque
1593 1317 1662 1372 ait
1695 1317 1959 1374 Dominus
1980 1317 2051 1373 ad

453 1408 643 1464 Mosen
671 1427 684 1463 :
714 1409 893 1465 Cerno
921 1413 1063 1481 quod
1110 1413 1338 1484 populus
1369 1412 1470 1468 iste
1498 1411 1648 1468 dura:
1669 1414 1903 1469 cervicis
1932 1414 2002 1468 sit
2029 1433 2044 1467 :

454 1503 668 1558 dimitte
699 1518 811 1570 me,
842 1514 899 1558 ut
924 1504 1191 1559 irascatur
1217 1507 1362 1560 furor
1411 1520 1560 1560 meus
1604 1517 1792 1561 contra
1845 1521 1964 1571 eos,
1993 1515 2049 1561 et

454 1594 670 1651 deleam
717 1611 834 1660 eos,
883 1596 1187 1669 faciamque
1215 1609 1264 1651 te
1309 1600 1363 1654 in
1391 1612 1606 1670 gentem
1653 1615 1926 1670 magnam.
1959 1599 2044 1673 [C.

456 1687 648 1760 CXX]
678 1689 860 1746 Muses
887 1699 1070 1746 autem
1102 1691 1292 1747 orabat
1319 1691 1609 1747 Dolitiltﬂttl
1662 1693 1836 1748 Deum
1861 1707 2046 1760 suum,

2143 475 2406 532 dederunt
2439 478 2567 532 milii
2597 495 2606 529 :
2643 488 2700 532 et-
2739 477 2938 545 ptrojeci
2972 475 3103 532 illud
3135 477 3188 531 in
3218 478 3422 546 ignem,
3456 487 3746 548 egressus-

2144 587 2250 642 que
2296 583 2379 626 est
2409 570 2499 627 hic
2546 572 2767 626 vitulus.
2821 569 3022 626 Videas
3054 585 3186 642 ergo
3235 570 3452 643 Moyses
3480 569 3756 640 populum-

2144 664 2289 734 quod
2338 675 2483 720 esset
2536 664 2774 720 nudatus
2819 663 3182 736 (spoliaverat
3217 665 3360 720 enim
3392 679 3517 718 eum
3559 662 3746 720 Aaron

2148 765 2366 829 propter
2410 757 2771 830 ignominiam»
2793 758 2998 824 sordis,
3043 766 3102 813 et
3132 758 3274 812 inter
3301 757 3490 812 hostes
3535 740 3754 811 nudum

2146 854 2543 914 etmstituerat).
2567 850 2650 925 [C.
2669 851 2932 924 CXXIlH
2955 853 3181 908 Etstans
3196 853 3248 906 in
3266 860 3421 923 porta
3433 858 3754 908 castrorum,

2147 944 2220 998 ait
2256 966 2268 1000 :
2302 944 2356 1000 Si
2392 945 2512 1014 quis
2541 953 2626 998 est
2655 943 2892 1012 Domini,
2913 944 3174 1014 jungatur
3197 941 3353 998 mihi.
3388 942 3749 1013 Congregati—

2147 1051 2252 1106 que
2278 1047 2405 1091 sunt
2431 1036 2497 1090 ad
2529 1052 2658 1094 eum
2687 1051 2886 1092 omnes
2910 1036 3001 1091 ﬁlii
3028 1035 3162 1091 Levi
3193 1053 3205 1090 :
3239 1035 3434 1106 quibus
3474 1034 3554 1090 ait
3581 1052 3595 1088 :
3621 1033 3753 1094 Haec

2145 1130 2276 1187 dicit
2311 1132 2574 1188 Dominus
2601 1133 2742 1189 Deus
2774 1132 2944 1188 Israel
2971 1133 3178 1188 :Ponat
3203 1133 3290 1188 vir
3318 1131 3564 1204 gladium
3584 1146 3758 1202 super

2149 1223 2323 1280 femur
2349 1241 2510 1281 suum
2543 1243 2556 1280 :
2593 1225 2688 1293 ite,
2717 1236 2774 1282 et
2799 1226 2982 1282 redite
3008 1226 3076 1282 de
3106 1235 3262 1297 porta
3297 1240 3471 1297 usque
3500 1223 3568 1278 ad
3618 1240 3752 1293 por-

2151 1327 2258 1370 tam
2289 1333 2386 1387 per
2413 1317 2651 1372 medium
2683 1326 3014 1384 castrorum,
3043 1327 3093 1374 et
3127 1317 3346 1376 occidat
3375 1317 3764 1388 unusquisque

2151 1409 2402 1471 fratrem.
2433 1422 2488 1466 et
2520 1411 2781 1476 amicum,
2812 1419 2870 1466 et
2897 1411 3206 1482 proximum
3245 1426 3428 1468 suum.
3460 1410 3764 1466 Fceeruah

2151 1518 2254 1572 que
2287 1500 2382 1556 lilii
2412 1501 2546 1557 Levi
2573 1502 2728 1572 juxta
2759 1517 3073 1563 sermonem
3121 1502 3278 1570 Mosi,
3322 1502 3758 1573 cecideruntque

2151 1595 2203 1648 in
2230 1595 2317 1650 die
2345 1595 2434 1650 illa
2458 1596 2614 1665 quasi
2633 1594 2661 1635 δ
2688 1595 2788 1650 tria
2816 1594 2995 1650 millia
3010 1595 3316 1651 hominum.
3345 1596 3410 1652 Et
3434 1596 3503 1649 ait
3532 1595 3709 1652 Moses
3735 1612 3754 1656 ξ

2152 1689 2531 1745 Consecrastis
2583 1705 2776 1748 manus
2821 1699 3033 1748 vestras
3082 1689 3248 1746 hodie
3298 1691 3556 1756 Domino,
3585 1705 3758 1746 unus-

456 1782 646 1838 dicens
680 1782 850 1850 :Cur,
900 1784 1160 1853 Domine,
1201 1787 1457 1841 irascitur
1505 1784 1652 1840 furor
1687 1796 1809 1842 ntus
1857 1796 2048 1842 contra
2080 1793 2122 1853 Β
2151 1784 2378 1854 quisque
2429 1784 2486 1837 in
2515 1784 2649 1850 tilio.
2690 1794 2748 1840 et
2779 1783 2953 1840 Fratre
2973 1798 3096 1849 suo,
3126 1793 3189 1839 ut
3215 1782 3376 1840 detur
3406 1783 3563 1839 vobis
3593 1784 3768 1841 benc-

460 1880 718 1949 p0pulttm
764 1891 935 1946 tuum,
989 1897 1149 1951 quem
1171 1882 1404 1938 eduxisti
1433 1882 1501 1938 de
1553 1891 1696 1938 terra
1721 1880 1961 1955 (Egypti,
1994 1883 2050 1937 in
2153 1875 2336 1931 dictio.
2373 1875 2458 1947 [C.
2488 1874 2753 1950 CXXIV.]
2781 1876 2947 1934 Facto
2968 1885 3150 1932 autem
3180 1876 3269 1932 die
3300 1877 3510 1943 altero,
3541 1875 3768 1933 loeutus.

457 1971 774 2028 fortitudine
806 1989 1016 2046 magna,
1049 1984 1103 2030 et
1133 1975 1185 2030 in
1220 1993 1378 2031 manu
1409 1976 1666 2032 robusta?
1714 1977 1810 2043 Ne,
1839 1990 2048 2048 quaeso,
2152 1979 2236 2024 est
2277 1967 2459 2024 Muses
2504 1969 2572 2024 ad
2603 1969 2861 2038 populum
2896 1987 2909 2022 :
2952 1968 3228 2026 Peccastis
3270 1979 3551 2040 peccatum
3585 1969 3760 2026 maxi~

457 2067 644 2126 dicant
668 2069 915 2143 Egyptii
946 2089 960 2124 :
997 2071 1205 2128 Callide
1233 2073 1428 2128 eduxit
1456 2088 1573 2139 eos,
1626 2083 1682 2128 ut
1721 2072 2052 2129 interﬁceret
2156 2079 2302 2118 mum
2333 2079 2350 2119 :
2379 2063 2678 2120 ascendam
2727 2062 2796 2120 ad
2840 2063 3174 2132 Dominum,
3223 2063 3269 2119 si
3315 2063 3592 2134 quomodo
3631 2078 3768 2124 eum.

459 2164 513 2220 in
541 2165 842 2235 montibus,
871 2175 926 2222 et
951 2166 1158 2222 deleret
1182 2182 1213 2222 e
1244 2175 1383 2222 terra
1421 2185 1432 2220 ε
1461 2168 1706 2238 quiescat
1748 2168 1824 2222 ira
1854 2176 1965 2234 tua,
1996 2176 2053 2223 et
2152 2157 2382 2226 «tuivero
2415 2157 2695 2228 deprecari
2725 2171 2822 2227 pro
2851 2156 3070 2214 scelere
3105 2164 3316 2212 vestro.
3367 2155 3766 2226 Reversusque

460 2266 582 2313 esto
609 2258 890 2329 placabilis
914 2274 1078 2330 super
1108 2261 1350 2331 nequitia
1375 2261 1555 2331 populi
1606 2260 1701 2315 tui.
1738 2259 2056 2316 Recordare

460 2351 757 2418 Abraham,
785 2351 957 2419 Isaac,
977 2362 1032 2407 et
1058 2352 1247 2420 Israel,
1276 2369 1560 2409 servorum
1590 2364 1826 2415 tuorum.
1852 2354 2054 2424 quibus

457 2444 658 2514 jurain
689 2460 784 2515 per
807 2446 1180 2517 temetipsum.
1202 2445 1390 2502 dicens
1422 2463 1435 2500 :
1471 2445 1843 2516 Multiplicabo
1864 2460 2055 2502 semen

465 2547 708 2595 vestrum
755 2541 902 2595 sicut
928 2540 1114 2595 stellas
1162 2541 1286 2597 cteli
1319 2583 1333 2609 ,
1383 2554 1437 2595 et
1491 2541 1796 2595 universam
1851 2553 2055 2597 terram

469 2631 632 2699 hanc,
665 2633 734 2690 de
775 2648 882 2703 qua
909 2635 1124 2690 locutus
1174 2649 1318 2703 sum,
1351 2634 1494 2688 dabo
1535 2634 1730 2688 semini
1764 2644 1966 2702 vestro,
2000 2641 2060 2690 et

466 2725 817 2796 possidebitis
865 2742 988 2783 eam
1040 2742 1277 2796 semper.
1329 2726 1686 2797 Placatusque
1734 2735 1820 2782 est
1876 2725 2061 2782 Domi-

468 2835 592 2888 nus,
626 2835 694 2876 ne
719 2819 926 2876 faceret
953 2819 1152 2874 malum
1175 2819 1320 2889 quod
1353 2819 1565 2875 loeutus
1597 2818 1773 2874 fuerat
1792 2819 2058 2875 adversus

470 2911 731 2982 populum
761 2927 940 2965 suum.
962 2909 1044 2984 [C.
1074 2910 1288 2982 CXXH
1317 2911 1385 2966 Et
1410 2927 1665 2967 reversus
1687 2922 1770 2967 est
1793 2909 1968 2966 Moses
1991 2909 2064 2968 de

471 3012 677 3069 monte,
728 3011 955 3073 portans
985 3003 1122 3060 duas
1156 3003 1368 3062 tabulas
1400 3004 1693 3060 testimonii
1734 3002 1762 3032 ⁸
1791 3002 1844 3060 in
1897 3019 2063 3059 manu

470 3113 590 3162 sua,
625 3097 857 3169 scriptas
878 3114 949 3152 ex
984 3107 1209 3170 utraque
1240 3112 1412 3168 parte,
1443 3107 1498 3154 et
1527 3099 1697 3154 factas
1727 3113 1895 3166 onere
1921 3098 2014 3154 Dei
2044 3113 2060 3155 :

470 3194 738 3262 scriptura
781 3208 999 3263 quoque
1025 3192 1121 3248 Dei
1161 3203 1280 3248 erat
1325 3193 1530 3264 sculpta
1577 3191 1630 3248 in
1681 3192 1900 3250 tabulis.
1957 3194 2064 3246 Λιι-
2094 3198 2133 3256 (3

471 3287 628 3342 diens
675 3295 856 3342 autem
903 3286 1068 3343 Josue
1109 3285 1398 3341 tumultum
1451 3287 1635 3356 populi
1685 3285 2062 3352 vociferantis.

474 3379 606 3434 dixit
638 3379 705 3433 ad
733 3379 915 3434 Mosen
945 3398 958 3435 :
995 3379 1240 3434 Ululatus
1271 3395 1462 3449 pugnat
1490 3379 1708 3434 auditur
1741 3380 1794 3434 in
1843 3377 2062 3434 castris.

472 3469 574 3538 Qui
632 3469 914 3540 respondit
947 3470 1101 3525 :Non
1158 3483 1238 3526 est
1288 3472 1495 3525 clamor
1542 3469 1955 3525 adhortantium
1996 3467 2066 3525 ad

476 3577 733 3634 pugnam,
760 3579 935 3634 neque
956 3564 1273 3619 vociferatio
1295 3565 1733 3634 cotnpellentiutn
1753 3563 1820 3619 ad
1847 3563 2063 3635 fugam;

473 3654 569 3710 sed
619 3669 807 3711 vocem
849 3655 1182 3710 cantantium
1227 3672 1328 3726 ego
1380 3657 1562 3711 audio.
1595 3656 1838 3727 Cumque
1871 3673 2069 3728 appro-

481 3748 805 3820 pinquasset
833 3747 902 3804 ad
933 3759 1137 3818 castra,
1165 3751 1302 3805 vidit
1331 3749 1584 3816 vitulum,
1609 3762 1661 3806 et
1689 3750 1913 3817 choros,
1961 3751 2069 3807 ira~

480 3832 857 3911 tttsque'valde
887 3841 1120 3912 projccit
1150 3841 1218 3896 de
1245 3857 1406 3897 manu
1438 3841 1682 3909 tabulas,
1715 3853 1772 3900 et
1801 3843 2068 3913 confregit

476 3950 572 3992 eas
599 3935 670 3992 ad
703 3935 942 3992 radicem
972 3936 1168 3990 montis
1204 3954 1218 3992 :
1253 3937 1626 4008 arripiensque
1653 3936 1881 3993 vitulum
1903 3952 2065 4008 quem

476 4029 740 4096 fecerant,
771 4029 1093 4098 combussit,
1120 4038 1173 4084 ct
1193 4030 1455 4086 contrivit
1477 4046 1643 4103 usque
1667 4032 1735 4088 ad
1762 4031 2066 4102 pulverem,

476 4137 637 4192 quem
659 4122 862 4192 sparsit
893 4122 944 4176 in
976 4137 1193 4192 aquam,
1241 4132 1294 4177 ct
1326 4123 1478 4180 dedit
1525 4141 1590 4180 ex
1619 4139 1687 4180 eo
1730 4134 1914 4194 potuut
1945 4123 2070 4180 filiis

476 4214 667 4270 Israel.
711 4212 798 4286 [C.
829 4214 1065 4288 CXXII.]
1117 4217 1368 4285 Dixitque
1409 4216 1480 4274 ad
1526 4220 1710 4274 Aaron
1742 4237 1754 4272 :
1784 4218 1923 4288 Quid
1974 4218 2071 4274 tibi

475 4306 606 4364 fecit
637 4309 726 4363 hic
752 4309 1010 4379 populus,
1043 4319 1100 4365 ut
1130 4310 1414 4367 induceres
1444 4329 1607 4383 super
1631 4330 1752 4369 eum
1786 4324 2069 4384 peccatum

479 4403 810 4458 maximum?
842 4405 936 4458 Cui
970 4405 1060 4460 ille
1090 4406 1372 4476 respondit
1403 4425 1414 4460 :
1451 4407 1528 4462 Ne
1561 4408 1872 4480 indignetur
1897 4409 2072 4465 domi-

481 4509 580 4551 nus
611 4509 762 4552 meus
799 4515 812 4553 :
847 4506 902 4552 ιιι
930 4505 1074 4554 enim
1106 4500 1244 4555 nosti
1276 4501 1536 4571 pottttlum
1564 4502 1750 4569 istum,
1772 4505 1915 4575 quod
1950 4520 2072 4575 pro-

2155 2251 2222 2307 ad
2257 2252 2571 2316 Dominum,
2620 2250 3030 2315 ait:0bsecro,
3081 2251 3333 2320 peccavit
3379 2249 3617 2320 populus
3656 2248 3770 2305 iste

2158 2361 2440 2423 peccatum
2474 2352 2798 2416 maximum,
2824 2349 3179 2419 feceruntque
3209 2347 3318 2404 sibi
3345 2347 3482 2403 deos
3509 2360 3716 2402 aureos
3747 2362 3768 2404 ξ

2156 2456 2247 2498 aut
2280 2443 2494 2499 dimitte
2537 2444 2619 2500 eis
2650 2443 2792 2498 Itane
2822 2458 3048 2509 noxam,
3091 2449 3186 2496 aut
3218 2441 3261 2495 si
3311 2453 3420 2496 non
3451 2437 3610 2502 facis,
3639 2436 3770 2497 dele.

2160 2553 2245 2593 me
2276 2537 2345 2592 de
2395 2538 2538 2592 libro
2570 2547 2664 2590 tuo
2682 2551 2843 2607 quem
2875 2534 3166 2603 scripsisti.
3191 2532 3294 2589 Cui
3327 2531 3620 2601 respondit
3654 2529 3762 2585 Do-

2161 2631 2338 2685 minus
2372 2647 2386 2683 :
2419 2630 2522 2699 Qui
2549 2631 2864 2701 peccaverit
2895 2629 3053 2692 mitti,
3101 2627 3300 2688 delebo
3343 2641 3471 2684 eum
3520 2625 3589 2682 de
3617 2624 3772 2682 libro

2162 2743 2325 2781 meo:
2361 2737 2416 2781 tu
2465 2735 2649 2782 autem
2681 2727 2841 2791 vade,
2898 2735 2952 2778 et
2982 2724 3088 2780 duc
3136 2722 3402 2793 populum
3449 2723 3612 2776 istum
3654 2733 3772 2790 quo

2162 2825 2377 2878 locutus
2422 2837 2544 2877 sum
2577 2821 2676 2877 tibi
2713 2819 2984 2890 :angelus
3030 2833 3186 2874 meus
3226 2816 3507 2888 praecedet
3548 2827 3624 2870 te.
3652 2815 3771 2884 Ego

2162 2928 2343 2973 autem
2391 2918 2446 2973 in
2498 2917 2592 2972 die
2643 2914 2865 2970 ultionis
2923 2913 3160 2969 visitabo
3222 2921 3278 2967 et
3324 2911 3427 2966 hoc
3474 2918 3764 2982 peccatum

2163 3026 2376 3066 eorum.
2413 3009 2694 3066 Percussit
2722 3023 2857 3078 ergo
2893 3005 3156 3062 Dominus
3192 3004 3452 3075 populum
3487 3018 3584 3072 pro
3615 3010 3770 3057 reatu

2168 3105 2344 3173 vituli,
2378 3120 2539 3176 quem
2573 3103 2699 3160 fecit
2720 3103 2924 3158 Aaron.

2239 3197 2324 3272 [C.
2377 3197 2592 3265 CXXV,
2625 3195 2753 3269 Cap.
2786 3192 3058 3265 XXXIIIJ
3100 3193 3452 3262 Locutusque
3479 3198 3564 3246 est
3588 3189 3774 3244 Denti-

2171 3307 2273 3346 nus
2305 3290 2370 3345 ad
2400 3291 2612 3355 Mosen,
2642 3288 2836 3344 dicens
2867 3305 2884 3342 :
2918 3285 3092 3352 Vade,
3123 3283 3360 3341 ascende
3396 3283 3617 3339 deloco
3643 3282 3770 3347 isto,

2171 3397 2248 3450 tu,
2275 3396 2331 3438 et
2357 3383 2588 3453 papulus
2617 3393 2740 3437 tuus
2772 3381 2850 3452 [It.
2887 3396 2996 3435 non
3035 3378 3220 3444 habet,
3253 3375 3406 3448 tuus]
3439 3391 3601 3446 quem
3640 3373 3777 3432 edu-

2169 3478 2296 3535 xisti
2325 3477 2394 3534 de
2420 3487 2564 3532 terra
2597 3473 2846 3546 Egypti,
2876 3473 2928 3527 in
2959 3482 3161 3528 terram
3205 3485 3370 3540 quam
3395 3469 3572 3538 jnravi
3595 3468 3776 3524 Attra-

2173 3574 2316 3635 liam,
2343 3573 2511 3633 Isaac,
2537 3579 2593 3626 et
2618 3568 2808 3634 Iacob,
2834 3567 3024 3622 dicens
3052 3585 3065 3619 :
3093 3565 3303 3623 Semini
3331 3563 3590 3620 Iuodabo
3607 3576 3776 3622 eam:

2169 3676 2226 3722 et
2277 3668 2488 3720 mittant
2531 3676 2932 3734 proveni-sarem
2980 3659 3058 3715 tui
3107 3657 3361 3729 angelum
3394 3698 3410 3722 ,
3463 3666 3516 3712 ιιι
3556 3655 3776 3726 ejiciam

2174 3758 2560 3822 Cbananacum,
2595 3766 2648 3811 et
2675 3753 3086 3820 Amorrbmum,
3114 3760 3168 3808 et
3201 3749 3605 3814 IIettlmum,et
3629 3746 3776 3806 Phe-

2174 3870 2427 3919 rezmtnn,
2462 3851 2812 3915 ctltcvamm,
2846 3859 2898 3903 et
2927 3845 3264 3914 Jebnsaaum,
3294 3852 3352 3901 et
3377 3843 3550 3898 intres
3580 3842 3633 3898 in
3663 3850 3776 3897 ter-

2179 3963 2293 4003 ram
2321 3948 2574 4002 fluentem
2624 3943 2763 3999 lacte
2805 3950 2860 3996 et
2891 3940 3074 3997 melle.
3122 3937 3240 3994 Non
3287 3937 3431 3992 enim
3480 3935 3779 3991 ascendam

2175 4049 2373 4102 tecum,
2397 4037 2518 4109 quia
2546 4036 2777 4108 populus
2805 4032 2958 4089 durae
2981 4029 3218 4088 cervicis
3243 4045 3306 4086 es
3343 4045 3358 4086 :
3392 4042 3466 4086 ne
3490 4027 3633 4083 forte
3656 4026 3777 4082 dis.

2176 4130 2394 4202 perdant
2437 4139 2490 4186 te
2537 4129 2591 4183 in
2636 4128 2741 4182 via.
2792 4124 3143 4194 Audiensqtte
3174 4121 3406 4194 populus
3457 4133 3776 4180 sermonem

2178 4224 2318 4278 Itunc
2345 4221 2671 4290 pessimum,
2703 4218 2836 4275 luxit
2869 4233 2889 4274 :
2927 4226 2982 4274 et
3013 4216 3200 4273 nullus
3249 4230 3317 4270 ex
3352 4229 3506 4272 more
3555 4213 3780 4274 indutus

2175 4325 2261 4371 est
2307 4315 2454 4370 cultu
2497 4329 2616 4368 suo.
2672 4309 2755 4384 [C.
2799 4307 3070 4381 CXXVI.]
3110 4308 3367 4378 Dixitque
3419 4307 3682 4362 Dominus
3709 4305 3780 4362 ad

2177 4408 2411 4463 Illo-en:
2455 4405 2699 4476 Loquere
2749 4402 2875 4458 filiis
2920 4402 3128 4458 Israel:
3161 4400 3402 4470 Populus
3453 4399 3602 4454 durte
3645 4414 3778 4452 cer-

2179 4499 2307 4553 vicis
2340 4513 2420 4566 es,
2454 4497 2620 4552 semel
2644 4494 2934 4550 ascendam
2969 4493 3023 4549 ln
3057 4491 3237 4548 medio
3264 4492 3367 4560 tui,
3391 4501 3446 4549 et
3475 4491 3674 4550 delebo
3706 4502 3780 4547 te.

478 4604 580 4644 nus
612 4589 683 4645 sit
704 4589 770 4643 ad
797 4591 997 4646 malum
1026 4609 1039 4645 :
1071 4592 1328 4649 dixerunt
1369 4593 1500 4649 tnilti
1532 4613 1546 4648 :
1576 4594 1681 4651 Fac
1727 4597 1880 4652 nobis
1907 4597 2060 4667 deos,

2174 4591 2292 4647 iam
2326 4607 2469 4645 nunc
2498 4589 2714 4662 depone
2728 4597 3002 4644 tornatum
3030 4596 3203 4655 tuum,
3251 4594 3311 4642 ut
3342 4587 3513 4643 sciam
3542 4585 3675 4657 quid
3705 4585 3784 4640 fa-

477 4680 570 4750 qtti
601 4681 914 4752 praecedant
943 4698 1042 4740 nos
1071 4703 1082 4738 :
1116 4684 1241 4740 huic
1271 4687 1419 4741 enim
1469 4687 1600 4743 Mosi
1632 4690 1721 4758 qui
1751 4688 1937 4745 eduxit
1971 4706 2072 4746 nos

478 4773 547 4830 de
579 4783 722 4831 terra
757 4774 1004 4850 Egypti,
1040 4779 1310 4835 nescimus
1360 4778 1489 4852 quid
1543 4781 1819 4837 acciderit.
1871 4781 2080 4854 Quibus

474 4986 628 5060 talo;
673 5001 903 5058 quorum
948 4989 1270 5045 sententiam
1320 5004 1418 5044 nos
1453 5005 1670 5060 quoque
1703 4998 1760 5044 ut
1785 4989 2058 5046 veriorem

476 5059 856 5132 amplectimur
886 5080 898 5115 ε
933 5076 1031 5115 nec
1061 5077 1158 5129 par
1188 5071 1273 5116 est
1300 5061 1526 5116 credere
1559 5059 1862 5132 huiusmodi
1894 5061 2058 5117 scho-

478 5131 589 5184 Iion
620 5132 688 5204 ab
717 5131 1048 5204 Hieronymo
1078 5133 1242 5188 fuisse
1269 5134 1593 5203 profectum.
1629 5131 1806 5188 Mam.

549 5212 575 5238 ει
616 5203 802 5258 Canna
849 5203 983 5260 lle’b.
1018 5205 1172 5260 verit.
1205 5221 1323 5259 cum
1356 5204 1565 5260 duobus
1594 5207 1713 5259 aliis
1743 5219 1873 5258 mss.
1906 5205 2058 5260 codi-

476 5274 652 5339 cibus,
683 5291 792 5330 uno
822 5276 1158 5332 Colbertintn
1184 5277 1548 5342 bibliothecae,
1583 5293 1733 5332 num.
1767 5277 1858 5342 74,
1890 5288 1940 5332 et
1976 5277 2060 5331 al-

477 5358 596 5402 tero
639 5347 699 5404 S.
733 5347 1028 5417 Germani,
1069 5363 1219 5403 num.
1276 5351 1340 5413 ὃ,
1373 5350 1501 5418 legit
1531 5349 1650 5415 bic,
1683 5357 1896 5418 portam
1929 5350 2065 5402 duas

476 5418 679 5474 tabulas
701 5421 981 5491 testimonii
1013 5437 1169 5474 manu
1197 5420 1288 5476 Dei
1313 5422 1535 5489 scriptas
1557 5437 1622 5476 ex:
1648 5431 1864 5491 utraque
1887 5429 2066 5490 parte:

476 5490 573 5548 sed
606 5489 922 5548 manifestus
972 5502 1055 5547 est
1105 5508 1258 5546 error
1287 5492 1651 5553 librariorum.
1685 5489 1785 5562 qui
1808 5489 2063 5547 atlsuntn

479 5579 700 5634 sensum
727 5567 906 5618 omnia
942 5565 1138 5634 saepius
1167 5563 1485 5617 refundunt.
1513 5563 1691 5619 MART.

552 5664 621 5675 -—
645 5629 883 5693 Urbinas
906 5629 1246 5704 tnsfportans
1275 5634 1403 5688 duas
1423 5633 1620 5706 tabulas
1649 5638 1699 5690 itt
1725 5650 1880 5689 manu
1910 5633 2072 5706 scrip.

483 5717 560 5763 tas
592 5725 656 5762 ea:
683 5719 900 5778 utraque
928 5714 1092 5775 parte.
1127 5706 1408 5762 Palatinus
1437 5707 1504 5760 ab
1545 5705 1810 5774 impressa
1842 5705 2076 5778 lectione

485 5779 701 5835 abludit
752 5769 852 5848 una
912 5769 1101 5833 vocula
1141 5795 1272 5846 sua,
1319 5793 1476 5847 quam
1530 5769 1901 5848 prsetertttittit
1934 5797 1947 5834 :
1981 5769 2076 5848 alii

493 5817 1290 5924 Ε’ἐὲῗἱῖιαὲἐέὣεῗιῖὲὶὲῖεἷὶῖίιί.
1317 5817 1583 5913 ὶϊὲᾘὲξκιῖἔ
1597 5817 1947 5911 ⁸ἑιᾶ”ξιὲὲίῖὶίἱη’
1963 5817 2079 5908 ε”ἑὶ

2180 4685 2320 4740 ciam
2383 4684 2500 4738 tibi.
2557 4684 2943 4752 Deposuerttnt
2987 4694 3119 4750 ergo
3158 4679 3253 4734 lilii
3305 4678 3474 4735 Israel
3521 4685 3780 4732 ornatum

2184 4796 2344 4836 suum
2377 4795 2405 4833 a
2440 4788 2629 4834 monte
2659 4775 2865 4832 I‘Ioreb.
2901 4773 2987 4848 [Τ.
3020 4772 3189 4846 XVI]
3223 4772 3398 4828 Moses
3425 4786 3647 4843 quoque
3677 4770 3784 4826 tol-

2165 4990 2282 5044 duw
2331 4987 2519 5042 tabula:
2569 4981 2853 5039 testimonii
2909 4981 2961 5034 in
2991 4996 3146 5052 manu
3171 4983 3306 5052 ejus,
3349 4976 3537 5033 tabula:
3567 4977 3788 5047 scripta:

2166 5061 2370 5115 duobus
2394 5057 2645 5112 lateribus
2667 5054 2798 5120 suis,
2833 5061 2878 5107 et
2910 5052 3031 5106 hinc
3060 5051 3170 5106 illo:
3189 5051 3418 5122 Scriptm.

2240 5131 2268 5170 b
2309 5129 2365 5185 Itt
2396 5131 2555 5184 editis
2585 5143 2648 5181 ac
2677 5139 2808 5180 mss.
2846 5123 3261 5195 qttampluritnis
3293 5119 3676 5195 'liltris,_quasi
3707 5119 3786 5195 tti-

2169 5203 2301 5276 ginti
2331 5203 2432 5256 tria
2460 5201 2624 5255 millia
2653 5191 2938 5276 nominum,
2971 5191 3224 5276 legionis.
3259 5193 3416 5260 Quod
3447 5192 3513 5246 ad
3547 5191 3779 5276 canonis

2174 5262 2334 5330 iidem
2362 5316 2376 5340 ,
2427 5281 2588 5342 atque
2619 5269 2683 5324 ad
2717 5279 2827 5324 tres
2871 5267 3008 5342 alios
3030 5262 3260 5342 :codtces
3295 5281 3422 5318 mss.
3458 5262 3783 5342 emendavi-

2174 5362 2333 5408 mus,
2364 5335 2768 5399 auctoritatem
2816 5341 2979 5395 etiam
3030 5337 3381 5393 llebrtrorum
3435 5335 3780 5389 Vttltlmittlltn

2175 5419 2366 5474 secuti.
2403 5417 2585 5471 ΜΑιιτ.

2250 5487 2572 5544 -Ρ.ιι;ιιίιι.
2594 5501 2716 5542 cum
2741 5481 2905 5539 editis
2937 5480 3167 5551 aliisque
3192 5478 3333 5550 apud
3358 5479 3613 5551 Mattian.
3643 5491 3776 5532 mss.

2179 5563 2335 5618 libris
2357 5561 2536 5633 viginti
2561 5559 2662 5633 tria
2681 5555 2888 5633 'mt'llia,
2917 5565 3049 5619 elc.,
3075 5550 3171 5633 qui
3193 5566 3447 5633 tttttttertts
3480 5553 3529 5633 in
3561 5550 3786 5633 Latinos

2177 5621 2720 5696 codicesvirrepsissc
2745 5625 2962 5681 videtur
2991 5625 3282 5679 occasione
3327 5624 3445 5690 ejus
3481 5621 3781 5696 testimonii

2182 5706 2297 5761 Iad
2339 5693 2589 5759 Corinth.
2640 5717 2692 5766 x,
2721 5701 2794 5754 8:
2825 5696 3121 5751 ceciderunt
3169 5711 3274 5751 una
3321 5695 3405 5748 die
3465 5693 3652 5766 viginti
3682 5693 3786 5746 tria

2183 5777 2376 5833 millia.
