4044 6360
254 271 382 332 985
1681 273 1886 331 LIBER
1927 274 2156 330 EXODI.
3455 277 3563 335 9.88

259 393 392 450 lens
437 393 878 461 hibernaculum,
929 391 1161 449 tetendit
1201 400 1355 448 extra
1412 399 1589 450 castra
1643 395 1865 464 procul,
1898 397 1944 454 ἡ
1975 392 2318 463 Rursumque
2347 393 2427 447 ait
2457 412 2470 447 :
2504 390 2618 448 Non
2655 392 2862 462 poteris
2891 392 3080 450 videre
3115 379 3314 450 faciem
3346 409 3563 451 meant:

257 487 599 557 vocavitqtre
622 502 824 543 omn
845 489 988 556 ejus,
1027 485 1468 542 Tabernaculum
1515 485 1764 544 hederis.
1803 486 1870 542 Et
1971 501 2083 540 non
2126 484 2274 542 enim
2302 486 2512 542 videbit
2548 500 2634 541 me
2665 485 2828 542 homo
2857 527 2872 553 ,
2917 495 2979 542 et
2997 488 3166 542 vivet.
3198 486 3268 543 Et
3311 487 3516 544 iterum
3545 504 3566 544 :

253 583 450 637 omnis
499 583 770 653 prmities,
799 583 894 654 qui
940 581 1176 638 habebat
1219 582 1458 653 aliquam
1486 582 1871 653 qumst'mnem,
1970 579 2131 646 Ecce,
2159 581 2354 652 inquit,
2382 591 2466 637 est
2490 581 2641 636 locus
2671 580 2818 650 apud
2841 597 2947 648 me,
2979 591 3033 637 et
3065 581 3240 638 stabis
3269 597 3433 655 supra
3467 597 3566 654 pe-

251 677 656 747 egrediebstur
683 676 750 732 ad
803 676 1220 733 tabernaculum
1254 676 1502 742 hederis,
1548 685 1704 732 extra
1735 691 1866 732 ωερ-
1969 681 2128 727 Iram.
2175 673 2418 744 Curaque
2460 674 2713 728 transibit
2745 673 2915 742 gloria
2969 690 3115 743 mea,
3161 689 3355 744 ponam
3405 683 3463 731 te
3502 675 3562 733 in

246 777 366 824 trs.
395 768 653 840 (imaque
687 769 1040 841 egrederetur
1074 769 1254 824 Moses
1301 769 1367 823 ad
1418 768 1866 838 tabernaculum,
1967 766 2240 822 foramine
2280 776 2476 837 petrae,
2506 777 2562 822 et
2607 776 2886 838 protegam
2919 768 3144 824 dextera
3178 783 3332 834 mea,
3377 768 3561 825 donec

248 863 530 936 surgebat
575 866 834 922 universa
863 863 1044 936 plebs,
1090 872 1149 920 et
1185 863 1364 919 stabat
1404 864 1782 933 unusquisque
1812 862 1870 918 in
1970 868 2246 914 transeam
2298 876 2314 913 :
2362 859 2668 928 tollantqu-e
2710 875 2932 914 martum
2978 875 3158 916 nteant
3183 903 3196 925 ,
3247 873 3306 917 et
3349 860 3564 918 videbis

243 959 404 1014 oslio
454 959 750 1030 papilionis
796 955 912 1023 sui,
948 956 1398 1028 sapiciebantqne
1452 965 1659 1027 tergum
1703 956 1864 1024 Mosi,
1970 954 2278 1024 posteriora
2329 967 2444 1008 mea
2478 969 2494 1006 :
2527 952 2719 1008 faciem
2764 962 2947 1008 autem
2988 969 3165 1009 meam
3211 954 3404 1010 videre
3447 969 3556 1012 non

242 1051 442 1110 donec
470 1054 858 1124 ingrederetur
901 1053 1220 1108 tentorium.
1268 1052 1522 1124 Ingresso
1561 1062 1746 1108 autem
1770 1053 1866 1107 illo
1969 1048 2197 1117 poteris:

242 1145 680 1203 tabernaculum
713 1147 959 1212 foederis,
989 1148 1362 1203 descendebat
1389 1148 1645 1203 columna
1676 1147 1858 1218 nubis,
2037 1140 2121 1214 [Β.
2155 1140 2275 1210 XX,
2306 1142 2364 1196 C.
2400 1138 2640 1210 CXXIX,
2663 1140 2794 1213 Cap.
2831 1141 3100 1214 XXXIV.]
3130 1143 3210 1198 Ac
3239 1142 3504 1214 deinceps
3536 1157 3552 1197 :

241 1249 304 1295 et
328 1242 522 1298 subat
549 1238 614 1294 ad
643 1241 868 1309 ostium,
898 1240 1334 1311 loquebaturque
1372 1255 1500 1295 cum
1533 1239 1698 1296 Mnse.
1728 1240 1866 1297 Cer-
1964 1235 2226 1305 Praecide,
2269 1237 2370 1300 ait,
2397 1236 2504 1292 tibi
2551 1237 2686 1292 duas
2709 1238 2920 1292 tabulas
2943 1237 3186 1308 lapideas
3211 1238 3384 1292 instar
3413 1237 3565 1307 ι)τίοσ

243 1334 528 1390 nantibus
574 1333 847 1389 universis
893 1333 1039 1405 quod
1084 1333 1342 1388 columna
1393 1333 1553 1389 nubis
1600 1343 1770 1390 staret
1791 1334 1860 1390 ad
1963 1330 2438 1398 t‘ttm,etscribant
2493 1343 2766 1401 stupereas
2785 1330 2972 1396 verba,
2999 1330 3558 1401 qumhabueruntta-

240 1429 470 1484 ostium
501 1427 864 1484 tabernaculi.
907 1428 1248 1500 Stabantque
1291 1428 1417 1498 ipsi,
1454 1438 1510 1484 et
1557 1428 1862 1485 adorabant
1963 1425 2106 1481 hnlae
2133 1441 2268 1495 quas
2297 1426 2529 1498 fregisti.
2563 1427 2698 1482 Esto
2726 1435 2949 1496 paratus
2978 1440 3164 1492 mane,
3197 1437 3254 1479 ut
3292 1425 3566 1482 ascendas

238 1534 352 1592 per
386 1521 543 1579 fores
569 1521 1048 1578 tabernaculorum
1075 1535 1300 1576 suorum
1327 1520 1408 1594 [0.
1439 1520 1726 1595 CXXVIH
1756 1521 1859 1578 Lo—
1958 1521 2140 1576 statim
2169 1520 2224 1575 in
2255 1530 2494 1576 montem
2524 1519 2696 1586 Sinai,
2718 1520 3000 1592 stabisque
3013 1535 3222 1576 mecura
3241 1534 3408 1590 super
3432 1535 3558 1576 ver-

235 1617 530 1684 qnebatur
555 1625 736 1670 autem
772 1614 1040 1670 Dominus
1060 1615 1126 1668 ad
1152 1613 1337 1670 Mosen
1367 1613 1509 1670 facie
1534 1615 1602 1669 ad
1635 1613 1858 1685 faciem,

234 1711 406 1764 sicut.
428 1709 572 1781 loqui
607 1709 750 1764 solet
793 1708 958 1764 homo
989 1707 1058 1764 ad
1103 1709 1340 1764 amicum
1379 1723 1557 1763 suum.
1607 1707 1856 1778 Cumque

1960 1617 2121 1671 ticem
2156 1615 2378 1671 montis.
2424 1613 2613 1670 Nullus
2631 1613 3117 1679 ascendattecum,
3163 1628 3264 1669 nec
3299 1613 3554 1670 videatur

1961 1707 2226 1776 quispiam
2259 1722 2355 1776 per
2384 1716 2550 1762 totum
2578 1716 2818 1763 montem
2847 1722 2860 1759 :
2891 1721 3020 1762 oves
3047 1721 3262 1777 quoque
3287 1714 3344 1761 et
3372 1705 3540 1762 boves

231 1802 342 1857 ille
376 1809 753 1858 reverteretur
777 1801 833 1856 in
862 1813 1063 1869 castra,
1097 1801 1345 1856 minister
1373 1801 1493 1872 ejus
1520 1802 1682 1857 insue
1706 1801 1849 1856 illius
1880 1793 1928 1854 Β
1953 1819 2059 1868 non
2084 1812 2372 1870 pascantur
2398 1817 2428 1856 e
2454 1810 2663 1856 contra.
2694 1800 2903 1856 Excidit
2925 1817 3064 1871 ergo
3089 1801 3550 1857 duastabulaslac

230 1893 372 1950 Non
409 1931 426 1964 ,
472 1908 630 1966 puer,
679 1910 788 1949 non
821 1894 1120 1952 recedebat
1165 1894 1234 1950 de
1279 1896 1661 1950 tabernaculo.
1706 1895 1854 1952 Dixit

231 1998 438 2046 autem
465 1989 642 2045 Moses
669 1990 736 2044 ad
760 1989 1052 2044 Dominum
1084 2007 1094 2042 :
1128 1988 1395 2059 Prmcipis
1417 1999 1475 2046 ut
1495 1989 1722 2045 educam
1757 2005 1852 2059 ρος

229 2081 442 2152 pulum
487 2081 652 2136 istum
682 2099 696 2136 :
728 2089 783 2136 et
829 2095 937 2136 non
968 2080 1180 2136 indicas
1216 2082 1348 2136 mihi
1387 2097 1550 2153 quem
1581 2081 1856 2138 missurus

228 2174 320 2228 sis
345 2187 595 2241 mecum,
625 2174 930 2242 praesertim
963 2188 1082 2228 cum
1107 2173 1318 2229 dixeris
1353 2192 1365 2230 :
1396 2174 1532 2230 Novi
1566 2185 1618 2229 tc
1651 2190 1718 2230 ex
1749 2190 1848 2229 no-

229 2268 404 2323 mine
448 2267 526 2340 [b.
582 2265 872 2324 Notescam
925 2267 1021 2322 tibi
1076 2269 1128 2322 in
1183 2267 1453 2340 nomine],
1503 2269 1848 2324 ctinvenisti

230 2362 488 2434 gratiam
528 2377 715 2418 coram
748 2376 856 2418 me.
911 2360 996 2433 [Ο.
1038 2361 1350 2434 εχχνιιη
1400 2362 1458 2418 Si
1504 2377 1636 2432 ergo
1669 2362 1848 2418 inveni

231 2454 482 2526 gratiam
538 2453 592 2508 in
636 2463 939 2524 causpectu
990 2461 1120 2520 tuo,
1173 2454 1404 2510 ostende
1451 2453 1585 2508 mihi
1625 2463 1651 2492 ει
1700 2455 1845 2510 viam

233 2556 418 2611 tuam,
452 2555 514 2602 ut
536 2547 705 2603 sciam
731 2557 805 2614 te,
837 2558 887 2602 et
922 2548 1198 2603 inveniam
1229 2548 1458 2619 gratiam
1501 2559 1628 2604 ante
1655 2549 1847 2604 oculos

235 2652 420 2697 tuos:
454 2641 670 2712 respice
715 2643 974 2712 popultttn
1030 2651 1182 2698 tuum
1233 2651 1450 2712 gentem
1507 2643 1662 2696 hanc.
1699 2642 1848 2696 Dixit

238 2735 515 2791 Dominus
542 2753 556 2791 :
583 2735 775 2791 Facies
808 2751 923 2792 mea
956 2737 1229 2808 prator-det
1260 2748 1332 2802 te,
1359 2747 1412 2792 ct
1433 2737 1678 2807 requiem
1699 2736 1846 2793 dabo

238 2831 371 2885 tibi.
406 2830 476 2885 Et
521 2831 598 2886 ait
641 2831 818 2887 Moses
849 2850 860 2886 :
890 2832 949 2888 Si
999 2846 1108 2888 non
1163 2843 1215 2886 tn
1265 2835 1381 2903 ipse
1427 2833 1739 2902 praecedes,
1776 2849 1846 2889 ne

237 2923 454 2979 educas
497 2939 600 2978 nos
644 2924 714 2980 de
745 2924 1024 2995 ioco-isto.
1057 2925 1115 2980 lu
1142 2941 1250 2996 quo
1279 2927 1426 2982 enim
1474 2929 1613 2982 scire
1644 2928 1844 2998 pozeri-

239 3033 374 3072 tnus
401 3032 504 3088 ego
531 3024 586 3073 st
614 3019 848 3089 populus
899 3029 1046 3085 tuus,
1079 3020 1362 3077 invenisse
1395 3036 1496 3076 nos
1522 3022 1753 3093 gratiam
1788 3021 1842 3078 in

236 3118 551 3181 conspectu
581 3119 697 3180 tuo,
731 3111 836 3167 nisi
854 3113 1222 3169 ambularet-is
1245 3114 1556 3185 uobiscum,
1592 3125 1646 3169 ut
1677 3115 1843 3184 glori-

241 3207 478 3264 ficemur
503 3207 571 3264 ab
600 3209 854 3266 omnibus
881 3213 1095 3282 populis
1122 3211 1214 3282 qni
1250 3213 1497 3268 habitant
1528 3229 1695 3283 super
1725 3221 1839 3269 ter-
1869 3185 1914 3247 Ο

241 3300 403 3355 rami
449 3299 594 3355 Dixit
638 3313 817 3359 autem
850 3299 1114 3360 Dominus
1155 3305 1222 3360 ad
1262 3305 1445 3362 Mosen
1482 3308 1586 3361 :Et
1611 3308 1839 3363 verbum

241 3391 416 3456 isiud,
447 3392 594 3463 quod
621 3395 834 3452 loculus
861 3415 945 3467 ωε,
981 3396 1174 3453 faciam
1210 3415 1223 3452 :
1258 3398 1512 3453 invenisti
1543 3401 1686 3454 enim
1720 3414 1844 3470 gra-

242 3483 378 3537 tiam
397 3499 582 3541 coram
615 3503 724 3551 me,
757 3497 814 3544 et
845 3488 1079 3562 teipsum
1112 3491 1238 3546 novi
1271 3507 1337 3547 ex
1385 3493 1604 3547 nomine
1629 3491 1708 3566 [Ιι.
1744 3508 1841 3548 no-

243 3586 456 3633 roseam
486 3579 584 3637 tibi
611 3581 664 3636 in
712 3582 976 3656 nomine].
1011 3583 1117 3652 Qui
1151 3585 1266 3640 ait:
1299 3585 1538 3643 Ostende
1568 3586 1695 3642 mihi
1727 3587 1844 3657 glo-

243 3673 382 3726 riam
409 3683 579 3728 tuam.
611 3675 908 3746 Respondit
937 3693 952 3730 :
985 3677 1101 3746 Ego
1127 3677 1417 3734 ostendam
1447 3695 1610 3734 nume
1640 3681 1843 3736 bonum

244 3763 367 3833 tibi,
395 3772 457 3820 et
483 3766 690 3822 vocabo
725 3768 778 3823 in
809 3770 1033 3826 nomine
1063 3769 1281 3826 Domini
1307 3785 1491 3827 coram
1527 3781 1612 3839 te;
1645 3782 1701 3829 et
1740 3772 1844 3828 mi-

245 3858 476 3914 serebat
522 3859 611 3914 cui
663 3861 916 3928 voluero,
945 3871 1002 3918 ct
1029 3862 1276 3918 clemens
1304 3879 1402 3918 ero
1435 3865 1486 3919 in
1521 3879 1686 3936 quem
1713 3864 1846 3922 tnilti

246 3949 511 4020 placuerit
559 3950 639 4025 [11.
686 3952 802 4010 Hoc
831 3963 948 4025 est,
980 3955 1265 4011 ostendam
1300 3955 1395 4010 tibi
1435 3956 1714 4028 quomodo
1756 3972 1843 4014 me

247 4043 451 4100 debeas
498 4044 822 4116 deprecari,
873 4057 930 4105 et
969 4049 1036 4105 ad
1091 4051 1520 4106 misericordiam
1576 4050 1843 4126 ﬂectere].

319 4167 344 4237 ξ
386 4157 531 4215 Editl
559 4175 684 4237 cum
707 4162 914 4234 aliquot
943 4177 1077 4219 mss.
1110 4164 1316 4232 legunt,
1353 4167 1539 4237 faciem
1568 4176 1731 4222 tanta.
1783 4167 1838 4224 ln

249 4230 483 4286 Hebraeo
506 4231 776 4302 scripturn
801 4230 896 4291 est
919 4245 1068 4304 ’βῆ-Ι
1091 4277 1108 4302 ,
1141 4230 1451 4304 deruchéca,
1476 4242 1592 4294 sive
1622 4250 1678 4295 nt
1710 4241 1841 4295 Hie-

249 4305 666 4392 ron‘ynzt‘tsialibi
686 4307 846 4392 legit,
879 4305 1170 4392 da'rrhrtch,
1201 4309 1250 4364 id
1275 4323 1380 4392 est,
1409 4312 1544 4392 ciant
1578 4322 1742 4366 tuam.
1783 4312 1842 4368 ltt

250 4369 399 4430 texiu
425 4369 1034 4435 liebrzcmSaintiritano
1066 4369 1298 4449 legimus
1331 4369 1619 4452 pluraliter
1647 4391 1839 4465 TD‘TT,

250 4469 566 4545 darchecha,
599 4469 870 4545 riastuas,
896 4469 1035 4529 LXX
1071 4474 1408 4545 interpretati
1443 4487 1600 4545 sunt,
1634 4477 1843 4532 ostende

249 4539 375 4617 mihi
407 4542 672 4617 teipsam:
704 4543 992 4617 Chaldaeus
1018 4539 1276 4617 denique,
1311 4549 1524 4603 ostende
1552 4539 1680 4603 mihi
1709 4550 1843 4604 viam

1957 1895 2159 1967 pideas,
2191 1897 2378 1967 quales
2403 1904 2528 1951 ante
2549 1894 2763 1952 fuerant
2796 1913 2807 1949 :
2841 1906 2896 1951 et
2937 1895 3003 1951 de
3031 1904 3190 1951 nocte
3219 1910 3554 1966 consurgens

1951 1991 2195 2046 a~ccndit
2218 1992 2270 2045 in
2298 2000 2535 2046 montem
2568 1991 2739 2056 Sinni,
2769 1990 2910 2046 sicut
2927 1992 2974 2046 ei
3005 1999 3346 2061 praeceperat
3371 1989 3553 2046 Domi-

1952 2099 2070 2146 nus,
2089 2092 2503 2152 portanssecum
2539 2082 2764 2138 tabulas.
2798 2079 3425 2153 Cumquedescendisset
3443 2082 3552 2138 Do-

1953 2179 2132 2232 minus
2161 2192 2256 2248 per
2287 2175 2723 2244 nubem,stetitb
2755 2176 2954 2234 ibidem
2982 2193 3103 2232 cum
3117 2191 3184 2233 eo
3214 2175 3550 2250 [idest,cum

1951 2272 2120 2338 Mosc,
2146 2272 2223 2328 sic
2251 2270 2418 2326 habet
2449 2271 2502 2325 in
2536 2270 2635 2344 h.],
2663 2273 2922 2326 invocans
2965 2271 3018 2326 in
3059 2272 3278 2328 nomine
3310 2271 3548 2328 Domini.

1955 2375 1976 2402 ι’
1999 2366 2060 2419 Et
2077 2365 2346 2420 transiens
2377 2363 2634 2419 Dominus
2662 2379 2846 2419 coram
2861 2379 2946 2431 eo,
2971 2364 3045 2419 ait
3065 2381 3080 2420 :
3099 2365 3409 2420 Dominator
3427 2364 3537 2420 Do-

1949 2460 2095 2515 mine
2119 2459 2280 2524 Deus,
2316 2458 2627 2514 misericors
2655 2466 2712 2514 et
2739 2459 3000 2528 clemens,
3045 2461 3252 2529 patiens
3280 2471 3332 2516 et
3359 2461 3545 2518 multm

1949 2555 2329 2617 irriserationis,
2362 2569 2424 2611 ac
2451 2571 2641 2622 verax,
2695 2555 2787 2626 qui
2841 2555 3083 2611 custodis
3115 2556 3546 2612 misericordiam

1948 2649 2000 2702 in
2025 2649 2193 2703 millia
2224 2665 2236 2702 :
2288 2648 2378 2718 qui
2426 2646 2610 2704 aufers
2644 2649 3003 2718 iniquitatem,
3035 2658 3090 2704 et
3119 2648 3354 2719 scelera,
3385 2661 3548 2720 atque

1945 2752 2186 2811 peccata,
2219 2743 2507 2814 nullusque
2527 2742 2669 2810 apud
2703 2751 2756 2798 te
2783 2757 2876 2812 per
2903 2756 2963 2797 se
3009 2741 3279 2798 innocens
3310 2753 3412 2798 cst.
3441 2741 3546 2811 Qui

1945 2837 2130 2892 reddis
2161 2837 2499 2906 iniquitatem
2522 2845 2732 2904 patrum
2763 2837 2886 2907 filiis
2915 2853 2979 2892 ac
3007 2836 3322 2907 nepotibus,
3354 2838 3408 2892 in
3433 2846 3544 2892 ter-

1945 2931 2073 2984 tiam
2129 2941 2183 2984 et
2237 2943 2481 2999 quartam
2545 2931 2877 3000 progeniem.
2932 2929 3296 3002 Festinusque
3345 2930 3546 2998 Muses,

1943 3029 2202 3076 cutvatus
2224 3029 2308 3076 est
2348 3035 2550 3091 pronus
2599 3021 2651 3076 in
2684 3031 2901 3088 terram,
2952 3032 3008 3078 et
3054 3021 3290 3078 adorans
3333 3023 3410 3077 ait
3442 3039 3455 3076 :
3487 3022 3548 3079 Si

1945 3117 2124 3172 inueni
2153 3117 2380 3185 gratiam
2409 3117 2460 3170 in
2491 3127 2788 3188 conspectu
2841 3127 2958 3180 tuo,
3007 3116 3256 3179 Domine,
3311 3117 3546 3174 obsecro

1947 3220 2001 3264 ut
2029 3209 2294 3279 gradiaris
2341 3210 2621 3266 nobiscum
2673 3209 2928 3281 (populus
2958 3211 3106 3266 enim
3134 3212 3286 3265 durat
3316 3211 3552 3266 cervicis

1945 3306 2047 3373 est)
2099 3313 2153 3358 et
2201 3303 2419 3358 auferas
2461 3303 2771 3373 iniquitates
2813 3311 3034 3358 nostras
3085 3311 3250 3372 atque
3298 3310 3541 3372 peccata,

1947 3412 2152 3467 nosque
2184 3396 2483 3466 possideas.
2533 3396 2838 3465 Respondit
2891 3395 3194 3450 Dominus;
3226 3395 3340 3465 Ego
3395 3396 3546 3452 inibo

1949 3500 2159 3562 pactum
2184 3490 2494 3546 videntibus
2532 3491 2765 3559 cunctis,
2799 3490 2949 3560 signa
2983 3489 3172 3545 faciam
3216 3505 3336 3560 quzn
3378 3505 3538 3544 nurn-

1946 3601 2106 3658 quam
2135 3597 2256 3640 sunt
2277 3585 2388 3640 visa
2419 3599 2582 3654 super
2601 3591 2826 3648 terram,
2859 3597 2960 3639 nec
2990 3584 3042 3638 in
3073 3585 3199 3639 ullis
3251 3583 3504 3655 gentibus
3532 3598 3546 3638 :

1943 3691 2001 3737 ut
2032 3689 2220 3736 cernat
2253 3681 2509 3751 papulas,
2541 3679 2593 3734 in
2633 3679 2786 3748 cujus
2812 3694 2871 3734 es
2907 3677 3298 3750 mcdioﬁ‘opus
3330 3676 3544 3734 Domini

1944 3774 2186 3832 terribile
2207 3773 2349 3844 quod
2377 3771 2613 3828 facturus
2640 3787 2782 3827 sum.
2806 3772 3046 3826 Observa
3077 3778 3268 3825 cuncta
3297 3785 3416 3840 qua:
3450 3769 3546 3825 lto-

1945 3866 2034 3921 die
2057 3865 2333 3921 mandavit
2380 3864 2568 3935 (Vulg.
2618 3862 2839 3934 mando)
2867 3861 2959 3918 tibi
2994 3879 3008 3917 :
3037 3876 3139 3932 ego
3171 3865 3288 3932 ipse
3331 3859 3546 3930 ejiciam

1947 3967 2071 4015 ante
2102 3959 2296 4015 faciem
2346 3967 2487 4013 tuam
2511 3957 2916 4023 Amorrhmum,
2969 3955 3443 4021 ctChanantcum,
3495 3960 3552 4008 et

1950 4053 2286 4119 lletthrcnm,
2319 4053 2669 4108 Pheresmum
2711 4066 2951 4122 quoque,
2983 4059 3038 4106 et
3068 4049 3344 4115 Heraeum,
3369 4059 3422 4103 et
3453 4047 3549 4104 Jc-

1949 4171 2112 4224 orarit
2155 4169 2328 4223 Moses
2360 4177 2407 4222 et
2433 4168 2608 4222 dixit:
2652 4166 2890 4235 Domine,
2917 4165 3142 4221 Domine
3169 4163 3312 4221 Deus
3345 4165 3549 4222 miseri-

1949 4257 2064 4296 cors
2091 4283 2106 4307 ,
2151 4251 2258 4297 etc.
2303 4240 2435 4308 Quas
2472 4250 2759 4310 propterea
2790 4249 2912 4307 post
2937 4238 3211 4294 eruditum
3245 4239 3418 4293 virum
3450 4253 3549 4294 an-

1952 4323 2204 4369 notatnus
2226 4355 2241 4380 ,
2294 4328 2362 4368 ne
2393 4322 2600 4369 temere
2637 4314 2761 4380 quis
2795 4311 3076 4380 Vulgatam
3111 4321 3355 4380 nostram
3385 4310 3542 4364 dam-

1953 4401 2083 4441 nare
2117 4376 2412 4453 praesumat
2437 4427 2449 4446 .
2493 4387 2535 4438 si
2566 4376 2844 4456 quaudoa
2875 4376 3106 4437 vcritate
3137 4376 3401 4456 Hebraica
3447 4397 3549 4434 no-

1954 4455 2037 4511 bis
2063 4452 2380 4526 discrepare
2412 4452 2664 4521 videttir;
2717 4455 2876 4510 habet
2909 4457 3054 4510 enim
3089 4452 3324 4526 optimos
3352 4459 3545 4506 aucto-

1955 4545 2042 4585 res
2092 4545 2229 4598 quos
2255 4525 2458 4584 secuta
2504 4538 2590 4585 est
2613 4569 2628 4597 ,
2669 4535 2728 4582 et
2755 4526 2948 4598 dignos
2980 4526 3088 4582 Deo
3115 4525 3319 4596 ubique
3347 4532 3546 4580 sensus

249 4598 515 4686 bonitati},
537 4622 656 4671 tua.
710 4598 1008 4673 interius
1024 4598 1843 4686 “isiiiiitiés'adﬁngent;
1874 4598 1921 4658 υ
1949 4603 2172 4686 Ρτθωίέ·
2211 4599 2390 4686 Ηξὲτῖ

251 4684 590 4767 ηθηιᾼδΗοιιιο.
644 4689 892 4767 veritatis
929 4704 962 4746 e
990 4705 1092 4745 suo
1124 4691 1274 4746 fonte
1305 4693 1394 4749 hic
1416 4708 1550 4763 pure
1585 4684 1839 4750 liuentem

251 4759 422 4810 secuti
452 4772 664 4813 sumus.
693 4759 876 4816 MART.

321 4826 349 4865 δ
382 4823 617 4886 Urbinas
640 4847 770 4901 ms.,
799 4834 934 4888 stetit
957 4825 1162 4906 Moyses
1184 4849 1300 4891 cum
1324 4851 1407 4903 co,
1454 4831 1604 4907 juxta
1635 4833 1840 4908 Vulga-

322 4981 346 5010 ε
391 4973 664 5030 llactenns
694 4975 962 5049 insignem
993 4977 1138 5034 hunc
1161 4979 1335 5035 locum
1367 4979 1438 5036 ita
1472 4980 1648 5036 Latini
1679 4981 1842 5038 intel-

254 5041 495 5110 lexerunt
525 5087 539 5110 ,
583 5056 642 5102 ut
693 5041 871 5104 Messias
907 5053 1119 5105 steterit
1148 5067 1270 5106 cum
1305 5052 1416 5107 Deo
1447 5053 1706 5107 invocans
1739 5071 1838 5108 no-

254 5129 374 5169 men
413 5107 626 5190 lim-nini
660 5126 718 5190 et
745 5120 987 5176 clamans
1018 5127 1333 5178 transeunte
1366 5123 1624 5190 Domino,
1655 5121 1837 5179 Domi-

254 5188 656 5264 nutor__Domine
680 5189 841 5257 Deus,
875 5205 979 5248 etc.
1016 5195 1120 5249 Sed
1151 5209 1217 5249 ex
1248 5195 1498 5264 Helmuo,
1519 5188 1623 5251 seu
1645 5212 1711 5252 ex
1743 5211 1834 5252 ca-

253 5272 394 5314 none
411 5259 692 5318 Hebraicae
714 5266 1000 5339 veritatis,
1021 5265 1367 5339 manifestum
1397 5259 1687 5323 estontnia
1716 5283 1838 5339 ιμιω

256 5341 570 5402 sequuntur,
601 5349 726 5390 esse
760 5335 852 5389 Dei
886 5337 1086 5402 verba,
1118 5355 1220 5392 non
1253 5338 1416 5393 Mosis
1445 5357 1457 5392 :
1495 5349 1549 5394 ut
1574 5335 1838 5394 enimsu-

255 5417 348 5484 pra
375 5402 607 5473 dixerat,
639 5410 1053 5484 cumtransiero,
1082 5409 1344 5484 uocaboin
1364 5413 1574 5465 nomine
1606 5411 1835 5482 Domini,

253 5480 331 5528 sic
361 5487 501 5531 nunc
528 5490 730 5532 vitcans
760 5480 812 5534 in
849 5482 1066 5534 nomine
1093 5481 1208 5547 illo,
1237 5481 1291 5536 id
1321 5489 1428 5548 est,
1464 5497 1659 5538 nomen
1681 5480 1836 5538 suum

255 5548 598 5623 magniﬁcum
620 5557 750 5623 5m!
774 5592 789 5615 ,
823 5551 1031 5606 Adonei
1052 5594 1067 5620 ,
1102 5556 1417 5623 exprimens
1440 5556 1518 5608 ait
1542 5572 1555 5608 :
1591 5553 1838 5610 Domina-

256 5624 332 5668 tor
363 5616 586 5674 Domine
612 5619 750 5674 Deus
777 5664 791 5687 ,
823 5616 1144 5685 misericors.
1176 5616 1285 5681 etc.
1318 5625 1622 5680 Notandum
1657 5637 1835 5682 tamen

259 5687 537 5759 Vulgatam
582 5693 828 5748 Latinam
877 5696 1174 5752 editionem
1207 5711 1320 5751 sine
1352 5698 1608 5753 lectionis
1633 5697 1838 5755 habere

254 5763 665 5839 astipulatoretn
710 5764 984 5838 Thargum
1033 5766 1306 5824 liierosul.
1349 5769 1494 5839 quod
1546 5771 1616 5824 ita
1667 5770 1832 5839 legit:

255 5829 319 5885 Et
348 5829 464 5889 cum
499 5837 741 5893 transiret
768 5829 940 5911 gloFia
978 5842 1264 5911 majestatis
1297 5829 1514 5898 Domini
1549 5829 1834 5914 cornutum,

2019 4703 2091 4714 --
2117 4671 2250 4728 Cum
2283 4669 2532 4741 Vulgatre
2560 4669 2799 4741 lectione
2832 4669 3032 4724 iaciunt
3079 4667 3253 4724 nostri
3283 4683 3423 4741 mss,
3445 4683 3547 4741 quo

1951 4753 2246 4799 transeunte
2270 4735 2443 4798 coram
2492 4760 2550 4796 eo
2580 4744 2654 4797 ait
2691 4761 2708 4797 :
2741 4739 3074 4806 Dominatot’,
3105 4750 3237 4809 elc.,
3275 4749 3333 4794 tit
3377 4735 3545 4795 Musis

1951 4817 2068 4872 haec
2086 4818 2218 4881 sint,
2252 4815 2544 4870 Dominum
2592 4824 2720 4870 ante
2765 4829 2829 4870 os
2850 4813 3122 4884 spelunca:
3156 4823 3546 4884 pertranseun-

1907 4910 1910 4912 ν
1951 4898 2058 4944 tem
2077 4887 2455 4956 compellantis
2477 4886 2664 4942 verba.
2692 4883 3016 4945 Econtrario
3061 4885 3220 4940 habet
3268 4883 3538 4953 impressa

1949 4961 2132 5024 lectio,
2163 4955 2322 5030 quam
2353 4975 2421 5015 ex
2446 4958 2689 5027 Canone,
2725 4969 2782 5016 ut
2801 4955 3544 5030 vocat,Hebraicaeveritatis

1952 5025 2294 5088 Martianieus
2334 5035 2575 5102 reposuit
2611 5075 2625 5098 ,
2671 5025 2725 5088 et
2765 5031 2857 5096 cui
2907 5029 3124 5100 quidem
3175 5037 3242 5102 et
3284 5025 3543 5102 lii-bracas

1949 5114 2128 5161 teXtus
2185 5099 2536 5174 suffragatur,
2580 5115 2640 5160 ut
2680 5121 2741 5159 ea
2769 5099 3037 5172 signiticet
3066 5100 3309 5174 esseDei
3347 5099 3533 5174 verba,

1946 5179 2034 5248 qui
2079 5192 2264 5249 coram
2311 5172 2493 5249 Moyse
2519 5177 2910 5244 pertransit-ns,
2953 5172 3218 5249 dotesilli
3248 5186 3373 5226 suas
3404 5172 3544 5226 rele-

1950 5245 2060 5304 vat.
2083 5248 2188 5304 Sed
2210 5258 2268 5304 nt
2293 5245 2425 5304 nihil
2449 5249 2535 5303 hic
2556 5251 2625 5304 de
2655 5249 2972 5303 alterutrius
2999 5245 3248 5300 lectionis
3281 5252 3542 5312 prmstau-

1947 5321 2040 5377 tia.
2073 5337 2195 5389 qua:
2239 5337 2344 5374 non
2390 5321 2526 5376 levis
2578 5330 2659 5377 est
2690 5318 2942 5391 quaestio.
2967 5319 3235 5391 disputem
3265 5333 3276 5368 :
3308 5318 3536 5391 multum

1945 5385 2318 5457 sane'vvreor,
2352 5407 2419 5447 ne
2454 5385 2788 5449 correctoris
2839 5385 3072 5446 Hebraei
3108 5387 3275 5444 verba
3313 5402 3377 5442 ex
3415 5385 3539 5440 libri

1945 5465 2069 5519 alho
2092 5465 2142 5516 in
2171 5473 2378 5519 textum
2402 5463 2609 5532 pridem
2636 5465 2844 5519 intrusa
2877 5465 2929 5518 in
2959 5478 3064 5516 uno
3096 5461 3542 5532 Memmianoco-

1945 5536 2088 5601 dice,
2120 5551 2214 5604 pro
2245 5528 2560 5607 Hieronymi
2595 5535 3050 5607 interpretatione
3092 5528 3546 5607 perperttitt_blztr-

1943 5601 2172 5663 tianIcns
2193 5601 2470 5664 obtrudat:
2505 5601 2767 5680 Equidem
2796 5601 3264 5680 przeiferreiualint
3300 5601 3536 5680 reliquo-

1942 5697 2062 5756 rum
2097 5682 2340 5756 ninnium
2374 5671 2639 5737 librorum
2667 5671 2850 5735 fiderit.
2897 5677 3110 5756 Videsis
3166 5682 3349 5756 tamen
3401 5671 3542 5756 δεῦτέ

1947 5747 2576 5823 tianmii’rolegomenon
2629 5767 2922 5823 tu‘versus
2966 5743 3266 5815 liuem,nbi
3319 5741 3388 5799 de
3439 5740 3542 5800 hac

1940 5821 2262 5882 Scholiasuu
2295 5816 2681 5884 emendatione
2709 5816 2972 5896 loquitur.
