4044 6360
457 271 564 330 9.87

459 389 723 447 busacum.
755 375 897 448 Cave
927 405 994 449 ne
1019 405 1276 464 umquam
1300 405 1423 448 cum
1456 389 1850 447 habitatoribus
1895 399 2058 447 terras
2085 390 2135 452 Α

459 485 614 542 illius
637 486 832 558 jungas
863 488 1153 557 amicitias,
1187 503 1310 560 quae
1339 486 1432 543 tibi
1464 487 1575 542 sint
1604 486 1655 541 in
1681 484 1894 542 ruinam
1921 505 1936 541 :
1966 486 2062 541 sed

465 594 589 636 aras
639 595 834 637 eorum
890 581 1150 650 destrue,
1196 580 1474 651 confringe
1521 588 1746 646 statuas,
1804 578 2064 650 lucosque

467 674 726 731 succide:
759 675 867 731 noli
897 676 1128 733 adorare
1149 676 1319 732 Deum
1364 675 1620 732 alienum.
1671 675 1938 730 Dominus
1975 688 2064 730 ze-

461 765 604 822 lotes
653 781 851 823 nomen
907 767 1045 839 ejus,
1105 767 1246 824 Deus
1299 775 1382 824 est
1422 767 1729 823 temulator.
1790 767 1868 822 Ne
1913 767 2063 823 ineas

461 867 680 930 pactum
707 874 830 914 enm
871 858 1177 915 hominibus
1216 859 1430 915 illarum
1471 861 1752 932 regionum
1786 877 1799 914 :
1828 874 1918 934 ne,
1941 875 2062 915 cum

463 950 715 1008 fornicati
740 951 940 1009 fuerint
965 968 1087 1008 cum
1114 952 1218 1009 diis
1241 953 1376 1021 suis,
1415 963 1468 1011 et
1495 954 1844 1011 adoraverint
1897 953 2067 1010 simu-

463 1043 611 1100 lacra
639 1059 854 1112 eorum,
883 1053 1038 1100 vocet
1067 1053 1117 1100 te
1147 1046 1435 1116 quispiam,
1468 1055 1524 1102 et
1551 1046 1744 1120 (Vulg.
1776 1044 1854 1116 ut)
1883 1053 2068 1104 come-

463 1137 566 1193 das
597 1137 666 1194 de
717 1137 1037 1193 immolatis.
1085 1136 1198 1194 Nec
1246 1153 1472 1195 uxorem
1513 1138 1584 1218 de
1628 1137 1841 1195 ﬁliabus
1873 1154 2062 1194 eorum

466 1231 710 1312 accipias
740 1231 869 1286 filiis
901 1233 1010 1288 tuis
1043 1250 1056 1287 :
1088 1248 1158 1289 ne
1188 1243 1474 1306 postquam
1504 1233 1634 1306 ipsa;
1669 1232 1873 1289 fuerint
1899 1234 2066 1290 forni-

461 1333 621 1392 catae,
669 1323 927 1380 fornicari
980 1326 1181 1382 faciant
1232 1338 1288 1383 et
1323 1328 1467 1384 ﬁlios
1518 1335 1639 1383 tuos
1669 1327 1721 1382 in
1753 1326 1888 1383 deos
1915 1343 2062 1382 suos.

466 1417 606 1473 Deos
635 1416 939 1474 conflatiles
970 1435 1077 1474 non
1112 1418 1282 1476 facies
1313 1419 1429 1476 tibi.
1471 1421 1885 1476 Solemnitatem
1937 1435 2068 1492 azy-

467 1527 682 1568 morum
727 1512 1021 1570 custodies.
1071 1513 1292 1585 Septem
1323 1514 1518 1571 diebus
1547 1516 1792 1571 vesceris
1837 1515 2064 1588 azymis,

469 1607 611 1662 sicut
662 1608 900 1679 praecepi
946 1608 1070 1676 tibi,
1120 1609 1171 1664 in
1213 1619 1460 1681 tempore
1512 1611 1716 1666 mensis
1761 1625 2063 1666 novorum:

469 1717 662 1758 mense
691 1703 840 1759 enim
867 1706 1016 1760 verni
1051 1705 1310 1776 temporis
1333 1719 1588 1777 egressus
1617 1721 1678 1762 es
1700 1705 1766 1760 de
1806 1704 2064 1778 Egypto.

1458 272 1518 331 S.
1561 269 1941 331 HIERONYIII
1985 268 2215 330 DIVINA
2252 269 2730 332 BIBLIO'I’IIECA.

3655 270 3775 328 288

2235 390 2317 463 [C.
2372 389 2662 457 CXXXIII,
2710 390 2840 462 Cap.
2901 389 3149 464 XXXV.]
3212 389 3379 463 Igitur
3441 397 3776 460 congregata

2163 482 2310 540 omni
2330 487 2489 540 turba
2519 482 2754 539 ﬁliorum
2800 482 2988 550 Israel,
3035 485 3178 541 dixit
3215 484 3284 540 ad
3315 499 3450 541 eos:
3481 483 3608 539 Haec
3637 491 3779 540 sunt

2163 593 2283 650 qure
2307 577 2475 650 jussit
2500 577 2764 633 Dominus
2797 576 2931 633 ﬁeri.
2954 577 3066 634 Sex
3098 577 3292 634 diebus
3333 577 3542 634 facietis
3583 589 3726 647 opus
3758 594 3773 631 :

2163 672 2429 744 septimus
2449 671 2568 728 dies
2599 671 2708 728 erit
2739 671 2894 727 vobis
2943 681 3188 739 sanctus,
3237 671 3551 739 sabbatum,
3597 679 3653 726 et
3684 685 3778 726 re-

2164 766 2320 839 quies
2342 765 2558 821 Domini
2591 784 2604 821 :
2629 765 2724 836 qui
2747 765 2941 822 fecerit
2967 780 3105 836 opus
3134 765 3186 820 in
3211 779 3301 834 eo,
3330 761 3774 820 occidetur.Non

2165 860 2509 917 succendetis
2540 861 2718 932 ignem
2771 860 2826 914 in
2868 858 3126 914 omnibus
3183 856 3511 914 habitaculis
3563 856 3776 912 vestris

2165 969 2263 1025 per
2285 954 2425 1009 diem
2473 953 2710 1009 sabbati.
2743 950 2828 1026 [C.
2873 950 3192 1023 CXXXIV.]
3243 950 3308 1006 Et
3343 951 3421 1005 ait
3475 949 3655 1006 Moses
3703 947 3774 1005 ad

2167 1033 2384 1104 omnem
2419 1057 2694 1104 catervam
2744 1046 2977 1102 filiorum
3025 1045 3195 1102 Israel
3244 1063 3259 1101 :
3318 1044 3423 1100 Iste
3466 1052 3555 1099 est
3588 1057 3775 1099 sermo

2167 1157 2326 1212 quem
2358 1140 2624 1212 praecepit
2652 1139 2936 1206 Doininus,
2961 1139 3151 1195 dicens
3181 1138 3479 1209 :Separate
3497 1136 3638 1208 apud
3672 1151 3778 1192 vos

2171 1235 2440 1306 primitias
2498 1235 2578 1307 [h.
2606 1234 2934 1307 oblationes]
2970 1234 3200 1290 Domino
3231 1249 3244 1287 :
3293 1231 3486 1288 Omnis
3515 1233 3780 1288 volunta-

2169 1328 2286 1385 rius
2312 1337 2365 1383 et
2391 1336 2644 1399 prompto
2671 1327 2859 1399 [Vulg.
2888 1324 3084 1399 prono]
3114 1326 3296 1382 animo
3325 1323 3521 1381 offerat
3548 1338 3643 1380 eas
3661 1323 3778 1378 Do-

2169 1425 2354 1480 mino:
2386 1438 2603 1488 aurum,
2634 1430 3017 1494 argentum,et
3044 1437 3142 1488 aes,
3177 1419 3536 1494 byacinthum
3567 1427 3624 1475 et
3644 1433 3782 1489 pur-

2169 1531 2744 1589 puram,coccumque
2793 1516 2876 1571 bis
2918 1516 3168 1583 tinctum,
3225 1522 3282 1570 et
3319 1513 3566 1588 hyssum,
3625 1512 3772 1584 pilos

2168 1626 2478 1678 caprarum,
2506 1610 2755 1681 ctpclles
2785 1609 3021 1666 arietum
3066 1607 3397 1673 rubricatas,
3450 1617 3506 1664 et
3568 1605 3778 1663 ianthi-

2171 1720 2289 1771 nas,
2321 1705 2464 1776 ligna
2505 1706 2711 1774 settim,
2765 1714 2822 1762 et
2869 1704 3052 1761 oleum
3099 1703 3166 1760 ad
3212 1702 3500 1758 luminaria
3547 1701 3780 1757 concin-

468 1794 552 1868 [C.
587 1795 832 1870 CXXX]
866 1798 1045 1854 Omne
1074 1798 1217 1870 quod
1249 1799 1429 1869 aperit
1455 1799 1671 1854 vulvam
1694 1799 1928 1871 generis
1959 1816 2072 1854 ma-
2101 1788 2149 1850 B
2177 1801 2375 1866 nanda,
2405 1809 2462 1856 et
2491 1810 2548 1856 ut
2583 1800 2906 1857 conficiatur
2942 1809 3306 1870 unguentum,
3355 1806 3414 1854 et
3467 1796 3776 1870 thymiama

469 1891 690 1958 sculini,
723 1907 902 1948 meum
932 1895 1058 1957 erit,
1084 1893 1153 1948 de
1177 1893 1389 1948 cunctis
1415 1892 1811 1962 animantibus,
1863 1903 1970 1948 tam
2003 1893 2072 1950 de

469 1985 667 2057 bubus,
693 2003 856 2058 quam
886 1988 953 2045 de
982 1989 1198 2058 ovibus,
1243 2005 1422 2045 meum
1465 1990 1586 2044 erit.
1639 1988 2069 2061 Primogenitum

471 2079 611 2136 asini
637 2081 874 2137 redimes
900 2083 1155 2139 ovezsin
1202 2092 1383 2138 autem
1436 2097 1535 2138 nec
1584 2082 1819 2153 pretium
1877 2098 1974 2154 pro
2005 2097 2073 2139 eo

470 2172 712 2244 dederis,
741 2175 1038 2232 occidetur.
1070 2175 1501 2249 Primogenitum
1559 2176 1792 2232 ﬁliorum
1853 2185 2070 2233 tuorum

471 2267 747 2324 redimes:
787 2284 889 2325 uec
931 2269 1216 2340 apparebis
1254 2272 1307 2326 in
1342 2279 1641 2343 conspectu
1675 2287 1803 2327 meo
1846 2286 2068 2329 vacuus.

473 2359 577 2416 Sex
610 2361 804 2418 diebus
833 2364 1171 2434 Operaberis,
1202 2364 1290 2420 die
1321 2366 1554 2435 septimo
1574 2366 1819 2423 cessabis
1839 2382 1998 2424 arare
2019 2380 2074 2424 et

475 2463 698 2510 metere.
733 2455 1144 2514 Solemnitatem
1179 2457 1641 2516 hebdomadarum
1687 2461 1850 2519 facies
1888 2462 1984 2518 tibi
2019 2464 2072 2518 in

474 2544 731 2616 primitiis
751 2546 962 2619 frugum
988 2549 1184 2606 messis
1238 2558 1342 2606 ture
1391 2551 1646 2618 triticeas,
1669 2563 1727 2610 et
1757 2554 2076 2610 solemnita-

473 2647 608 2705 tem,
635 2643 851 2711 quando
881 2643 1149 2701 redeunte
1178 2645 1306 2700 auni
1339 2655 1582 2718 tempore
1601 2656 1794 2704 cuncta
1826 2649 2077 2706 condun-

477 2741 584 2788 tur.
605 2733 800 2790 Tribus
827 2735 1162 2807 temporibus
1193 2738 1322 2793 anni
1349 2739 1634 2810 apparebit
1663 2757 1824 2798 omne
1863 2757 2078 2798 mascu-

475 2826 647 2883 linqu
680 2837 830 2884 tuum
877 2829 930 2886 in
960 2839 1257 2901 conspectu
1308 2833 1699 2904 omnipotentis
1741 2835 1952 2891 Domini
1981 2836 2078 2892 Dei

479 2919 666 2978 Israel.
701 2924 835 2979 Cum
861 2925 1008 2980 enim
1036 2925 1214 2982 tulero
1257 2937 1448 2999 gentes
1488 2944 1514 2981 a
1548 2927 1683 2985 facie
1716 2940 1828 2998 tua,
1862 2940 1915 2986 et
1944 2930 2080 2987 dila-

480 3021 670 3070 tavero
701 3017 961 3072 terminos
983 3025 1133 3084 tuos,
1179 3019 1356 3076 nullus
1386 3020 1736 3078 insidiabitur
1761 3031 1923 3079 terra:
1945 3033 2074 3094 tum,

482 3106 812 3171 ascendente
865 3117 937 3177 te,
983 3119 1041 3166 et
1083 3121 1382 3183 apparente
1430 3114 1484 3170 in
1526 3128 1818 3188 conspectu
1864 3117 2078 3174 Domini

2174 1894 2582 1964 suavissimum,
2642 1893 2850 1964 lapides
2895 1892 3222 1966 onychinos,
3257 1900 3283 1928 δ
3330 1899 3385 1947 et
3429 1905 3674 1962 gemmas
3703 1888 3772 1943 ad

2174 1996 2424 2043 ornatum
2481 1985 2951 2059 superhumeralis
3024 1993 3079 2042 et
3141 1984 3450 2041 rationalis.
3507 1983 3780 2055 Quisquis

2174 2092 2414 2138 vestrum
2447 2092 2530 2139 est
2555 2083 2796 2152 sapiens,
2829 2082 3014 2137 veniat
3044 2089 3097 2137 et
3129 2081 3289 2138 faciat
3313 2080 3455 2152 quod
3503 2079 3774 2136 Dominus

2175 2175 2484 2246 imperavit.
2539 2174 2975 2230 Tabernaculum
3038 2173 3247 2229 scilicet
3293 2182 3347 2228 et
3384 2180 3589 2228 tectum
3633 2171 3773 2242 ejus,

2175 2276 2338 2338 atque
2367 2267 2789 2339 operimentum,
2823 2266 3077 2333 annulos,
3104 2273 3160 2321 et
3185 2265 3425 2321 tabulata
3445 2279 3568 2321 cum
3599 2265 3774 2321 vecti-

2175 2359 2300 2430 bus,
2325 2359 2552 2430 paxillos
2581 2368 2638 2416 et
2659 2360 2818 2416 bases
2849 2377 2862 2413 :
2898 2361 3093 2414 Arcam
3125 2367 3183 2415 et
3210 2365 3418 2423 vectes,
3447 2357 3780 2429 propitiato-

2177 2454 2340 2520 rinm,
2364 2462 2418 2508 et
2447 2453 2624 2508 velum
2644 2450 2786 2523 quod
2815 2459 2943 2506 ante
2975 2449 3109 2506 illud
3141 2449 3472 2522 Oppanditur
3496 2467 3511 2506 :
3533 2450 3778 2506 Mensam

2176 2561 2300 2604 cum
2342 2545 2589 2602 vectibus
2637 2554 2691 2601 et
2738 2543 2906 2612 vasis,
2966 2551 3020 2600 et
3059 2543 3451 2614 propositionis
3491 2541 3727 2612 panibus
3761 2559 3776 2596 :

2176 2639 2573 2697 Candelabrum
2604 2640 2671 2695 ad
2714 2639 3002 2695 luminaria
3044 2637 3424 2709 sustentanda,
3454 2652 3586 2693 vasa
3630 2637 3780 2694 illius

2178 2747 2232 2794 et
2259 2739 2530 2802 lucernas,
2578 2745 2636 2791 et
2680 2735 2859 2791 oleum
2905 2735 2972 2789 ad
3016 2735 3347 2789 nutrimenta
3407 2733 3652 2803 ignium:
3686 2732 3784 2787 Al-

2177 2840 2292 2888 tare
2324 2829 2716 2904 thymiamatis,
2739 2837 2795 2886 et
2821 2837 3029 2896 vectes,
3058 2828 3240 2883 oleum
3265 2826 3544 2882 unctionis
3573 2836 3630 2883 et
3652 2826 3777 2900 thy-

2180 2925 2377 2980 miama
2409 2938 2478 2979 ex
2505 2921 2838 2978 aromatibus
2867 2939 2880 2975 :
2912 2921 3230 2991 Tentorium
3259 2919 3330 2975 ad
3356 2921 3558 2976 ostium
3591 2919 3775 2976 taber-

2181 3017 2360 3073 naculi
2390 3035 2402 3071 :
2437 3016 2624 3072 Altare
2649 3014 2980 3080 holocausti,
3003 3023 3058 3070 et
3085 3013 3406 3070 craticulam
3423 3013 3546 3082 ejus
3568 3028 3777 3069 aeneam

2181 3126 2305 3168 cum
2331 3110 2580 3167 vectibus
2608 3119 2662 3164 et
2685 3109 2831 3164 vasis
2859 3108 2972 3164 suis
2999 3125 3012 3162 :
3047 3107 3258 3162 labrum
3299 3115 3356 3163 et
3386 3105 3563 3162 basim
3610 3104 3728 3176 ejus
3760 3123 3775 3160 :

485 3199 578 3255 Dei
606 3200 680 3256 tui
714 3211 798 3257 ter
825 3203 876 3258 in
903 3219 1068 3259 anno.
1094 3205 1210 3261 Non
1242 3208 1550 3265 immolabis
1600 3225 1765 3280 super
1806 3209 2077 3268 fermento
2105 3199 2150 3263 C
2183 3206 2434 3263 Cortinas
2473 3207 2594 3262 atrii
2627 3221 2751 3263 cum
2785 3204 3056 3261 columnis
3103 3214 3158 3260 et
3189 3204 3434 3271 basibus,
3479 3202 3777 3258 tentorium

476 3294 793 3363 sanguinem
825 3293 1018 3350 hostie
1050 3313 1224 3354 meat:
1260 3314 1433 3371 neque
1485 3301 1746 3358 residebit
1794 3318 1957 3360 mane
2003 3305 2070 3361 de

480 3385 701 3440 victima
736 3387 1101 3446 soletnnitatis
1122 3391 1317 3449 Pbasc.
1368 3394 1646 3451 Primitias
1677 3396 1887 3468 frugum
1920 3409 2079 3456 terra:

475 3487 586 3534 tua:
615 3479 811 3537 offeres
834 3481 885 3536 in
914 3481 1080 3539 domo
1110 3484 1324 3541 Domini
1356 3487 1451 3543 Dei
1477 3489 1572 3544 tui.
1597 3489 1710 3544 Non
1744 3505 1946 3562 coques
1971 3493 2083 3545 hae-

479 3571 610 3628 dum
646 3573 702 3629 in
741 3574 880 3631 lacte
931 3578 1125 3632 matris
1177 3593 1312 3635 suae.
1372 3578 1459 3653 [T.
1495 3581 1660 3651 XVII,
1704 3583 1766 3638 C.
1815 3584 2080 3658 CXXXI]

479 3664 731 3736 Dixitque
760 3667 1019 3724 Dominus
1051 3669 1116 3724 ad
1145 3669 1326 3728 Mosen
1359 3691 1370 3727 :
1401 3672 1594 3730 Scribe
1621 3676 1717 3731 tibi
1747 3677 1914 3732 verba
1943 3679 2079 3744 haec,

479 3762 677 3833 quibus
710 3772 765 3819 et
787 3773 962 3820 tecum
995 3775 1202 3822 etcum
1259 3767 1420 3824 Israel
1470 3770 1648 3842 pepigi
1710 3770 1908 3828 fmdus.
1959 3773 2084 3828 Fuit

481 3873 611 3928 ergo
635 3859 705 3915 ibi
737 3875 857 3915 cum
900 3860 1132 3918 Domino
1161 3863 1519 3935 quadraginta
1567 3866 1688 3922 dies
1734 3875 1789 3921 et
1842 3866 2081 3937 quadra-

482 3952 629 4022 ginta
660 3963 850 4009 noctes
881 3972 893 4008 :
929 3969 1123 4024 panem
1183 3971 1288 4011 non
1340 3957 1601 4026 comedit,
1635 3965 1690 4014 et
1729 3974 1922 4030 aquam
1973 3975 2080 4015 non

483 4046 644 4112 bibit,
701 4055 756 4102 et
807 4049 1027 4119 scripsit
1073 4049 1128 4105 in
1182 4051 1382 4107 tabulis
1409 4053 1571 4108 verba
1622 4052 1843 4108 fmderis
1870 4053 2077 4110 decem.

481 4133 564 4209 [C.
600 4136 893 4212 CXXXIM
924 4137 1168 4212 Cumque
1198 4141 1558 4200 descenderet
1588 4143 1765 4200 Moses
1787 4145 1856 4201 de
1895 4155 2085 4202 monte

481 4229 654 4295 Sinai,
684 4230 904 4287 tenebat
933 4232 1067 4289 duas
1101 4234 1313 4290 tabulas
1342 4236 1660 4306 testimonii,
1695 4247 1750 4294 et
1801 4239 2087 4309 ignorabat

479 4324 624 4394 quod
648 4336 872 4381 cornuta
898 4335 1046 4383 esset
1077 4329 1244 4384 facies
1267 4345 1364 4385 sua
1398 4346 1467 4387 ex
1490 4332 1774 4387 consortio
1815 4334 2084 4388 sermonis

481 4416 601 4474 Dei.
634 4418 896 4477 Videntes
925 4431 1102 4478 autem
1126 4422 1308 4479 Aaron
1338 4435 1397 4480 et
1442 4426 1537 4481 lilii
1590 4425 1756 4481 Israel
1799 4435 2083 4482 cornutam

482 4512 617 4569 Mosi
647 4515 1184 4582 faciem,timuerunt
1235 4533 1406 4588 prope
1457 4519 1736 4574 accedere.
1785 4519 2084 4590 Vocatique

2180 3303 2233 3360 in
2264 3302 2471 3358 foribus
2493 3301 2768 3366 vestibuli,
2802 3299 3034 3372 paxillus
3067 3297 3402 3354 tabernaculi
3427 3307 3479 3353 et
3504 3296 3627 3352 atrii
3652 3310 3776 3351 eum

2182 3402 2436 3460 funiculis
2461 3401 2574 3457 suis
2606 3418 2618 3455 :
2655 3399 3015 3467 Vestimenta,
3059 3411 3291 3468 quorum
3315 3411 3445 3450 usus
3481 3404 3561 3450 est
3595 3394 3647 3448 in
3679 3392 3781 3447 mi-

2181 3496 2410 3552 nisterio
2437 3493 2758 3558 sanctuarii,
2789 3501 2976 3549 vestes
3006 3491 3192 3546 Aaron
3234 3489 3510 3560 pontificis
3536 3503 3601 3544 ac
3634 3486 3779 3542 ﬁlio-

2182 3605 2300 3645 rum
2333 3589 2474 3660 rjus,
2501 3596 2559 3642 ut
2579 3586 2884 3642 sacerdotio
2920 3583 3216 3656 fungantur
3241 3583 3396 3638 mihi.
3430 3581 3779 3652 Egressaque

2183 3681 2360 3738 omnis
2400 3679 2692 3736 multitudo
2719 3678 2955 3734 filiorum
2991 3676 3162 3733 Israel
3187 3675 3256 3732 dc
3295 3682 3591 3744 conspectu
3626 3671 3779 3739 Mosi,

2181 3773 2379 3829 obtulit
2395 3771 2581 3845 [Vulg.
2616 3768 2958 3841 obtulerunt]
2984 3776 3165 3824 mente
3184 3764 3594 3838 promptissima
3618 3772 3781 3834 atque

2183 3867 2375 3923 devota
2407 3866 2673 3937 primitias
2703 3864 2784 3938 [h.
2817 3860 3153 3934 oblationes]
3185 3858 3441 3926 Domino,
3477 3857 3544 3913 ad
3577 3856 3786 3916 facien-

2183 3965 2311 4022 dum
2337 3980 2476 4034 opus
2499 3961 2838 4019 tabernaculi
2861 3955 3468 4029 testimonii.Quidquid
3493 3956 3546 4011 in
3575 3954 3781 4011 cultum

2183 4069 2238 4116 et
2269 4059 2335 4115 ad
2368 4068 2548 4114 vestes
2572 4065 2789 4112 sanctas
2817 4054 3185 4110 necessarium
3219 4061 3357 4118 erat,
3394 4048 3497 4104 viri
3520 4062 3640 4103 cum
3665 4061 3787 4101 mu-

2183 4153 2411 4209 lieribus
2439 4150 2783 4220 praebuerunt
2817 4147 3064 4203 armillas
3089 4155 3145 4202 et
3169 4145 3405 4206 inaures,
3453 4141 3685 4197 annulos
3730 4147 3789 4196 et

2184 4243 2461 4301 dextraria
2491 4261 2504 4297 :
2541 4257 2704 4298 omne
2733 4256 2830 4297 vas
2854 4254 3079 4295 aureum
3113 4239 3165 4293 in
3200 4236 3428 4292 dunaria
3461 4233 3676 4290 Domini
3700 4247 3787 4288 se-

2185 4347 2433 4409 paratum
2465 4345 2570 4392 est.
2601 4335 2658 4392 Si
2686 4335 2811 4406 quis
2838 4333 3024 4388 habuit
3053 4330 3243 4405 [Vulg.
3271 4327 3532 4401 habebat]
3558 4327 3786 4400 hyacin-

2186 4430 2360 4496 thum,
2386 4440 2438 4486 et
2471 4443 2792 4500 purpuram,
2814 4440 3145 4496 caecumque
3171 4424 3259 4479 bis
3284 4423 3535 4489 tinctum,
3561 4421 3785 4494 bys'sum

2185 4535 2237 4579 et
2263 4523 2401 4595 pilos
2427 4536 2737 4592 caprarum,
2768 4518 2936 4591 pelles
2957 4519 3189 4574 arietum
3231 4515 3556 4582 rubricatas,
3591 4521 3644 4567 et
3668 4512 3788 4566 ian-

485 4607 556 4663 ab
586 4622 674 4677 eo,
701 4608 912 4664 reversi
941 4619 1071 4664 sunt
1094 4619 1201 4666 tam
1229 4611 1410 4682 Aaron
1450 4627 1612 4680 quam
1648 4611 1922 4682 principes
1954 4628 2082 4684 syn-
2107 4595 2160 4657 D
2189 4615 2392 4677 thinas,
2418 4613 2632 4685 argenti
2655 4622 2711 4668 et
2738 4613 2865 4667 aeris
2896 4610 3137 4676 metalla,
3181 4608 3502 4665 obtulerunt
3536 4604 3785 4670 Domino,

482 4715 690 4772 agogzn.
730 4703 797 4759 Et
830 4712 1117 4775 postquam
1167 4705 1382 4761 locutus
1409 4712 1514 4772 est,
1547 4715 1817 4762 venerunt
1843 4707 1910 4762 ad
1956 4719 2081 4761 eum

481 4795 646 4849 etiam
677 4809 867 4851 omnes
908 4795 1002 4852 ﬁlii
1048 4797 1215 4853 Israel
1265 4816 1278 4852 :
1338 4798 1538 4870 quibus
1585 4800 1847 4870 praecepit
1885 4807 2084 4854 cuncta

483 4902 605 4956 quae
635 4888 884 4944 audierat
909 4904 938 4943 a
973 4890 1206 4945 Domino
1229 4891 1281 4945 in
1309 4900 1494 4947 monte
1522 4889 1668 4947 Sinai
1696 4909 1710 4958 ;
1738 4890 2085 4962 impletisque

483 4981 853 5047 sermonibus,
915 4986 1096 5054 posuit
1149 4985 1398 5042 velamen
1449 5001 1612 5057 super
1665 4986 1858 5042 faciem
1908 5001 2082 5042 suam.

485 5073 637 5141 Quod
671 5077 948 5146 ingressus
988 5078 1054 5133 ad
1092 5079 1402 5150 Dominum,
1447 5091 1503 5135 et
1531 5080 1758 5152 loquens
1810 5096 1932 5137 cum
1991 5095 2078 5145 eo,

484 5167 961 5227 auferebatdonec
991 5173 1185 5239 exiret,
1217 5185 1272 5228 et
1313 5182 1442 5229 tunc
1469 5173 1795 5245 loquebatur
1843 5175 1910 5229 ad
1943 5173 2083 5232 filios

486 5261 652 5318 Israel
677 5263 857 5318 omnia
882 5281 1002 5335 qua:
1042 5266 1146 5320 sibi
1191 5265 1406 5321 fuerant
1460 5266 1746 5338 imperata.
1789 5267 1890 5335 Qui
1927 5267 2081 5323 vide-

485 5354 616 5410 bant
666 5355 863 5412 faciem
909 5357 1246 5428 egredientis
1287 5359 1422 5416 Mosi
1467 5375 1589 5416 esse
1631 5370 1941 5425 cornutam,
1987 5361 2083 5416 sed

483 5449 768 5521 operiebat
796 5451 889 5508 ille
911 5468 1100 5509 rursus
1127 5453 1322 5512 faciem
1367 5469 1544 5523 suam,
1578 5457 1623 5512 si
1647 5456 1866 5529 quando
1897 5457 2086 5527 loque-

487 5545 649 5602 batur
672 5547 738 5602 ad
761 5561 879 5604 eos.

563 5699 591 5728 ⁸
631 5691 970 5766 Ubicumque
1002 5691 1054 5747 in
1084 5691 1298 5760 Ειοάο,
1329 5694 1443 5750 sive
1473 5693 1525 5748 in
1554 5694 1797 5750 Levitiro
1825 5693 2085 5766 superbu-

487 5765 926 5839 ntrralelegitur,
961 5766 1200 5820 sciamus
1236 5767 1377 5839 apud
1406 5767 1665 5822 Hebraeos
1695 5767 1866 5839 ephod
1898 5766 2083 5839 appel-

489 5832 614 5892 lari.
649 5832 966 5895 lloc'autem
991 5851 1114 5894 esse
1137 5838 1405 5910 pontiﬁcis
1426 5832 1833 5906 vestimentum,
1862 5849 1916 5895 et
1934 5832 2078 5894 solis
2134 5885 2135 5888 η

2184 4709 2440 4780 lignaque
2485 4709 2668 4762 settim
2719 4705 2774 4761 in
2833 4705 3020 4759 varios
3052 4717 3201 4758 usus.
3260 4701 3366 4758 Sed
3423 4708 3478 4756 et
3529 4699 3788 4754 mulieres

2187 4803 2361 4860 docta:
2388 4801 2800 4871 dcderuutqua:
2841 4805 3124 4864 neverant,
3154 4794 3532 4870 hyacinthum,
3582 4806 3785 4863 purpu-

2186 4909 2324 4957 ram,
2360 4903 2415 4949 et
2446 4891 2820 4956 veriniculum,
2847 4905 2909 4945 ac
2936 4890 3182 4962 hyssum,
3213 4897 3270 4944 et
3313 4887 3452 4958 pilos
3477 4899 3786 4956 caprarum,

2186 4997 2383 5058 Sponte
2425 4985 2640 5058 propria
2697 4992 2889 5039 cuncta
2932 4981 3254 5038 tribuentes.
3311 4978 3790 5052 Principes-vero

2190 5082 2503 5139 obtulerunt
2547 5079 2756 5150 lapides
2802 5077 3135 5151 onychinos,
3185 5085 3238 5132 et
3282 5089 3527 5147 gemmas
3569 5071 3636 5128 ad
3693 5087 3790 5127 su-

2189 5175 2567 5248 perhumerale
2597 5184 2650 5230 ct
2671 5173 2958 5237 rationale,
3002 5177 3358 5239 aromataque
3393 5177 3448 5223 et
3485 5167 3667 5223 oleum
3713 5165 3784 5220 ad

2185 5270 2478 5328 luminaria
2506 5267 2900 5335 concinnanda,
2928 5274 2984 5321 et
3011 5267 3078 5320 ad
3109 5262 3527 5333 praeparandum
3547 5275 3794 5332 unguen-

2190 5373 2322 5429 tum,
2347 5371 2405 5419 et
2427 5361 2717 5435 thymiama
2747 5359 2940 5416 odoris
2967 5356 3281 5413 suavissimi
3331 5353 3789 5427 componendum.

2188 5456 2393 5514 Omnes
2439 5455 2542 5512 viri
2593 5465 2647 5510 et
2687 5454 2950 5511 mulieres
2998 5461 3181 5508 mente
3209 5450 3428 5506 adcvota
3476 5447 3794 5504 obtulerunt

2189 5552 2436 5619 donaria,
2471 5557 2533 5606 ut
2561 5550 2754 5607 fierent
2779 5563 2969 5620 opera,
3001 5562 3123 5619 quas
3147 5546 3390 5617 iusserat
3413 5542 3675 5600 Dominus
3699 5557 3793 5612 per

2197 5693 2530 5747 conveniens
2578 5689 2926 5761 pontiﬁcibus
2947 5691 3150 5761 "omnis
3193 5687 3475 5761 Scriptura
3517 5691 3789 5761 testatur.

2197 5763 2325 5819 Haec
2351 5763 2408 5819 S.
2443 5757 2810 5833 Hieronymus
2837 5762 2904 5820 ad
2927 5760 3207 5818 Fabiolam
3232 5759 3477 5818 scribens
3500 5757 3569 5816 de
3593 5758 3792 5816 vestitu

2196 5835 2566 5893 sacerdotum.
2601 5833 2783 5891 Manr.
