4044 6360
241 315 372 380 9.89

1664 307 1863 373 LIBER
1907 306 2140 370 EXODI.

3454 310 3565 374 290

248 442 486 483 ntanum
522 429 677 486 Mosi.
708 429 904 486 Cuncti
937 429 1029 487 ﬁlii
1060 428 1227 486 Israel
1277 425 1582 483 Voluntaria
1633 426 1863 482 Domino
1891 429 1944 492 Α
1973 424 2204 493 pellibus
2247 421 2530 483 iantltinis.
2560 422 2713 480 Fecit
2768 431 2822 480 et
2854 421 3062 479 tabulas
3119 422 3452 482 tabernaculi
3492 423 3562 478 tle

245 520 675 577 dedicaverunt.
711 522 798 595 [Ο.
828 522 1119 595 CXXXV.]
1146 522 1400 592 Dixitque
1428 519 1603 575 Moses
1634 517 1698 572 ad
1726 517 1867 572 ﬁlios

244 610 470 669 Israel:
501 615 665 684 Ecce,
703 616 918 670 vocavit
950 615 1217 671 Dominus
1250 630 1319 671 ex
1370 614 1591 669 nomine
1620 610 1866 689 Beseleel

248 705 437 762 ﬁlium
467 707 563 763 Uri
585 707 684 762 ﬁlii
735 708 851 763 llur
895 707 964 765 de
995 708 1137 763 tribu
1162 706 1321 763 Juda.
1353 703 1711 775 lmplevitque
1741 717 1867 759 eum

250 802 470 873 spiritu
503 802 620 868 Dei,
648 803 917 874 sapientia
943 812 999 858 et
1028 801 1414 872 intelligentia,
1445 810 1499 855 et
1531 798 1778 861 scientia,
1812 804 1868 852 et

247 897 416 950 onuii
448 894 721 959 doctrina,
754 895 821 951 ad
850 895 1294 967 excogitandum,
1318 904 1373 949 et
1402 892 1706 949 faciendum
1728 906 1867 961 opus

250 987 311 1041 in
348 1004 491 1045 auro
514 999 569 1044 et
589 997 837 1061 argento,
858 998 913 1044 et
937 1005 1068 1059 aere,
1104 987 1528 1060 sculpendisque
1572 985 1862 1056 lapidibus,

247 1088 314 1137 et
334 1097 510 1152 opere
536 1083 900 1152 carpentario,
921 1081 1180 1153 quidquid
1220 1080 1370 1136 fabre
1412 1078 1717 1135 adinveniri
1771 1092 1867 1148 po-

250 1181 392 1239 test,
438 1173 589 1230 dedit
642 1175 696 1230 in
749 1175 915 1230 corde
951 1175 1071 1246 ejus
1113 1192 1125 1227 :
1172 1174 1369 1230 Ooliab
1424 1186 1639 1243 quoque
1697 1170 1863 1225 lilium

249 1264 601 1322 Abisamacb
630 1266 699 1322 de
726 1266 868 1322 tribu
896 1266 1007 1321 Dan
1039 1284 1051 1322 :
1079 1266 1269 1323 ambos
1310 1264 1546 1322 erudivit
1574 1262 1860 1333 sapientia,

249 1366 318 1411 ut
347 1357 563 1413 faciant
587 1373 751 1428 opera
778 1357 1058 1425 abietarii,
1088 1356 1443 1430 polymitarii,
1478 1371 1543 1411 ac
1581 1356 1858 1426 plumarii,

246 1450 327 1506 de
376 1451 696 1524 hyacintho,
730 1460 787 1509 et
816 1468 1074 1523 purpura,
1107 1467 1384 1523 coccoque
1433 1451 1516 1506 bis
1565 1450 1761 1516 tincto,
1811 1459 1866 1505 et

247 1542 455 1615 bysso,
483 1555 540 1600 et
600 1553 785 1599 texant
813 1545 1018 1613 omnia,
1046 1560 1110 1600 ac
1139 1559 1280 1601 nova
1311 1559 1539 1615 quaeque
1566 1542 1859 1615 reperiant.

330 1635 497 1709 [Cap.
529 1637 794 1712 XXXVI.]
826 1639 980 1696 Fecit
1018 1654 1153 1710 ergo
1186 1639 1457 1706 Beseleel,
1486 1648 1539 1695 et
1569 1639 1783 1701 Ooliab.
1808 1649 1865 1694 et

248 1732 447 1786 omnis
472 1732 554 1786 vir
579 1732 816 1803 sapiens,
846 1733 1043 1802 quibus
1066 1732 1499 1789 deditDominus
1537 1732 1863 1804 sapientiam

1970 516 2133 586 lignis
2176 516 2358 571 settim
2390 527 2616 575 stantes.
2646 516 2845 572 Decem
2874 516 3178 572 cubitorum
3224 526 3341 570 erat
3383 516 3559 585 longi-

1970 607 2103 662 tudo
2136 607 2335 663 tabulae
2369 608 2546 675 unius,
2579 615 2635 663 et
2664 624 2827 663 unum
2878 623 2941 663 ac
2970 608 3139 664 semis
3168 597 3407 662 cubitum
3441 605 3566 660 lati-

1970 700 2101 754 tudo
2133 698 2403 756 retinebat
2438 720 2448 754 :
2475 701 2622 756 Bina:
2652 701 3034 757 incastratura:
3073 712 3230 757 erant
3261 716 3357 770 per
3378 701 3565 769 singu—

1968 791 2046 847 las
2080 793 2311 862 tabulas,
2342 807 2401 848 ut
2443 793 2613 850 altera
2667 793 2821 849 alteri
2846 793 3187 865 jungerctur.
3215 792 3308 848 Sic
3360 792 3485 848 fecit
3511 792 3565 846 in

1971 888 2221 943 omnibus
2268 888 2465 943 tabulis
2518 888 2876 944 tabernaculi.
2930 888 2971 943 Ε
3020 888 3215 959 quibus
3260 885 3455 958 viginti
3494 884 3562 942 ad

1977 981 2187 1052 plagam
2243 980 2595 1036 meridianam
2644 989 2800 1036 erant
2847 988 3036 1036 contra
3092 979 3371 1044 Austrum,
3440 993 3562 1033 cum

1972 1073 2324 1145 quadraginta
2360 1073 2579 1129 basibus
2628 1074 2923 1144 argenteis.
2975 1073 3101 1128 Duae
3132 1073 3290 1127 bases
3331 1070 3432 1127 sub
3458 1086 3562 1126 una

1968 1167 2149 1223 tabula
2182 1167 2524 1239 ponebantur
2571 1184 2637 1224 ex
2664 1177 2893 1240 utraque
2923 1166 3245 1241 angulorum
3279 1175 3453 1237 parte,
3473 1165 3563 1221 ubi

1967 1259 2349 1317 incastratura:
2395 1258 2629 1317 laterum
2686 1262 2739 1316 in
2792 1261 3001 1331 angulis
3052 1259 3432 1316 terminantur.
3482 1256 3566 1313 Ad

1969 1357 2182 1429 plagam
2205 1372 2422 1429 quoque
2441 1356 2770 1413 tabernaculi
2789 1397 2805 1425 ,
2835 1372 2956 1428 qua:
2999 1354 3225 1428 respicit
3252 1354 3318 1409 ad
3342 1353 3565 1424 Aquilo-

1969 1466 2113 1517 ncm,
2141 1450 2269 1507 fecit
2294 1450 2483 1521 viginti
2538 1450 2769 1516 tabulas,
2800 1464 2922 1504 cum
2951 1449 3303 1521 quadraginta
3342 1447 3565 1503 basibus

1971 1544 2267 1613 argenteis,
2286 1543 2420 1599 duas
2448 1544 2603 1599 bases
2623 1558 2718 1613 per
2739 1542 2979 1613 singulas
3003 1542 3227 1597 tabulas.
3249 1540 3447 1597 Contra
3464 1541 3565 1596 Oc-

1967 1636 2238 1692 cidentem
2270 1652 2422 1701 vero,
2460 1636 2509 1691 id
2556 1646 2660 1702 est,
2690 1635 2755 1691 ad
2784 1650 2901 1692 eam
2948 1646 3153 1706 partem
3206 1632 3563 1703 tabernaculi,

1970 1745 2088 1801 qua:
2122 1744 2269 1784 mare
2294 1728 2537 1799 respicit,
2572 1728 2699 1785 fecit
2756 1745 2848 1785 sex
2894 1729 3128 1796 tabulas,
3179 1736 3235 1784 et
3261 1728 3398 1783 duas
3428 1728 3564 1781 alias

246 1833 309 1882 et
342 1835 365 1862 ⁸
393 1826 761 1895 intellectum,
795 1839 855 1883 ut
904 1829 1109 1885 scirent
1158 1828 1316 1884 fabre
1369 1827 1583 1899 operari
1635 1842 1755 1897 quae
1810 1825 1863 1880 in
1896 1826 1944 1887 B
1972 1839 2069 1895 per
2098 1824 2341 1894 singulos
2370 1823 2595 1895 angulos
2626 1823 2963 1879 tabernaculi
2994 1832 3141 1879 retro
3175 1840 3186 1875 :
3222 1837 3340 1893 qum
3363 1820 3565 1892 junctae

248 1935 391 1975 usus
442 1924 736 1977 sanctuarii
785 1922 1098 1980 necessaria
1127 1933 1274 1989 sunt,
1319 1933 1373 1979 et
1431 1938 1552 1994 qua:
1600 1922 1866 1994 praecepit

249 2012 557 2070 Dominus.
590 2014 833 2087 Cumque
862 2026 1118 2073 vocasset
1154 2031 1251 2073 eos
1299 2016 1496 2082 Moses,
1546 2025 1599 2072 et
1646 2031 1864 2071 omnem

248 2107 541 2163 eruditum
572 2106 771 2176 virum,
814 2110 902 2165 cui
942 2109 1169 2166 dederat
1221 2109 1480 2164 Dominus
1512 2108 1862 2178 sapientiam,

249 2213 310 2258 et
336 2202 438 2274 qui
460 2213 655 2275 sponte
680 2219 778 2260 sua
806 2205 1120 2261 obtulerant
1164 2219 1224 2260 se
1271 2202 1337 2258 ad
1369 2202 1672 2258 faciendum
1702 2216 1863 2273 opus,

254 2298 495 2352 tradidit
527 2299 608 2355 eis
646 2298 901 2355 universa
954 2298 1180 2355 donaria
1240 2296 1476 2359 ﬁliorum
1529 2297 1713 2353 Israel.
1764 2296 1866 2365 Qui

250 2404 383 2445 cum
420 2390 693 2448 instarent
717 2392 894 2464 operi,
918 2391 1165 2463 quotidie
1188 2406 1346 2447 mane
1380 2402 1494 2448 tata
1529 2391 1759 2462 populus
1781 2389 1866 2444 of-

252 2481 503 2541 ferebat.
534 2485 688 2543 Unde
736 2486 978 2543 artiﬁces
1033 2488 1222 2542 venire
1270 2485 1559 2556 compulsi,
1610 2483 1869 2539 dixerunt

255 2578 446 2634 Mosi:
479 2579 607 2635 Plus
632 2580 794 2637 offert
844 2580 1072 2651 populus
1121 2595 1281 2652 quam
1337 2578 1706 2635 necessarium
1761 2586 1864 2633 est.

254 2673 436 2729 Jussit
464 2689 597 2745 ergo
628 2673 807 2731 Moses
841 2674 1108 2745 przeconis
1156 2688 1290 2730 voce
1337 2674 1589 2729 cantari:
1623 2670 1735 2728 Nec
1784 2671 1867 2726 vir

257 2783 369 2825 nec
410 2769 611 2825 mulier
633 2769 929 2840 quidquam
961 2769 1102 2824 ultra
1133 2767 1326 2824 olferat
1353 2768 1405 2822 in
1426 2782 1593 2838 opere
1614 2777 1870 2821 sanctua-

257 2861 353 2919 rii.
388 2862 590 2935 Sicque
618 2872 890 2919 cessatum
915 2873 999 2919 est
1035 2878 1065 2918 a
1090 2862 1411 2919 muneribus
1443 2861 1765 2929 oll‘erendis,
1802 2876 1869 2917 co

258 2957 413 3027 quod
442 2957 629 3012 oblata
658 2956 990 3023 sufﬁcerent,
1035 2965 1092 3013 et
1133 2955 1661 3028 superabundarent.
1703 2954 1871 3011 Fece-

258 3059 507 3121 runtque
536 3065 731 3107 omnes
756 3051 924 3108 corde
953 3050 1230 3122 sapientes
1271 3050 1338 3105 ad
1366 3048 1696 3121 explendum
1733 3063 1871 3120 opus

262 3145 636 3213 tabernaculi,
685 3146 924 3202 cortinas
976 3145 1190 3213 decem,
1223 3144 1293 3201 de
1324 3144 1489 3217 bysso
1540 3153 1767 3209 retorta,
1815 3150 1871 3199 et

1969 1931 2127 1975 erant
2156 1936 2185 1975 a
2213 1918 2470 1975 deorsum
2501 1934 2677 1990 usque
2727 1933 2966 1987 sursum,
3005 1928 3062 1974 et
3114 1919 3168 1973 in
3211 1932 3370 1973 unam
3418 1932 3571 1973 com-

1970 2029 2159 2085 pagem
2201 2014 2403 2085 pariter
2434 2012 2772 2070 ferebantur.
2803 2013 2880 2069 lta
2920 2014 3052 2070 fecit
3078 2028 3142 2070 ex
3174 2022 3399 2084 utraque
3420 2021 3573 2084 parte

1972 2123 2068 2178 per
2091 2107 2320 2178 angulos
2346 2125 2360 2177 ;
2402 2116 2461 2163 ut
2487 2118 2609 2163 octo
2658 2117 2842 2163 essent
2882 2108 3042 2163 simul
3073 2108 3289 2175 tabulae,
3318 2116 3374 2163 et
3404 2106 3570 2163 habe-

1968 2212 2090 2257 rent
2134 2202 2295 2257 bases
2341 2212 2631 2272 argenteas
2681 2202 2943 2270 sedecim,
2975 2203 3129 2258 binas
3170 2201 3379 2259 scilicet
3407 2201 3569 2259 bases

1970 2296 2073 2352 sub
2103 2296 2323 2367 singulis
2347 2296 2570 2351 tabulis.
2599 2295 2750 2352 Fecit
2773 2305 2828 2351 et
2856 2307 3037 2352 vectes
3072 2296 3141 2351 de
3172 2296 3334 2367 lignis
3362 2296 3565 2365 settim,

1972 2390 2213 2462 quinque
2242 2391 2308 2446 ad
2356 2390 2717 2447 continendas
2745 2392 2957 2449 tabulas
2987 2393 3146 2448 unius
3173 2392 3361 2449 lateris
3391 2391 3570 2448 taber-

1973 2485 2172 2553 naculi,
2216 2495 2271 2541 et
2298 2487 2538 2555 quinque
2565 2486 2705 2541 alios
2734 2485 2801 2541 ad
2850 2486 3072 2542 alterius
3111 2487 3298 2543 lateris
3355 2486 3570 2542 tabulas

1970 2578 2329 2650 coaptandas,
2380 2587 2435 2635 et
2483 2589 2636 2635 extra
2665 2579 2787 2647 hos,
2818 2581 3057 2652 quinque
3102 2581 3239 2637 alios
3290 2592 3475 2637 vectes
3503 2579 3572 2636 ad

1972 2672 2368 2729 occidentalem
2402 2673 2613 2745 plagam
2650 2673 2985 2731 tabernaculi
3030 2684 3221 2732 contra
3270 2691 3443 2733 mare.
3468 2675 3573 2731 Fe-

1971 2766 2047 2822 cit
2075 2781 2289 2838 quoque
2317 2774 2531 2823 vectem
2557 2767 2748 2833 alium,
2780 2768 2871 2840 qui
2901 2784 2995 2838 per
3024 2768 3233 2825 medias
3263 2769 3476 2826 tabulas
3505 2769 3574 2827 ab

1972 2861 2173 2932 angulo
2201 2876 2372 2933 usque
2395 2862 2461 2917 ad
2491 2863 2747 2933 angulum
2775 2864 3112 2934 perveniret.
3142 2864 3261 2936 Ipsa
3284 2874 3462 2921 autem
3487 2874 3570 2920 ta-

1973 2955 2155 3011 bulata
2214 2956 2495 3013 deauravit
2519 2956 2545 2996 b
2573 2968 2628 3013 et
2669 2957 2902 3015 circulos
2937 2974 3160 3027 eorum,
3195 2960 3323 3016 fecit
3351 2976 3571 3030 aureos,

1973 3065 2073 3120 per
2103 3066 2238 3122 quos
2260 3062 2443 3107 vectes
2469 3051 2653 3108 induci
2704 3062 2925 3121 possent
2956 3072 2969 3121 ;
3002 3069 3141 3126 quos
3169 3064 3226 3111 et
3249 3057 3396 3125 ipsos
3426 3056 3576 3112 Iami-

1974 3145 2059 3200 nis
2107 3147 2293 3201 aureis
2342 3148 2577 3217 operuit.
2635 3146 2785 3203 Fecit
2815 3157 2870 3204 et
2924 3150 3106 3205 velum
3154 3150 3224 3206 de
3249 3149 3574 3223 hyacintho,

262 3237 591 3312 byatintho,
647 3249 701 3297 et
750 3255 1011 3311 purpura,
1045 3255 1320 3311 coccoque
1353 3241 1435 3296 bis
1466 3239 1655 3304 tincto,
1700 3253 1868 3309 opere
1896 3233 1944 3298 C
1976 3253 2237 3310 purpura,
2271 3240 2594 3308 vermiculo,
2626 3254 2690 3295 ac
2735 3241 2904 3312 bysso
2954 3250 3181 3312 retorta,
3217 3257 3382 3313 opere
3428 3242 3578 3315 poly-

264 3336 421 3391 vario
448 3343 502 3389 et
532 3343 652 3390 arte
677 3333 943 3406 polymita
976 3352 989 3388 :
1017 3349 1249 3406 quarum
1274 3349 1381 3390 ttna
1410 3332 1643 3390 habebat
1674 3333 1728 3389 in
1754 3333 1871 3390 lon-

264 3426 515 3498 gitndine
566 3427 756 3498 viginti
808 3434 935 3483 octo
984 3426 1216 3494 cubitos,
1246 3435 1303 3483 et
1341 3428 1395 3481 in
1425 3426 1711 3482 latitudine
1738 3441 1872 3499 qua-

264 3528 415 3589 tuor,
443 3536 550 3575 una
583 3536 842 3576 mensura
887 3530 1006 3577 erat
1055 3524 1298 3577 omnium
1337 3521 1698 3577 cortinarum.
1729 3520 1873 3577 Con—

260 3614 560 3687 jnnxitque
582 3614 829 3671 cortinas
847 3615 1115 3686 quinque,
1156 3616 1382 3672 alteram
1414 3615 1593 3681 alteri,
1639 3624 1694 3671 et
1734 3614 1872 3671 alias

263 3708 517 3780 quinque
550 3709 657 3764 sibi
688 3708 919 3764 invicem
953 3708 1247 3779 copulavit.
1275 3708 1427 3765 Fecit
1455 3718 1512 3764 et
1540 3724 1703 3766 ansas
1742 3709 1875 3781 hya—

266 3802 558 3856 cinthinas
578 3802 632 3856 in
656 3816 752 3857 ora
784 3802 1007 3857 certina:
1030 3802 1189 3857 unius
1218 3816 1285 3857 ex
1310 3812 1541 3872 utroque
1584 3801 1780 3869 latere,
1819 3810 1876 3858 et

266 3897 329 3953 in
358 3912 449 3951 ora
480 3895 715 3952 cortinae
744 3893 973 3951 alterius
994 3894 1271 3963 similiter,
1303 3905 1360 3949 ut
1390 3904 1583 3950 contra
1626 3910 1686 3950 se
1738 3894 1877 3950 invi-

269 4005 391 4046 cem
425 3990 681 4046 venircnt
707 4003 876 4054 ansae,
910 3997 967 4052 et
1012 3996 1201 4044 mutuo
1242 3982 1803 4059 jungerentur.Unde
1822 3994 1878 4042 et

263 4084 668 4159 quinquaginta
693 4084 832 4140 fudit
860 4083 1116 4151 circulos,
1148 4098 1369 4151 aureos,
1416 4082 1513 4155 qui
1568 4082 1878 4139 morderent

266 4181 608 4237 cortinarum
660 4193 846 4247 ansas,
894 4187 951 4235 et
1008 4179 1161 4235 ﬁeret
1218 4194 1386 4234 unum
1442 4178 1875 4236 tabernaculum.

270 4273 511 4331 Fecitct
541 4288 669 4345 saga
718 4272 971 4328 undecim
1024 4271 1093 4328 de
1135 4273 1259 4343 pilis
1312 4287 1603 4343 caprarum
1650 4271 1717 4328 ad
1749 4287 1877 4343 ope-

268 4367 522 4424 riendum
550 4376 754 4423 tectum
808 4366 1147 4423 tabernaculi
1172 4384 1184 4419 :
1220 4381 1385 4421 unum
1412 4381 1600 4436 sagum
1625 4368 1678 4422 in
1704 4366 1880 4439 longi-

268 4459 465 4516 tudine
488 4458 721 4516 bahebat
750 4460 964 4516 cubitos
1009 4457 1252 4531 triginta,
1286 4469 1341 4515 et
1373 4459 1425 4514 in
1468 4459 1753 4515 latitudine
1779 4475 1876 4515 cu-

271 4551 418 4609 bitos
443 4563 679 4625 quatuor
708 4569 723 4607 :
757 4551 918 4608 unius
966 4566 1236 4608 mensurae
1279 4560 1437 4607 erant
1482 4552 1665 4607 omnia
1723 4567 1873 4623 saga,

1976 3332 2215 3398 mitario,
2253 3333 2464 3387 varium
2517 3341 2681 3403 atque
2735 3332 3075 3401 distinctum,
3110 3343 3167 3389 et
3206 3343 3439 3405 quatuor
3485 3350 3579 3391 co-

1974 3424 2187 3480 lumnas
2217 3426 2285 3481 de
2315 3425 2476 3496 lignis
2503 3425 2711 3493 settim,
2741 3440 2875 3497 quas
2901 3442 3023 3481 cum
3046 3428 3316 3498 capitibus
3345 3429 3577 3485 deaura-

1974 3518 2075 3585 vit,
2123 3518 2258 3574 fusis
2296 3517 2519 3574 basibus
2564 3533 2754 3574 earum
2793 3519 3088 3590 argenteis.
3146 3519 3297 3576 Fecit
3318 3528 3374 3577 et
3402 3529 3580 3578 tento-

1977 3613 2120 3668 rium
2150 3612 2204 3667 in
2239 3613 2464 3669 introitu
2490 3614 2845 3683 tabernaculi,
2872 3629 2937 3670 ex
2966 3613 3283 3687 hyacintho,
3318 3631 3577 3688 purpura,

1977 3708 2299 3776 vermiculo,
2330 3708 2605 3781 byssoque
2634 3716 2868 3776 retorta,
2894 3725 3061 3782 opere
3098 3712 3375 3783 plumarii,
3404 3722 3459 3769 et
3487 3729 3582 3770 co-

1979 3801 2195 3858 lumnas
2236 3802 2480 3874 quinque
2524 3819 2648 3859 cum
2686 3804 2956 3875 capitibus
2998 3805 3149 3875 suis,
3202 3820 3340 3877 quas
3366 3807 3584 3878 operuit

1979 3908 2135 3961 auro,
2159 3895 2433 3966 basesque
2452 3911 2644 3952 earum
2668 3897 2803 3952 l‘udit
2832 3912 3036 3954 aeneas.

2053 3986 2134 4059 [C.
2159 3986 2447 4056 CXXXVI,
2480 3988 2609 4062 Cap.
2635 3988 2930 4064 XXXVII.J
2961 3990 3114 4048 Fecit
3136 4001 3315 4050 autem
3336 3992 3582 4051 Beseleel

1981 4089 2035 4136 ct
2055 4095 2238 4137 arcam
2268 4081 2337 4137 de
2361 4082 2520 4153 lignis
2558 4085 2765 4152 settim,
2800 4084 3089 4141 habentem
3113 4086 3249 4142 duos
3286 4086 3455 4143 semis
3482 4103 3581 4144 cu-

1984 4176 2124 4233 bitos
2152 4177 2207 4231 in
2232 4176 2592 4248 longitudine,
2622 4187 2677 4233 et
2705 4178 2950 4235 cubitum
2978 4195 3042 4237 ac
3063 4180 3347 4237 semissem
3371 4182 3422 4238 in
3453 4182 3579 4238 lati-

1983 4268 2194 4334 tudine,
2231 4269 2462 4325 altitudo
2481 4285 2697 4341 quoque
2718 4272 2881 4327 unius
2923 4272 3087 4328 cubiti
3118 4272 3221 4329 fuit
3253 4282 3308 4330 et
3344 4273 3576 4345 dimidii,

1982 4362 2309 4434 vestivitque
2359 4378 2479 4419 eam
2517 4378 2650 4419 auro
2681 4365 2976 4436 purissimo
3032 4366 3178 4422 intus
3226 4381 3292 4422 ac
3324 4366 3478 4422 foris.
3509 4365 3582 4422 Et

1984 4456 2115 4513 fecit
2136 4458 2214 4513 illi
2240 4473 2503 4514 coronam
2535 4474 2756 4515 auream
2806 4475 2903 4530 pcr
2931 4476 3146 4533 gyrum,
3176 4459 3423 4517 conﬁans
3445 4476 3581 4531 qua-

1984 4561 2110 4610 tuor
2164 4554 2400 4611 annulos
2446 4569 2648 4611 aureos
2714 4570 2814 4626 per
2850 4564 3085 4624 quatuor
3142 4554 3370 4626 angulos
3415 4553 3580 4624 ejus:

273 4664 510 4719 quorum
551 4648 793 4720 quinque
817 4648 1003 4718 junxit
1028 4662 1297 4715 seorsum,
1325 4656 1380 4704 et
1402 4662 1497 4704 sex
1528 4646 1630 4703 alia
1654 4662 1873 4719 separa-
1900 4647 1955 4709 D
1978 4646 2115 4703 duos
2144 4647 2375 4702 annulus
2418 4647 2473 4702 in
2522 4647 2694 4703 latere
2723 4662 2852 4713 uno,
2883 4656 2937 4702 et
2980 4646 3118 4703 duos
3158 4647 3214 4702 in
3243 4648 3438 4703 altero.
3474 4647 3580 4705 Ve-

276 4747 395 4800 tim.
412 4746 679 4819 Fecitque
694 4761 858 4802 ansas
875 4746 1272 4818 quinquaginta
1295 4744 1347 4800 in
1369 4759 1465 4799 ora
1482 4742 1595 4814 sagi
1614 4743 1796 4811 unius,
1820 4751 1876 4799 et

279 4840 675 4912 quinquaginta
705 4841 758 4896 in
781 4856 875 4896 ora
898 4841 1011 4911 sagi
1029 4840 1279 4907 alterius,
1296 4849 1354 4894 ut
1372 4839 1474 4894 sibi
1499 4839 1731 4894 invicem
1744 4837 1870 4907 jun-

278 4943 556 5003 gerentur.
574 4932 1040 4989 Etﬁbulaszeneas
1052 4932 1665 5005 quinquaginta,quibus
1695 4940 1872 4988 necte-

278 5037 432 5081 retur
454 5034 677 5093 tectum,
718 5034 778 5081 ut
800 5042 963 5082 unum
989 5025 1211 5098 pallium
1241 5041 1307 5081 ex
1335 5025 1587 5081 omnibus
1611 5025 1756 5097 sagis
1779 5024 1875 5082 ﬁe-

278 5125 384 5174 ret.
402 5117 557 5174 Fecit
588 5127 647 5175 et
671 5120 1010 5189 opertorium
1044 5116 1381 5174 tabernaculi
1397 5117 1463 5173 de
1482 5117 1720 5189 pellibus
1737 5118 1879 5189 arie-

277 5218 392 5265 tum
447 5210 736 5267 rubrieatis
773 5229 787 5265 :
818 5209 1077 5283 aliudque
1133 5210 1369 5282 desuper
1410 5209 1781 5266 velamentum
1811 5211 1880 5267 de

356 5373 381 5402 ι
422 5361 490 5418 Et
518 5364 687 5420 omnis
734 5366 811 5421 vir
839 5367 1044 5437 sapiens
1069 5407 1085 5435 ,
1117 5368 1302 5437 quibus
1336 5366 1479 5422 dedit
1506 5365 1766 5425 Dominus
1794 5384 1882 5425 sa-

276 5437 528 5510 pientiam
555 5447 601 5492 et
631 5437 935 5503 scientiam;
968 5439 1071 5494 hoc
1101 5438 1263 5494 modo
1292 5438 1480 5509 legunt
1510 5441 1758 5495 nonnulli
1791 5457 1883 5497 co-

278 5511 430 5564 dices
474 5523 612 5583 mss.
646 5521 699 5565 et
743 5525 868 5567 can.
901 5510 1067 5583 llebr.
1091 5512 1253 5567 verit.
1282 5518 1406 5580 post
1432 5510 1577 5565 LXX
1608 5514 1881 5583 interpre-

277 5588 384 5657 tes.
443 5580 551 5634 Alii
598 5582 849 5657 habent,
909 5582 1348 5657 intelligentiam,
1395 5584 1511 5637 sive
1561 5580 1882 5639 intellectum

274 5652 438 5725 juxta
458 5652 614 5725 quod
639 5654 905 5724 scriptum
929 5664 1014 5709 est
1039 5652 1097 5711 in
1121 5655 1371 5725 Hebraeo,
1398 5669 1521 5709 nam
1547 5664 1740 5723 tum,
1773 5658 1883 5712 tlte-

286 5724 511 5797 bunajn
542 5739 609 5797 eo
628 5725 854 5797 legitur.
883 5726 1065 5783 MART.

356 5794 393 5870 by
429 5794 484 5870 l_n
512 5796 671 5870 editis
692 5794 821 5854 etin
844 5802 1095 5857 omnibus
1121 5814 1256 5856 mss.
1284 5798 1435 5855 libris
1463 5798 1736 5855 adduntur
1756 5800 1878 5870 ista,

287 5868 420 5946 {usis
440 5866 643 5927 basibus
673 5886 851 5928 earum
876 5874 1166 5946 argenteis;
1193 5887 1311 5943 qua:
1341 5886 1515 5929 canon
1544 5870 1680 5928 lleb.
1715 5866 1880 5929 verit.

1977 4749 2093 4796 etes
2114 4754 2328 4810 quoque
2350 4740 2480 4795 fecit
2507 4738 2576 4794 de
2603 4740 2760 4811 lignis
2785 4741 2987 4809 settim,
3016 4754 3155 4811 quos
3172 4740 3393 4796 vesﬁvit
3422 4756 3577 4811 auro,

1981 4842 2037 4890 et
2054 4848 2190 4905 quos
2221 4833 2367 4887 misit
2394 4832 2449 4887 in
2481 4833 2738 4902 annulos,
2774 4834 2865 4905 qui
2892 4842 3050 4889 erant
3070 4834 3123 4889 in
3155 4834 3417 4891 lateribus
3441 4850 3585 4893 arcae

1981 4927 2049 4982 ad
2081 4925 2409 4998 portandum
2462 4940 2606 4982 eam.
2652 4926 2809 4983 Fecit
2833 4936 2885 4981 et
2910 4926 3365 4998 propitiatorium,
3396 4926 3449 4983 id
3480 4937 3586 4996 est,

1982 5022 2283 5087 oraculum,
2312 5019 2381 5077 de
2434 5034 2567 5075 auro
2592 5019 2971 5088 mundissimo,
3012 5019 3243 5076 duorum
3274 5020 3585 5078 cubitorum

1983 5124 2039 5173 et
2067 5115 2277 5171 dimidii
2307 5114 2360 5169 in
2400 5114 2757 5186 longitudine,
2790 5122 2845 5171 et
2865 5113 3039 5171 cubiti
3063 5128 3128 5170 ac
3175 5115 3343 5171 semis
3371 5114 3427 5170 in
3458 5116 3583 5172 lati-

1986 5209 2197 5266 tudine.
2225 5208 2370 5265 Duos
2400 5207 2564 5264 etiam
2604 5206 2899 5265 Cherubim
2931 5222 2999 5265 ex
3044 5221 3179 5264 auro
3208 5207 3421 5277 ductili,
3447 5222 3587 5281 quos

1991 5371 2158 5447 erasit
2182 5414 2196 5439 ,
2228 5369 2437 5447 docens
2483 5369 2588 5429 hoc
2633 5373 2788 5446 signo
2832 5374 2886 5432 It.
2920 5375 3208 5447 marginali
3247 5392 3355 5434 non
3384 5378 3587 5437 essein

1992 5441 2243 5498 Hebrmo.
2278 5444 2456 5499 Maa'r.

2057 5546 2129 5555 —
2150 5515 2373 5590 Addunt
2408 5524 2472 5590 et
2504 5518 2685 5590 nostri
2709 5534 2842 5575 mss.
2876 5519 3009 5590 fusis
3037 5519 3243 5575 basibus
3283 5537 3462 5575 eorum
3495 5536 3585 5575 ar-

2022 5587 2209 5664 enteis,
2236 5594 2293 5640 ut
2319 5595 2374 5642 et
2405 5589 2457 5643 in
2507 5592 2620 5664 suis
2672 5587 2919 5646 Martian.
2940 5591 3183 5664 invenit,
3215 5600 3272 5649 et
3297 5594 3498 5664 vulgati
3526 5593 3589 5649 li-

2028 5658 2069 5713 ri
2109 5659 2571 5734 reAtittentLverba
2600 5678 2665 5718 ex
2699 5666 2861 5718 tertio
2902 5663 2970 5719 ab
3002 5662 3105 5720 hoc
3127 5658 3417 5719 versiculo'
3439 5679 3591 5734 repe-

1985 5730 2106 5875 Sta.
2146 5727 2333 5787 Canon
2363 5731 2653 5791 Hebraicae
2679 5736 2927 5793 veritatis
2947 5735 3115 5792 erasit
3143 5734 3295 5806 juxta
3334 5727 3589 5811 archety-

2024 5817 2133 5857 um.

2024 5817 2133 5857 um.
