  <div class='ocr_page' id='page_1' title='image "/cluster/home/n/w/nwhite01/storage/ocr_20150623/28/hvd.32044015471410/153.png"; bbox 0 0 3912 6348; ppageno 0'>
   <div class='ocr_carea' id='block_1_1' title="bbox 495 259 604 328">
    <p class='ocr_par' dir='ltr' id='par_1_1' title="bbox 495 259 604 328">
     <span class='ocr_line' id='line_1_1' title="bbox 495 259 604 328; baseline -0.073 0"><span class='ocrx_word' id='word_1_1' title='bbox 495 259 604 328; x_wconf 66' lang='grc'><strong>295</strong></span> 
     </span>
    </p>
   </div>
   <div class='ocr_carea' id='block_1_2' title="bbox 1498 232 2767 328">
    <p class='ocr_par' dir='ltr' id='par_1_2' title="bbox 1498 232 2767 328">
     <span class='ocr_line' id='line_1_2' title="bbox 1498 232 2767 328; baseline 0.005 -6"><span class='ocrx_word' id='word_1_2' title='bbox 1498 263 1561 327; x_wconf 81' lang='lat' dir='ltr'><strong>s.</strong></span> <span class='ocrx_word' id='word_1_3' title='bbox 1589 232 1977 325; x_wconf 35' lang='lat' dir='ltr'><strong>’utsnournt</strong></span> <span class='ocrx_word' id='word_1_4' title='bbox 2019 261 2248 326; x_wconf 75' lang='lat' dir='ltr'><strong>DIVINA</strong></span> <span class='ocrx_word' id='word_1_5' title='bbox 2289 263 2767 328; x_wconf 78' lang='lat' dir='ltr'><strong>bIBLlOTIIECA.</strong></span> 
     </span>
    </p>
   </div>
   <div class='ocr_carea' id='block_1_3' title="bbox 3649 280 3742 342">
    <p class='ocr_par' dir='ltr' id='par_1_3' title="bbox 3649 280 3742 342">
     <span class='ocr_line' id='line_1_3' title="bbox 3649 280 3742 342; baseline 0.022 -2"><span class='ocrx_word' id='word_1_6' title='bbox 3649 280 3742 342; x_wconf 64' lang='grc' dir='ltr'><strong>ιω</strong></span> 
     </span>
    </p>
   </div>
   <div class='ocr_carea' id='block_1_4' title="bbox 493 375 3747 460">
    <p class='ocr_par' dir='ltr' id='par_1_4' title="bbox 493 375 3747 460">
     <span class='ocr_line' id='line_1_4' title="bbox 493 375 3747 460; baseline 0.004 -27"><span class='ocrx_word' id='word_1_7' title='bbox 493 377 548 433; x_wconf 86' lang='lat' dir='ltr'><strong>in</strong></span> <span class='ocrx_word' id='word_1_8' title='bbox 583 375 806 432; x_wconf 90' lang='lat' dir='ltr'><strong>introitu</strong></span> <span class='ocrx_word' id='word_1_9' title='bbox 839 377 1172 436; x_wconf 87' lang='lat' dir='ltr'><strong>tabernaculi</strong></span> <span class='ocrx_word' id='word_1_10' title='bbox 1205 395 1220 436; x_wconf 89' lang='lat'><strong>:</strong></span> <span class='ocrx_word' id='word_1_11' title='bbox 1258 378 1430 437; x_wconf 89' lang='lat' dir='ltr'><strong>altare</strong></span> <span class='ocrx_word' id='word_1_12' title='bbox 1460 396 1701 448; x_wconf 76' lang='lat' dir='ltr'><strong>autcum,</strong></span> <span class='ocrx_word' id='word_1_13' title='bbox 1733 381 2091 450; x_wconf 75' lang='lat' dir='ltr'><strong>retiaculum,</strong></span> <span class='ocrx_word' id='word_1_14' title='bbox 2121 398 2172 460; x_wconf 79' lang='grc' dir='ltr'>Α</span> <span class='ocrx_word' id='word_1_15' title='bbox 2200 384 2465 455; x_wconf 80' lang='lat' dir='ltr'><strong>expandit</strong></span> <span class='ocrx_word' id='word_1_16' title='bbox 2511 392 2712 440; x_wconf 87' lang='lat' dir='ltr'><strong>tectum</strong></span> <span class='ocrx_word' id='word_1_17' title='bbox 2745 397 2907 455; x_wconf 86' lang='lat' dir='ltr'><strong>super</strong></span> <span class='ocrx_word' id='word_1_18' title='bbox 2932 382 3332 441; x_wconf 79' lang='lat' dir='ltr'><strong>tabernaculum</strong></span> <span class='ocrx_word' id='word_1_19' title='bbox 3355 426 3368 448; x_wconf 88' lang='lat'><strong>.</strong></span> <span class='ocrx_word' id='word_1_20' title='bbox 3414 387 3648 459; x_wconf 85' lang='lat' dir='ltr'><strong>imposito</strong></span> <span class='ocrx_word' id='word_1_21' title='bbox 3669 396 3747 456; x_wconf 77' lang='lat' dir='ltr'><strong>de.</strong></span> 
     </span>
    </p>
   </div>
   <div class='ocr_carea' id='block_1_5' title="bbox 493 472 2091 542">
    <p class='ocr_par' dir='ltr' id='par_1_5' title="bbox 493 472 2091 542">
     <span class='ocr_line' id='line_1_5' title="bbox 493 472 2091 542; baseline 0.003 -18"><span class='ocrx_word' id='word_1_22' title='bbox 493 477 703 535; x_wconf 78' lang='lat' dir='ltr'><strong>vectes,</strong></span> <span class='ocrx_word' id='word_1_23' title='bbox 736 479 791 525; x_wconf 89' lang='lat' dir='ltr'><strong>ct</strong></span> <span class='ocrx_word' id='word_1_24' title='bbox 815 486 943 528; x_wconf 85' lang='lat' dir='ltr'><strong>vasa</strong></span> <span class='ocrx_word' id='word_1_25' title='bbox 983 472 1103 542; x_wconf 86' lang='lat' dir='ltr'><strong>ejus</strong></span> <span class='ocrx_word' id='word_1_26' title='bbox 1133 473 1312 528; x_wconf 82' lang='lat' dir='ltr'><strong>omnia</strong></span> <span class='ocrx_word' id='word_1_27' title='bbox 1344 491 1360 529; x_wconf 91' lang='lat'><strong>:</strong></span> <span class='ocrx_word' id='word_1_28' title='bbox 1390 473 1602 528; x_wconf 86' lang='lat' dir='ltr'><strong>labrum</strong></span> <span class='ocrx_word' id='word_1_29' title='bbox 1645 489 1766 528; x_wconf 87' lang='lat' dir='ltr'><strong>cum</strong></span> <span class='ocrx_word' id='word_1_30' title='bbox 1799 475 1916 530; x_wconf 83' lang='lat' dir='ltr'><strong>basi</strong></span> <span class='ocrx_word' id='word_1_31' title='bbox 1948 489 2043 529; x_wconf 90' lang='lat' dir='ltr'><strong>sua</strong></span> <span class='ocrx_word' id='word_1_32' title='bbox 2077 489 2091 528; x_wconf 73' lang='grc' dir='ltr'>ε</span> 
     </span>
    </p>
   </div>
   <div class='ocr_carea' id='block_1_6' title="bbox 490 562 2099 633">
    <p class='ocr_par' dir='ltr' id='par_1_6' title="bbox 490 562 2099 633">
     <span class='ocr_line' id='line_1_6' title="bbox 490 562 2099 633; baseline 0.002 -16"><span class='ocrx_word' id='word_1_33' title='bbox 490 562 730 617; x_wconf 89' lang='lat' dir='ltr'><strong>tentoria</strong></span> <span class='ocrx_word' id='word_1_34' title='bbox 759 562 908 629; x_wconf 81' lang='lat' dir='ltr'><strong>atrii,</strong></span> <span class='ocrx_word' id='word_1_35' title='bbox 959 571 1014 618; x_wconf 89' lang='lat' dir='ltr'><strong>et</strong></span> <span class='ocrx_word' id='word_1_36' title='bbox 1039 563 1324 619; x_wconf 83' lang='lat' dir='ltr'><strong>columnas</strong></span> <span class='ocrx_word' id='word_1_37' title='bbox 1345 579 1467 620; x_wconf 92' lang='lat' dir='ltr'><strong>cum</strong></span> <span class='ocrx_word' id='word_1_38' title='bbox 1500 565 1732 620; x_wconf 91' lang='lat' dir='ltr'><strong>basibus</strong></span> <span class='ocrx_word' id='word_1_39' title='bbox 1763 565 1899 633; x_wconf 87' lang='lat' dir='ltr'><strong>suis,</strong></span> <span class='ocrx_word' id='word_1_40' title='bbox 1921 577 2099 621; x_wconf 88' lang='lat' dir='ltr'><strong>tento-</strong></span> 
     </span>
    </p>
   </div>
   <div class='ocr_carea' id='block_1_7' title="bbox 495 655 2090 731">
    <p class='ocr_par' dir='ltr' id='par_1_7' title="bbox 495 655 2090 731">
     <span class='ocr_line' id='line_1_7' title="bbox 495 655 2090 731; baseline 0.001 -19"><span class='ocrx_word' id='word_1_41' title='bbox 495 657 634 712; x_wconf 84' lang='lat' dir='ltr'><strong>rium</strong></span> <span class='ocrx_word' id='word_1_42' title='bbox 658 655 710 711; x_wconf 91' lang='lat' dir='ltr'><strong>in</strong></span> <span class='ocrx_word' id='word_1_43' title='bbox 741 657 964 713; x_wconf 88' lang='lat' dir='ltr'><strong>introitu</strong></span> <span class='ocrx_word' id='word_1_44' title='bbox 991 659 1140 728; x_wconf 84' lang='lat' dir='ltr'><strong>atrii,</strong></span> <span class='ocrx_word' id='word_1_45' title='bbox 1166 658 1547 731; x_wconf 83' lang='lat' dir='ltr'><strong>funiculosque</strong></span> <span class='ocrx_word' id='word_1_46' title='bbox 1573 659 1724 715; x_wconf 92' lang='lat' dir='ltr'><strong>illius</strong></span> <span class='ocrx_word' id='word_1_47' title='bbox 1751 670 1802 716; x_wconf 91' lang='lat' dir='ltr'><strong>et</strong></span> <span class='ocrx_word' id='word_1_48' title='bbox 1834 660 2090 731; x_wconf 80' lang='lat' dir='ltr'><strong>paxillus.</strong></span> 
     </span>
    </p>
   </div>
   <div class='ocr_carea' id='block_1_8' title="bbox 501 750 2100 826">
    <p class='ocr_par' dir='ltr' id='par_1_8' title="bbox 501 750 2100 826">
     <span class='ocr_line' id='line_1_8' title="bbox 501 750 2100 826; baseline 0.002 -20"><span class='ocrx_word' id='word_1_49' title='bbox 501 750 642 807; x_wconf 86' lang='lat' dir='ltr'><strong>Nihil</strong></span> <span class='ocrx_word' id='word_1_50' title='bbox 674 768 738 807; x_wconf 76' lang='lat' dir='ltr'><strong>ex</strong></span> <span class='ocrx_word' id='word_1_51' title='bbox 769 753 916 808; x_wconf 80' lang='lat' dir='ltr'><strong>vasis</strong></span> <span class='ocrx_word' id='word_1_52' title='bbox 946 753 1150 822; x_wconf 83' lang='lat' dir='ltr'><strong>deluit,</strong></span> <span class='ocrx_word' id='word_1_53' title='bbox 1181 770 1301 826; x_wconf 72' lang='lat' dir='ltr'><strong>qua:</strong></span> <span class='ocrx_word' id='word_1_54' title='bbox 1343 754 1396 808; x_wconf 93' lang='lat' dir='ltr'><strong>in</strong></span> <span class='ocrx_word' id='word_1_55' title='bbox 1445 754 1812 810; x_wconf 84' lang='lat' dir='ltr'><strong>ministerium</strong></span> <span class='ocrx_word' id='word_1_56' title='bbox 1848 755 2100 811; x_wconf 88' lang='lat' dir='ltr'><strong>taberna-</strong></span> 
     </span>
    </p>
   </div>
   <div class='ocr_carea' id='block_1_9' title="bbox 505 846 2098 918">
    <p class='ocr_par' dir='ltr' id='par_1_9' title="bbox 505 846 2098 918">
     <span class='ocr_line' id='line_1_9' title="bbox 505 846 2098 918; baseline 0.001 -16"><span class='ocrx_word' id='word_1_57' title='bbox 505 847 635 914; x_wconf 88' lang='lat' dir='ltr'><strong>culi,</strong></span> <span class='ocrx_word' id='word_1_58' title='bbox 677 856 730 902; x_wconf 92' lang='lat' dir='ltr'><strong>et</strong></span> <span class='ocrx_word' id='word_1_59' title='bbox 779 847 830 902; x_wconf 91' lang='lat' dir='ltr'><strong>in</strong></span> <span class='ocrx_word' id='word_1_60' title='bbox 865 858 1062 904; x_wconf 91' lang='lat' dir='ltr'><strong>lectum</strong></span> <span class='ocrx_word' id='word_1_61' title='bbox 1097 846 1316 903; x_wconf 68' lang='lat' dir='ltr'><strong>fmderis</strong></span> <span class='ocrx_word' id='word_1_62' title='bbox 1357 846 1506 918; x_wconf 91' lang='lat' dir='ltr'><strong>jussa</strong></span> <span class='ocrx_word' id='word_1_63' title='bbox 1555 856 1685 902; x_wconf 84' lang='lat' dir='ltr'><strong>sunt</strong></span> <span class='ocrx_word' id='word_1_64' title='bbox 1734 847 1875 904; x_wconf 87' lang='lat' dir='ltr'><strong>ﬁeri.</strong></span> <span class='ocrx_word' id='word_1_65' title='bbox 1903 847 2098 904; x_wconf 84' lang='lat' dir='ltr'><strong>Vestes</strong></span> 
     </span>
    </p>
   </div>
   <div class='ocr_carea' id='block_1_10' title="bbox 499 940 2099 1012">
    <p class='ocr_par' dir='ltr' id='par_1_10' title="bbox 499 940 2099 1012">
     <span class='ocr_line' id='line_1_10' title="bbox 499 940 2099 1012; baseline 0.001 -18"><span class='ocrx_word' id='word_1_66' title='bbox 499 957 720 1012; x_wconf 82' lang='lat' dir='ltr'><strong>quoque</strong></span> <span class='ocrx_word' id='word_1_67' title='bbox 770 940 841 997; x_wconf 87' lang='lat' dir='ltr'><strong>ad</strong></span> <span class='ocrx_word' id='word_1_68' title='bbox 897 940 1314 996; x_wconf 76' lang='lat' dir='ltr'><strong>ministrantium</strong></span> <span class='ocrx_word' id='word_1_69' title='bbox 1361 940 1416 996; x_wconf 87' lang='lat' dir='ltr'><strong>in</strong></span> <span class='ocrx_word' id='word_1_70' title='bbox 1463 943 1794 1008; x_wconf 84' lang='lat' dir='ltr'><strong>sanctuario,</strong></span> <span class='ocrx_word' id='word_1_71' title='bbox 1833 951 1888 997; x_wconf 90' lang='lat' dir='ltr'><strong>et</strong></span> <span class='ocrx_word' id='word_1_72' title='bbox 1917 949 2099 997; x_wconf 72' lang='lat' dir='ltr'><strong>vestes</strong></span> 
     </span>
    </p>
   </div>
   <div class='ocr_carea' id='block_1_11' title="bbox 494 1033 2099 1108">
    <p class='ocr_par' dir='ltr' id='par_1_11' title="bbox 494 1033 2099 1108">
     <span class='ocr_line' id='line_1_11' title="bbox 494 1033 2099 1108; baseline 0.001 -18"><span class='ocrx_word' id='word_1_73' title='bbox 494 1047 719 1092; x_wconf 89' lang='lat' dir='ltr'><strong>sanctas</strong></span> <span class='ocrx_word' id='word_1_74' title='bbox 773 1035 971 1106; x_wconf 86' lang='lat' dir='ltr'><strong>quibus</strong></span> <span class='ocrx_word' id='word_1_75' title='bbox 1021 1033 1338 1092; x_wconf 86' lang='lat' dir='ltr'><strong>sacerdotes</strong></span> <span class='ocrx_word' id='word_1_76' title='bbox 1383 1045 1629 1103; x_wconf 89' lang='lat' dir='ltr'><strong>utuntur,</strong></span> <span class='ocrx_word' id='word_1_77' title='bbox 1675 1041 1857 1092; x_wconf 86' lang='lat' dir='ltr'><strong>Aaron</strong></span> <span class='ocrx_word' id='word_1_78' title='bbox 1907 1034 2099 1108; x_wconf 66' lang='lat' dir='ltr'><strong>[Vult].</strong></span> 
     </span>
    </p>
   </div>
   <div class='ocr_carea' id='block_1_12' title="bbox 497 1127 2101 1204">
    <p class='ocr_par' dir='ltr' id='par_1_12' title="bbox 497 1127 2101 1204">
     <span class='ocr_line' id='line_1_12' title="bbox 497 1127 2101 1204; baseline -0.002 -18"><span class='ocrx_word' id='word_1_79' title='bbox 497 1132 695 1204; x_wconf 82' lang='lat' dir='ltr'><strong>quibus</strong></span> <span class='ocrx_word' id='word_1_80' title='bbox 719 1129 1032 1186; x_wconf 83' lang='lat' dir='ltr'><strong>sacerdotes</strong></span> <span class='ocrx_word' id='word_1_81' title='bbox 1064 1137 1292 1185; x_wconf 92' lang='lat' dir='ltr'><strong>utuntur</strong></span> <span class='ocrx_word' id='word_1_82' title='bbox 1324 1128 1376 1184; x_wconf 92' lang='lat' dir='ltr'><strong>in</strong></span> <span class='ocrx_word' id='word_1_83' title='bbox 1401 1129 1715 1186; x_wconf 88' lang='lat' dir='ltr'><strong>sanctuario</strong></span> <span class='ocrx_word' id='word_1_84' title='bbox 1744 1127 1965 1202; x_wconf 82' lang='lat' dir='ltr'><strong>Aaron]</strong></span> <span class='ocrx_word' id='word_1_85' title='bbox 1995 1129 2101 1184; x_wconf 88' lang='lat' dir='ltr'><strong>sci-</strong></span> 
     </span>
    </p>
   </div>
   <div class='ocr_carea' id='block_1_13' title="bbox 500 1223 2094 1294">
    <p class='ocr_par' dir='ltr' id='par_1_13' title="bbox 500 1223 2094 1294">
     <span class='ocr_line' id='line_1_13' title="bbox 500 1223 2094 1294; baseline -0.002 -12"><span class='ocrx_word' id='word_1_86' title='bbox 500 1226 626 1282; x_wconf 88' lang='lat' dir='ltr'><strong>licet</strong></span> <span class='ocrx_word' id='word_1_87' title='bbox 655 1233 710 1281; x_wconf 91' lang='lat' dir='ltr'><strong>et</strong></span> <span class='ocrx_word' id='word_1_88' title='bbox 739 1224 832 1279; x_wconf 92' lang='lat' dir='ltr'><strong>ﬁlii</strong></span> <span class='ocrx_word' id='word_1_89' title='bbox 856 1223 996 1294; x_wconf 84' lang='lat' dir='ltr'><strong>ejus,</strong></span> <span class='ocrx_word' id='word_1_90' title='bbox 1028 1223 1347 1281; x_wconf 86' lang='lat' dir='ltr'><strong>obtulerunt</strong></span> <span class='ocrx_word' id='word_1_91' title='bbox 1380 1223 1474 1280; x_wconf 91' lang='lat' dir='ltr'><strong>ﬁlii</strong></span> <span class='ocrx_word' id='word_1_92' title='bbox 1502 1223 1694 1292; x_wconf 89' lang='lat' dir='ltr'><strong>Israel,</strong></span> <span class='ocrx_word' id='word_1_93' title='bbox 1719 1223 1860 1280; x_wconf 90' lang='lat' dir='ltr'><strong>sicut</strong></span> <span class='ocrx_word' id='word_1_94' title='bbox 1889 1238 2094 1293; x_wconf 66' lang='lat' dir='ltr'><strong>prince-</strong></span> 
     </span>
    </p>
   </div>
   <div class='ocr_carea' id='block_1_14' title="bbox 499 1316 2101 1392">
    <p class='ocr_par' dir='ltr' id='par_1_14' title="bbox 499 1316 2101 1392">
     <span class='ocr_line' id='line_1_14' title="bbox 499 1316 2101 1392; baseline -0.004 -14"><span class='ocrx_word' id='word_1_95' title='bbox 499 1328 655 1392; x_wconf 88' lang='lat' dir='ltr'><strong>perat</strong></span> <span class='ocrx_word' id='word_1_96' title='bbox 699 1318 985 1375; x_wconf 88' lang='lat' dir='ltr'><strong>Dominus.</strong></span> <span class='ocrx_word' id='word_1_97' title='bbox 1015 1320 1146 1387; x_wconf 70' lang='lat' dir='ltr'><strong>Quae</strong></span> <span class='ocrx_word' id='word_1_98' title='bbox 1195 1329 1480 1391; x_wconf 83' lang='lat' dir='ltr'><strong>postquam</strong></span> <span class='ocrx_word' id='word_1_99' title='bbox 1528 1317 1708 1375; x_wconf 82' lang='lat' dir='ltr'><strong>Moses</strong></span> <span class='ocrx_word' id='word_1_100' title='bbox 1734 1326 1933 1374; x_wconf 90' lang='lat' dir='ltr'><strong>cuncta</strong></span> <span class='ocrx_word' id='word_1_101' title='bbox 1967 1316 2101 1373; x_wconf 80' lang='lat' dir='ltr'><strong>vidit</strong></span> 
     </span>
    </p>
   </div>
   <div class='ocr_carea' id='block_1_15' title="bbox 502 1411 1195 1485">
    <p class='ocr_par' dir='ltr' id='par_1_15' title="bbox 502 1411 1195 1485">
     <span class='ocr_line' id='line_1_15' title="bbox 502 1411 1195 1485; baseline -0.004 -16"><span class='ocrx_word' id='word_1_102' title='bbox 502 1413 750 1485; x_wconf 77' lang='lat' dir='ltr'><strong>expleta,</strong></span> <span class='ocrx_word' id='word_1_103' title='bbox 782 1411 1070 1468; x_wconf 79' lang='lat' dir='ltr'><strong>benedixit</strong></span> <span class='ocrx_word' id='word_1_104' title='bbox 1093 1414 1195 1469; x_wconf 88' lang='lat' dir='ltr'><strong>eis.</strong></span> 
     </span>
    </p>
   </div>
   <div class='ocr_carea' id='block_1_16' title="bbox 571 1503 2099 1580">
    <p class='ocr_par' dir='ltr' id='par_1_16' title="bbox 571 1503 2099 1580">
     <span class='ocr_line' id='line_1_16' title="bbox 571 1503 2099 1580; baseline -0.003 -17"><span class='ocrx_word' id='word_1_105' title='bbox 571 1507 667 1580; x_wconf 88' lang='lat' dir='ltr'><strong>[C.</strong></span> <span class='ocrx_word' id='word_1_106' title='bbox 697 1504 1013 1571; x_wconf 77' lang='lat' dir='ltr'><strong>CXXXVII,</strong></span> <span class='ocrx_word' id='word_1_107' title='bbox 1047 1505 1180 1576; x_wconf 86' lang='lat' dir='ltr'><strong>Cap.</strong></span> <span class='ocrx_word' id='word_1_108' title='bbox 1219 1504 1376 1573; x_wconf 69' lang='lat' dir='ltr'><strong>XL]</strong></span> <span class='ocrx_word' id='word_1_109' title='bbox 1419 1504 1762 1575; x_wconf 87' lang='lat' dir='ltr'><strong>Locutusque</strong></span> <span class='ocrx_word' id='word_1_110' title='bbox 1799 1512 1883 1560; x_wconf 88' lang='lat' dir='ltr'><strong>est</strong></span> <span class='ocrx_word' id='word_1_111' title='bbox 1911 1503 2099 1560; x_wconf 84' lang='lat' dir='ltr'><strong>Domi-</strong></span> 
     </span>
    </p>
   </div>
   <div class='ocr_carea' id='block_1_17' title="bbox 499 1597 2100 1670">
    <p class='ocr_par' dir='ltr' id='par_1_17' title="bbox 499 1597 2100 1670">
     <span class='ocr_line' id='line_1_17' title="bbox 499 1597 2100 1670; baseline -0.005 -12"><span class='ocrx_word' id='word_1_112' title='bbox 499 1615 601 1658; x_wconf 89' lang='lat' dir='ltr'><strong>nus</strong></span> <span class='ocrx_word' id='word_1_113' title='bbox 628 1601 694 1657; x_wconf 89' lang='lat' dir='ltr'><strong>ad</strong></span> <span class='ocrx_word' id='word_1_114' title='bbox 719 1600 923 1666; x_wconf 86' lang='lat' dir='ltr'><strong>Mosen,</strong></span> <span class='ocrx_word' id='word_1_115' title='bbox 941 1599 1129 1656; x_wconf 90' lang='lat' dir='ltr'><strong>dicens</strong></span> <span class='ocrx_word' id='word_1_116' title='bbox 1163 1619 1176 1652; x_wconf 86' lang='lat'><strong>:</strong></span> <span class='ocrx_word' id='word_1_117' title='bbox 1207 1599 1388 1654; x_wconf 89' lang='lat' dir='ltr'><strong>Mense</strong></span> <span class='ocrx_word' id='word_1_118' title='bbox 1415 1600 1617 1670; x_wconf 92' lang='lat' dir='ltr'><strong>primo,</strong></span> <span class='ocrx_word' id='word_1_119' title='bbox 1641 1597 1731 1654; x_wconf 92' lang='lat' dir='ltr'><strong>die</strong></span> <span class='ocrx_word' id='word_1_120' title='bbox 1755 1597 1927 1668; x_wconf 91' lang='lat' dir='ltr'><strong>prima</strong></span> <span class='ocrx_word' id='word_1_121' title='bbox 1951 1612 2100 1652; x_wconf 87' lang='lat' dir='ltr'><strong>men-</strong></span> 
     </span>
    </p>
   </div>
   <div class='ocr_carea' id='block_1_18' title="bbox 501 1690 2101 1764">
    <p class='ocr_par' dir='ltr' id='par_1_18' title="bbox 501 1690 2101 1764">
     <span class='ocr_line' id='line_1_18' title="bbox 501 1690 2101 1764; baseline -0.003 -14"><span class='ocrx_word' id='word_1_122' title='bbox 501 1695 598 1761; x_wconf 90' lang='lat' dir='ltr'><strong>sis,</strong></span> <span class='ocrx_word' id='word_1_123' title='bbox 629 1693 807 1764; x_wconf 88' lang='lat' dir='ltr'><strong>eriges</strong></span> <span class='ocrx_word' id='word_1_124' title='bbox 838 1692 1245 1748; x_wconf 89' lang='lat' dir='ltr'><strong>tabernaculum</strong></span> <span class='ocrx_word' id='word_1_125' title='bbox 1277 1692 1578 1748; x_wconf 88' lang='lat' dir='ltr'><strong>testimonii</strong></span> <span class='ocrx_word' id='word_1_126' title='bbox 1606 1733 1622 1759; x_wconf 91' lang='lat'><strong>,</strong></span> <span class='ocrx_word' id='word_1_127' title='bbox 1663 1700 1720 1747; x_wconf 89' lang='lat' dir='ltr'><strong>et</strong></span> <span class='ocrx_word' id='word_1_128' title='bbox 1751 1706 1920 1761; x_wconf 91' lang='lat' dir='ltr'><strong>pones</strong></span> <span class='ocrx_word' id='word_1_129' title='bbox 1948 1690 2001 1746; x_wconf 93' lang='lat' dir='ltr'><strong>in</strong></span> <span class='ocrx_word' id='word_1_130' title='bbox 2033 1703 2101 1746; x_wconf 92' lang='lat' dir='ltr'><strong>eo</strong></span> 
     </span>
    </p>
   </div>
   <div class='ocr_carea' id='block_1_19' title="bbox 2201 479 3745 552">
    <p class='ocr_par' dir='ltr' id='par_1_19' title="bbox 2201 479 3745 552">
     <span class='ocr_line' id='line_1_19' title="bbox 2201 479 3745 552; baseline 0.006 -18"><span class='ocrx_word' id='word_1_131' title='bbox 2201 494 2368 548; x_wconf 84' lang='lat' dir='ltr'><strong>super</strong></span> <span class='ocrx_word' id='word_1_132' title='bbox 2395 480 2760 552; x_wconf 88' lang='lat' dir='ltr'><strong>operimento,</strong></span> <span class='ocrx_word' id='word_1_133' title='bbox 2796 479 2943 535; x_wconf 88' lang='lat' dir='ltr'><strong>sicut</strong></span> <span class='ocrx_word' id='word_1_134' title='bbox 2980 480 3236 534; x_wconf 88' lang='lat' dir='ltr'><strong>Dominus</strong></span> <span class='ocrx_word' id='word_1_135' title='bbox 3269 481 3629 551; x_wconf 73' lang='lat' dir='ltr'><strong>imperaverat.</strong></span> <span class='ocrx_word' id='word_1_136' title='bbox 3659 488 3745 545; x_wconf 85' lang='lat' dir='ltr'><strong>Po-</strong></span> 
     </span>
    </p>
   </div>
   <div class='ocr_carea' id='block_1_20' title="bbox 2200 573 3749 652">
    <p class='ocr_par' dir='ltr' id='par_1_20' title="bbox 2200 573 3749 652">
     <span class='ocr_line' id='line_1_20' title="bbox 2200 573 3749 652; baseline 0.006 -22"><span class='ocrx_word' id='word_1_137' title='bbox 2200 575 2310 631; x_wconf 89' lang='lat' dir='ltr'><strong>suit</strong></span> <span class='ocrx_word' id='word_1_138' title='bbox 2338 583 2394 630; x_wconf 90' lang='lat' dir='ltr'><strong>et</strong></span> <span class='ocrx_word' id='word_1_139' title='bbox 2414 575 2788 631; x_wconf 74' lang='lat' dir='ltr'><strong>tesﬁmonium</strong></span> <span class='ocrx_word' id='word_1_140' title='bbox 2821 573 2877 629; x_wconf 93' lang='lat' dir='ltr'><strong>in</strong></span> <span class='ocrx_word' id='word_1_141' title='bbox 2907 590 3056 643; x_wconf 83' lang='lat' dir='ltr'><strong>arca,</strong></span> <span class='ocrx_word' id='word_1_142' title='bbox 3096 574 3327 631; x_wconf 85' lang='lat' dir='ltr'><strong>subditis</strong></span> <span class='ocrx_word' id='word_1_143' title='bbox 3350 575 3488 632; x_wconf 79' lang='lat' dir='ltr'><strong>infra</strong></span> <span class='ocrx_word' id='word_1_144' title='bbox 3514 581 3749 652; x_wconf 80' lang='lat' dir='ltr'><strong>vectibus,</strong></span> 
     </span>
    </p>
   </div>
   <div class='ocr_carea' id='block_1_21' title="bbox 2161 664 3752 739">
    <p class='ocr_par' dir='ltr' id='par_1_21' title="bbox 2161 664 3752 739">
     <span class='ocr_line' id='line_1_21' title="bbox 2161 664 3752 739; baseline 0.006 -17"><span class='ocrx_word' id='word_1_145' title='bbox 2161 667 2257 722; x_wconf 65' lang='lat' dir='ltr'><strong>“et</strong></span> <span class='ocrx_word' id='word_1_146' title='bbox 2284 667 2563 723; x_wconf 89' lang='lat' dir='ltr'><strong>oraculum</strong></span> <span class='ocrx_word' id='word_1_147' title='bbox 2613 669 2870 738; x_wconf 88' lang='lat' dir='ltr'><strong>desuper.</strong></span> <span class='ocrx_word' id='word_1_148' title='bbox 2905 664 3149 739; x_wconf 87' lang='lat' dir='ltr'><strong>Cumque</strong></span> <span class='ocrx_word' id='word_1_149' title='bbox 3191 665 3457 726; x_wconf 78' lang='lat' dir='ltr'><strong>intulisset</strong></span> <span class='ocrx_word' id='word_1_150' title='bbox 3502 685 3668 728; x_wconf 89' lang='lat' dir='ltr'><strong>arcam</strong></span> <span class='ocrx_word' id='word_1_151' title='bbox 3705 676 3752 732; x_wconf 92' lang='lat' dir='ltr'><strong>in</strong></span> 
     </span>
    </p>
   </div>
   <div class='ocr_carea' id='block_1_22' title="bbox 2201 760 3757 838">
    <p class='ocr_par' dir='ltr' id='par_1_22' title="bbox 2201 760 3757 838">
     <span class='ocr_line' id='line_1_22' title="bbox 2201 760 3757 838; baseline 0.006 -23"><span class='ocrx_word' id='word_1_152' title='bbox 2201 761 2640 828; x_wconf 88' lang='lat' dir='ltr'><strong>tabernaculum,</strong></span> <span class='ocrx_word' id='word_1_153' title='bbox 2670 760 2934 833; x_wconf 86' lang='lat' dir='ltr'><strong>appendit</strong></span> <span class='ocrx_word' id='word_1_154' title='bbox 2960 773 3085 826; x_wconf 82' lang='lat' dir='ltr'><strong>ante</strong></span> <span class='ocrx_word' id='word_1_155' title='bbox 3115 777 3233 818; x_wconf 91' lang='lat' dir='ltr'><strong>eam</strong></span> <span class='ocrx_word' id='word_1_156' title='bbox 3259 762 3433 818; x_wconf 83' lang='lat' dir='ltr'><strong>velum</strong></span> <span class='ocrx_word' id='word_1_157' title='bbox 3455 808 3469 832; x_wconf 92' lang='lat'><strong>,</strong></span> <span class='ocrx_word' id='word_1_158' title='bbox 3516 776 3568 821; x_wconf 92' lang='lat' dir='ltr'><strong>ut</strong></span> <span class='ocrx_word' id='word_1_159' title='bbox 3597 768 3757 838; x_wconf 77' lang='lat' dir='ltr'><strong>exple-</strong></span> 
     </span>
    </p>
   </div>
   <div class='ocr_carea' id='block_1_23' title="bbox 2200 854 3757 926">
    <p class='ocr_par' dir='ltr' id='par_1_23' title="bbox 2200 854 3757 926">
     <span class='ocr_line' id='line_1_23' title="bbox 2200 854 3757 926; baseline 0.004 -18"><span class='ocrx_word' id='word_1_160' title='bbox 2200 865 2284 910; x_wconf 86' lang='lat' dir='ltr'><strong>ret</strong></span> <span class='ocrx_word' id='word_1_161' title='bbox 2303 854 2515 910; x_wconf 92' lang='lat' dir='ltr'><strong>Domini</strong></span> <span class='ocrx_word' id='word_1_162' title='bbox 2535 854 2858 926; x_wconf 87' lang='lat' dir='ltr'><strong>jussionem.</strong></span> <span class='ocrx_word' id='word_1_163' title='bbox 2890 854 3078 909; x_wconf 86' lang='lat' dir='ltr'><strong>Posuit</strong></span> <span class='ocrx_word' id='word_1_164' title='bbox 3107 863 3162 910; x_wconf 91' lang='lat' dir='ltr'><strong>et</strong></span> <span class='ocrx_word' id='word_1_165' title='bbox 3191 869 3429 910; x_wconf 91' lang='lat' dir='ltr'><strong>mensam</strong></span> <span class='ocrx_word' id='word_1_166' title='bbox 3460 857 3509 911; x_wconf 93' lang='lat' dir='ltr'><strong>in</strong></span> <span class='ocrx_word' id='word_1_167' title='bbox 3534 857 3757 914; x_wconf 85' lang='lat' dir='ltr'><strong>taberna-</strong></span> 
     </span>
    </p>
   </div>
   <div class='ocr_carea' id='block_1_24' title="bbox 2200 943 3760 1018">
    <p class='ocr_par' dir='ltr' id='par_1_24' title="bbox 2200 943 3760 1018">
     <span class='ocr_line' id='line_1_24' title="bbox 2200 943 3760 1018; baseline 0.004 -16"><span class='ocrx_word' id='word_1_168' title='bbox 2200 947 2322 1002; x_wconf 89' lang='lat' dir='ltr'><strong>culo</strong></span> <span class='ocrx_word' id='word_1_169' title='bbox 2346 948 2642 1002; x_wconf 89' lang='lat' dir='ltr'><strong>testimonii</strong></span> <span class='ocrx_word' id='word_1_170' title='bbox 2673 943 2738 1002; x_wconf 85' lang='lat' dir='ltr'><strong>ad</strong></span> <span class='ocrx_word' id='word_1_171' title='bbox 2773 946 2985 1018; x_wconf 83' lang='lat' dir='ltr'><strong>plagam</strong></span> <span class='ocrx_word' id='word_1_172' title='bbox 3009 947 3486 1017; x_wconf 76' lang='lat' dir='ltr'><strong>septentrionalem</strong></span> <span class='ocrx_word' id='word_1_173' title='bbox 3517 959 3664 1006; x_wconf 79' lang='lat' dir='ltr'><strong>extra</strong></span> <span class='ocrx_word' id='word_1_174' title='bbox 3682 966 3760 1008; x_wconf 74' lang='lat' dir='ltr'><strong>ve-</strong></span> 
     </span>
    </p>
   </div>
   <div class='ocr_carea' id='block_1_25' title="bbox 2201 1025 3761 1114">
    <p class='ocr_par' dir='ltr' id='par_1_25' title="bbox 2201 1025 3761 1114">
     <span class='ocr_line' id='line_1_25' title="bbox 2201 1025 3761 1114; baseline 0.004 -18"><span class='ocrx_word' id='word_1_175' title='bbox 2201 1025 2339 1109; x_wconf 85' lang='lat' dir='ltr'><strong>lum,</strong></span> <span class='ocrx_word' id='word_1_176' title='bbox 2378 1042 2642 1098; x_wconf 90' lang='lat' dir='ltr'><strong>ordinatis</strong></span> <span class='ocrx_word' id='word_1_177' title='bbox 2682 1057 2865 1097; x_wconf 87' lang='lat' dir='ltr'><strong>coram</strong></span> <span class='ocrx_word' id='word_1_178' title='bbox 2915 1041 3311 1114; x_wconf 86' lang='lat' dir='ltr'><strong>propositionis</strong></span> <span class='ocrx_word' id='word_1_179' title='bbox 3361 1043 3598 1113; x_wconf 89' lang='lat' dir='ltr'><strong>panibus,</strong></span> <span class='ocrx_word' id='word_1_180' title='bbox 3639 1046 3761 1103; x_wconf 88' lang='lat' dir='ltr'><strong>sicut</strong></span> 
     </span>
    </p>
   </div>
   <div class='ocr_carea' id='block_1_26' title="bbox 2204 1134 3760 1206">
    <p class='ocr_par' dir='ltr' id='par_1_26' title="bbox 2204 1134 3760 1206">
     <span class='ocr_line' id='line_1_26' title="bbox 2204 1134 3760 1206; baseline 0.003 -16"><span class='ocrx_word' id='word_1_181' title='bbox 2204 1144 2538 1206; x_wconf 67' lang='lat' dir='ltr'><strong>praeceperat</strong></span> <span class='ocrx_word' id='word_1_182' title='bbox 2573 1135 2834 1190; x_wconf 84' lang='lat' dir='ltr'><strong>Dominus</strong></span> <span class='ocrx_word' id='word_1_183' title='bbox 2885 1135 3040 1190; x_wconf 84' lang='lat' dir='ltr'><strong>Mosi.</strong></span> <span class='ocrx_word' id='word_1_184' title='bbox 3092 1134 3283 1191; x_wconf 87' lang='lat' dir='ltr'><strong>Posuit</strong></span> <span class='ocrx_word' id='word_1_185' title='bbox 3324 1147 3380 1191; x_wconf 89' lang='lat' dir='ltr'><strong>et</strong></span> <span class='ocrx_word' id='word_1_186' title='bbox 3409 1137 3760 1194; x_wconf 88' lang='lat' dir='ltr'><strong>candelabrum</strong></span> 
     </span>
    </p>
   </div>
   <div class='ocr_carea' id='block_1_27' title="bbox 2204 1227 3763 1304">
    <p class='ocr_par' dir='ltr' id='par_1_27' title="bbox 2204 1227 3763 1304">
     <span class='ocr_line' id='line_1_27' title="bbox 2204 1227 3763 1304; baseline 0.003 -20"><span class='ocrx_word' id='word_1_187' title='bbox 2204 1229 2256 1284; x_wconf 91' lang='lat' dir='ltr'><strong>in</strong></span> <span class='ocrx_word' id='word_1_188' title='bbox 2288 1228 2642 1285; x_wconf 85' lang='lat' dir='ltr'><strong>tabernaculo</strong></span> <span class='ocrx_word' id='word_1_189' title='bbox 2673 1227 2969 1284; x_wconf 87' lang='lat' dir='ltr'><strong>testimonii</strong></span> <span class='ocrx_word' id='word_1_190' title='bbox 2998 1244 3028 1285; x_wconf 91' lang='lat' dir='ltr'><strong>e</strong></span> <span class='ocrx_word' id='word_1_191' title='bbox 3059 1228 3282 1300; x_wconf 75' lang='lat' dir='ltr'><strong>regione</strong></span> <span class='ocrx_word' id='word_1_192' title='bbox 3313 1245 3512 1286; x_wconf 78' lang='lat' dir='ltr'><strong>mensa:</strong></span> <span class='ocrx_word' id='word_1_193' title='bbox 3550 1231 3601 1287; x_wconf 91' lang='lat' dir='ltr'><strong>in</strong></span> <span class='ocrx_word' id='word_1_194' title='bbox 3627 1245 3763 1304; x_wconf 89' lang='lat' dir='ltr'><strong>parte</strong></span> 
     </span>
    </p>
   </div>
   <div class='ocr_carea' id='block_1_28' title="bbox 2203 1323 3765 1398">
    <p class='ocr_par' dir='ltr' id='par_1_28' title="bbox 2203 1323 3765 1398">
     <span class='ocr_line' id='line_1_28' title="bbox 2203 1323 3765 1398; baseline 0.004 -22"><span class='ocrx_word' id='word_1_195' title='bbox 2203 1324 2433 1380; x_wconf 90' lang='lat' dir='ltr'><strong>australi</strong></span> <span class='ocrx_word' id='word_1_196' title='bbox 2461 1367 2475 1390; x_wconf 95' lang='lat'><strong>,</strong></span> <span class='ocrx_word' id='word_1_197' title='bbox 2521 1323 2718 1379; x_wconf 87' lang='lat' dir='ltr'><strong>locatis</strong></span> <span class='ocrx_word' id='word_1_198' title='bbox 2753 1338 2848 1394; x_wconf 90' lang='lat' dir='ltr'><strong>per</strong></span> <span class='ocrx_word' id='word_1_199' title='bbox 2874 1323 3124 1378; x_wconf 90' lang='lat' dir='ltr'><strong>ordinem</strong></span> <span class='ocrx_word' id='word_1_200' title='bbox 3158 1323 3435 1392; x_wconf 87' lang='lat' dir='ltr'><strong>lucernis,</strong></span> <span class='ocrx_word' id='word_1_201' title='bbox 3473 1324 3618 1394; x_wconf 80' lang='lat' dir='ltr'><strong>juxta</strong></span> <span class='ocrx_word' id='word_1_202' title='bbox 3644 1343 3765 1398; x_wconf 75' lang='lat' dir='ltr'><strong>prte-</strong></span> 
     </span>
    </p>
   </div>
   <div class='ocr_carea' id='block_1_29' title="bbox 2203 1417 3766 1489">
    <p class='ocr_par' dir='ltr' id='par_1_29' title="bbox 2203 1417 3766 1489">
     <span class='ocr_line' id='line_1_29' title="bbox 2203 1417 3766 1489; baseline 0.002 -15"><span class='ocrx_word' id='word_1_203' title='bbox 2203 1427 2419 1489; x_wconf 90' lang='lat' dir='ltr'><strong>ceptum</strong></span> <span class='ocrx_word' id='word_1_204' title='bbox 2466 1418 2705 1474; x_wconf 90' lang='lat' dir='ltr'><strong>Domini.</strong></span> <span class='ocrx_word' id='word_1_205' title='bbox 2748 1417 2932 1474; x_wconf 88' lang='lat' dir='ltr'><strong>Posuit</strong></span> <span class='ocrx_word' id='word_1_206' title='bbox 2965 1426 3018 1474; x_wconf 91' lang='lat' dir='ltr'><strong>et</strong></span> <span class='ocrx_word' id='word_1_207' title='bbox 3053 1418 3233 1475; x_wconf 85' lang='lat' dir='ltr'><strong>altare</strong></span> <span class='ocrx_word' id='word_1_208' title='bbox 3262 1434 3482 1474; x_wconf 91' lang='lat' dir='ltr'><strong>aureum</strong></span> <span class='ocrx_word' id='word_1_209' title='bbox 3521 1419 3617 1475; x_wconf 89' lang='lat' dir='ltr'><strong>sub</strong></span> <span class='ocrx_word' id='word_1_210' title='bbox 3645 1429 3766 1477; x_wconf 88' lang='lat' dir='ltr'><strong>tecto</strong></span> 
     </span>
    </p>
   </div>
   <div class='ocr_carea' id='block_1_30' title="bbox 2207 1510 3768 1582">
    <p class='ocr_par' dir='ltr' id='par_1_30' title="bbox 2207 1510 3768 1582">
     <span class='ocr_line' id='line_1_30' title="bbox 2207 1510 3768 1582; baseline 0.001 -15"><span class='ocrx_word' id='word_1_211' title='bbox 2207 1510 2502 1568; x_wconf 89' lang='lat' dir='ltr'><strong>testimonii</strong></span> <span class='ocrx_word' id='word_1_212' title='bbox 2529 1519 2717 1568; x_wconf 90' lang='lat' dir='ltr'><strong>contra</strong></span> <span class='ocrx_word' id='word_1_213' title='bbox 2749 1511 2956 1578; x_wconf 71' lang='lat' dir='ltr'><strong>velum,</strong></span> <span class='ocrx_word' id='word_1_214' title='bbox 2989 1519 3046 1567; x_wconf 92' lang='lat' dir='ltr'><strong>et</strong></span> <span class='ocrx_word' id='word_1_215' title='bbox 3071 1511 3312 1566; x_wconf 78' lang='lat' dir='ltr'><strong>adolevit</strong></span> <span class='ocrx_word' id='word_1_216' title='bbox 3335 1526 3497 1582; x_wconf 90' lang='lat' dir='ltr'><strong>super</strong></span> <span class='ocrx_word' id='word_1_217' title='bbox 3518 1527 3582 1568; x_wconf 89' lang='lat' dir='ltr'><strong>eo</strong></span> <span class='ocrx_word' id='word_1_218' title='bbox 3608 1513 3768 1568; x_wconf 89' lang='lat' dir='ltr'><strong>incen-</strong></span> 
     </span>
    </p>
   </div>
   <div class='ocr_carea' id='block_1_31' title="bbox 2207 1602 3770 1673">
    <p class='ocr_par' dir='ltr' id='par_1_31' title="bbox 2207 1602 3770 1673">
     <span class='ocr_line' id='line_1_31' title="bbox 2207 1602 3770 1673; baseline 0.003 -16"><span class='ocrx_word' id='word_1_219' title='bbox 2207 1618 2326 1658; x_wconf 90' lang='lat' dir='ltr'><strong>sum</strong></span> <span class='ocrx_word' id='word_1_220' title='bbox 2345 1612 2691 1669; x_wconf 70' lang='lat' dir='ltr'><strong>,aromatum,</strong></span> <span class='ocrx_word' id='word_1_221' title='bbox 2724 1603 2862 1659; x_wconf 87' lang='lat' dir='ltr'><strong>sicut</strong></span> <span class='ocrx_word' id='word_1_222' title='bbox 2880 1603 3118 1673; x_wconf 89' lang='lat' dir='ltr'><strong>jnsscrat</strong></span> <span class='ocrx_word' id='word_1_223' title='bbox 3147 1602 3412 1659; x_wconf 90' lang='lat' dir='ltr'><strong>Dominus</strong></span> <span class='ocrx_word' id='word_1_224' title='bbox 3435 1604 3582 1659; x_wconf 84' lang='lat' dir='ltr'><strong>Mosi.</strong></span> <span class='ocrx_word' id='word_1_225' title='bbox 3609 1604 3770 1662; x_wconf 87' lang='lat' dir='ltr'><strong>Posuit</strong></span> 
     </span>
    </p>
   </div>
   <div class='ocr_carea' id='block_1_32' title="bbox 2204 1696 3770 1769">
    <p class='ocr_par' dir='ltr' id='par_1_32' title="bbox 2204 1696 3770 1769">
     <span class='ocr_line' id='line_1_32' title="bbox 2204 1696 3770 1769; baseline 0.002 -18"><span class='ocrx_word' id='word_1_226' title='bbox 2204 1705 2261 1752; x_wconf 92' lang='lat' dir='ltr'><strong>et</strong></span> <span class='ocrx_word' id='word_1_227' title='bbox 2291 1698 2584 1754; x_wconf 88' lang='lat' dir='ltr'><strong>tentorium</strong></span> <span class='ocrx_word' id='word_1_228' title='bbox 2621 1697 2675 1752; x_wconf 93' lang='lat' dir='ltr'><strong>in</strong></span> <span class='ocrx_word' id='word_1_229' title='bbox 2706 1696 2934 1754; x_wconf 90' lang='lat' dir='ltr'><strong>introitu</strong></span> <span class='ocrx_word' id='word_1_230' title='bbox 2973 1697 3310 1754; x_wconf 86' lang='lat' dir='ltr'><strong>tabernaculi</strong></span> <span class='ocrx_word' id='word_1_231' title='bbox 3341 1696 3528 1769; x_wconf 68' lang='lat' dir='ltr'><strong>[Vulg].</strong></span> <span class='ocrx_word' id='word_1_232' title='bbox 3557 1697 3674 1752; x_wconf 82' lang='lat' dir='ltr'><strong>add.</strong></span> <span class='ocrx_word' id='word_1_233' title='bbox 3701 1709 3770 1754; x_wconf 88' lang='lat' dir='ltr'><strong>te-</strong></span> 
     </span>
    </p>
   </div>
   <div class='ocr_carea' id='block_1_33' title="bbox 502 1785 3768 1862">
    <p class='ocr_par' dir='ltr' id='par_1_33' title="bbox 502 1785 3768 1862">
     <span class='ocr_line' id='line_1_33' title="bbox 502 1785 3768 1862; baseline 0.001 -18"><span class='ocrx_word' id='word_1_234' title='bbox 502 1803 706 1855; x_wconf 88' lang='lat' dir='ltr'><strong>arcam,</strong></span> <span class='ocrx_word' id='word_1_235' title='bbox 743 1785 1106 1857; x_wconf 86' lang='lat' dir='ltr'><strong>demittesque</strong></span> <span class='ocrx_word' id='word_1_236' title='bbox 1132 1794 1264 1842; x_wconf 90' lang='lat' dir='ltr'><strong>ante</strong></span> <span class='ocrx_word' id='word_1_237' title='bbox 1285 1785 1430 1841; x_wconf 90' lang='lat' dir='ltr'><strong>illam</strong></span> <span class='ocrx_word' id='word_1_238' title='bbox 1456 1785 1657 1852; x_wconf 84' lang='lat' dir='ltr'><strong>velum,</strong></span> <span class='ocrx_word' id='word_1_239' title='bbox 1689 1794 1744 1841; x_wconf 91' lang='lat' dir='ltr'><strong>et</strong></span> <span class='ocrx_word' id='word_1_240' title='bbox 1773 1785 1918 1841; x_wconf 90' lang='lat' dir='ltr'><strong>illata</strong></span> <span class='ocrx_word' id='word_1_241' title='bbox 1942 1800 2098 1840; x_wconf 82' lang='lat' dir='ltr'><strong>men-</strong></span> <span class='ocrx_word' id='word_1_242' title='bbox 2129 1796 2178 1857; x_wconf 86' lang='lat' dir='ltr'><strong>B</strong></span> <span class='ocrx_word' id='word_1_243' title='bbox 2203 1790 2442 1845; x_wconf 88' lang='lat' dir='ltr'><strong>stimonii</strong></span> <span class='ocrx_word' id='word_1_244' title='bbox 2462 1788 2482 1862; x_wconf 94' lang='lat'>]</span> <span class='ocrx_word' id='word_1_245' title='bbox 2501 1836 2515 1858; x_wconf 93' lang='lat'><strong>,</strong></span> <span class='ocrx_word' id='word_1_246' title='bbox 2549 1797 2606 1846; x_wconf 91' lang='lat' dir='ltr'><strong>et</strong></span> <span class='ocrx_word' id='word_1_247' title='bbox 2635 1791 2804 1844; x_wconf 88' lang='lat' dir='ltr'><strong>altare</strong></span> <span class='ocrx_word' id='word_1_248' title='bbox 2831 1789 3137 1846; x_wconf 89' lang='lat' dir='ltr'><strong>bolocausti</strong></span> <span class='ocrx_word' id='word_1_249' title='bbox 3160 1789 3212 1846; x_wconf 91' lang='lat' dir='ltr'><strong>in</strong></span> <span class='ocrx_word' id='word_1_250' title='bbox 3244 1790 3517 1846; x_wconf 83' lang='lat' dir='ltr'><strong>vestibqu</strong></span> <span class='ocrx_word' id='word_1_251' title='bbox 3545 1791 3768 1847; x_wconf 88' lang='lat' dir='ltr'><strong>testimo-</strong></span> 
     </span>
    </p>
   </div>
   <div class='ocr_carea' id='block_1_34' title="bbox 501 1881 2100 1954">
    <p class='ocr_par' dir='ltr' id='par_1_34' title="bbox 501 1881 2100 1954">
     <span class='ocr_line' id='line_1_34' title="bbox 501 1881 2100 1954; baseline -0.003 -15"><span class='ocrx_word' id='word_1_252' title='bbox 501 1899 583 1950; x_wconf 86' lang='lat' dir='ltr'><strong>sa,</strong></span> <span class='ocrx_word' id='word_1_253' title='bbox 619 1898 785 1954; x_wconf 89' lang='lat' dir='ltr'><strong>pones</strong></span> <span class='ocrx_word' id='word_1_254' title='bbox 814 1898 985 1951; x_wconf 89' lang='lat' dir='ltr'><strong>super</strong></span> <span class='ocrx_word' id='word_1_255' title='bbox 1022 1897 1142 1938; x_wconf 90' lang='lat' dir='ltr'><strong>eam</strong></span> <span class='ocrx_word' id='word_1_256' title='bbox 1185 1897 1304 1953; x_wconf 69' lang='lat' dir='ltr'><strong>qure</strong></span> <span class='ocrx_word' id='word_1_257' title='bbox 1335 1883 1439 1938; x_wconf 92' lang='lat' dir='ltr'><strong>rite</strong></span> <span class='ocrx_word' id='word_1_258' title='bbox 1471 1889 1740 1952; x_wconf 64' lang='lat' dir='ltr'><strong>praecepta</strong></span> <span class='ocrx_word' id='word_1_259' title='bbox 1777 1891 1929 1936; x_wconf 90' lang='lat' dir='ltr'><strong>sunt.</strong></span> <span class='ocrx_word' id='word_1_260' title='bbox 1959 1881 2100 1936; x_wconf 82' lang='lat' dir='ltr'><strong>Can-</strong></span> 
     </span>
    </p>
   </div>
   <div class='ocr_carea' id='block_1_35' title="bbox 500 1976 2099 2043">
    <p class='ocr_par' dir='ltr' id='par_1_35' title="bbox 500 1976 2099 2043">
     <span class='ocr_line' id='line_1_35' title="bbox 500 1976 2099 2043; baseline -0.003 -8"><span class='ocrx_word' id='word_1_261' title='bbox 500 1977 784 2035; x_wconf 89' lang='lat' dir='ltr'><strong>delabrum</strong></span> <span class='ocrx_word' id='word_1_262' title='bbox 812 1977 974 2034; x_wconf 89' lang='lat' dir='ltr'><strong>stabit</strong></span> <span class='ocrx_word' id='word_1_263' title='bbox 1001 1993 1123 2034; x_wconf 92' lang='lat' dir='ltr'><strong>cum</strong></span> <span class='ocrx_word' id='word_1_264' title='bbox 1151 1977 1390 2034; x_wconf 88' lang='lat' dir='ltr'><strong>lucernis</strong></span> <span class='ocrx_word' id='word_1_265' title='bbox 1420 1977 1559 2043; x_wconf 88' lang='lat' dir='ltr'><strong>suis,</strong></span> <span class='ocrx_word' id='word_1_266' title='bbox 1593 1985 1650 2032; x_wconf 90' lang='lat' dir='ltr'><strong>et</strong></span> <span class='ocrx_word' id='word_1_267' title='bbox 1674 1976 1849 2032; x_wconf 88' lang='lat' dir='ltr'><strong>altare</strong></span> <span class='ocrx_word' id='word_1_268' title='bbox 1871 1990 2099 2032; x_wconf 89' lang='lat' dir='ltr'><strong>aureum</strong></span> 
     </span>
    </p>
   </div>
   <div class='ocr_carea' id='block_1_36' title="bbox 497 2068 2094 2142">
    <p class='ocr_par' dir='ltr' id='par_1_36' title="bbox 497 2068 2094 2142">
     <span class='ocr_line' id='line_1_36' title="bbox 497 2068 2094 2142; baseline -0.002 -16"><span class='ocrx_word' id='word_1_269' title='bbox 497 2071 553 2126; x_wconf 93' lang='lat' dir='ltr'><strong>in</strong></span> <span class='ocrx_word' id='word_1_270' title='bbox 585 2088 693 2142; x_wconf 90' lang='lat' dir='ltr'><strong>quo</strong></span> <span class='ocrx_word' id='word_1_271' title='bbox 740 2070 990 2128; x_wconf 83' lang='lat' dir='ltr'><strong>adoletur</strong></span> <span class='ocrx_word' id='word_1_272' title='bbox 1022 2072 1336 2137; x_wconf 91' lang='lat' dir='ltr'><strong>incensum,</strong></span> <span class='ocrx_word' id='word_1_273' title='bbox 1387 2084 1573 2126; x_wconf 90' lang='lat' dir='ltr'><strong>coram</strong></span> <span class='ocrx_word' id='word_1_274' title='bbox 1615 2084 1740 2125; x_wconf 87' lang='lat' dir='ltr'><strong>arca</strong></span> <span class='ocrx_word' id='word_1_275' title='bbox 1774 2068 2094 2125; x_wconf 88' lang='lat' dir='ltr'><strong>testimonii.</strong></span> 
     </span>
    </p>
   </div>
   <div class='ocr_carea' id='block_1_37' title="bbox 500 2162 2101 2233">
    <p class='ocr_par' dir='ltr' id='par_1_37' title="bbox 500 2162 2101 2233">
     <span class='ocr_line' id='line_1_37' title="bbox 500 2162 2101 2233; baseline -0.003 -11"><span class='ocrx_word' id='word_1_276' title='bbox 500 2163 824 2222; x_wconf 87' lang='lat' dir='ltr'><strong>Tentorium</strong></span> <span class='ocrx_word' id='word_1_277' title='bbox 856 2165 909 2220; x_wconf 92' lang='lat' dir='ltr'><strong>in</strong></span> <span class='ocrx_word' id='word_1_278' title='bbox 943 2164 1168 2220; x_wconf 90' lang='lat' dir='ltr'><strong>introitu</strong></span> <span class='ocrx_word' id='word_1_279' title='bbox 1200 2162 1535 2220; x_wconf 84' lang='lat' dir='ltr'><strong>tabernaculi</strong></span> <span class='ocrx_word' id='word_1_280' title='bbox 1577 2177 1772 2233; x_wconf 90' lang='lat' dir='ltr'><strong>pones,</strong></span> <span class='ocrx_word' id='word_1_281' title='bbox 1805 2171 1860 2218; x_wconf 92' lang='lat' dir='ltr'><strong>et</strong></span> <span class='ocrx_word' id='word_1_282' title='bbox 1884 2173 2010 2218; x_wconf 81' lang='lat' dir='ltr'><strong>ante</strong></span> <span class='ocrx_word' id='word_1_283' title='bbox 2037 2162 2101 2218; x_wconf 89' lang='lat' dir='ltr'><strong>il-</strong></span> 
     </span>
    </p>
   </div>
   <div class='ocr_carea' id='block_1_38' title="bbox 499 2257 2098 2316">
    <p class='ocr_par' dir='ltr' id='par_1_38' title="bbox 499 2257 2098 2316">
     <span class='ocr_line' id='line_1_38' title="bbox 499 2257 2098 2316; baseline -0.002 -1"><span class='ocrx_word' id='word_1_284' title='bbox 499 2259 593 2315; x_wconf 91' lang='lat' dir='ltr'><strong>lud</strong></span> <span class='ocrx_word' id='word_1_285' title='bbox 625 2260 799 2316; x_wconf 88' lang='lat' dir='ltr'><strong>altare</strong></span> <span class='ocrx_word' id='word_1_286' title='bbox 833 2258 1130 2316; x_wconf 88' lang='lat' dir='ltr'><strong>bolocausti</strong></span> <span class='ocrx_word' id='word_1_287' title='bbox 1155 2275 1169 2312; x_wconf 89' lang='lat'><strong>:</strong></span> <span class='ocrx_word' id='word_1_288' title='bbox 1197 2258 1407 2313; x_wconf 88' lang='lat' dir='ltr'><strong>labrum</strong></span> <span class='ocrx_word' id='word_1_289' title='bbox 1447 2257 1590 2314; x_wconf 86' lang='lat' dir='ltr'><strong>inter</strong></span> <span class='ocrx_word' id='word_1_290' title='bbox 1620 2259 1792 2312; x_wconf 89' lang='lat' dir='ltr'><strong>altare</strong></span> <span class='ocrx_word' id='word_1_291' title='bbox 1821 2268 1875 2312; x_wconf 90' lang='lat' dir='ltr'><strong>et</strong></span> <span class='ocrx_word' id='word_1_292' title='bbox 1912 2257 2098 2314; x_wconf 88' lang='lat' dir='ltr'><strong>taber-</strong></span> 
     </span>
    </p>
   </div>
   <div class='ocr_carea' id='block_1_39' title="bbox 499 2350 2100 2424">
    <p class='ocr_par' dir='ltr' id='par_1_39' title="bbox 499 2350 2100 2424">
     <span class='ocr_line' id='line_1_39' title="bbox 499 2350 2100 2424; baseline -0.002 -14"><span class='ocrx_word' id='word_1_293' title='bbox 499 2353 798 2421; x_wconf 89' lang='lat' dir='ltr'><strong>naculum,</strong></span> <span class='ocrx_word' id='word_1_294' title='bbox 862 2352 1008 2424; x_wconf 92' lang='lat' dir='ltr'><strong>quod</strong></span> <span class='ocrx_word' id='word_1_295' title='bbox 1069 2351 1319 2423; x_wconf 88' lang='lat' dir='ltr'><strong>implebis</strong></span> <span class='ocrx_word' id='word_1_296' title='bbox 1377 2367 1538 2423; x_wconf 88' lang='lat' dir='ltr'><strong>aqua.</strong></span> <span class='ocrx_word' id='word_1_297' title='bbox 1607 2350 2100 2421; x_wconf 87' lang='lat' dir='ltr'><strong>Circumdabisqne</strong></span> 
     </span>
    </p>
   </div>
   <div class='ocr_carea' id='block_1_40' title="bbox 501 2444 2097 2516">
    <p class='ocr_par' dir='ltr' id='par_1_40' title="bbox 501 2444 2097 2516">
     <span class='ocr_line' id='line_1_40' title="bbox 501 2444 2097 2516; baseline -0.001 -15"><span class='ocrx_word' id='word_1_298' title='bbox 501 2447 702 2503; x_wconf 88' lang='lat' dir='ltr'><strong>atrium</strong></span> <span class='ocrx_word' id='word_1_299' title='bbox 749 2446 1030 2515; x_wconf 90' lang='lat' dir='ltr'><strong>tentoriis,</strong></span> <span class='ocrx_word' id='word_1_300' title='bbox 1063 2454 1115 2502; x_wconf 93' lang='lat' dir='ltr'><strong>et</strong></span> <span class='ocrx_word' id='word_1_301' title='bbox 1165 2446 1473 2516; x_wconf 88' lang='lat' dir='ltr'><strong>ingressum</strong></span> <span class='ocrx_word' id='word_1_302' title='bbox 1521 2444 1659 2516; x_wconf 85' lang='lat' dir='ltr'><strong>ejus.</strong></span> <span class='ocrx_word' id='word_1_303' title='bbox 1695 2445 1760 2500; x_wconf 87' lang='lat' dir='ltr'><strong>Et</strong></span> <span class='ocrx_word' id='word_1_304' title='bbox 1812 2453 2097 2514; x_wconf 87' lang='lat' dir='ltr'><strong>assumpto</strong></span> 
     </span>
    </p>
   </div>
   <div class='ocr_carea' id='block_1_41' title="bbox 500 2537 2097 2610">
    <p class='ocr_par' dir='ltr' id='par_1_41' title="bbox 500 2537 2097 2610">
     <span class='ocr_line' id='line_1_41' title="bbox 500 2537 2097 2610; baseline -0.002 -15"><span class='ocrx_word' id='word_1_305' title='bbox 500 2538 776 2596; x_wconf 90' lang='lat' dir='ltr'><strong>unctionis</strong></span> <span class='ocrx_word' id='word_1_306' title='bbox 805 2539 930 2597; x_wconf 88' lang='lat' dir='ltr'><strong>oleo</strong></span> <span class='ocrx_word' id='word_1_307' title='bbox 950 2579 965 2605; x_wconf 90' lang='lat'><strong>,</strong></span> <span class='ocrx_word' id='word_1_308' title='bbox 997 2554 1167 2610; x_wconf 85' lang='lat' dir='ltr'><strong>unges</strong></span> <span class='ocrx_word' id='word_1_309' title='bbox 1195 2538 1605 2595; x_wconf 86' lang='lat' dir='ltr'><strong>tabernaculum</strong></span> <span class='ocrx_word' id='word_1_310' title='bbox 1639 2552 1761 2594; x_wconf 92' lang='lat' dir='ltr'><strong>cum</strong></span> <span class='ocrx_word' id='word_1_311' title='bbox 1798 2538 1940 2593; x_wconf 81' lang='lat' dir='ltr'><strong>vasis</strong></span> <span class='ocrx_word' id='word_1_312' title='bbox 1961 2537 2097 2605; x_wconf 89' lang='lat' dir='ltr'><strong>suis,</strong></span> 
     </span>
    </p>
   </div>
   <div class='ocr_carea' id='block_1_42' title="bbox 503 2632 2099 2691">
    <p class='ocr_par' dir='ltr' id='par_1_42' title="bbox 503 2632 2099 2691">
     <span class='ocr_line' id='line_1_42' title="bbox 503 2632 2099 2691; baseline -0.004 0"><span class='ocrx_word' id='word_1_313' title='bbox 503 2645 561 2691; x_wconf 93' lang='lat' dir='ltr'><strong>ut</strong></span> <span class='ocrx_word' id='word_1_314' title='bbox 591 2635 1001 2691; x_wconf 87' lang='lat' dir='ltr'><strong>sanctiﬁcentur</strong></span> <span class='ocrx_word' id='word_1_315' title='bbox 1034 2651 1049 2690; x_wconf 88' lang='lat'><strong>:</strong></span> <span class='ocrx_word' id='word_1_316' title='bbox 1083 2633 1256 2690; x_wconf 90' lang='lat' dir='ltr'><strong>altare</strong></span> <span class='ocrx_word' id='word_1_317' title='bbox 1301 2632 1606 2689; x_wconf 90' lang='lat' dir='ltr'><strong>bolocausti</strong></span> <span class='ocrx_word' id='word_1_318' title='bbox 1656 2641 1711 2688; x_wconf 89' lang='lat' dir='ltr'><strong>et</strong></span> <span class='ocrx_word' id='word_1_319' title='bbox 1756 2633 1940 2687; x_wconf 87' lang='lat' dir='ltr'><strong>omnia</strong></span> <span class='ocrx_word' id='word_1_320' title='bbox 1973 2645 2099 2686; x_wconf 86' lang='lat' dir='ltr'><strong>vasa</strong></span> 
     </span>
    </p>
   </div>
   <div class='ocr_carea' id='block_1_43' title="bbox 497 2724 2098 2800">
    <p class='ocr_par' dir='ltr' id='par_1_43' title="bbox 497 2724 2098 2800">
     <span class='ocr_line' id='line_1_43' title="bbox 497 2724 2098 2800; baseline -0.002 -18"><span class='ocrx_word' id='word_1_321' title='bbox 497 2730 618 2800; x_wconf 84' lang='lat' dir='ltr'><strong>ejus</strong></span> <span class='ocrx_word' id='word_1_322' title='bbox 647 2744 661 2781; x_wconf 87' lang='lat'><strong>:</strong></span> <span class='ocrx_word' id='word_1_323' title='bbox 690 2726 903 2782; x_wconf 88' lang='lat' dir='ltr'><strong>labrum</strong></span> <span class='ocrx_word' id='word_1_324' title='bbox 933 2740 1055 2782; x_wconf 93' lang='lat' dir='ltr'><strong>cum</strong></span> <span class='ocrx_word' id='word_1_325' title='bbox 1086 2725 1201 2782; x_wconf 89' lang='lat' dir='ltr'><strong>basi</strong></span> <span class='ocrx_word' id='word_1_326' title='bbox 1253 2741 1349 2782; x_wconf 90' lang='lat' dir='ltr'><strong>sua</strong></span> <span class='ocrx_word' id='word_1_327' title='bbox 1386 2742 1400 2780; x_wconf 90' lang='lat'><strong>:</strong></span> <span class='ocrx_word' id='word_1_328' title='bbox 1436 2725 1617 2779; x_wconf 92' lang='lat' dir='ltr'><strong>omnia</strong></span> <span class='ocrx_word' id='word_1_329' title='bbox 1657 2724 1932 2779; x_wconf 91' lang='lat' dir='ltr'><strong>unctionis</strong></span> <span class='ocrx_word' id='word_1_330' title='bbox 1974 2724 2098 2779; x_wconf 91' lang='lat' dir='ltr'><strong>oleo</strong></span> 
     </span>
    </p>
   </div>
   <div class='ocr_carea' id='block_1_44' title="bbox 492 2816 2101 2889">
    <p class='ocr_par' dir='ltr' id='par_1_44' title="bbox 492 2816 2101 2889">
     <span class='ocr_line' id='line_1_44' title="bbox 492 2816 2101 2889; baseline -0.002 -12"><span class='ocrx_word' id='word_1_331' title='bbox 492 2820 868 2889; x_wconf 89' lang='lat' dir='ltr'><strong>consecrabis,</strong></span> <span class='ocrx_word' id='word_1_332' title='bbox 896 2829 957 2876; x_wconf 92' lang='lat' dir='ltr'><strong>ut</strong></span> <span class='ocrx_word' id='word_1_333' title='bbox 981 2819 1086 2876; x_wconf 88' lang='lat' dir='ltr'><strong>sint</strong></span> <span class='ocrx_word' id='word_1_334' title='bbox 1105 2827 1290 2876; x_wconf 85' lang='lat' dir='ltr'><strong>sancta</strong></span> <span class='ocrx_word' id='word_1_335' title='bbox 1309 2828 1644 2874; x_wconf 86' lang='lat' dir='ltr'><strong>sanctorum.</strong></span> <span class='ocrx_word' id='word_1_336' title='bbox 1679 2816 2101 2888; x_wconf 89' lang='lat' dir='ltr'><strong>Applicabisque</strong></span> 
     </span>
    </p>
   </div>
   <div class='ocr_carea' id='block_1_45' title="bbox 493 2909 2096 2984">
    <p class='ocr_par' dir='ltr' id='par_1_45' title="bbox 493 2909 2096 2984">
     <span class='ocr_line' id='line_1_45' title="bbox 493 2909 2096 2984; baseline -0.004 -13"><span class='ocrx_word' id='word_1_337' title='bbox 493 2917 678 2971; x_wconf 88' lang='lat' dir='ltr'><strong>Aaron</strong></span> <span class='ocrx_word' id='word_1_338' title='bbox 705 2925 761 2971; x_wconf 90' lang='lat' dir='ltr'><strong>et</strong></span> <span class='ocrx_word' id='word_1_339' title='bbox 801 2913 944 2970; x_wconf 89' lang='lat' dir='ltr'><strong>lilios</strong></span> <span class='ocrx_word' id='word_1_340' title='bbox 971 2913 1090 2984; x_wconf 88' lang='lat' dir='ltr'><strong>ejus</strong></span> <span class='ocrx_word' id='word_1_341' title='bbox 1119 2913 1186 2969; x_wconf 86' lang='lat' dir='ltr'><strong>ad</strong></span> <span class='ocrx_word' id='word_1_342' title='bbox 1218 2913 1365 2968; x_wconf 83' lang='lat' dir='ltr'><strong>fores</strong></span> <span class='ocrx_word' id='word_1_343' title='bbox 1396 2911 1731 2968; x_wconf 87' lang='lat' dir='ltr'><strong>tabernaculi</strong></span> <span class='ocrx_word' id='word_1_344' title='bbox 1761 2909 2096 2979; x_wconf 92' lang='lat' dir='ltr'><strong>testimonii,</strong></span> 
     </span>
    </p>
   </div>
   <div class='ocr_carea' id='block_1_46' title="bbox 495 3003 2101 3079">
    <p class='ocr_par' dir='ltr' id='par_1_46' title="bbox 495 3003 2101 3079">
     <span class='ocr_line' id='line_1_46' title="bbox 495 3003 2101 3079; baseline -0.002 -15"><span class='ocrx_word' id='word_1_345' title='bbox 495 3016 554 3064; x_wconf 90' lang='lat' dir='ltr'><strong>et</strong></span> <span class='ocrx_word' id='word_1_346' title='bbox 595 3009 737 3066; x_wconf 87' lang='lat' dir='ltr'><strong>lotos</strong></span> <span class='ocrx_word' id='word_1_347' title='bbox 763 3022 901 3079; x_wconf 88' lang='lat' dir='ltr'><strong>aqua</strong></span> <span class='ocrx_word' id='word_1_348' title='bbox 935 3006 1132 3064; x_wconf 88' lang='lat' dir='ltr'><strong>indues</strong></span> <span class='ocrx_word' id='word_1_349' title='bbox 1159 3007 1362 3062; x_wconf 90' lang='lat' dir='ltr'><strong>sanctis</strong></span> <span class='ocrx_word' id='word_1_350' title='bbox 1391 3005 1660 3071; x_wconf 83' lang='lat' dir='ltr'><strong>vestibus,</strong></span> <span class='ocrx_word' id='word_1_351' title='bbox 1700 3014 1757 3059; x_wconf 92' lang='lat' dir='ltr'><strong>ut</strong></span> <span class='ocrx_word' id='word_1_352' title='bbox 1785 3003 2101 3060; x_wconf 87' lang='lat' dir='ltr'><strong>ministrent</strong></span> 
     </span>
    </p>
   </div>
   <div class='ocr_carea' id='block_1_47' title="bbox 497 3098 2099 3170">
    <p class='ocr_par' dir='ltr' id='par_1_47' title="bbox 497 3098 2099 3170">
     <span class='ocr_line' id='line_1_47' title="bbox 497 3098 2099 3170; baseline -0.002 -14"><span class='ocrx_word' id='word_1_353' title='bbox 497 3100 652 3170; x_wconf 87' lang='lat' dir='ltr'><strong>mihi,</strong></span> <span class='ocrx_word' id='word_1_354' title='bbox 687 3109 740 3156; x_wconf 91' lang='lat' dir='ltr'><strong>et</strong></span> <span class='ocrx_word' id='word_1_355' title='bbox 770 3101 956 3156; x_wconf 90' lang='lat' dir='ltr'><strong>unctio</strong></span> <span class='ocrx_word' id='word_1_356' title='bbox 985 3115 1177 3156; x_wconf 91' lang='lat' dir='ltr'><strong>eorum</strong></span> <span class='ocrx_word' id='word_1_357' title='bbox 1207 3101 1260 3155; x_wconf 94' lang='lat' dir='ltr'><strong>in</strong></span> <span class='ocrx_word' id='word_1_358' title='bbox 1285 3099 1651 3156; x_wconf 90' lang='lat' dir='ltr'><strong>sacerdotium</strong></span> <span class='ocrx_word' id='word_1_359' title='bbox 1684 3098 1930 3170; x_wconf 89' lang='lat' dir='ltr'><strong>proliciat</strong></span> <span class='ocrx_word' id='word_1_360' title='bbox 1955 3113 2099 3154; x_wconf 90' lang='lat' dir='ltr'><strong>sem-</strong></span> 
     </span>
    </p>
   </div>
   <div class='ocr_carea' id='block_1_48' title="bbox 2205 1881 3772 1948">
    <p class='ocr_par' dir='ltr' id='par_1_48' title="bbox 2205 1881 3772 1948">
     <span class='ocr_line' id='line_1_48' title="bbox 2205 1881 3772 1948; baseline 0.001 -11"><span class='ocrx_word' id='word_1_361' title='bbox 2205 1882 2302 1945; x_wconf 91' lang='lat' dir='ltr'><strong>nii,</strong></span> <span class='ocrx_word' id='word_1_362' title='bbox 2331 1881 2567 1938; x_wconf 81' lang='lat' dir='ltr'><strong>oﬁercns</strong></span> <span class='ocrx_word' id='word_1_363' title='bbox 2590 1882 2644 1936; x_wconf 91' lang='lat' dir='ltr'><strong>in</strong></span> <span class='ocrx_word' id='word_1_364' title='bbox 2669 1897 2734 1937; x_wconf 91' lang='lat' dir='ltr'><strong>eo</strong></span> <span class='ocrx_word' id='word_1_365' title='bbox 2759 1881 3134 1938; x_wconf 86' lang='lat' dir='ltr'><strong>holocaustum</strong></span> <span class='ocrx_word' id='word_1_366' title='bbox 3156 1924 3171 1948; x_wconf 93' lang='lat'><strong>,</strong></span> <span class='ocrx_word' id='word_1_367' title='bbox 3203 1889 3258 1937; x_wconf 90' lang='lat' dir='ltr'><strong>ct</strong></span> <span class='ocrx_word' id='word_1_368' title='bbox 3286 1881 3575 1946; x_wconf 85' lang='lat' dir='ltr'><strong>sacriﬁcia,</strong></span> <span class='ocrx_word' id='word_1_369' title='bbox 3600 1893 3655 1937; x_wconf 93' lang='lat' dir='ltr'><strong>ut</strong></span> <span class='ocrx_word' id='word_1_370' title='bbox 3681 1882 3772 1938; x_wconf 86' lang='lat' dir='ltr'><strong>Do-</strong></span> 
     </span>
    </p>
   </div>
   <div class='ocr_carea' id='block_1_49' title="bbox 2207 1973 3769 2045">
    <p class='ocr_par' dir='ltr' id='par_1_49' title="bbox 2207 1973 3769 2045">
     <span class='ocr_line' id='line_1_49' title="bbox 2207 1973 3769 2045; baseline 0 -17"><span class='ocrx_word' id='word_1_371' title='bbox 2207 1973 2387 2029; x_wconf 85' lang='lat' dir='ltr'><strong>minus</strong></span> <span class='ocrx_word' id='word_1_372' title='bbox 2421 1975 2737 2045; x_wconf 86' lang='lat' dir='ltr'><strong>imperarat.</strong></span> <span class='ocrx_word' id='word_1_373' title='bbox 2768 1973 3004 2028; x_wconf 86' lang='lat' dir='ltr'><strong>Labrum</strong></span> <span class='ocrx_word' id='word_1_374' title='bbox 3040 1988 3260 2044; x_wconf 87' lang='lat' dir='ltr'><strong>quoque</strong></span> <span class='ocrx_word' id='word_1_375' title='bbox 3313 1975 3503 2029; x_wconf 87' lang='lat' dir='ltr'><strong>statuit</strong></span> <span class='ocrx_word' id='word_1_376' title='bbox 3547 1973 3678 2029; x_wconf 85' lang='lat' dir='ltr'><strong>inter</strong></span> <span class='ocrx_word' id='word_1_377' title='bbox 3701 1982 3769 2028; x_wconf 88' lang='lat' dir='ltr'><strong>ta-</strong></span> 
     </span>
    </p>
   </div>
   <div class='ocr_carea' id='block_1_50' title="bbox 2204 2066 3773 2140">
    <p class='ocr_par' dir='ltr' id='par_1_50' title="bbox 2204 2066 3773 2140">
     <span class='ocr_line' id='line_1_50' title="bbox 2204 2066 3773 2140; baseline 0.001 -19"><span class='ocrx_word' id='word_1_378' title='bbox 2204 2066 2560 2123; x_wconf 90' lang='lat' dir='ltr'><strong>bernaculum</strong></span> <span class='ocrx_word' id='word_1_379' title='bbox 2594 2066 2887 2124; x_wconf 88' lang='lat' dir='ltr'><strong>testimonii</strong></span> <span class='ocrx_word' id='word_1_380' title='bbox 2909 2077 2963 2123; x_wconf 90' lang='lat' dir='ltr'><strong>et</strong></span> <span class='ocrx_word' id='word_1_381' title='bbox 2984 2067 3182 2135; x_wconf 88' lang='lat' dir='ltr'><strong>altare,</strong></span> <span class='ocrx_word' id='word_1_382' title='bbox 3213 2067 3450 2140; x_wconf 89' lang='lat' dir='ltr'><strong>implcns</strong></span> <span class='ocrx_word' id='word_1_383' title='bbox 3474 2067 3606 2124; x_wconf 86' lang='lat' dir='ltr'><strong>illud</strong></span> <span class='ocrx_word' id='word_1_384' title='bbox 3633 2083 3773 2140; x_wconf 90' lang='lat' dir='ltr'><strong>aqua.</strong></span> 
     </span>
    </p>
   </div>
   <div class='ocr_carea' id='block_1_51' title="bbox 2203 2163 3776 2238">
    <p class='ocr_par' dir='ltr' id='par_1_51' title="bbox 2203 2163 3776 2238">
     <span class='ocr_line' id='line_1_51' title="bbox 2203 2163 3776 2238; baseline 0.001 -19"><span class='ocrx_word' id='word_1_385' title='bbox 2203 2163 2587 2236; x_wconf 87' lang='lat' dir='ltr'><strong>Laveruutque</strong></span> <span class='ocrx_word' id='word_1_386' title='bbox 2617 2165 2791 2221; x_wconf 89' lang='lat' dir='ltr'><strong>Moses</strong></span> <span class='ocrx_word' id='word_1_387' title='bbox 2833 2175 2889 2221; x_wconf 89' lang='lat' dir='ltr'><strong>ct</strong></span> <span class='ocrx_word' id='word_1_388' title='bbox 2934 2167 3152 2234; x_wconf 83' lang='lat' dir='ltr'><strong>Aaron,</strong></span> <span class='ocrx_word' id='word_1_389' title='bbox 3205 2181 3270 2222; x_wconf 91' lang='lat' dir='ltr'><strong>ac</strong></span> <span class='ocrx_word' id='word_1_390' title='bbox 3317 2166 3415 2223; x_wconf 89' lang='lat' dir='ltr'><strong>ﬁlii</strong></span> <span class='ocrx_word' id='word_1_391' title='bbox 3446 2167 3562 2238; x_wconf 90' lang='lat' dir='ltr'><strong>ejus</strong></span> <span class='ocrx_word' id='word_1_392' title='bbox 3606 2181 3776 2222; x_wconf 87' lang='lat' dir='ltr'><strong>manus</strong></span> 
     </span>
    </p>
   </div>
   <div class='ocr_carea' id='block_1_52' title="bbox 2203 2257 3780 2339">
    <p class='ocr_par' dir='ltr' id='par_1_52' title="bbox 2203 2257 3780 2339">
     <span class='ocr_line' id='line_1_52' title="bbox 2203 2257 3780 2339; baseline 0.001 -27"><span class='ocrx_word' id='word_1_393' title='bbox 2203 2273 2326 2314; x_wconf 87' lang='lat' dir='ltr'><strong>suas</strong></span> <span class='ocrx_word' id='word_1_394' title='bbox 2355 2267 2409 2314; x_wconf 92' lang='lat' dir='ltr'><strong>et</strong></span> <span class='ocrx_word' id='word_1_395' title='bbox 2433 2258 2622 2329; x_wconf 89' lang='lat' dir='ltr'><strong>pedes,</strong></span> <span class='ocrx_word' id='word_1_396' title='bbox 2647 2273 2771 2314; x_wconf 86' lang='lat' dir='ltr'><strong>cum</strong></span> <span class='ocrx_word' id='word_1_397' title='bbox 2803 2257 3224 2339; x_wconf 64' lang='lat' dir='ltr'><strong>ingrederentur</strong></span> <span class='ocrx_word' id='word_1_398' title='bbox 3246 2268 3451 2316; x_wconf 91' lang='lat' dir='ltr'><strong>tectum</strong></span> <span class='ocrx_word' id='word_1_399' title='bbox 3477 2259 3706 2328; x_wconf 75' lang='lat' dir='ltr'><strong>Imdcris,</strong></span> <span class='ocrx_word' id='word_1_400' title='bbox 3734 2267 3780 2315; x_wconf 90' lang='lat' dir='ltr'><strong>et</strong></span> 
     </span>
    </p>
   </div>
   <div class='ocr_carea' id='block_1_53' title="bbox 2203 2350 3778 2422">
    <p class='ocr_par' dir='ltr' id='par_1_53' title="bbox 2203 2350 3778 2422">
     <span class='ocr_line' id='line_1_53' title="bbox 2203 2350 3778 2422; baseline -0.003 -14"><span class='ocrx_word' id='word_1_401' title='bbox 2203 2350 2529 2408; x_wconf 83' lang='lat' dir='ltr'><strong>accederent</strong></span> <span class='ocrx_word' id='word_1_402' title='bbox 2567 2351 2633 2404; x_wconf 86' lang='lat' dir='ltr'><strong>ad</strong></span> <span class='ocrx_word' id='word_1_403' title='bbox 2684 2350 2898 2418; x_wconf 89' lang='lat' dir='ltr'><strong>altare,</strong></span> <span class='ocrx_word' id='word_1_404' title='bbox 2949 2351 3094 2406; x_wconf 82' lang='lat' dir='ltr'><strong>sicut</strong></span> <span class='ocrx_word' id='word_1_405' title='bbox 3147 2360 3493 2422; x_wconf 74' lang='lat' dir='ltr'><strong>prmceperat</strong></span> <span class='ocrx_word' id='word_1_406' title='bbox 3547 2350 3778 2407; x_wconf 89' lang='lat' dir='ltr'><strong>Dominus</strong></span> 
     </span>
    </p>
   </div>
   <div class='ocr_carea' id='block_1_54' title="bbox 2203 2444 3778 2517">
    <p class='ocr_par' dir='ltr' id='par_1_54' title="bbox 2203 2444 3778 2517">
     <span class='ocr_line' id='line_1_54' title="bbox 2203 2444 3778 2517; baseline -0.003 -16"><span class='ocrx_word' id='word_1_407' title='bbox 2203 2446 2356 2502; x_wconf 88' lang='lat' dir='ltr'><strong>Mosi.</strong></span> <span class='ocrx_word' id='word_1_408' title='bbox 2386 2446 2575 2502; x_wconf 82' lang='lat' dir='ltr'><strong>Erexit</strong></span> <span class='ocrx_word' id='word_1_409' title='bbox 2604 2455 2659 2502; x_wconf 89' lang='lat' dir='ltr'><strong>et</strong></span> <span class='ocrx_word' id='word_1_410' title='bbox 2701 2445 2898 2500; x_wconf 88' lang='lat' dir='ltr'><strong>atrium</strong></span> <span class='ocrx_word' id='word_1_411' title='bbox 2925 2460 3024 2514; x_wconf 90' lang='lat' dir='ltr'><strong>per</strong></span> <span class='ocrx_word' id='word_1_412' title='bbox 3049 2460 3241 2517; x_wconf 84' lang='lat' dir='ltr'><strong>gyrum</strong></span> <span class='ocrx_word' id='word_1_413' title='bbox 3269 2444 3610 2501; x_wconf 88' lang='lat' dir='ltr'><strong>tabernaculi</strong></span> <span class='ocrx_word' id='word_1_414' title='bbox 3639 2452 3688 2499; x_wconf 91' lang='lat' dir='ltr'><strong>et</strong></span> <span class='ocrx_word' id='word_1_415' title='bbox 3709 2444 3778 2498; x_wconf 87' lang='lat' dir='ltr'><strong>al-</strong></span> 
     </span>
    </p>
   </div>
   <div class='ocr_carea' id='block_1_55' title="bbox 2202 2533 3779 2610">
    <p class='ocr_par' dir='ltr' id='par_1_55' title="bbox 2202 2533 3779 2610">
     <span class='ocr_line' id='line_1_55' title="bbox 2202 2533 3779 2610; baseline -0.004 -16"><span class='ocrx_word' id='word_1_416' title='bbox 2202 2538 2356 2605; x_wconf 89' lang='lat' dir='ltr'><strong>taris,</strong></span> <span class='ocrx_word' id='word_1_417' title='bbox 2391 2537 2553 2594; x_wconf 91' lang='lat' dir='ltr'><strong>ducto</strong></span> <span class='ocrx_word' id='word_1_418' title='bbox 2592 2538 2644 2592; x_wconf 91' lang='lat' dir='ltr'><strong>in</strong></span> <span class='ocrx_word' id='word_1_419' title='bbox 2674 2537 2899 2593; x_wconf 91' lang='lat' dir='ltr'><strong>introitu</strong></span> <span class='ocrx_word' id='word_1_420' title='bbox 2932 2535 3050 2607; x_wconf 90' lang='lat' dir='ltr'><strong>ejus</strong></span> <span class='ocrx_word' id='word_1_421' title='bbox 3079 2538 3321 2594; x_wconf 91' lang='lat' dir='ltr'><strong>tentorio</strong></span> <span class='ocrx_word' id='word_1_422' title='bbox 3353 2535 3450 2610; x_wconf 92' lang='lat' dir='ltr'><strong>[C.</strong></span> <span class='ocrx_word' id='word_1_423' title='bbox 3473 2533 3779 2606; x_wconf 55' lang='lat' dir='ltr'><strong>CXXXIX]</strong></span> 
     </span>
    </p>
   </div>
   <div class='ocr_carea' id='block_1_56' title="bbox 2204 2629 3783 2702">
    <p class='ocr_par' dir='ltr' id='par_1_56' title="bbox 2204 2629 3783 2702">
     <span class='ocr_line' id='line_1_56' title="bbox 2204 2629 3783 2702; baseline -0.005 -15"><span class='ocrx_word' id='word_1_424' title='bbox 2204 2632 2498 2699; x_wconf 85' lang='lat' dir='ltr'><strong>Postquam</strong></span> <span class='ocrx_word' id='word_1_425' title='bbox 2532 2631 2716 2687; x_wconf 91' lang='lat' dir='ltr'><strong>omnia</strong></span> <span class='ocrx_word' id='word_1_426' title='bbox 2767 2630 3006 2701; x_wconf 87' lang='lat' dir='ltr'><strong>perlecta</strong></span> <span class='ocrx_word' id='word_1_427' title='bbox 3058 2639 3218 2697; x_wconf 88' lang='lat' dir='ltr'><strong>sunt,</strong></span> <span class='ocrx_word' id='word_1_428' title='bbox 3276 2630 3498 2702; x_wconf 90' lang='lat' dir='ltr'><strong>operuit</strong></span> <span class='ocrx_word' id='word_1_429' title='bbox 3527 2629 3690 2684; x_wconf 90' lang='lat' dir='ltr'><strong>nubes</strong></span> <span class='ocrx_word' id='word_1_430' title='bbox 3715 2637 3783 2681; x_wconf 84' lang='lat' dir='ltr'><strong>ta-</strong></span> 
     </span>
    </p>
   </div>
   <div class='ocr_carea' id='block_1_57' title="bbox 2200 2718 3784 2795">
    <p class='ocr_par' dir='ltr' id='par_1_57' title="bbox 2200 2718 3784 2795">
     <span class='ocr_line' id='line_1_57' title="bbox 2200 2718 3784 2795; baseline -0.003 -17"><span class='ocrx_word' id='word_1_431' title='bbox 2200 2722 2562 2778; x_wconf 87' lang='lat' dir='ltr'><strong>bernaculum</strong></span> <span class='ocrx_word' id='word_1_432' title='bbox 2597 2721 2938 2791; x_wconf 87' lang='lat' dir='ltr'><strong>testimonii,</strong></span> <span class='ocrx_word' id='word_1_433' title='bbox 2987 2731 3044 2779; x_wconf 91' lang='lat' dir='ltr'><strong>et</strong></span> <span class='ocrx_word' id='word_1_434' title='bbox 3085 2722 3258 2795; x_wconf 82' lang='lat' dir='ltr'><strong>gloria</strong></span> <span class='ocrx_word' id='word_1_435' title='bbox 3305 2720 3524 2778; x_wconf 91' lang='lat' dir='ltr'><strong>Domini</strong></span> <span class='ocrx_word' id='word_1_436' title='bbox 3566 2718 3784 2789; x_wconf 80' lang='lat' dir='ltr'><strong>implevit</strong></span> 
     </span>
    </p>
   </div>
   <div class='ocr_carea' id='block_1_58' title="bbox 2201 2797 3781 2888">
    <p class='ocr_par' dir='ltr' id='par_1_58' title="bbox 2201 2797 3781 2888">
     <span class='ocr_line' id='line_1_58' title="bbox 2201 2797 3781 2888; baseline -0.004 -15"><span class='ocrx_word' id='word_1_437' title='bbox 2201 2819 2361 2874; x_wconf 93' lang='lat' dir='ltr'><strong>illud.</strong></span> <span class='ocrx_word' id='word_1_438' title='bbox 2405 2817 2518 2874; x_wconf 86' lang='lat' dir='ltr'><strong>Nec</strong></span> <span class='ocrx_word' id='word_1_439' title='bbox 2552 2826 2768 2888; x_wconf 89' lang='lat' dir='ltr'><strong>poterat</strong></span> <span class='ocrx_word' id='word_1_440' title='bbox 2814 2818 2998 2874; x_wconf 87' lang='lat' dir='ltr'><strong>Moses</strong></span> <span class='ocrx_word' id='word_1_441' title='bbox 3043 2797 3255 2888; x_wconf 68' lang='lat' dir='ltr'><strong>ingredi</strong></span> <span class='ocrx_word' id='word_1_442' title='bbox 3306 2823 3512 2872; x_wconf 89' lang='lat' dir='ltr'><strong>tectum</strong></span> <span class='ocrx_word' id='word_1_443' title='bbox 3546 2811 3781 2880; x_wconf 80' lang='lat' dir='ltr'><strong>ftederis,</strong></span> 
     </span>
    </p>
   </div>
   <div class='ocr_carea' id='block_1_59' title="bbox 2203 2909 3786 2984">
    <p class='ocr_par' dir='ltr' id='par_1_59' title="bbox 2203 2909 3786 2984">
     <span class='ocr_line' id='line_1_59' title="bbox 2203 2909 3786 2984; baseline -0.005 -15"><span class='ocrx_word' id='word_1_444' title='bbox 2203 2914 2347 2970; x_wconf 89' lang='lat' dir='ltr'><strong>nube</strong></span> <span class='ocrx_word' id='word_1_445' title='bbox 2377 2913 2658 2984; x_wconf 83' lang='lat' dir='ltr'><strong>Operiente</strong></span> <span class='ocrx_word' id='word_1_446' title='bbox 2687 2912 2865 2967; x_wconf 88' lang='lat' dir='ltr'><strong>omnia</strong></span> <span class='ocrx_word' id='word_1_447' title='bbox 2891 2954 2905 2978; x_wconf 90' lang='lat'><strong>,</strong></span> <span class='ocrx_word' id='word_1_448' title='bbox 2936 2923 2990 2968; x_wconf 90' lang='lat' dir='ltr'><strong>et</strong></span> <span class='ocrx_word' id='word_1_449' title='bbox 3041 2911 3336 2982; x_wconf 87' lang='lat' dir='ltr'><strong>majestate</strong></span> <span class='ocrx_word' id='word_1_450' title='bbox 3369 2909 3584 2965; x_wconf 88' lang='lat' dir='ltr'><strong>Domini</strong></span> <span class='ocrx_word' id='word_1_451' title='bbox 3618 2921 3786 2964; x_wconf 91' lang='lat' dir='ltr'><strong>corus-</strong></span> 
     </span>
    </p>
   </div>
   <div class='ocr_carea' id='block_1_60' title="bbox 2201 2998 3785 3076">
    <p class='ocr_par' dir='ltr' id='par_1_60' title="bbox 2201 2998 3785 3076">
     <span class='ocr_line' id='line_1_60' title="bbox 2201 2998 3785 3076; baseline -0.007 -13"><span class='ocrx_word' id='word_1_452' title='bbox 2201 3013 2379 3071; x_wconf 86' lang='lat' dir='ltr'><strong>cante,</strong></span> <span class='ocrx_word' id='word_1_453' title='bbox 2409 3007 2537 3075; x_wconf 86' lang='lat' dir='ltr'><strong>quia</strong></span> <span class='ocrx_word' id='word_1_454' title='bbox 2559 3012 2753 3061; x_wconf 91' lang='lat' dir='ltr'><strong>cuncta</strong></span> <span class='ocrx_word' id='word_1_455' title='bbox 2785 3005 2956 3060; x_wconf 89' lang='lat' dir='ltr'><strong>nubes</strong></span> <span class='ocrx_word' id='word_1_456' title='bbox 2981 3013 3298 3076; x_wconf 85' lang='lat' dir='ltr'><strong>operuerat.</strong></span> <span class='ocrx_word' id='word_1_457' title='bbox 3325 3000 3615 3074; x_wconf 83' lang='lat' dir='ltr'><strong>Siquando</strong></span> <span class='ocrx_word' id='word_1_458' title='bbox 3633 2998 3785 3054; x_wconf 91' lang='lat' dir='ltr'><strong>nubes</strong></span> 
     </span>
    </p>
   </div>
   <div class='ocr_carea' id='block_1_61' title="bbox 2203 3091 3785 3170">
    <p class='ocr_par' dir='ltr' id='par_1_61' title="bbox 2203 3091 3785 3170">
     <span class='ocr_line' id='line_1_61' title="bbox 2203 3091 3785 3170; baseline -0.006 -16"><span class='ocrx_word' id='word_1_459' title='bbox 2203 3100 2604 3156; x_wconf 88' lang='lat' dir='ltr'><strong>tabernaculum</strong></span> <span class='ocrx_word' id='word_1_460' title='bbox 2638 3098 2953 3165; x_wconf 89' lang='lat' dir='ltr'><strong>deserebat,</strong></span> <span class='ocrx_word' id='word_1_461' title='bbox 2981 3097 3486 3170; x_wconf 88' lang='lat' dir='ltr'><strong>proﬁciscebantur</strong></span> <span class='ocrx_word' id='word_1_462' title='bbox 3513 3094 3608 3150; x_wconf 93' lang='lat' dir='ltr'><strong>ﬁlii</strong></span> <span class='ocrx_word' id='word_1_463' title='bbox 3637 3091 3785 3148; x_wconf 90' lang='lat' dir='ltr'><strong>Israel</strong></span> 
     </span>
    </p>
   </div>
   <div class='ocr_carea' id='block_1_62' title="bbox 492 3185 3789 3267">
    <p class='ocr_par' dir='ltr' id='par_1_62' title="bbox 492 3185 3789 3267">
     <span class='ocr_line' id='line_1_62' title="bbox 492 3185 3789 3267; baseline -0.002 -19"><span class='ocrx_word' id='word_1_464' title='bbox 492 3192 787 3266; x_wconf 89' lang='lat' dir='ltr'><strong>piternum.</strong></span> <span class='ocrx_word' id='word_1_465' title='bbox 817 3191 1082 3262; x_wconf 84' lang='lat' dir='ltr'><strong>Fecitque</strong></span> <span class='ocrx_word' id='word_1_466' title='bbox 1122 3193 1303 3248; x_wconf 87' lang='lat' dir='ltr'><strong>Moses</strong></span> <span class='ocrx_word' id='word_1_467' title='bbox 1334 3192 1517 3248; x_wconf 90' lang='lat' dir='ltr'><strong>omnia</strong></span> <span class='ocrx_word' id='word_1_468' title='bbox 1541 3236 1555 3260; x_wconf 91' lang='lat'><strong>,</strong></span> <span class='ocrx_word' id='word_1_469' title='bbox 1603 3207 1724 3262; x_wconf 81' lang='lat' dir='ltr'><strong>quae</strong></span> <span class='ocrx_word' id='word_1_470' title='bbox 1758 3203 2098 3263; x_wconf 64' lang='lat' dir='ltr'><strong>princeperat</strong></span> <span class='ocrx_word' id='word_1_471' title='bbox 2127 3196 2172 3261; x_wconf 74' lang='grc' dir='ltr'><strong>ρ</strong></span> <span class='ocrx_word' id='word_1_472' title='bbox 2206 3211 2303 3267; x_wconf 91' lang='lat' dir='ltr'><strong>per</strong></span> <span class='ocrx_word' id='word_1_473' title='bbox 2334 3204 2541 3250; x_wconf 87' lang='lat' dir='ltr'><strong>turmas</strong></span> <span class='ocrx_word' id='word_1_474' title='bbox 2572 3209 2697 3250; x_wconf 83' lang='lat' dir='ltr'><strong>suas</strong></span> <span class='ocrx_word' id='word_1_475' title='bbox 2733 3212 2745 3248; x_wconf 93' lang='lat'><strong>:</strong></span> <span class='ocrx_word' id='word_1_476' title='bbox 2778 3193 2827 3250; x_wconf 93' lang='lat' dir='ltr'><strong>si</strong></span> <span class='ocrx_word' id='word_1_477' title='bbox 2867 3192 3142 3266; x_wconf 90' lang='lat' dir='ltr'><strong>pendebat</strong></span> <span class='ocrx_word' id='word_1_478' title='bbox 3175 3192 3422 3263; x_wconf 86' lang='lat' dir='ltr'><strong>desuper</strong></span> <span class='ocrx_word' id='word_1_479' title='bbox 3445 3233 3462 3258; x_wconf 93' lang='lat'><strong>,</strong></span> <span class='ocrx_word' id='word_1_480' title='bbox 3515 3185 3789 3244; x_wconf 86' lang='lat' dir='ltr'><strong>manebant</strong></span> 
     </span>
    </p>
   </div>
   <div class='ocr_carea' id='block_1_63' title="bbox 493 3284 2096 3361">
    <p class='ocr_par' dir='ltr' id='par_1_63' title="bbox 493 3284 2096 3361">
     <span class='ocr_line' id='line_1_63' title="bbox 493 3284 2096 3361; baseline -0.001 -19"><span class='ocrx_word' id='word_1_481' title='bbox 493 3289 778 3344; x_wconf 84' lang='lat' dir='ltr'><strong>Dominus.</strong></span> <span class='ocrx_word' id='word_1_482' title='bbox 815 3286 922 3361; x_wconf 77' lang='grc' dir='ltr'><strong>[Τ.</strong></span> <span class='ocrx_word' id='word_1_483' title='bbox 977 3285 1169 3354; x_wconf 83' lang='lat' dir='ltr'><strong>XVIII,</strong></span> <span class='ocrx_word' id='word_1_484' title='bbox 1198 3286 1260 3342; x_wconf 91' lang='lat' dir='ltr'><strong>C.</strong></span> <span class='ocrx_word' id='word_1_485' title='bbox 1293 3284 1674 3357; x_wconf 80' lang='lat' dir='ltr'><strong>CXXXVIII.]</strong></span> <span class='ocrx_word' id='word_1_486' title='bbox 1705 3284 1876 3356; x_wconf 89' lang='lat' dir='ltr'><strong>Igitur</strong></span> <span class='ocrx_word' id='word_1_487' title='bbox 1907 3299 2096 3342; x_wconf 89' lang='lat' dir='ltr'><strong>mense</strong></span> 
     </span>
    </p>
   </div>
   <div class='ocr_carea' id='block_1_64' title="bbox 490 3381 2094 3455">
    <p class='ocr_par' dir='ltr' id='par_1_64' title="bbox 490 3381 2094 3455">
     <span class='ocr_line' id='line_1_64' title="bbox 490 3381 2094 3455; baseline -0.001 -16"><span class='ocrx_word' id='word_1_488' title='bbox 490 3384 666 3455; x_wconf 89' lang='lat' dir='ltr'><strong>primo</strong></span> <span class='ocrx_word' id='word_1_489' title='bbox 692 3383 820 3438; x_wconf 90' lang='lat' dir='ltr'><strong>anni</strong></span> <span class='ocrx_word' id='word_1_490' title='bbox 848 3383 1098 3451; x_wconf 86' lang='lat' dir='ltr'><strong>secundi,</strong></span> <span class='ocrx_word' id='word_1_491' title='bbox 1129 3383 1183 3438; x_wconf 90' lang='lat' dir='ltr'><strong>in</strong></span> <span class='ocrx_word' id='word_1_492' title='bbox 1212 3382 1386 3454; x_wconf 90' lang='lat' dir='ltr'><strong>prima</strong></span> <span class='ocrx_word' id='word_1_493' title='bbox 1408 3381 1497 3437; x_wconf 92' lang='lat' dir='ltr'><strong>die</strong></span> <span class='ocrx_word' id='word_1_494' title='bbox 1519 3381 1742 3448; x_wconf 88' lang='lat' dir='ltr'><strong>mensis,</strong></span> <span class='ocrx_word' id='word_1_495' title='bbox 1768 3381 2094 3437; x_wconf 90' lang='lat' dir='ltr'><strong>collocatum</strong></span> 
     </span>
    </p>
   </div>
   <div class='ocr_carea' id='block_1_65' title="bbox 491 3471 2092 3545">
    <p class='ocr_par' dir='ltr' id='par_1_65' title="bbox 491 3471 2092 3545">
     <span class='ocr_line' id='line_1_65' title="bbox 491 3471 2092 3545; baseline -0.001 -15"><span class='ocrx_word' id='word_1_496' title='bbox 491 3484 576 3530; x_wconf 86' lang='lat' dir='ltr'><strong>est</strong></span> <span class='ocrx_word' id='word_1_497' title='bbox 606 3475 1037 3531; x_wconf 86' lang='lat' dir='ltr'><strong>tabernaculum.</strong></span> <span class='ocrx_word' id='word_1_498' title='bbox 1079 3474 1379 3545; x_wconf 82' lang='lat' dir='ltr'><strong>Erexitque</strong></span> <span class='ocrx_word' id='word_1_499' title='bbox 1424 3471 1558 3528; x_wconf 89' lang='lat' dir='ltr'><strong>illud</strong></span> <span class='ocrx_word' id='word_1_500' title='bbox 1583 3471 1784 3542; x_wconf 90' lang='lat' dir='ltr'><strong>Moses,</strong></span> <span class='ocrx_word' id='word_1_501' title='bbox 1825 3482 1881 3528; x_wconf 91' lang='lat' dir='ltr'><strong>et</strong></span> <span class='ocrx_word' id='word_1_502' title='bbox 1913 3475 2092 3544; x_wconf 91' lang='lat' dir='ltr'><strong>posuit</strong></span> 
     </span>
    </p>
   </div>
   <div class='ocr_carea' id='block_1_66' title="bbox 489 3566 2096 3638">
    <p class='ocr_par' dir='ltr' id='par_1_66' title="bbox 489 3566 2096 3638">
     <span class='ocr_line' id='line_1_66' title="bbox 489 3566 2096 3638; baseline 0.001 -14"><span class='ocrx_word' id='word_1_503' title='bbox 489 3568 698 3626; x_wconf 87' lang='lat' dir='ltr'><strong>tabulas</strong></span> <span class='ocrx_word' id='word_1_504' title='bbox 725 3583 790 3625; x_wconf 86' lang='lat' dir='ltr'><strong>ac</strong></span> <span class='ocrx_word' id='word_1_505' title='bbox 817 3570 979 3626; x_wconf 89' lang='lat' dir='ltr'><strong>bases</strong></span> <span class='ocrx_word' id='word_1_506' title='bbox 1007 3577 1062 3626; x_wconf 88' lang='lat' dir='ltr'><strong>et</strong></span> <span class='ocrx_word' id='word_1_507' title='bbox 1090 3577 1296 3637; x_wconf 88' lang='lat' dir='ltr'><strong>vectes,</strong></span> <span class='ocrx_word' id='word_1_508' title='bbox 1344 3567 1645 3638; x_wconf 86' lang='lat' dir='ltr'><strong>statuitque</strong></span> <span class='ocrx_word' id='word_1_509' title='bbox 1675 3566 1959 3622; x_wconf 89' lang='lat' dir='ltr'><strong>columnas</strong></span> <span class='ocrx_word' id='word_1_510' title='bbox 1982 3610 1996 3636; x_wconf 95' lang='lat'><strong>,</strong></span> <span class='ocrx_word' id='word_1_511' title='bbox 2041 3576 2096 3625; x_wconf 93' lang='lat' dir='ltr'><strong>et</strong></span> 
     </span>
    </p>
   </div>
   <div class='ocr_carea' id='block_1_67' title="bbox 2206 3281 3789 3358">
    <p class='ocr_par' dir='ltr' id='par_1_67' title="bbox 2206 3281 3789 3358">
     <span class='ocr_line' id='line_1_67' title="bbox 2206 3281 3789 3358; baseline -0.008 -14"><span class='ocrx_word' id='word_1_512' title='bbox 2206 3289 2261 3344; x_wconf 91' lang='lat' dir='ltr'><strong>in</strong></span> <span class='ocrx_word' id='word_1_513' title='bbox 2289 3288 2484 3346; x_wconf 90' lang='lat' dir='ltr'><strong>eodem</strong></span> <span class='ocrx_word' id='word_1_514' title='bbox 2524 3287 2665 3344; x_wconf 92' lang='lat' dir='ltr'><strong>loco.</strong></span> <span class='ocrx_word' id='word_1_515' title='bbox 2698 3287 2878 3343; x_wconf 86' lang='lat' dir='ltr'><strong>Nubes</strong></span> <span class='ocrx_word' id='word_1_516' title='bbox 2905 3287 3108 3358; x_wconf 89' lang='lat' dir='ltr'><strong>quippe</strong></span> <span class='ocrx_word' id='word_1_517' title='bbox 3135 3284 3361 3341; x_wconf 90' lang='lat' dir='ltr'><strong>Domini</strong></span> <span class='ocrx_word' id='word_1_518' title='bbox 3399 3281 3684 3339; x_wconf 88' lang='lat' dir='ltr'><strong>incubabat</strong></span> <span class='ocrx_word' id='word_1_519' title='bbox 3706 3293 3789 3350; x_wconf 88' lang='lat' dir='ltr'><strong>per</strong></span> 
     </span>
    </p>
   </div>
   <div class='ocr_carea' id='block_1_68' title="bbox 2199 3376 3790 3452">
    <p class='ocr_par' dir='ltr' id='par_1_68' title="bbox 2199 3376 3790 3452">
     <span class='ocr_line' id='line_1_68' title="bbox 2199 3376 3790 3452; baseline -0.008 -14"><span class='ocrx_word' id='word_1_520' title='bbox 2199 3383 2342 3439; x_wconf 90' lang='lat' dir='ltr'><strong>diem</strong></span> <span class='ocrx_word' id='word_1_521' title='bbox 2373 3383 2752 3450; x_wconf 86' lang='lat' dir='ltr'><strong>tabernaculo,</strong></span> <span class='ocrx_word' id='word_1_522' title='bbox 2781 3390 2838 3438; x_wconf 90' lang='lat' dir='ltr'><strong>et</strong></span> <span class='ocrx_word' id='word_1_523' title='bbox 2864 3382 3004 3452; x_wconf 81' lang='lat' dir='ltr'><strong>ignis</strong></span> <span class='ocrx_word' id='word_1_524' title='bbox 3037 3382 3089 3436; x_wconf 92' lang='lat' dir='ltr'><strong>in</strong></span> <span class='ocrx_word' id='word_1_525' title='bbox 3122 3388 3312 3449; x_wconf 87' lang='lat' dir='ltr'><strong>nocte,</strong></span> <span class='ocrx_word' id='word_1_526' title='bbox 3345 3376 3660 3434; x_wconf 82' lang='lat' dir='ltr'><strong>videntibus</strong></span> <span class='ocrx_word' id='word_1_527' title='bbox 3681 3387 3790 3428; x_wconf 88' lang='lat' dir='ltr'><strong>cun-</strong></span> 
     </span>
    </p>
   </div>
   <div class='ocr_carea' id='block_1_69' title="bbox 2200 3473 3636 3548">
    <p class='ocr_par' dir='ltr' id='par_1_69' title="bbox 2200 3473 3636 3548">
     <span class='ocr_line' id='line_1_69' title="bbox 2200 3473 3636 3548; baseline -0.007 -16"><span class='ocrx_word' id='word_1_528' title='bbox 2200 3477 2303 3532; x_wconf 89' lang='lat' dir='ltr'><strong>ctis</strong></span> <span class='ocrx_word' id='word_1_529' title='bbox 2326 3477 2546 3548; x_wconf 90' lang='lat' dir='ltr'><strong>populis</strong></span> <span class='ocrx_word' id='word_1_530' title='bbox 2572 3474 2739 3532; x_wconf 88' lang='lat' dir='ltr'><strong>Israel</strong></span> <span class='ocrx_word' id='word_1_531' title='bbox 2767 3489 2864 3547; x_wconf 88' lang='lat' dir='ltr'><strong>per</strong></span> <span class='ocrx_word' id='word_1_532' title='bbox 2883 3484 3106 3532; x_wconf 88' lang='lat' dir='ltr'><strong>cunctas</strong></span> <span class='ocrx_word' id='word_1_533' title='bbox 3137 3473 3470 3538; x_wconf 33' lang='lat' dir='ltr'><strong>mansiones,</strong></span> <span class='ocrx_word' id='word_1_534' title='bbox 3489 3483 3636 3526; x_wconf 89' lang='lat' dir='ltr'><strong>suas.</strong></span> 
     </span>
    </p>
   </div>
   <div class='ocr_carea' id='block_1_70' title="bbox 1518 3680 2741 3756">
    <p class='ocr_par' dir='ltr' id='par_1_70' title="bbox 1518 3680 2741 3756">
     <span class='ocr_line' id='line_1_70' title="bbox 1518 3680 2741 3756; baseline 0 -18"><span class='ocrx_word' id='word_1_535' title='bbox 1518 3682 1749 3756; x_wconf 70' lang='lat' dir='ltr'><strong>Explicit</strong></span> <span class='ocrx_word' id='word_1_536' title='bbox 1770 3682 1896 3739; x_wconf 91' lang='lat' dir='ltr'><strong>liber</strong></span> <span class='ocrx_word' id='word_1_537' title='bbox 1924 3680 2046 3738; x_wconf 89' lang='lat' dir='ltr'><strong>Elle</strong></span> <span class='ocrx_word' id='word_1_538' title='bbox 2070 3682 2278 3752; x_wconf 86' lang='lat' dir='ltr'><strong>Smoth,</strong></span> <span class='ocrx_word' id='word_1_539' title='bbox 2302 3684 2359 3739; x_wconf 97' lang='lat' dir='ltr'><strong>id</strong></span> <span class='ocrx_word' id='word_1_540' title='bbox 2383 3692 2479 3753; x_wconf 90' lang='lat' dir='ltr'><strong>est,</strong></span> <span class='ocrx_word' id='word_1_541' title='bbox 2504 3682 2741 3739; x_wconf 58' lang='lat' dir='ltr'><strong>Euodus.</strong></span> 
     </span>
    </p>
   </div>
   <div class='ocr_carea' id='block_1_71' title="bbox 499 3791 3785 3827">
    <p class='ocr_par' dir='ltr' id='par_1_71' title="bbox 499 3791 3785 3827">
     <span class='ocr_line' id='line_1_71' title="bbox 499 3791 3785 3827; baseline -0.002 -12"><span class='ocrx_word' id='word_1_542' title='bbox 499 3791 3785 3827; x_wconf 78' lang='lat'><strong>_________________________________.__.____._.._</strong></span> 
     </span>
    </p>
   </div>
   <div class='ocr_carea' id='block_1_72' title="bbox 1282 3895 3011 3974">
    <p class='ocr_par' dir='ltr' id='par_1_72' title="bbox 1282 3895 3011 3974">
     <span class='ocr_line' id='line_1_72' title="bbox 1282 3895 3011 3974; baseline -0.002 -15"><span class='ocrx_word' id='word_1_543' title='bbox 1282 3895 1553 3959; x_wconf 89' lang='lat' dir='ltr'><strong>TITULI</strong></span> <span class='ocrx_word' id='word_1_544' title='bbox 1597 3895 1811 3957; x_wconf 85' lang='lat' dir='ltr'><strong>LIBRI</strong></span> <span class='ocrx_word' id='word_1_545' title='bbox 1854 3895 2233 3974; x_wconf 89' lang='lat' dir='ltr'><strong>LEVITICI,</strong></span> <span class='ocrx_word' id='word_1_546' title='bbox 2282 3897 2362 3959; x_wconf 90' lang='lat' dir='ltr'><strong>ID</strong></span> <span class='ocrx_word' id='word_1_547' title='bbox 2411 3897 2580 3974; x_wconf 87' lang='lat' dir='ltr'><strong>EST,</strong></span> <span class='ocrx_word' id='word_1_548' title='bbox 2623 3895 3011 3959; x_wconf 82' lang='lat' dir='ltr'><strong>VAJECRA.</strong></span> 
     </span>
    </p>
   </div>
   <div class='ocr_carea' id='block_1_73' title="bbox 489 4039 2093 4110">
    <p class='ocr_par' dir='ltr' id='par_1_73' title="bbox 489 4039 2093 4110">
     <span class='ocr_line' id='line_1_73' title="bbox 489 4039 2093 4110; baseline -0.003 -9"><span class='ocrx_word' id='word_1_549' title='bbox 489 4043 530 4102; x_wconf 93' lang='lat' dir='ltr'><strong>I.</strong></span> <span class='ocrx_word' id='word_1_550' title='bbox 568 4043 667 4100; x_wconf 86' lang='lat' dir='ltr'><strong>Ubi</strong></span> <span class='ocrx_word' id='word_1_551' title='bbox 703 4043 787 4101; x_wconf 77' lang='lat' dir='ltr'><strong>lea:</strong></span> <span class='ocrx_word' id='word_1_552' title='bbox 809 4042 1229 4100; x_wconf 88' lang='lat' dir='ltr'><strong>Itolocaustorum</strong></span> <span class='ocrx_word' id='word_1_553' title='bbox 1255 4042 1320 4098; x_wconf 91' lang='lat' dir='ltr'><strong>de</strong></span> <span class='ocrx_word' id='word_1_554' title='bbox 1344 4042 1622 4097; x_wconf 79' lang='lat' dir='ltr'><strong>immundis</strong></span> <span class='ocrx_word' id='word_1_555' title='bbox 1647 4039 1983 4110; x_wconf 80' lang='lat' dir='ltr'><strong>animalibus,</strong></span> <span class='ocrx_word' id='word_1_556' title='bbox 2013 4041 2093 4096; x_wconf 87' lang='lat' dir='ltr'><strong>uel</strong></span> 
     </span>
    </p>
   </div>
   <div class='ocr_carea' id='block_1_74' title="bbox 557 4134 1763 4208">
    <p class='ocr_par' dir='ltr' id='par_1_74' title="bbox 557 4134 1763 4208">
     <span class='ocr_line' id='line_1_74' title="bbox 557 4134 1763 4208; baseline -0.002 -16"><span class='ocrx_word' id='word_1_557' title='bbox 557 4137 734 4192; x_wconf 82' lang='lat' dir='ltr'><strong>avibus</strong></span> <span class='ocrx_word' id='word_1_558' title='bbox 761 4135 976 4191; x_wconf 86' lang='lat' dir='ltr'><strong>Domini</strong></span> <span class='ocrx_word' id='word_1_559' title='bbox 1000 4134 1394 4208; x_wconf 82' lang='lat' dir='ltr'><strong>promulgatur.</strong></span> <span class='ocrx_word' id='word_1_560' title='bbox 1748 4135 1763 4153; x_wconf 86' lang='lat'><strong>‘</strong></span> 
     </span>
    </p>
   </div>
   <div class='ocr_carea' id='block_1_75' title="bbox 487 4226 2088 4303">
    <p class='ocr_par' dir='ltr' id='par_1_75' title="bbox 487 4226 2088 4303">
     <span class='ocr_line' id='line_1_75' title="bbox 487 4226 2088 4303; baseline -0.007 -13"><span class='ocrx_word' id='word_1_561' title='bbox 487 4232 552 4290; x_wconf 93' lang='lat' dir='ltr'><strong>II.</strong></span> <span class='ocrx_word' id='word_1_562' title='bbox 584 4231 923 4302; x_wconf 84' lang='lat' dir='ltr'><strong>Sacriﬁcium</strong></span> <span class='ocrx_word' id='word_1_563' title='bbox 955 4245 1050 4303; x_wconf 90' lang='lat' dir='ltr'><strong>pro</strong></span> <span class='ocrx_word' id='word_1_564' title='bbox 1085 4238 1295 4303; x_wconf 87' lang='lat' dir='ltr'><strong>peccato</strong></span> <span class='ocrx_word' id='word_1_565' title='bbox 1323 4245 1414 4300; x_wconf 88' lang='lat' dir='ltr'><strong>per</strong></span> <span class='ocrx_word' id='word_1_566' title='bbox 1441 4227 1796 4300; x_wconf 80' lang='lat' dir='ltr'><strong>ignorantiam</strong></span> <span class='ocrx_word' id='word_1_567' title='bbox 1839 4226 2088 4280; x_wconf 87' lang='lat' dir='ltr'><strong>admisso.</strong></span> 
     </span>
    </p>
   </div>
   <div class='ocr_carea' id='block_1_76' title="bbox 557 4317 2087 4395">
    <p class='ocr_par' dir='ltr' id='par_1_76' title="bbox 557 4317 2087 4395">
     <span class='ocr_line' id='line_1_76' title="bbox 557 4317 2087 4395; baseline -0.006 -15"><span class='ocrx_word' id='word_1_568' title='bbox 557 4323 782 4380; x_wconf 80' lang='lat' dir='ltr'><strong>Jubetur</strong></span> <span class='ocrx_word' id='word_1_569' title='bbox 811 4323 876 4379; x_wconf 94' lang='lat' dir='ltr'><strong>de</strong></span> <span class='ocrx_word' id='word_1_570' title='bbox 902 4323 1198 4395; x_wconf 77' lang='lat' dir='ltr'><strong>ignorantia</strong></span> <span class='ocrx_word' id='word_1_571' title='bbox 1230 4320 1496 4393; x_wconf 80' lang='lat' dir='ltr'><strong>pontiﬁcis</strong></span> <span class='ocrx_word' id='word_1_572' title='bbox 1525 4336 1618 4393; x_wconf 88' lang='lat' dir='ltr'><strong>pro</strong></span> <span class='ocrx_word' id='word_1_573' title='bbox 1657 4335 1831 4374; x_wconf 86' lang='lat' dir='ltr'><strong>errore</strong></span> <span class='ocrx_word' id='word_1_574' title='bbox 1871 4317 2087 4391; x_wconf 81' lang='lat' dir='ltr'><strong>pepuli,</strong></span> 
     </span>
    </p>
   </div>
   <div class='ocr_carea' id='block_1_77' title="bbox 497 4412 2090 4495">
    <p class='ocr_par' dir='ltr' id='par_1_77' title="bbox 497 4412 2090 4495">
     <span class='ocr_line' id='line_1_77' title="bbox 497 4412 2090 4495; baseline -0.004 -21"><span class='ocrx_word' id='word_1_575' title='bbox 497 4437 505 4442; x_wconf 57' lang='grc' dir='ltr'><strong>λ</strong></span> <span class='ocrx_word' id='word_1_576' title='bbox 559 4437 653 4495; x_wconf 89' lang='lat' dir='ltr'><strong>pro</strong></span> <span class='ocrx_word' id='word_1_577' title='bbox 674 4429 798 4476; x_wconf 84' lang='lat' dir='ltr'><strong>actu</strong></span> <span class='ocrx_word' id='word_1_578' title='bbox 823 4415 1102 4486; x_wconf 86' lang='lat' dir='ltr'><strong>immundi,</strong></span> <span class='ocrx_word' id='word_1_579' title='bbox 1127 4424 1174 4470; x_wconf 90' lang='lat' dir='ltr'><strong>et</strong></span> <span class='ocrx_word' id='word_1_580' title='bbox 1203 4414 1563 4471; x_wconf 86' lang='lat' dir='ltr'><strong>recordatione</strong></span> <span class='ocrx_word' id='word_1_581' title='bbox 1584 4412 1802 4486; x_wconf 87' lang='lat' dir='ltr'><strong>peccati,</strong></span> <span class='ocrx_word' id='word_1_582' title='bbox 1833 4421 1883 4467; x_wconf 90' lang='lat' dir='ltr'><strong>et</strong></span> <span class='ocrx_word' id='word_1_583' title='bbox 1907 4421 2090 4468; x_wconf 88' lang='lat' dir='ltr'><strong>temere</strong></span> 
     </span>
    </p>
   </div>
   <div class='ocr_carea' id='block_1_78' title="bbox 561 4514 884 4571">
    <p class='ocr_par' dir='ltr' id='par_1_78' title="bbox 561 4514 884 4571">
     <span class='ocr_line' id='line_1_78' title="bbox 561 4514 884 4571; baseline -0.006 0"><span class='ocrx_word' id='word_1_584' title='bbox 561 4514 884 4571; x_wconf 81' lang='lat' dir='ltr'><strong>curantibus.</strong></span> 
     </span>
    </p>
   </div>
   <div class='ocr_carea' id='block_1_79' title="bbox 491 4603 2092 4679">
    <p class='ocr_par' dir='ltr' id='par_1_79' title="bbox 491 4603 2092 4679">
     <span class='ocr_line' id='line_1_79' title="bbox 491 4603 2092 4679; baseline -0.005 -13"><span class='ocrx_word' id='word_1_585' title='bbox 491 4608 578 4666; x_wconf 91' lang='lat' dir='ltr'><strong>III.</strong></span> <span class='ocrx_word' id='word_1_586' title='bbox 609 4610 689 4665; x_wconf 85' lang='lat' dir='ltr'><strong>De</strong></span> <span class='ocrx_word' id='word_1_587' title='bbox 715 4608 976 4679; x_wconf 85' lang='lat' dir='ltr'><strong>sacriﬁcio</strong></span> <span class='ocrx_word' id='word_1_588' title='bbox 1006 4623 1216 4674; x_wconf 87' lang='lat' dir='ltr'><strong>eorum,</strong></span> <span class='ocrx_word' id='word_1_589' title='bbox 1250 4606 1340 4678; x_wconf 85' lang='lat' dir='ltr'><strong>qui</strong></span> <span class='ocrx_word' id='word_1_590' title='bbox 1382 4621 1473 4676; x_wconf 91' lang='lat' dir='ltr'><strong>per</strong></span> <span class='ocrx_word' id='word_1_591' title='bbox 1501 4619 1726 4660; x_wconf 87' lang='lat' dir='ltr'><strong>errorem</strong></span> <span class='ocrx_word' id='word_1_592' title='bbox 1771 4603 2092 4674; x_wconf 80' lang='lat' dir='ltr'><strong>sanctiﬁcata</strong></span> 
     </span>
    </p>
   </div>
   <div class='ocr_carea' id='block_1_80' title="bbox 562 4698 2084 4774">
    <p class='ocr_par' dir='ltr' id='par_1_80' title="bbox 562 4698 2084 4774">
     <span class='ocr_line' id='line_1_80' title="bbox 562 4698 2084 4774; baseline -0.003 -17"><span class='ocrx_word' id='word_1_593' title='bbox 562 4704 862 4769; x_wconf 85' lang='lat' dir='ltr'><strong>comedunt,</strong></span> <span class='ocrx_word' id='word_1_594' title='bbox 893 4713 940 4758; x_wconf 90' lang='lat' dir='ltr'><strong>et</strong></span> <span class='ocrx_word' id='word_1_595' title='bbox 970 4702 1035 4758; x_wconf 91' lang='lat' dir='ltr'><strong>de</strong></span> <span class='ocrx_word' id='word_1_596' title='bbox 1062 4712 1281 4774; x_wconf 86' lang='lat' dir='ltr'><strong>negante</strong></span> <span class='ocrx_word' id='word_1_597' title='bbox 1303 4709 1350 4755; x_wconf 88' lang='lat' dir='ltr'><strong>et</strong></span> <span class='ocrx_word' id='word_1_598' title='bbox 1383 4701 1665 4771; x_wconf 86' lang='lat' dir='ltr'><strong>pejerante,</strong></span> <span class='ocrx_word' id='word_1_599' title='bbox 1699 4706 1744 4752; x_wconf 89' lang='lat' dir='ltr'><strong>et</strong></span> <span class='ocrx_word' id='word_1_600' title='bbox 1774 4698 2084 4753; x_wconf 89' lang='lat' dir='ltr'><strong>libamentis.</strong></span> 
     </span>
    </p>
   </div>
   <div class='ocr_carea' id='block_1_81' title="bbox 490 4790 2092 4865">
    <p class='ocr_par' dir='ltr' id='par_1_81' title="bbox 490 4790 2092 4865">
     <span class='ocr_line' id='line_1_81' title="bbox 490 4790 2092 4865; baseline -0.002 -15"><span class='ocrx_word' id='word_1_601' title='bbox 490 4795 581 4853; x_wconf 86' lang='lat' dir='ltr'><strong>IV.</strong></span> <span class='ocrx_word' id='word_1_602' title='bbox 616 4795 696 4851; x_wconf 90' lang='lat' dir='ltr'><strong>De</strong></span> <span class='ocrx_word' id='word_1_603' title='bbox 737 4795 1089 4852; x_wconf 73' lang='lat' dir='ltr'><strong>oblationibus</strong></span> <span class='ocrx_word' id='word_1_604' title='bbox 1123 4793 1481 4860; x_wconf 78' lang='lat' dir='ltr'><strong>sacerdotum,</strong></span> <span class='ocrx_word' id='word_1_605' title='bbox 1528 4810 1655 4865; x_wconf 90' lang='lat' dir='ltr'><strong>quas</strong></span> <span class='ocrx_word' id='word_1_606' title='bbox 1692 4810 1786 4864; x_wconf 89' lang='lat' dir='ltr'><strong>pro</strong></span> <span class='ocrx_word' id='word_1_607' title='bbox 1817 4810 1872 4848; x_wconf 90' lang='lat' dir='ltr'><strong>se</strong></span> <span class='ocrx_word' id='word_1_608' title='bbox 1900 4790 2092 4860; x_wconf 74' lang='lat' dir='ltr'><strong>aﬁ&#39;erre</strong></span> 
     </span>
    </p>
   </div>
   <div class='ocr_carea' id='block_1_82' title="bbox 2267 4037 3790 4114">
    <p class='ocr_par' dir='ltr' id='par_1_82' title="bbox 2267 4037 3790 4114">
     <span class='ocr_line' id='line_1_82' title="bbox 2267 4037 3790 4114; baseline -0.006 -16"><span class='ocrx_word' id='word_1_609' title='bbox 2267 4044 2604 4099; x_wconf 86' lang='lat' dir='ltr'><strong>taminatione</strong></span> <span class='ocrx_word' id='word_1_610' title='bbox 2633 4045 2711 4100; x_wconf 82' lang='lat' dir='ltr'><strong>uel</strong></span> <span class='ocrx_word' id='word_1_611' title='bbox 2733 4043 3052 4099; x_wconf 87' lang='lat' dir='ltr'><strong>discrimine.</strong></span> <span class='ocrx_word' id='word_1_612' title='bbox 3079 4037 3159 4097; x_wconf 87' lang='lat' dir='ltr'><strong>De</strong></span> <span class='ocrx_word' id='word_1_613' title='bbox 3183 4041 3335 4114; x_wconf 83' lang='lat' dir='ltr'><strong>lepra</strong></span> <span class='ocrx_word' id='word_1_614' title='bbox 3363 4043 3790 4098; x_wconf 83' lang='lat' dir='ltr'><strong>vestimentorum.</strong></span> 
     </span>
    </p>
   </div>
   <div class='ocr_carea' id='block_1_83' title="bbox 2264 4134 3793 4209">
    <p class='ocr_par' dir='ltr' id='par_1_83' title="bbox 2264 4134 3793 4209">
     <span class='ocr_line' id='line_1_83' title="bbox 2264 4134 3793 4209; baseline -0.007 -16"><span class='ocrx_word' id='word_1_615' title='bbox 2264 4137 2344 4193; x_wconf 87' lang='lat' dir='ltr'><strong>De</strong></span> <span class='ocrx_word' id='word_1_616' title='bbox 2373 4137 2708 4192; x_wconf 88' lang='lat' dir='ltr'><strong>mundatione</strong></span> <span class='ocrx_word' id='word_1_617' title='bbox 2737 4138 2912 4209; x_wconf 67' lang='lat' dir='ltr'><strong>lepras.</strong></span> <span class='ocrx_word' id='word_1_618' title='bbox 2945 4134 3022 4192; x_wconf 90' lang='lat' dir='ltr'><strong>De</strong></span> <span class='ocrx_word' id='word_1_619' title='bbox 3062 4136 3236 4191; x_wconf 77' lang='lat' dir='ltr'><strong>divitis</strong></span> <span class='ocrx_word' id='word_1_620' title='bbox 3269 4147 3320 4191; x_wconf 84' lang='lat' dir='ltr'><strong>et</strong></span> <span class='ocrx_word' id='word_1_621' title='bbox 3354 4137 3610 4208; x_wconf 77' lang='lat' dir='ltr'><strong>pauperis</strong></span> <span class='ocrx_word' id='word_1_622' title='bbox 3640 4134 3793 4205; x_wconf 81' lang='lat' dir='ltr'><strong>lepra,</strong></span> 
     </span>
    </p>
   </div>
   <div class='ocr_carea' id='block_1_84' title="bbox 2267 4232 3006 4289">
    <p class='ocr_par' dir='ltr' id='par_1_84' title="bbox 2267 4232 3006 4289">
     <span class='ocr_line' id='line_1_84' title="bbox 2267 4232 3006 4289; baseline -0.001 -2"><span class='ocrx_word' id='word_1_623' title='bbox 2267 4242 2314 4288; x_wconf 90' lang='lat' dir='ltr'><strong>et</strong></span> <span class='ocrx_word' id='word_1_624' title='bbox 2341 4233 2678 4289; x_wconf 89' lang='lat' dir='ltr'><strong>mundatiane</strong></span> <span class='ocrx_word' id='word_1_625' title='bbox 2711 4232 3006 4287; x_wconf 89' lang='lat' dir='ltr'><strong>domorum.</strong></span> 
     </span>
    </p>
   </div>
   <div class='ocr_carea' id='block_1_85' title="bbox 2195 4318 3792 4398">
    <p class='ocr_par' dir='ltr' id='par_1_85' title="bbox 2195 4318 3792 4398">
     <span class='ocr_line' id='line_1_85' title="bbox 2195 4318 3792 4398; baseline -0.009 -13"><span class='ocrx_word' id='word_1_626' title='bbox 2195 4325 2336 4385; x_wconf 85' lang='lat' dir='ltr'><strong>VIII.</strong></span> <span class='ocrx_word' id='word_1_627' title='bbox 2370 4325 2449 4386; x_wconf 86' lang='lat' dir='ltr'><strong>De</strong></span> <span class='ocrx_word' id='word_1_628' title='bbox 2484 4329 2593 4381; x_wconf 87' lang='lat' dir='ltr'><strong>uiro</strong></span> <span class='ocrx_word' id='word_1_629' title='bbox 2622 4329 2823 4398; x_wconf 76' lang='lat' dir='ltr'><strong>[luxum</strong></span> <span class='ocrx_word' id='word_1_630' title='bbox 2867 4324 3079 4381; x_wconf 79' lang='lat' dir='ltr'><strong>seminis</strong></span> <span class='ocrx_word' id='word_1_631' title='bbox 3109 4323 3440 4393; x_wconf 86' lang='lat' dir='ltr'><strong>sustinente,</strong></span> <span class='ocrx_word' id='word_1_632' title='bbox 3490 4322 3572 4379; x_wconf 87' lang='lat' dir='ltr'><strong>vel</strong></span> <span class='ocrx_word' id='word_1_633' title='bbox 3617 4320 3680 4375; x_wconf 86' lang='lat' dir='ltr'><strong>de</strong></span> <span class='ocrx_word' id='word_1_634' title='bbox 3717 4318 3792 4383; x_wconf 86' lang='lat' dir='ltr'><strong>iis,</strong></span> 
     </span>
    </p>
   </div>
   <div class='ocr_carea' id='block_1_86' title="bbox 2265 4412 3796 4494">
    <p class='ocr_par' dir='ltr' id='par_1_86' title="bbox 2265 4412 3796 4494">
     <span class='ocr_line' id='line_1_86' title="bbox 2265 4412 3796 4494; baseline -0.008 -18"><span class='ocrx_word' id='word_1_635' title='bbox 2265 4437 2382 4494; x_wconf 72' lang='lat' dir='ltr'><strong>quae</strong></span> <span class='ocrx_word' id='word_1_636' title='bbox 2409 4438 2500 4494; x_wconf 90' lang='lat' dir='ltr'><strong>per</strong></span> <span class='ocrx_word' id='word_1_637' title='bbox 2535 4436 2773 4475; x_wconf 87' lang='lat' dir='ltr'><strong>somnum</strong></span> <span class='ocrx_word' id='word_1_638' title='bbox 2817 4419 3112 4490; x_wconf 80' lang='lat' dir='ltr'><strong>contingere</strong></span> <span class='ocrx_word' id='word_1_639' title='bbox 3151 4418 3344 4472; x_wconf 90' lang='lat' dir='ltr'><strong>solent.</strong></span> <span class='ocrx_word' id='word_1_640' title='bbox 3390 4417 3474 4474; x_wconf 89' lang='lat' dir='ltr'><strong>De</strong></span> <span class='ocrx_word' id='word_1_641' title='bbox 3528 4412 3796 4472; x_wconf 84' lang='lat' dir='ltr'><strong>menstruis</strong></span> 
     </span>
    </p>
   </div>
   <div class='ocr_carea' id='block_1_87' title="bbox 2266 4511 2980 4584">
    <p class='ocr_par' dir='ltr' id='par_1_87' title="bbox 2266 4511 2980 4584">
     <span class='ocr_line' id='line_1_87' title="bbox 2266 4511 2980 4584; baseline -0.004 -17"><span class='ocrx_word' id='word_1_642' title='bbox 2266 4512 2562 4581; x_wconf 88' lang='lat' dir='ltr'><strong>mulierum,</strong></span> <span class='ocrx_word' id='word_1_643' title='bbox 2596 4511 2675 4566; x_wconf 86' lang='lat' dir='ltr'><strong>uel</strong></span> <span class='ocrx_word' id='word_1_644' title='bbox 2701 4511 2980 4584; x_wconf 82' lang='lat' dir='ltr'><strong>proﬂuvio.</strong></span> 
     </span>
    </p>
   </div>
   <div class='ocr_carea' id='block_1_88' title="bbox 2194 4597 3799 4673">
    <p class='ocr_par' dir='ltr' id='par_1_88' title="bbox 2194 4597 3799 4673">
     <span class='ocr_line' id='line_1_88' title="bbox 2194 4597 3799 4673; baseline -0.008 -11"><span class='ocrx_word' id='word_1_645' title='bbox 2194 4605 2286 4662; x_wconf 81' lang='lat' dir='ltr'><strong>IX.</strong></span> <span class='ocrx_word' id='word_1_646' title='bbox 2329 4604 2409 4660; x_wconf 90' lang='lat' dir='ltr'><strong>De</strong></span> <span class='ocrx_word' id='word_1_647' title='bbox 2429 4604 2630 4659; x_wconf 87' lang='lat' dir='ltr'><strong>duobus</strong></span> <span class='ocrx_word' id='word_1_648' title='bbox 2663 4604 2843 4671; x_wconf 81' lang='lat' dir='ltr'><strong>hircis,</strong></span> <span class='ocrx_word' id='word_1_649' title='bbox 2872 4613 2920 4658; x_wconf 89' lang='lat' dir='ltr'><strong>et</strong></span> <span class='ocrx_word' id='word_1_650' title='bbox 2947 4604 3010 4658; x_wconf 89' lang='lat' dir='ltr'><strong>de</strong></span> <span class='ocrx_word' id='word_1_651' title='bbox 3037 4602 3236 4658; x_wconf 87' lang='lat' dir='ltr'><strong>duobus</strong></span> <span class='ocrx_word' id='word_1_652' title='bbox 3264 4602 3451 4658; x_wconf 78' lang='lat' dir='ltr'><strong>vitulis</strong></span> <span class='ocrx_word' id='word_1_653' title='bbox 3484 4617 3586 4673; x_wconf 86' lang='lat' dir='ltr'><strong>pro</strong></span> <span class='ocrx_word' id='word_1_654' title='bbox 3617 4597 3799 4673; x_wconf 86' lang='lat' dir='ltr'><strong>populo</strong></span> 
     </span>
    </p>
   </div>
   <div class='ocr_carea' id='block_1_89' title="bbox 2265 4697 2962 4769">
    <p class='ocr_par' dir='ltr' id='par_1_89' title="bbox 2265 4697 2962 4769">
     <span class='ocr_line' id='line_1_89' title="bbox 2265 4697 2962 4769; baseline -0.006 -15"><span class='ocrx_word' id='word_1_655' title='bbox 2265 4709 2312 4754; x_wconf 87' lang='lat' dir='ltr'><strong>et</strong></span> <span class='ocrx_word' id='word_1_656' title='bbox 2337 4699 2578 4769; x_wconf 79' lang='lat' dir='ltr'><strong>pontiﬁce</strong></span> <span class='ocrx_word' id='word_1_657' title='bbox 2606 4697 2962 4752; x_wconf 88' lang='lat' dir='ltr'><strong>immolandis.</strong></span> 
     </span>
    </p>
   </div>
   <div class='ocr_carea' id='block_1_90' title="bbox 2192 4791 3795 4865">
    <p class='ocr_par' dir='ltr' id='par_1_90' title="bbox 2192 4791 3795 4865">
     <span class='ocr_line' id='line_1_90' title="bbox 2192 4791 3795 4865; baseline -0.006 -15"><span class='ocrx_word' id='word_1_658' title='bbox 2192 4793 2264 4850; x_wconf 84' lang='lat' dir='ltr'><strong>X.</strong></span> <span class='ocrx_word' id='word_1_659' title='bbox 2309 4793 2648 4865; x_wconf 77' lang='lat' dir='ltr'><strong>Prwcipitur,</strong></span> <span class='ocrx_word' id='word_1_660' title='bbox 2679 4801 2735 4848; x_wconf 89' lang='lat' dir='ltr'><strong>ut</strong></span> <span class='ocrx_word' id='word_1_661' title='bbox 2767 4793 2933 4848; x_wconf 87' lang='lat' dir='ltr'><strong>omnis</strong></span> <span class='ocrx_word' id='word_1_662' title='bbox 2965 4791 3210 4862; x_wconf 85' lang='lat' dir='ltr'><strong>uictima,</strong></span> <span class='ocrx_word' id='word_1_663' title='bbox 3239 4807 3362 4862; x_wconf 75' lang='lat' dir='ltr'><strong>qua:</strong></span> <span class='ocrx_word' id='word_1_664' title='bbox 3411 4792 3468 4845; x_wconf 86' lang='lat' dir='ltr'><strong>in</strong></span> <span class='ocrx_word' id='word_1_665' title='bbox 3519 4806 3651 4862; x_wconf 87' lang='lat' dir='ltr'><strong>agro</strong></span> <span class='ocrx_word' id='word_1_666' title='bbox 3691 4804 3795 4842; x_wconf 79' lang='lat' dir='ltr'><strong>ma-</strong></span> 
     </span>
    </p>
   </div>
   <div class='ocr_carea' id='block_1_91' title="bbox 557 4882 3800 4962">
    <p class='ocr_par' dir='ltr' id='par_1_91' title="bbox 557 4882 3800 4962">
     <span class='ocr_line' id='line_1_91' title="bbox 557 4882 3800 4962; baseline -0.004 -18"><span class='ocrx_word' id='word_1_667' title='bbox 557 4890 811 4957; x_wconf 89' lang='lat' dir='ltr'><strong>debeant,</strong></span> <span class='ocrx_word' id='word_1_668' title='bbox 836 4893 914 4946; x_wconf 83' lang='lat' dir='ltr'><strong>uel</strong></span> <span class='ocrx_word' id='word_1_669' title='bbox 939 4890 1066 4962; x_wconf 91' lang='lat' dir='ltr'><strong>quid</strong></span> <span class='ocrx_word' id='word_1_670' title='bbox 1102 4889 1166 4944; x_wconf 87' lang='lat' dir='ltr'><strong>de</strong></span> <span class='ocrx_word' id='word_1_671' title='bbox 1202 4886 1550 4944; x_wconf 84' lang='lat' dir='ltr'><strong>oblationibus</strong></span> <span class='ocrx_word' id='word_1_672' title='bbox 1585 4895 1998 4958; x_wconf 88' lang='lat' dir='ltr'><strong>consequantur,</strong></span> <span class='ocrx_word' id='word_1_673' title='bbox 2029 4885 2093 4941; x_wconf 86' lang='lat' dir='ltr'><strong>de</strong></span> <span class='ocrx_word' id='word_1_674' title='bbox 2117 4882 2170 4946; x_wconf 88' lang='lat' dir='ltr'><strong>D</strong></span> <span class='ocrx_word' id='word_1_675' title='bbox 2268 4899 2457 4957; x_wconf 88' lang='lat' dir='ltr'><strong>ctatur,</strong></span> <span class='ocrx_word' id='word_1_676' title='bbox 2491 4897 2548 4943; x_wconf 87' lang='lat' dir='ltr'><strong>ut</strong></span> <span class='ocrx_word' id='word_1_677' title='bbox 2569 4887 2812 4960; x_wconf 69' lang='lat' dir='ltr'><strong>primitiae</strong></span> <span class='ocrx_word' id='word_1_678' title='bbox 2839 4903 2903 4942; x_wconf 81' lang='lat' dir='ltr'><strong>ea:</strong></span> <span class='ocrx_word' id='word_1_679' title='bbox 2927 4887 3107 4942; x_wconf 91' lang='lat' dir='ltr'><strong>eadem</strong></span> <span class='ocrx_word' id='word_1_680' title='bbox 3152 4885 3386 4941; x_wconf 86' lang='lat' dir='ltr'><strong>Domino</strong></span> <span class='ocrx_word' id='word_1_681' title='bbox 3411 4885 3730 4954; x_wconf 72' lang='lat' dir='ltr'><strong>offerantur,</strong></span> <span class='ocrx_word' id='word_1_682' title='bbox 3757 4888 3800 4933; x_wconf 84' lang='lat' dir='ltr'><strong>ct</strong></span> 
     </span>
    </p>
   </div>
   <div class='ocr_carea' id='block_1_92' title="bbox 564 4981 1098 5056">
    <p class='ocr_par' dir='ltr' id='par_1_92' title="bbox 564 4981 1098 5056">
     <span class='ocr_line' id='line_1_92' title="bbox 564 4981 1098 5056; baseline 0.004 -20"><span class='ocrx_word' id='word_1_683' title='bbox 564 4981 718 5051; x_wconf 88' lang='lat' dir='ltr'><strong>adipe</strong></span> <span class='ocrx_word' id='word_1_684' title='bbox 745 4991 791 5036; x_wconf 91' lang='lat' dir='ltr'><strong>et</strong></span> <span class='ocrx_word' id='word_1_685' title='bbox 821 4984 1098 5056; x_wconf 86' lang='lat' dir='ltr'><strong>sanguine.</strong></span> 
     </span>
    </p>
   </div>
   <div class='ocr_carea' id='block_1_93' title="bbox 486 5071 2084 5146">
    <p class='ocr_par' dir='ltr' id='par_1_93' title="bbox 486 5071 2084 5146">
     <span class='ocr_line' id='line_1_93' title="bbox 486 5071 2084 5146; baseline -0.001 -16"><span class='ocrx_word' id='word_1_686' title='bbox 486 5072 553 5130; x_wconf 91' lang='lat' dir='ltr'><strong>V.</strong></span> <span class='ocrx_word' id='word_1_687' title='bbox 587 5073 860 5142; x_wconf 84' lang='lat' dir='ltr'><strong>Quomodo</strong></span> <span class='ocrx_word' id='word_1_688' title='bbox 907 5074 1153 5130; x_wconf 87' lang='lat' dir='ltr'><strong>initiandi</strong></span> <span class='ocrx_word' id='word_1_689' title='bbox 1202 5083 1325 5130; x_wconf 88' lang='lat' dir='ltr'><strong>sunt</strong></span> <span class='ocrx_word' id='word_1_690' title='bbox 1379 5074 1709 5140; x_wconf 86' lang='lat' dir='ltr'><strong>sacerdotes,</strong></span> <span class='ocrx_word' id='word_1_691' title='bbox 1771 5073 1850 5128; x_wconf 87' lang='lat' dir='ltr'><strong>uel</strong></span> <span class='ocrx_word' id='word_1_692' title='bbox 1898 5071 2084 5146; x_wconf 86' lang='lat' dir='ltr'><strong>quibus</strong></span> 
     </span>
    </p>
   </div>
   <div class='ocr_carea' id='block_1_94' title="bbox 557 5168 2086 5227">
    <p class='ocr_par' dir='ltr' id='par_1_94' title="bbox 557 5168 2086 5227">
     <span class='ocr_line' id='line_1_94' title="bbox 557 5168 2086 5227; baseline 0 -3"><span class='ocrx_word' id='word_1_693' title='bbox 557 5169 777 5224; x_wconf 86' lang='lat' dir='ltr'><strong>uestibus</strong></span> <span class='ocrx_word' id='word_1_694' title='bbox 796 5168 1064 5225; x_wconf 88' lang='lat' dir='ltr'><strong>induendi.</strong></span> <span class='ocrx_word' id='word_1_695' title='bbox 1087 5169 1165 5226; x_wconf 88' lang='lat' dir='ltr'><strong>De</strong></span> <span class='ocrx_word' id='word_1_696' title='bbox 1179 5171 1419 5227; x_wconf 85' lang='lat' dir='ltr'><strong>unctione</strong></span> <span class='ocrx_word' id='word_1_697' title='bbox 1439 5170 1763 5226; x_wconf 88' lang='lat' dir='ltr'><strong>tabernaculi</strong></span> <span class='ocrx_word' id='word_1_698' title='bbox 1777 5179 1823 5224; x_wconf 87' lang='lat' dir='ltr'><strong>et</strong></span> <span class='ocrx_word' id='word_1_699' title='bbox 1846 5186 2086 5226; x_wconf 86' lang='lat' dir='ltr'><strong>vasorum</strong></span> 
     </span>
    </p>
   </div>
   <div class='ocr_carea' id='block_1_95' title="bbox 557 5261 2085 5338">
    <p class='ocr_par' dir='ltr' id='par_1_95' title="bbox 557 5261 2085 5338">
     <span class='ocr_line' id='line_1_95' title="bbox 557 5261 2085 5338; baseline 0.003 -21"><span class='ocrx_word' id='word_1_700' title='bbox 557 5266 694 5336; x_wconf 87' lang='lat' dir='ltr'><strong>ejus.</strong></span> <span class='ocrx_word' id='word_1_701' title='bbox 729 5261 831 5319; x_wconf 92' lang='lat' dir='ltr'><strong>Ubi</strong></span> <span class='ocrx_word' id='word_1_702' title='bbox 861 5261 1069 5336; x_wconf 80' lang='lat' dir='ltr'><strong>Moyses</strong></span> <span class='ocrx_word' id='word_1_703' title='bbox 1100 5265 1234 5320; x_wconf 87' lang='lat' dir='ltr'><strong>sicut</strong></span> <span class='ocrx_word' id='word_1_704' title='bbox 1289 5265 1528 5338; x_wconf 73' lang='lat' dir='ltr'><strong>pontifex</strong></span> <span class='ocrx_word' id='word_1_705' title='bbox 1564 5265 1754 5338; x_wconf 86' lang='lat' dir='ltr'><strong>accipit</strong></span> <span class='ocrx_word' id='word_1_706' title='bbox 1796 5266 2085 5336; x_wconf 86' lang='lat' dir='ltr'><strong>portionem</strong></span> 
     </span>
    </p>
   </div>
   <div class='ocr_carea' id='block_1_96' title="bbox 556 5357 2085 5433">
    <p class='ocr_par' dir='ltr' id='par_1_96' title="bbox 556 5357 2085 5433">
     <span class='ocr_line' id='line_1_96' title="bbox 556 5357 2085 5433; baseline 0.001 -17"><span class='ocrx_word' id='word_1_707' title='bbox 556 5357 735 5416; x_wconf 80' lang='lat' dir='ltr'><strong>Aaron</strong></span> <span class='ocrx_word' id='word_1_708' title='bbox 755 5359 1035 5415; x_wconf 85' lang='lat' dir='ltr'><strong>sacerdotis</strong></span> <span class='ocrx_word' id='word_1_709' title='bbox 1052 5379 1064 5416; x_wconf 89' lang='lat'>:</span> <span class='ocrx_word' id='word_1_710' title='bbox 1090 5357 1221 5416; x_wconf 85' lang='lat' dir='ltr'><strong>Filii</strong></span> <span class='ocrx_word' id='word_1_711' title='bbox 1234 5363 1411 5417; x_wconf 84' lang='lat' dir='ltr'><strong>Aaron</strong></span> <span class='ocrx_word' id='word_1_712' title='bbox 1425 5360 1608 5417; x_wconf 90' lang='lat' dir='ltr'><strong>illicite</strong></span> <span class='ocrx_word' id='word_1_713' title='bbox 1628 5361 1800 5433; x_wconf 90' lang='lat' dir='ltr'><strong>ignem</strong></span> <span class='ocrx_word' id='word_1_714' title='bbox 1816 5361 2085 5428; x_wconf 68' lang='lat' dir='ltr'><strong>offerentes</strong></span> 
     </span>
    </p>
   </div>
   <div class='ocr_carea' id='block_1_97' title="bbox 556 5455 946 5530">
    <p class='ocr_par' dir='ltr' id='par_1_97' title="bbox 556 5455 946 5530">
     <span class='ocr_line' id='line_1_97' title="bbox 556 5455 946 5530; baseline 0 -20"><span class='ocrx_word' id='word_1_715' title='bbox 556 5455 785 5530; x_wconf 85' lang='lat' dir='ltr'><strong>percussi</strong></span> <span class='ocrx_word' id='word_1_716' title='bbox 805 5465 946 5510; x_wconf 90' lang='lat' dir='ltr'><strong>sunt.</strong></span> 
     </span>
    </p>
   </div>
   <div class='ocr_carea' id='block_1_98' title="bbox 484 5548 2079 5624">
    <p class='ocr_par' dir='ltr' id='par_1_98' title="bbox 484 5548 2079 5624">
     <span class='ocr_line' id='line_1_98' title="bbox 484 5548 2079 5624; baseline -0.001 -19"><span class='ocrx_word' id='word_1_717' title='bbox 484 5549 572 5606; x_wconf 90' lang='lat' dir='ltr'><strong>VI.</strong></span> <span class='ocrx_word' id='word_1_718' title='bbox 605 5548 981 5606; x_wconf 84' lang='lat' dir='ltr'><strong>Sacerdotibus</strong></span> <span class='ocrx_word' id='word_1_719' title='bbox 1021 5549 1322 5624; x_wconf 70' lang='lat' dir='ltr'><strong>praecipitur</strong></span> <span class='ocrx_word' id='word_1_720' title='bbox 1369 5551 1546 5605; x_wconf 84' lang='lat' dir='ltr'><strong>vinum</strong></span> <span class='ocrx_word' id='word_1_721' title='bbox 1592 5567 1695 5606; x_wconf 88' lang='lat' dir='ltr'><strong>non</strong></span> <span class='ocrx_word' id='word_1_722' title='bbox 1733 5549 1928 5617; x_wconf 86' lang='lat' dir='ltr'><strong>bibere,</strong></span> <span class='ocrx_word' id='word_1_723' title='bbox 1963 5564 2079 5604; x_wconf 89' lang='lat' dir='ltr'><strong>cum</strong></span> 
     </span>
    </p>
   </div>
   <div class='ocr_carea' id='block_1_99' title="bbox 553 5643 2078 5716">
    <p class='ocr_par' dir='ltr' id='par_1_99' title="bbox 553 5643 2078 5716">
     <span class='ocr_line' id='line_1_99' title="bbox 553 5643 2078 5716; baseline 0 -18"><span class='ocrx_word' id='word_1_724' title='bbox 553 5644 798 5716; x_wconf 88' lang='lat' dir='ltr'><strong>templum</strong></span> <span class='ocrx_word' id='word_1_725' title='bbox 825 5644 1208 5716; x_wconf 86' lang='lat' dir='ltr'><strong>ingrediuntur.</strong></span> <span class='ocrx_word' id='word_1_726' title='bbox 1239 5643 1320 5700; x_wconf 89' lang='lat' dir='ltr'><strong>De</strong></span> <span class='ocrx_word' id='word_1_727' title='bbox 1347 5645 1553 5700; x_wconf 86' lang='lat' dir='ltr'><strong>mundis</strong></span> <span class='ocrx_word' id='word_1_728' title='bbox 1581 5655 1629 5702; x_wconf 92' lang='lat' dir='ltr'><strong>et</strong></span> <span class='ocrx_word' id='word_1_729' title='bbox 1657 5644 1932 5701; x_wconf 85' lang='lat' dir='ltr'><strong>immundis</strong></span> <span class='ocrx_word' id='word_1_730' title='bbox 1961 5644 2078 5700; x_wconf 84' lang='lat' dir='ltr'><strong>ani-</strong></span> 
     </span>
    </p>
   </div>
   <div class='ocr_carea' id='block_1_100' title="bbox 555 5739 1428 5796">
    <p class='ocr_par' dir='ltr' id='par_1_100' title="bbox 555 5739 1428 5796">
     <span class='ocr_line' id='line_1_100' title="bbox 555 5739 1428 5796; baseline 0.005 -6"><span class='ocrx_word' id='word_1_731' title='bbox 555 5739 774 5795; x_wconf 87' lang='lat' dir='ltr'><strong>malibus</strong></span> <span class='ocrx_word' id='word_1_732' title='bbox 801 5749 849 5796; x_wconf 90' lang='lat' dir='ltr'><strong>et</strong></span> <span class='ocrx_word' id='word_1_733' title='bbox 875 5740 1053 5796; x_wconf 85' lang='lat' dir='ltr'><strong>auibus</strong></span> <span class='ocrx_word' id='word_1_734' title='bbox 1083 5740 1428 5796; x_wconf 84' lang='lat' dir='ltr'><strong>comedendis.</strong></span> 
     </span>
    </p>
   </div>
   <div class='ocr_carea' id='block_1_101' title="bbox 483 5828 2079 5910">
    <p class='ocr_par' dir='ltr' id='par_1_101' title="bbox 483 5828 2079 5910">
     <span class='ocr_line' id='line_1_101' title="bbox 483 5828 2079 5910; baseline 0.001 -20"><span class='ocrx_word' id='word_1_735' title='bbox 483 5828 596 5890; x_wconf 86' lang='lat' dir='ltr'><strong>VII.</strong></span> <span class='ocrx_word' id='word_1_736' title='bbox 628 5832 704 5892; x_wconf 86' lang='lat' dir='ltr'><strong>De</strong></span> <span class='ocrx_word' id='word_1_737' title='bbox 735 5835 948 5892; x_wconf 82' lang='lat' dir='ltr'><strong>muliere</strong></span> <span class='ocrx_word' id='word_1_738' title='bbox 973 5836 1228 5910; x_wconf 87' lang='lat' dir='ltr'><strong>pariente,</strong></span> <span class='ocrx_word' id='word_1_739' title='bbox 1257 5846 1305 5892; x_wconf 89' lang='lat' dir='ltr'><strong>et</strong></span> <span class='ocrx_word' id='word_1_740' title='bbox 1335 5835 1627 5893; x_wconf 86' lang='lat' dir='ltr'><strong>immunda.</strong></span> <span class='ocrx_word' id='word_1_741' title='bbox 1661 5835 1740 5892; x_wconf 84' lang='lat' dir='ltr'><strong>De</strong></span> <span class='ocrx_word' id='word_1_742' title='bbox 1769 5837 1928 5908; x_wconf 82' lang='lat' dir='ltr'><strong>lepra:</strong></span> <span class='ocrx_word' id='word_1_743' title='bbox 1956 5852 2079 5892; x_wconf 84' lang='lat' dir='ltr'><strong>con-</strong></span> 
     </span>
    </p>
   </div>
   <div class='ocr_carea' id='block_1_102' title="bbox 2261 4973 3803 5054">
    <p class='ocr_par' dir='ltr' id='par_1_102' title="bbox 2261 4973 3803 5054">
     <span class='ocr_line' id='line_1_102' title="bbox 2261 4973 3803 5054; baseline -0.007 -17"><span class='ocrx_word' id='word_1_744' title='bbox 2261 5000 2328 5037; x_wconf 88' lang='lat' dir='ltr'><strong>ne</strong></span> <span class='ocrx_word' id='word_1_745' title='bbox 2377 4983 2681 5054; x_wconf 86' lang='lat' dir='ltr'><strong>sanguinem</strong></span> <span class='ocrx_word' id='word_1_746' title='bbox 2735 4980 2849 5052; x_wconf 85' lang='lat' dir='ltr'><strong>quis</strong></span> <span class='ocrx_word' id='word_1_747' title='bbox 2885 4979 3160 5046; x_wconf 86' lang='lat' dir='ltr'><strong>comedat,</strong></span> <span class='ocrx_word' id='word_1_748' title='bbox 3194 4978 3271 5033; x_wconf 87' lang='lat' dir='ltr'><strong>vel</strong></span> <span class='ocrx_word' id='word_1_749' title='bbox 3306 4979 3669 5034; x_wconf 85' lang='lat' dir='ltr'><strong>morticinum</strong></span> <span class='ocrx_word' id='word_1_750' title='bbox 3692 5020 3706 5044; x_wconf 95' lang='lat'><strong>,</strong></span> <span class='ocrx_word' id='word_1_751' title='bbox 3729 4973 3803 5029; x_wconf 80' lang='lat' dir='ltr'><strong>uel</strong></span> 
     </span>
    </p>
   </div>
   <div class='ocr_carea' id='block_1_103' title="bbox 2261 5075 2746 5148">
    <p class='ocr_par' dir='ltr' id='par_1_103' title="bbox 2261 5075 2746 5148">
     <span class='ocr_line' id='line_1_103' title="bbox 2261 5075 2746 5148; baseline -0.004 -18"><span class='ocrx_word' id='word_1_752' title='bbox 2261 5085 2470 5148; x_wconf 87' lang='lat' dir='ltr'><strong>captum</strong></span> <span class='ocrx_word' id='word_1_753' title='bbox 2501 5092 2531 5128; x_wconf 92' lang='lat' dir='ltr'><strong>a</strong></span> <span class='ocrx_word' id='word_1_754' title='bbox 2560 5075 2746 5129; x_wconf 82' lang='lat' dir='ltr'><strong>bestia.</strong></span> 
     </span>
    </p>
   </div>
   <div class='ocr_carea' id='block_1_104' title="bbox 2188 5160 3804 5240">
    <p class='ocr_par' dir='ltr' id='par_1_104' title="bbox 2188 5160 3804 5240">
     <span class='ocr_line' id='line_1_104' title="bbox 2188 5160 3804 5240; baseline -0.008 -14"><span class='ocrx_word' id='word_1_755' title='bbox 2188 5167 2283 5226; x_wconf 78' lang='lat' dir='ltr'><strong>XI.</strong></span> <span class='ocrx_word' id='word_1_756' title='bbox 2331 5168 2506 5224; x_wconf 89' lang='lat' dir='ltr'><strong>Timor</strong></span> <span class='ocrx_word' id='word_1_757' title='bbox 2537 5165 2635 5222; x_wconf 86' lang='lat' dir='ltr'><strong>Dei</strong></span> <span class='ocrx_word' id='word_1_758' title='bbox 2682 5167 2970 5240; x_wconf 87' lang='lat' dir='ltr'><strong>imperatur</strong></span> <span class='ocrx_word' id='word_1_759' title='bbox 2997 5182 3014 5221; x_wconf 90' lang='lat'><strong><em>:</em></strong></span> <span class='ocrx_word' id='word_1_760' title='bbox 3046 5165 3338 5221; x_wconf 84' lang='lat' dir='ltr'><strong>timendum</strong></span> <span class='ocrx_word' id='word_1_761' title='bbox 3371 5172 3587 5237; x_wconf 85' lang='lat' dir='ltr'><strong>patrem</strong></span> <span class='ocrx_word' id='word_1_762' title='bbox 3615 5180 3636 5218; x_wconf 86' lang='lat'><strong>.&#39;</strong></span> <span class='ocrx_word' id='word_1_763' title='bbox 3666 5160 3804 5216; x_wconf 90' lang='lat' dir='ltr'><strong>idola</strong></span> 
     </span>
    </p>
   </div>
   <div class='ocr_carea' id='block_1_105' title="bbox 2260 5254 3803 5334">
    <p class='ocr_par' dir='ltr' id='par_1_105' title="bbox 2260 5254 3803 5334">
     <span class='ocr_line' id='line_1_105' title="bbox 2260 5254 3803 5334; baseline -0.006 -17"><span class='ocrx_word' id='word_1_764' title='bbox 2260 5279 2363 5317; x_wconf 89' lang='lat' dir='ltr'><strong>non</strong></span> <span class='ocrx_word' id='word_1_765' title='bbox 2393 5261 2660 5334; x_wconf 82' lang='lat' dir='ltr'><strong>facienda,</strong></span> <span class='ocrx_word' id='word_1_766' title='bbox 2693 5269 2742 5315; x_wconf 88' lang='lat' dir='ltr'><strong>et</strong></span> <span class='ocrx_word' id='word_1_767' title='bbox 2782 5269 2991 5331; x_wconf 68' lang='lat' dir='ltr'><strong>cratera,</strong></span> <span class='ocrx_word' id='word_1_768' title='bbox 3020 5276 3135 5333; x_wconf 72' lang='lat' dir='ltr'><strong>qua:</strong></span> <span class='ocrx_word' id='word_1_769' title='bbox 3161 5259 3230 5313; x_wconf 91' lang='lat' dir='ltr'><strong>ad</strong></span> <span class='ocrx_word' id='word_1_770' title='bbox 3261 5256 3436 5331; x_wconf 88' lang='lat' dir='ltr'><strong>legem</strong></span> <span class='ocrx_word' id='word_1_771' title='bbox 3471 5265 3522 5313; x_wconf 89' lang='lat' dir='ltr'><strong>et</strong></span> <span class='ocrx_word' id='word_1_772' title='bbox 3538 5254 3803 5331; x_wconf 65' lang='lat' dir='ltr'><strong>Justiﬁca-</strong></span> 
     </span>
    </p>
   </div>
   <div class='ocr_carea' id='block_1_106' title="bbox 2262 5355 2734 5426">
    <p class='ocr_par' dir='ltr' id='par_1_106' title="bbox 2262 5355 2734 5426">
     <span class='ocr_line' id='line_1_106' title="bbox 2262 5355 2734 5426; baseline -0.002 -15"><span class='ocrx_word' id='word_1_773' title='bbox 2262 5357 2425 5411; x_wconf 88' lang='lat' dir='ltr'><strong>tiones</strong></span> <span class='ocrx_word' id='word_1_774' title='bbox 2458 5355 2734 5426; x_wconf 83' lang='lat' dir='ltr'><strong>pertinent.</strong></span> 
     </span>
    </p>
   </div>
   <div class='ocr_carea' id='block_1_107' title="bbox 2187 5442 3802 5522">
    <p class='ocr_par' dir='ltr' id='par_1_107' title="bbox 2187 5442 3802 5522">
     <span class='ocr_line' id='line_1_107' title="bbox 2187 5442 3802 5522; baseline -0.006 -14"><span class='ocrx_word' id='word_1_775' title='bbox 2187 5451 2304 5508; x_wconf 80' lang='lat' dir='ltr'><strong>XII.</strong></span> <span class='ocrx_word' id='word_1_776' title='bbox 2350 5449 2666 5522; x_wconf 65' lang='lat' dir='ltr'><strong>Pracipitur</strong></span> <span class='ocrx_word' id='word_1_777' title='bbox 2720 5449 2928 5506; x_wconf 90' lang='lat' dir='ltr'><strong>nullum</strong></span> <span class='ocrx_word' id='word_1_778' title='bbox 2973 5466 3038 5506; x_wconf 74' lang='lat' dir='ltr'><strong>ex</strong></span> <span class='ocrx_word' id='word_1_779' title='bbox 3085 5449 3254 5506; x_wconf 90' lang='lat' dir='ltr'><strong>Israel</strong></span> <span class='ocrx_word' id='word_1_780' title='bbox 3283 5458 3333 5504; x_wconf 86' lang='lat' dir='ltr'><strong>et</strong></span> <span class='ocrx_word' id='word_1_781' title='bbox 3366 5448 3551 5505; x_wconf 82' lang='lat' dir='ltr'><strong>sancti</strong></span> <span class='ocrx_word' id='word_1_782' title='bbox 3597 5442 3802 5503; x_wconf 84' lang='lat' dir='ltr'><strong>seminis</strong></span> 
     </span>
    </p>
   </div>
   <div class='ocr_carea' id='block_1_108' title="bbox 2259 5528 3806 5610">
    <p class='ocr_par' dir='ltr' id='par_1_108' title="bbox 2259 5528 3806 5610">
     <span class='ocr_line' id='line_1_108' title="bbox 2259 5528 3806 5610; baseline -0.006 -10"><span class='ocrx_word' id='word_1_783' title='bbox 2259 5544 2402 5601; x_wconf 88' lang='lat' dir='ltr'><strong>idolo</strong></span> <span class='ocrx_word' id='word_1_784' title='bbox 2433 5543 2862 5602; x_wconf 86' lang='lat' dir='ltr'><strong>consecrandum.</strong></span> <span class='ocrx_word' id='word_1_785' title='bbox 2910 5542 2986 5598; x_wconf 91' lang='lat' dir='ltr'><strong>De</strong></span> <span class='ocrx_word' id='word_1_786' title='bbox 3026 5542 3236 5598; x_wconf 74' lang='lat' dir='ltr'><strong>mwcltis</strong></span> <span class='ocrx_word' id='word_1_787' title='bbox 3265 5549 3314 5596; x_wconf 85' lang='lat' dir='ltr'><strong>et</strong></span> <span class='ocrx_word' id='word_1_788' title='bbox 3343 5541 3608 5598; x_wconf 86' lang='lat' dir='ltr'><strong>adultera</strong></span> <span class='ocrx_word' id='word_1_789' title='bbox 3639 5528 3806 5610; x_wconf 43' lang='lat' dir='ltr'><strong>Tque:</strong></span> 
     </span>
    </p>
   </div>
   <div class='ocr_carea' id='block_1_109' title="bbox 2256 5635 3582 5714">
    <p class='ocr_par' dir='ltr' id='par_1_109' title="bbox 2256 5635 3582 5714">
     <span class='ocr_line' id='line_1_109' title="bbox 2256 5635 3582 5714; baseline -0.006 -16"><span class='ocrx_word' id='word_1_790' title='bbox 2256 5651 2376 5699; x_wconf 89' lang='lat' dir='ltr'><strong>sunt</strong></span> <span class='ocrx_word' id='word_1_791' title='bbox 2410 5657 2662 5714; x_wconf 70' lang='lat' dir='ltr'><strong>personis,</strong></span> <span class='ocrx_word' id='word_1_792' title='bbox 2687 5639 2871 5713; x_wconf 87' lang='lat' dir='ltr'><strong>quibus</strong></span> <span class='ocrx_word' id='word_1_793' title='bbox 2900 5637 3047 5695; x_wconf 89' lang='lat' dir='ltr'><strong>liceat</strong></span> <span class='ocrx_word' id='word_1_794' title='bbox 3082 5635 3331 5710; x_wconf 84' lang='lat' dir='ltr'><strong>conjugio</strong></span> <span class='ocrx_word' id='word_1_795' title='bbox 3355 5637 3582 5692; x_wconf 85' lang='lat' dir='ltr'><strong>sociari.</strong></span> 
     </span>
    </p>
   </div>
   <div class='ocr_carea' id='block_1_110' title="bbox 2183 5725 3804 5806">
    <p class='ocr_par' dir='ltr' id='par_1_110' title="bbox 2183 5725 3804 5806">
     <span class='ocr_line' id='line_1_110' title="bbox 2183 5725 3804 5806; baseline -0.01 -11"><span class='ocrx_word' id='word_1_796' title='bbox 2183 5736 2323 5795; x_wconf 80' lang='lat' dir='ltr'><strong>XIII.</strong></span> <span class='ocrx_word' id='word_1_797' title='bbox 2370 5734 2686 5806; x_wconf 74' lang='lat' dir='ltr'><strong>Prwcipitur</strong></span> <span class='ocrx_word' id='word_1_798' title='bbox 2705 5733 2948 5789; x_wconf 83' lang='lat' dir='ltr'><strong>sacerdos</strong></span> <span class='ocrx_word' id='word_1_799' title='bbox 2976 5732 3230 5788; x_wconf 87' lang='lat' dir='ltr'><strong>neminem</strong></span> <span class='ocrx_word' id='word_1_800' title='bbox 3280 5729 3494 5803; x_wconf 86' lang='lat' dir='ltr'><strong>lugere,</strong></span> <span class='ocrx_word' id='word_1_801' title='bbox 3539 5743 3712 5801; x_wconf 84' lang='lat' dir='ltr'><strong>neque</strong></span> <span class='ocrx_word' id='word_1_802' title='bbox 3732 5725 3804 5779; x_wconf 77' lang='lat' dir='ltr'><strong>t-i-</strong></span> 
     </span>
    </p>
   </div>
   <div class='ocr_carea' id='block_1_111' title="bbox 2255 5825 3799 5904">
    <p class='ocr_par' dir='ltr' id='par_1_111' title="bbox 2255 5825 3799 5904">
     <span class='ocr_line' id='line_1_111' title="bbox 2255 5825 3799 5904; baseline -0.008 -17"><span class='ocrx_word' id='word_1_803' title='bbox 2255 5833 2441 5902; x_wconf 83' lang='lat' dir='ltr'><strong>duum,</strong></span> <span class='ocrx_word' id='word_1_804' title='bbox 2479 5837 2570 5886; x_wconf 89' lang='lat' dir='ltr'><strong>aut</strong></span> <span class='ocrx_word' id='word_1_805' title='bbox 2597 5829 2925 5904; x_wconf 77' lang='lat' dir='ltr'><strong>repudiatam</strong></span> <span class='ocrx_word' id='word_1_806' title='bbox 2950 5842 3164 5884; x_wconf 71' lang='lat' dir='ltr'><strong>uxorem</strong></span> <span class='ocrx_word' id='word_1_807' title='bbox 3198 5825 3448 5898; x_wconf 84' lang='lat' dir='ltr'><strong>accipere</strong></span> <span class='ocrx_word' id='word_1_808' title='bbox 3477 5840 3500 5884; x_wconf 89' lang='lat'><strong><em>:</em></strong></span> <span class='ocrx_word' id='word_1_809' title='bbox 3529 5833 3580 5881; x_wconf 85' lang='lat' dir='ltr'><strong>et</strong></span> <span class='ocrx_word' id='word_1_810' title='bbox 3610 5836 3799 5893; x_wconf 87' lang='lat' dir='ltr'><strong>corpo-</strong></span> 
     </span>
    </p>
   </div>
  </div>
