4044 6360
201 297 318 353 9.97

1385 291 1980 350 CAPITULATIONES
2018 289 2331 349 LEVITICI.

3393 288 3499 345 298

275 415 474 469 ralibus
526 414 661 468 vitiis
694 412 1013 468 maculatum
1059 410 1373 482 sacriﬁcium
1425 429 1526 468 non
1559 413 1746 480 o/ferre
1777 431 1794 468 :
1823 417 1870 476 Α
1907 412 2048 468 XVI.
2091 411 2170 466 De
2192 409 2490 482 blasphemo
2537 406 2661 480 legis
2692 407 2925 479 lapidato
2959 422 2976 460 :
3009 417 3055 462 et
3078 407 3300 478 ingressi
3327 411 3500 479 quali-

274 508 481 562 nullum
509 508 858 577 alienigenam
890 505 1088 562 Sancta
1113 515 1412 559 sanctorum
1442 508 1712 577 attingere.

203 600 350 656 XIV.
393 599 468 654 De
500 601 718 654 victimis
751 598 1108 669 paciﬁcorum,
1137 614 1253 668 qua:
1274 597 1378 652 sint
1404 597 1628 652 Domino
1673 615 1795 652 con-

267 691 547 747 secranda.
578 691 658 747 De
683 691 1009 746 solemnitate
1056 705 1380 761 azymorum,
1431 701 1478 744 et
1525 708 1798 747 consecro.

273 788 415 841 tione
445 787 709 858 spicarum
729 785 784 839 in
814 783 1141 838 Pentecoste.

203 879 319 936 XV.
365 879 446 936 De
477 896 650 934 mense
677 879 918 951 septimo,
938 875 1180 949 jeiunio,
1213 887 1260 931 et
1300 877 1444 948 feriis
1492 876 1799 932 tabernacu-

270 978 474 1029 lorum.
501 973 682 1028 Oleum
706 973 776 1027 ad
817 973 1101 1027 luminaria
1131 971 1473 1039 offerendum.
1509 969 1579 1026 Et
1609 971 1673 1026 de
1699 988 1799 1040 pa-

270 1068 427 1122 nibus
451 1067 723 1122 duodecim
752 1083 908 1136 super
925 1068 1094 1121 altare
1110 1066 1312 1138 jugiter
1342 1065 1688 1136 imponendis.

1979 517 2057 562 ter
2087 517 2277 562 terram
2300 504 2653 575 promissionis
2680 503 2965 558 obtineant.
3003 501 3080 556 De
3101 512 3366 557 attenuata
3389 497 3504 558 Ηεῗ

1977 602 2112 656 braca
2135 601 2380 655 vendente
2408 599 2783 670 possessionem
2821 613 2989 651 suam.
3025 595 3098 651 De
3121 597 3318 650 aedibus
3351 595 3502 650 Levi-

1980 705 2196 748 tarum:
2239 693 2302 747 de
2347 693 2642 746 venditione
2700 692 3043 762 ingenuorum
3079 705 3098 745 :
3142 691 3204 744 de
3243 690 3495 744 adventis.

1980 785 2374 841 Benedictiones
2423 787 2735 840 servantium
2783 786 2966 858 legem,
3021 794 3070 838 et
3115 785 3502 839 maledictiont's

1981 878 2417 949 contemptoribus
2445 879 2571 951 legis
2603 876 2724 932 Dei.
2770 877 2849 932 De
2878 881 3011 933 votis
3040 887 3086 932 et
3111 879 3384 947 sacriﬁciis
3404 921 3420 947 ,
3451 886 3500 932 et

1979 971 2318 1027 cestimatione
2343 971 2646 1027 sacerdotis.

1361 1298 1667 1361 BREVES
1711 1297 1923 1362 LIBRI
1968 1299 2319 1364 LEVITICI
2331 1346 2342 1360 .

198 1449 238 1506 I.
285 1449 364 1504 De
405 1450 584 1505 decem
615 1449 888 1521 generibus
933 1448 1254 1502 oblationum
1293 1447 1484 1520 absque
1531 1449 1804 1518 fermento,

270 1551 321 1596 et
351 1541 510 1596 melle
537 1541 666 1610 solo,
693 1539 1037 1594 admiscendis
1064 1541 1192 1596 sale.

200 1635 258 1692 11.
307 1635 389 1690 De
420 1637 543 1689 aliis
571 1636 745 1691 decem
773 1634 1047 1708 generibus
1081 1635 1409 1690 oblationum
1431 1650 1526 1706 pro
1550 1635 1806 1705 ignoran-

268 1731 367 1798 tia,
401 1731 486 1785 vel
513 1729 790 1796 oblivione,
838 1729 915 1784 vel
969 1728 1328 1795 immunditia,
1371 1737 1417 1782 et
1449 1745 1623 1783 errore
1651 1736 1806 1798 atque

270 1829 602 1892 contemptu.
1337 1801 1341 1808 I

204 1913 290 1970 III.
335 1913 422 1969 De
464 1881 568 1968 ritu
613 1912 1017 1968 sacerdotalimn
1045 1911 1358 1979 hostiarum,
1407 1921 1454 1965 et
1496 1919 1808 1965 cwterorum
1839 1881 1884 1941 Β

269 2007 685 2076 sacriﬁciorum,
713 2016 762 2062 et
783 2005 849 2060 de
871 2007 1120 2077 sanguine
1147 2021 1248 2059 non
1270 2005 1489 2060 edendo.

208 2097 293 2154 IV.
337 2097 423 2152 De
453 2097 835 2152 consecratione
859 2096 1035 2150 Aaron
1065 2106 1112 2150 et
1139 2096 1368 2162 ﬁliorum
1395 2095 1532 2166 ejus,
1557 2095 1807 2149 omnium-

273 2210 374 2264 que
396 2209 667 2258 vasorum,
701 2201 747 2247 et
774 2191 837 2247 de
863 2192 1046 2246 hostiis
1072 2189 1378 2246 immolatis.

210 2288 275 2341 V.
315 2287 401 2343 De
427 2289 706 2359 praesentia
733 2286 916 2361 gloria:
942 2286 1159 2342 Domini
1200 2302 1356 2356 super
1383 2285 1804 2352 tabernaculum,

275 2391 324 2436 et
354 2381 678 2435 holocaustis
708 2380 883 2434 divino
914 2381 1034 2452 igne
1062 2379 1422 2452 comsumptis,
1454 2377 1539 2432 ubi
1583 2374 1774 2431 Nadab
1794 2415 1808 2442 ,

276 2486 324 2530 et
349 2474 488 2528 Abiu
511 2474 646 2544 ignis
674 2474 882 2528 occidit.

212 2566 298 2622 VI.
341 2565 429 2620 De
456 2567 662 2621 mundis
693 2576 738 2621 et
770 2565 1052 2620 immundis
1073 2563 1446 2628 animantibus,
1467 2562 1600 2618 etde
1627 2560 1825 2647 mulie—l

280 2662 354 2714 ris
391 2660 760 2729 puriﬁcatione
789 2669 908 2730 post
945 2669 1171 2731 partum.

216 2751 323 2807 VII.
371 2751 455 2808 De
483 2753 781 2808 diversitate
807 2754 990 2825 lepraz,
1024 2756 1238 2827 ejusque
1264 2751 1627 2806 mundatione.

216 2847 351 2903 VIII.
399 2846 479 2903 De
508 2849 836 2920 passionibus
868 2849 944 2904 vel
973 2849 1304 2904 immunditia
1339 2856 1448 2902 tam
1503 2845 1628 2913 viri,
1661 2858 1817 2915 quant

286 2943 522 3010 femina.

220 3035 309 3090 IX.
357 3037 437 3092 De
477 3038 830 3095 observatione
859 3039 1164 3094 introeuntis
1195 3039 1249 3092 in
1278 3045 1459 3093 sancta
1487 3032 1767 3103 Pontiﬁcis
1798 3047 1818 3087 :

288 3141 337 3186 et
384 3134 447 3188 de
483 3133 687 3190 duobus
717 3134 875 3190 hircis
903 3143 1039 3190 sorte
1061 3133 1302 3188 discretis
1322 3147 1342 3188 :
1374 3141 1423 3186 et
1449 3131 1513 3186 de
1557 3128 1640 3183 die
1669 3127 1815 3198 afﬂi-

287 3228 505 3296 ctionis,
537 3237 585 3283 et
615 3230 872 3303 sanguine
895 3245 996 3284 non
1024 3226 1240 3284 edendo.

1914 1444 1979 1500 Χ.
2022 1443 2101 1499 De
2127 1444 2535 1516 turpitudinibus
2561 1453 2608 1498 et
2639 1445 2932 1518 sacrilegiis
2963 1447 3190 1520 gentium
3222 1464 3500 1504 exsecran-

1981 1537 2084 1603 dis,
2111 1547 2158 1590 et
2177 1537 2239 1590 de
2266 1537 2633 1592 constitutione
2659 1547 3054 1610 praceptorum.

1911 1625 2006 1682 XI.
2048 1626 2127 1682 De
2158 1629 2346 1699 magis,
2371 1640 2417 1682 et
2445 1628 2720 1698 adulteris,
2765 1639 2812 1684 et
2859 1631 2921 1685 de
2966 1632 3396 1702 turpitudinibus.
3425 1633 3506 1690 De

1983 1722 2297 1795 pythonibns
2324 1739 2425 1778 non
2451 1723 2748 1794 sequendis,
2779 1734 2825 1779 et
2848 1725 2911 1780 de
2945 1726 3320 1794 sacerdotibus,
3352 1738 3506 1798 atque

1985 1819 2126 1873 omni
2148 1819 2310 1886 clero,
2343 1819 2475 1872 utin
2515 1827 2619 1874 toto
2639 1819 2773 1873 vitiis
2805 1830 3039 1888 careant,
3073 1829 3122 1875 et
3147 1832 3383 1876 sanctum
3411 1825 3514 1876 im-

1985 1911 2166 1966 mundi
2197 1927 2298 1966 non
2323 1911 2617 1967 comedunt.

1913 2004 2030 2060 XII.
2074 2004 2151 2059 De
2179 2005 2454 2074 sacriﬁciis
2483 2005 2678 2076 absque
2726 2005 2932 2059 macula
2985 2005 3312 2076 afferendis,
3356 2020 3403 2064 et
3449 2011 3513 2065 de

1984 2100 2396 2168 alienigenarum
2423 2098 2768 2154 oblationibus
2789 2099 3144 2168 reprobandis.

1916 2190 2056 2247 XIII.
2099 2190 2178 2246 De
2201 2193 2426 2263 quinque
2454 2191 2869 2247 solemnitatibus
2898 2195 3026 2248 anni
3047 2193 3430 2262 celebrioribus,
3462 2205 3512 2250 et

1988 2287 2052 2340 de
2077 2286 2188 2340 oleo
2220 2287 2574 2354 lucernarum,
2603 2295 2650 2342 et
2673 2288 2736 2340 de
2758 2287 2976 2355 panibus
3005 2289 3401 2359 propositionis.

1915 2380 2058 2436 XIV.
2098 2379 2178 2435 De
2205 2379 2318 2450 ﬁlio
2360 2381 2595 2436 mulieris
2636 2379 2981 2447 Israelitidis,
3015 2381 3104 2452 qui
3136 2381 3511 2452 blasphemavit

1988 2491 2197 2540 nomen,
2213 2483 2260 2527 et
2281 2473 2484 2528 oculum
2511 2489 2606 2545 pro
2627 2475 2798 2541 oculo,
2813 2482 2863 2527 et
2886 2481 2939 2526 ut
2964 2483 3100 2528 terra
3120 2490 3256 2528 anno
3291 2475 3513 2544 septimo

1987 2566 2288 2630 sabbatizet,
2321 2574 2369 2620 et
2391 2565 2454 2620 de
2482 2565 2873 2620 remissionibus
2898 2566 3024 2619 anni
3048 2566 3273 2635 iubilwi,
3317 2576 3365 2619 et
3394 2565 3506 2622 Do-

1989 2659 2163 2713 minus
2192 2657 2260 2711 ad
2300 2655 2519 2712 Judwos
2552 2673 2571 2712 :
2598 2656 2762 2712 Terra
2784 2697 2798 2723 ,
2839 2657 3040 2728 inquit,
3077 2674 3189 2712 mea
3219 2666 3318 2724 est,
3352 2667 3400 2712 et
3429 2674 3516 2712 vos

1991 2753 2201 2807 advena:
2229 2759 2278 2805 et
2300 2751 2490 2806 coloni.

1919 2846 2040 2903 XV.
2082 2844 2162 2902 De
2201 2845 2632 2916 prosperitatibus
2671 2862 2796 2918 quas
2819 2844 3093 2902 Dominus
3148 2847 3443 2916 pollicetur,
3474 2849 3522 2903 si

1993 2938 2086 3009 ﬁat
2110 2939 2248 3009 quod
2281 2941 2548 3011 prazcepit,
2589 2948 2637 2993 et
2685 2939 2749 2994 de
2786 2939 3018 2994 vindicta
3049 2939 3110 2994 ob
3139 2942 3517 3012 transgressio-

1993 3048 2113 3086 nem
2138 3029 2482 3102 septemplici.

1923 3122 2063 3178 XVI.
2107 3123 2183 3178 De
2214 3122 2429 3179 diversis
2460 3132 2694 3180 votorum
2725 3126 2893 3195 pretio
2938 3125 3359 3181 redimendorum
3410 3136 3518 3183 sta-

1994 3217 2139 3270 tutis.

943 3457 1343 3524 CAPITULA
1386 3453 1602 3517 LIBRI
1644 3444 2038 3523 LEVITICI,
2090 3443 2172 3506 ID
2215 3441 2360 3506 EST
2403 3442 2789 3506 VAJECRA.

221 3585 259 3641 I.
303 3586 537 3642 Locutus
566 3595 643 3641 est
673 3585 930 3640 Dominus
959 3585 1027 3638 ad
1055 3582 1238 3640 Mosen
1268 3582 1334 3638 de
1362 3577 1693 3636 tabernaculo
1740 3583 1818 3630 te-
1845 3572 1892 3635 Ο
1925 3568 2040 3625 XV.
2085 3568 2164 3624 De
2191 3568 2459 3640 pecoribus
2490 3567 2895 3624 manducandis.

285 3679 549 3745 stimonii,
583 3690 630 3733 et
662 3679 724 3733 de
751 3677 1051 3748 sacriﬁciis.

226 3771 286 3827 11.
334 3771 479 3839 Quid
510 3770 768 3840 offeratur
796 3787 889 3840 pro
911 3769 1100 3825 delicto
1127 3768 1437 3843 ignorantia:
1457 3784 1490 3822 a
1511 3764 1776 3820 sacerdote
1801 3803 1816 3830 ,

291 3865 374 3919 vel
396 3865 613 3936 populo,
642 3865 768 3918 dicit
793 3862 935 3918 Deus
961 3861 1120 3917 Mosi.

223 3959 309 4015 IlI.
360 3959 502 4026 Quid
523 3975 618 4031 pro
641 3958 953 4030 negligentia
981 3956 1304 4025 oﬂ'erendum
1331 3957 1417 4011 sit.

224 4052 310 4108 IV.
361 4052 438 4106 De
491 4053 852 4108 commendato
891 4061 940 4107 et
984 4053 1191 4108 invento
1237 4067 1255 4106 :
1294 4051 1356 4110 si,
1396 4047 1676 4104 mentiatur
1727 4054 1819 4100 aut

285 4151 436 4218 juret
465 4145 677 4217 injuste.

227 4237 288 4292 V.
332 4236 414 4293 De
438 4237 766 4295 holocausto.

228 4329 314 4386 VI.
363 4329 444 4386 De
467 4331 735 4386 sacerdote
751 4339 924 4395 uncto,
954 4331 1084 4404 quid
1107 4329 1312 4399 offerat.

229 4423 342 4480 VII.
386 4425 633 4480 Hostiam
661 4443 756 4498 pro
783 4425 990 4481 delicto.

234 4515 371 4573 VIII.
413 4519 638 4591 Adipem
670 4531 718 4576 et
747 4521 1076 4592 sanguinem,
1112 4526 1161 4574 et
1200 4534 1232 4572 a
1259 4518 1370 4589 [era
1401 4523 1682 4571 comestum
1719 4529 1825 4569 non

296 4613 750 4668 manducandum.

232 4703 323 4760 IX.
372 4707 446 4761 De
475 4708 735 4778 sacriﬁcio
764 4708 1004 4763 salutari.

231 4795 296 4852 X.
342 4798 496 4853 Lavit
519 4799 694 4855 Moses
722 4802 898 4855 Aaron
926 4810 974 4856 et
1000 4799 1140 4871 ﬁlios
1161 4803 1298 4874 ejus,
1327 4808 1376 4855 et
1398 4799 1566 4855 induit
1608 4815 1723 4854 eum
1747 4814 1817 4853 ve-

299 4903 436 4946 stem
465 4892 862 4950 sacerdotalem.

1921 3662 2062 3719 XVI.
2106 3660 2185 3716 De
2216 3661 2442 3732 piscibus
2467 3663 2558 3732 qui
2579 3662 2982 3718 manducentur.

1921 3755 2086 3812 XVII.
2131 3753 2211 3810 De
2240 3755 2540 3810 volatilibus
2569 3772 2671 3810 non
2700 3756 3102 3811 manducandis.

1924 3849 2110 3906 XVIII.
2156 3848 2232 3902 De
2258 3848 2531 3921 pecoribus
2557 3865 2663 3903 non
2690 3849 3092 3905 manducandis.

1922 3942 2067 3998 XIX.
2113 3942 2192 3997 De
2213 3943 2479 4015 reptilibus
2502 3959 2606 3996 non
2627 3944 3032 3998 manducandis.

1921 4036 2042 4092 XX.
2086 4034 2164 4090 De
2203 4035 2418 4090 muliere
2443 4051 2560 4107 qua:
2586 4035 2875 4090 masculum
2900 4039 3174 4109 pepererit.

1922 4128 2067 4184 XXI.
2111 4127 2191 4183 De
2219 4145 2301 4194 ea,
2328 4143 2443 4200 qua:
2470 4129 2700 4201 puellam
2733 4130 3009 4202 pepererit.

1922 4219 2094 4276 XXII.
2139 4219 2216 4275 De
2240 4229 2377 4275 tactu
2399 4220 2578 4291 leprte.

1927 4313 2118 4369 XXIII.
2165 4312 2481 4368 Mundatum
2533 4330 2567 4368 a
2620 4313 2768 4386 lepra
2815 4315 3018 4371 ostendi
3045 4318 3334 4389 sacerdoti,
3367 4329 3414 4375 et
3445 4321 3522 4376 sic

1997 4411 2193 4464 intrare
2217 4410 2271 4463 in
2299 4419 2493 4464 castra.

1926 4499 2123 4557 XXIV.
2167 4501 2244 4556 De
2269 4501 2476 4556 macula
2503 4499 2662 4573 lepra:
2691 4502 2746 4556 in
2772 4501 2946 4557 domo.

1928 4594 2104 4652 XXV.
2145 4595 2226 4652 De
2255 4597 2381 4663 viro,
2414 4597 2498 4650 cui
2527 4595 2685 4665 fuerit
2724 4597 2900 4666 ﬂuxus
2934 4612 2999 4652 ea:
3025 4613 3259 4669 corpore.

1930 4690 2126 4748 XXVI.
2168 4691 2248 4746 De
2273 4691 2507 4757 muliere,
2543 4707 2660 4761 qua:
2689 4691 2848 4762 fuerit
2871 4693 2926 4745 in
2951 4695 3099 4762 ﬂuxu
3127 4693 3420 4765 sanguinis.

1933 4784 2150 4841 XXVII.
2195 4785 2320 4840 Non
2346 4785 2532 4840 debere
2552 4785 2726 4840 Aaron
2752 4786 2961 4842 assidue
2986 4787 3190 4858 ingredi
3237 4789 3452 4845 interius
3479 4791 3536 4846 in

2006 4879 2220 4936 Sancta.

233 4983 329 5040 XI.
359 4983 520 5040 Unxit
545 4985 720 5040 Aaron
743 4995 792 5041 et
820 4987 957 5056 ﬁlios
979 4991 1115 5060 ejus,
1137 4996 1184 5041 et
1205 4987 1422 5051 vestivit,
1451 4995 1498 5041 et
1525 4984 1813 5042 obtulerunt

1951 4970 2174 5027 XXVIII.
2217 4969 2454 5042 Septimo
2483 4986 2682 5038 mense,
2725 4971 2923 5026 decimo
2953 4970 3039 5028 die
3065 4974 3254 5028 mensis
3274 4976 3531 5048 jejuna‘n-

302 5077 611 5133 holocausta
631 5087 680 5133 et
709 5079 993 5148 sacriﬁcia,
1017 5089 1061 5133 et
1083 5079 1344 5135 descendit
1372 5079 1506 5149 ignis
1528 5093 1828 5134 consumens

301 5186 498 5226 omnia.

236 5259 352 5316 XII.
400 5260 598 5317 Nadab
623 5272 673 5318 et
702 5264 836 5318 Abiu
866 5264 1138 5333 o/I’erentes
1176 5267 1347 5337 ignem
1399 5265 1627 5322 alienum
1648 5306 1664 5335 ,
1713 5265 1832 5340 igne

304 5354 496 5409 caelesti
523 5358 818 5427 consumpti
837 5367 979 5412 sunt.

238 5445 376 5503 XIII.
416 5447 570 5504 Jubet
610 5452 898 5507 sacerdotes
929 5469 1046 5507 cum
1083 5453 1336 5510 accedunt
1361 5463 1387 5492 α
1416 5454 1485 5509 ad
1509 5453 1699 5522 Deum,
1753 5455 1830 5509 vi-

309 5559 430 5595 num
459 5559 563 5597 non
589 5543 774 5600 bibere.

238 5609 380 5668 XIV.
427 5613 496 5668 De
525 5616 784 5684 sacriﬁcio
809 5619 947 5688 quod
973 5623 1301 5690 remanserit,
1332 5619 1361 5660 ι)
1385 5620 1678 5677 sacerdotes
1707 5636 1827 5676 cum

309 5705 417 5759 suis
442 5707 688 5778 prwcepit
719 5711 1061 5768 manducare.

313 5850 339 5879 ³
367 5841 422 5897 In
455 5843 678 5914 palatin.
703 5858 859 5911 mss.,
890 5845 961 5900 ad
981 5844 1171 5901 altare.

685 5937 961 5999 ΡΔτιοι..
1008 5937 1218 6001 XXVI
1228 5939 1306 6001 II.

2007 5065 2149 5121 dum.

1941 5160 2136 5217 XXIX.
2181 5160 2457 5232 Sacriﬁcia
2484 5178 2573 5232 per
2606 5159 2702 5216 Dei
2729 5160 3023 5217 sacerdotes
3047 5161 3337 5230 offerenda.

1941 5251 2112 5309 XXX.
2155 5251 2503 5325 Sanguinem,
2531 5261 2580 5306 et
2611 5268 2702 5323 per
2738 5270 2794 5308 se
2842 5263 3103 5309 mortuum
3149 5272 3256 5311 non
3303 5257 3534 5313 mandu-

2009 5344 2256 5398 cundum.

1943 5435 2140 5492 XXXI.
2183 5435 2241 5491 Μ
2246 5437 2521 5492 orticinum
2537 5446 2584 5492 et
2607 5455 2638 5492 a
2659 5439 2772 5509 fera
2793 5450 3004 5510 captum
3020 5457 3123 5496 non
3141 5444 3532 5500 comedendum.

1942 5526 2161 5583 XXXII.
2202 5527 2332 5584 Cum
2367 5531 2508 5584 omni
2549 5528 2831 5587 domestica
2873 5533 3074 5604 generis
3119 5551 3223 5591 non
3267 5536 3533 5592 dormien-

2007 5622 2154 5676 dum.

1937 5713 2184 5770 XXXIII.
2232 5713 2357 5770 Non
2384 5714 2805 5773 adulterandum.

2011 5847 2038 5889 δ
2068 5847 2240 5922 Idem,
2273 5851 2390 5906 cum
2414 5851 2522 5908 suis
2551 5854 2923 5912 sacerdotibus.

3103 5948 3180 6008 10
