  <div class='ocr_page' id='page_1' title='image "/cluster/home/n/w/nwhite01/storage/ocr_20150623/28/hvd.32044015471410/156.png"; bbox 0 0 4044 6360; ppageno 0'>
   <div class='ocr_carea' id='block_1_1' title="bbox 254 306 348 368">
    <p class='ocr_par' dir='ltr' id='par_1_1' title="bbox 254 306 348 368">
     <span class='ocr_line' id='line_1_1' title="bbox 254 306 348 368; baseline -0.074 0"><span class='ocrx_word' id='word_1_1' title='bbox 254 306 348 368; x_wconf 75' lang='lat'><strong>801</strong></span> 
     </span>
    </p>
   </div>
   <div class='ocr_carea' id='block_1_2' title="bbox 1624 294 2183 358">
    <p class='ocr_par' dir='ltr' id='par_1_2' title="bbox 1624 294 2183 358">
     <span class='ocr_line' id='line_1_2' title="bbox 1624 294 2183 358; baseline -0.005 -1"><span class='ocrx_word' id='word_1_2' title='bbox 1624 296 1827 358; x_wconf 81' lang='lat' dir='ltr'><strong>LIBER</strong></span> <span class='ocrx_word' id='word_1_3' title='bbox 1867 294 2183 357; x_wconf 72' lang='lat' dir='ltr'><strong>LBVlTlCi.</strong></span> 
     </span>
    </p>
   </div>
   <div class='ocr_carea' id='block_1_3' title="bbox 3460 305 3564 365">
    <p class='ocr_par' dir='ltr' id='par_1_3' title="bbox 3460 305 3564 365">
     <span class='ocr_line' id='line_1_3' title="bbox 3460 305 3564 365; baseline 0 0"><span class='ocrx_word' id='word_1_4' title='bbox 3460 305 3564 365; x_wconf 64' lang='lat'><strong>502</strong></span> 
     </span>
    </p>
   </div>
   <div class='ocr_carea' id='block_1_4' title="bbox 249 416 3567 490">
    <p class='ocr_par' dir='ltr' id='par_1_4' title="bbox 249 416 3567 490">
     <span class='ocr_line' id='line_1_4' title="bbox 249 416 3567 490; baseline 0 -10"><span class='ocrx_word' id='word_1_5' title='bbox 249 426 406 480; x_wconf 87' lang='lat' dir='ltr'><strong>mine</strong></span> <span class='ocrx_word' id='word_1_6' title='bbox 435 440 448 475; x_wconf 90' lang='lat'><strong>:</strong></span> <span class='ocrx_word' id='word_1_7' title='bbox 478 418 819 476; x_wconf 79' lang='lat' dir='ltr'><strong>oil‘erentﬁlii</strong></span> <span class='ocrx_word' id='word_1_8' title='bbox 846 419 1027 473; x_wconf 82' lang='lat' dir='ltr'><strong>Aaron</strong></span> <span class='ocrx_word' id='word_1_9' title='bbox 1049 416 1360 473; x_wconf 81' lang='lat' dir='ltr'><strong>sacerdotes</strong></span> <span class='ocrx_word' id='word_1_10' title='bbox 1381 419 1695 490; x_wconf 79' lang='lat' dir='ltr'><strong>sanguinem</strong></span> <span class='ocrx_word' id='word_1_11' title='bbox 1718 419 1858 489; x_wconf 83' lang='lat' dir='ltr'><strong>ejus,</strong></span> <span class='ocrx_word' id='word_1_12' title='bbox 1892 418 1939 479; x_wconf 82' lang='lat' dir='ltr'><strong>A</strong></span> <span class='ocrx_word' id='word_1_13' title='bbox 1968 416 2191 472; x_wconf 86' lang='lat' dir='ltr'><strong>odorem</strong></span> <span class='ocrx_word' id='word_1_14' title='bbox 2240 418 2526 474; x_wconf 71' lang='lat' dir='ltr'><strong>suavitatis</strong></span> <span class='ocrx_word' id='word_1_15' title='bbox 2584 419 2845 483; x_wconf 84' lang='lat' dir='ltr'><strong>Domino;</strong></span> <span class='ocrx_word' id='word_1_16' title='bbox 2881 419 3144 490; x_wconf 85' lang='lat' dir='ltr'><strong>quidquid</strong></span> <span class='ocrx_word' id='word_1_17' title='bbox 3196 430 3378 479; x_wconf 90' lang='lat' dir='ltr'><strong>autem</strong></span> <span class='ocrx_word' id='word_1_18' title='bbox 3434 427 3567 481; x_wconf 81' lang='lat' dir='ltr'><strong>reli-</strong></span> 
     </span>
    </p>
   </div>
   <div class='ocr_carea' id='block_1_5' title="bbox 250 510 1860 583">
    <p class='ocr_par' dir='ltr' id='par_1_5' title="bbox 250 510 1860 583">
     <span class='ocr_line' id='line_1_5' title="bbox 250 510 1860 583; baseline -0.002 -13"><span class='ocrx_word' id='word_1_19' title='bbox 250 516 552 572; x_wconf 78' lang='lat' dir='ltr'><strong>fnndentes</strong></span> <span class='ocrx_word' id='word_1_20' title='bbox 576 529 669 582; x_wconf 88' lang='lat' dir='ltr'><strong>per</strong></span> <span class='ocrx_word' id='word_1_21' title='bbox 690 512 880 567; x_wconf 87' lang='lat' dir='ltr'><strong>altaris</strong></span> <span class='ocrx_word' id='word_1_22' title='bbox 908 510 1218 580; x_wconf 71' lang='lat' dir='ltr'><strong>circuitum,</strong></span> <span class='ocrx_word' id='word_1_23' title='bbox 1245 511 1387 583; x_wconf 89' lang='lat' dir='ltr'><strong>quod</strong></span> <span class='ocrx_word' id='word_1_24' title='bbox 1413 520 1499 567; x_wconf 91' lang='lat' dir='ltr'><strong>est</strong></span> <span class='ocrx_word' id='word_1_25' title='bbox 1520 522 1647 567; x_wconf 88' lang='lat' dir='ltr'><strong>ante</strong></span> <span class='ocrx_word' id='word_1_26' title='bbox 1664 512 1860 567; x_wconf 77' lang='lat' dir='ltr'><strong>ostium</strong></span> 
     </span>
    </p>
   </div>
   <div class='ocr_carea' id='block_1_6' title="bbox 248 606 1860 678">
    <p class='ocr_par' dir='ltr' id='par_1_6' title="bbox 248 606 1860 678">
     <span class='ocr_line' id='line_1_6' title="bbox 248 606 1860 678; baseline -0.005 -11"><span class='ocrx_word' id='word_1_27' title='bbox 248 608 642 667; x_wconf 80' lang='lat' dir='ltr'><strong>tabernaculi:</strong></span> <span class='ocrx_word' id='word_1_28' title='bbox 676 608 1034 675; x_wconf 88' lang='lat' dir='ltr'><strong>detractaque</strong></span> <span class='ocrx_word' id='word_1_29' title='bbox 1064 607 1204 678; x_wconf 91' lang='lat' dir='ltr'><strong>pelle</strong></span> <span class='ocrx_word' id='word_1_30' title='bbox 1232 607 1445 675; x_wconf 63' lang='lat' dir='ltr'><strong>hostia},</strong></span> <span class='ocrx_word' id='word_1_31' title='bbox 1481 616 1632 662; x_wconf 89' lang='lat' dir='ltr'><strong>artus</strong></span> <span class='ocrx_word' id='word_1_32' title='bbox 1664 608 1717 661; x_wconf 91' lang='lat' dir='ltr'><strong>in</strong></span> <span class='ocrx_word' id='word_1_33' title='bbox 1752 606 1860 660; x_wconf 59' lang='lat' dir='ltr'><strong>fro-</strong></span> 
     </span>
    </p>
   </div>
   <div class='ocr_carea' id='block_1_7' title="bbox 247 699 1861 770">
    <p class='ocr_par' dir='ltr' id='par_1_7' title="bbox 247 699 1861 770">
     <span class='ocr_line' id='line_1_7' title="bbox 247 699 1861 770; baseline -0.004 -8"><span class='ocrx_word' id='word_1_34' title='bbox 247 715 327 762; x_wconf 82' lang='lat' dir='ltr'><strong>sta</strong></span> <span class='ocrx_word' id='word_1_35' title='bbox 380 702 707 767; x_wconf 84' lang='lat' dir='ltr'><strong>concident,</strong></span> <span class='ocrx_word' id='word_1_36' title='bbox 736 710 793 758; x_wconf 87' lang='lat' dir='ltr'><strong>et</strong></span> <span class='ocrx_word' id='word_1_37' title='bbox 843 699 1139 770; x_wconf 78' lang='lat' dir='ltr'><strong>Snbjicient</strong></span> <span class='ocrx_word' id='word_1_38' title='bbox 1174 701 1226 754; x_wconf 93' lang='lat' dir='ltr'><strong>in</strong></span> <span class='ocrx_word' id='word_1_39' title='bbox 1279 701 1438 755; x_wconf 81' lang='lat' dir='ltr'><strong>altari</strong></span> <span class='ocrx_word' id='word_1_40' title='bbox 1471 701 1670 770; x_wconf 82' lang='lat' dir='ltr'><strong>ignem,</strong></span> <span class='ocrx_word' id='word_1_41' title='bbox 1714 711 1861 755; x_wconf 86' lang='lat' dir='ltr'><strong>strue</strong></span> 
     </span>
    </p>
   </div>
   <div class='ocr_carea' id='block_1_8' title="bbox 247 792 1856 867">
    <p class='ocr_par' dir='ltr' id='par_1_8' title="bbox 247 792 1856 867">
     <span class='ocr_line' id='line_1_8' title="bbox 247 792 1856 867; baseline -0.003 -16"><span class='ocrx_word' id='word_1_42' title='bbox 247 796 529 867; x_wconf 81' lang='lat' dir='ltr'><strong>lignorum</strong></span> <span class='ocrx_word' id='word_1_43' title='bbox 553 806 675 849; x_wconf 89' lang='lat' dir='ltr'><strong>ante</strong></span> <span class='ocrx_word' id='word_1_44' title='bbox 692 793 1017 864; x_wconf 80' lang='lat' dir='ltr'><strong>composita.</strong></span> <span class='ocrx_word' id='word_1_45' title='bbox 1035 801 1091 847; x_wconf 91' lang='lat' dir='ltr'><strong>et</strong></span> <span class='ocrx_word' id='word_1_46' title='bbox 1114 792 1379 859; x_wconf 89' lang='lat' dir='ltr'><strong>membra,</strong></span> <span class='ocrx_word' id='word_1_47' title='bbox 1404 808 1523 863; x_wconf 82' lang='lat' dir='ltr'><strong>quae</strong></span> <span class='ocrx_word' id='word_1_48' title='bbox 1546 808 1685 848; x_wconf 66' lang='lat' dir='ltr'><strong>caasa</strong></span> <span class='ocrx_word' id='word_1_49' title='bbox 1712 805 1856 861; x_wconf 86' lang='lat' dir='ltr'><strong>sunt,</strong></span> 
     </span>
    </p>
   </div>
   <div class='ocr_carea' id='block_1_9' title="bbox 247 886 1859 961">
    <p class='ocr_par' dir='ltr' id='par_1_9' title="bbox 247 886 1859 961">
     <span class='ocr_line' id='line_1_9' title="bbox 247 886 1859 961; baseline -0.005 -14"><span class='ocrx_word' id='word_1_50' title='bbox 247 890 497 961; x_wconf 82' lang='lat' dir='ltr'><strong>desuper</strong></span> <span class='ocrx_word' id='word_1_51' title='bbox 532 888 871 951; x_wconf 82' lang='lat' dir='ltr'><strong>ordinantes,</strong></span> <span class='ocrx_word' id='word_1_52' title='bbox 904 895 1066 955; x_wconf 89' lang='lat' dir='ltr'><strong>caput</strong></span> <span class='ocrx_word' id='word_1_53' title='bbox 1097 886 1377 955; x_wconf 89' lang='lat' dir='ltr'><strong>videlicet,</strong></span> <span class='ocrx_word' id='word_1_54' title='bbox 1410 894 1468 941; x_wconf 87' lang='lat' dir='ltr'><strong>et</strong></span> <span class='ocrx_word' id='word_1_55' title='bbox 1496 895 1694 941; x_wconf 88' lang='lat' dir='ltr'><strong>cuncta</strong></span> <span class='ocrx_word' id='word_1_56' title='bbox 1739 901 1859 955; x_wconf 69' lang='lat' dir='ltr'><strong>qua:</strong></span> 
     </span>
    </p>
   </div>
   <div class='ocr_carea' id='block_1_10' title="bbox 244 978 1855 1052">
    <p class='ocr_par' dir='ltr' id='par_1_10' title="bbox 244 978 1855 1052">
     <span class='ocr_line' id='line_1_10' title="bbox 244 978 1855 1052; baseline -0.004 -15"><span class='ocrx_word' id='word_1_57' title='bbox 244 982 544 1038; x_wconf 74' lang='lat' dir='ltr'><strong>adhaerent</strong></span> <span class='ocrx_word' id='word_1_58' title='bbox 585 981 781 1052; x_wconf 89' lang='lat' dir='ltr'><strong>jccori,</strong></span> <span class='ocrx_word' id='word_1_59' title='bbox 817 980 1093 1035; x_wconf 86' lang='lat' dir='ltr'><strong>intestinis</strong></span> <span class='ocrx_word' id='word_1_60' title='bbox 1145 990 1200 1035; x_wconf 83' lang='lat' dir='ltr'><strong>et</strong></span> <span class='ocrx_word' id='word_1_61' title='bbox 1244 979 1475 1049; x_wconf 88' lang='lat' dir='ltr'><strong>pedibus</strong></span> <span class='ocrx_word' id='word_1_62' title='bbox 1514 978 1806 1048; x_wconf 84' lang='lat' dir='ltr'><strong>lotisaqua</strong></span> <span class='ocrx_word' id='word_1_63' title='bbox 1842 996 1855 1031; x_wconf 88' lang='lat'><strong>:</strong></span> 
     </span>
    </p>
   </div>
   <div class='ocr_carea' id='block_1_11' title="bbox 244 1070 1861 1143">
    <p class='ocr_par' dir='ltr' id='par_1_11' title="bbox 244 1070 1861 1143">
     <span class='ocr_line' id='line_1_11' title="bbox 244 1070 1861 1143; baseline -0.004 -13"><span class='ocrx_word' id='word_1_64' title='bbox 244 1072 604 1143; x_wconf 84' lang='lat' dir='ltr'><strong>adolebitque</strong></span> <span class='ocrx_word' id='word_1_65' title='bbox 644 1087 705 1125; x_wconf 88' lang='lat' dir='ltr'><strong>ea</strong></span> <span class='ocrx_word' id='word_1_66' title='bbox 767 1072 1034 1126; x_wconf 79' lang='lat' dir='ltr'><strong>sacerdos</strong></span> <span class='ocrx_word' id='word_1_67' title='bbox 1066 1085 1232 1139; x_wconf 84' lang='lat' dir='ltr'><strong>super</strong></span> <span class='ocrx_word' id='word_1_68' title='bbox 1281 1070 1455 1127; x_wconf 88' lang='lat' dir='ltr'><strong>altare</strong></span> <span class='ocrx_word' id='word_1_69' title='bbox 1500 1071 1552 1123; x_wconf 92' lang='lat' dir='ltr'><strong>in</strong></span> <span class='ocrx_word' id='word_1_70' title='bbox 1597 1070 1861 1123; x_wconf 79' lang='lat' dir='ltr'><strong>holocau-</strong></span> 
     </span>
    </p>
   </div>
   <div class='ocr_carea' id='block_1_12' title="bbox 242 1165 1860 1235">
    <p class='ocr_par' dir='ltr' id='par_1_12' title="bbox 242 1165 1860 1235">
     <span class='ocr_line' id='line_1_12' title="bbox 242 1165 1860 1235; baseline -0.003 -10"><span class='ocrx_word' id='word_1_71' title='bbox 242 1180 385 1225; x_wconf 82' lang='lat' dir='ltr'><strong>smm</strong></span> <span class='ocrx_word' id='word_1_72' title='bbox 418 1176 483 1224; x_wconf 89' lang='lat' dir='ltr'><strong>et</strong></span> <span class='ocrx_word' id='word_1_73' title='bbox 510 1182 733 1222; x_wconf 83' lang='lat' dir='ltr'><strong>suavem</strong></span> <span class='ocrx_word' id='word_1_74' title='bbox 769 1165 1000 1221; x_wconf 89' lang='lat' dir='ltr'><strong>odorem</strong></span> <span class='ocrx_word' id='word_1_75' title='bbox 1031 1167 1286 1223; x_wconf 89' lang='lat' dir='ltr'><strong>Domino.</strong></span> <span class='ocrx_word' id='word_1_76' title='bbox 1316 1166 1471 1233; x_wconf 83' lang='lat' dir='ltr'><strong>Quod</strong></span> <span class='ocrx_word' id='word_1_77' title='bbox 1502 1166 1549 1220; x_wconf 87' lang='lat' dir='ltr'><strong>si</strong></span> <span class='ocrx_word' id='word_1_78' title='bbox 1578 1165 1648 1220; x_wconf 91' lang='lat' dir='ltr'><strong>de</strong></span> <span class='ocrx_word' id='word_1_79' title='bbox 1696 1181 1860 1235; x_wconf 86' lang='lat' dir='ltr'><strong>peco—</strong></span> 
     </span>
    </p>
   </div>
   <div class='ocr_carea' id='block_1_13' title="bbox 242 1258 1854 1329">
    <p class='ocr_par' dir='ltr' id='par_1_13' title="bbox 242 1258 1854 1329">
     <span class='ocr_line' id='line_1_13' title="bbox 242 1258 1854 1329; baseline -0.004 -12"><span class='ocrx_word' id='word_1_80' title='bbox 242 1261 396 1318; x_wconf 86' lang='lat' dir='ltr'><strong>ribus</strong></span> <span class='ocrx_word' id='word_1_81' title='bbox 425 1260 636 1315; x_wconf 87' lang='lat' dir='ltr'><strong>oblatio</strong></span> <span class='ocrx_word' id='word_1_82' title='bbox 662 1271 769 1325; x_wconf 87' lang='lat' dir='ltr'><strong>est,</strong></span> <span class='ocrx_word' id='word_1_83' title='bbox 805 1259 875 1314; x_wconf 88' lang='lat' dir='ltr'><strong>de</strong></span> <span class='ocrx_word' id='word_1_84' title='bbox 902 1259 1117 1323; x_wconf 87' lang='lat' dir='ltr'><strong>ovibus,</strong></span> <span class='ocrx_word' id='word_1_85' title='bbox 1152 1260 1267 1321; x_wconf 78' lang='lat' dir='ltr'><strong>sive</strong></span> <span class='ocrx_word' id='word_1_86' title='bbox 1289 1260 1357 1313; x_wconf 93' lang='lat' dir='ltr'><strong>de</strong></span> <span class='ocrx_word' id='word_1_87' title='bbox 1384 1260 1566 1329; x_wconf 89' lang='lat' dir='ltr'><strong>capris</strong></span> <span class='ocrx_word' id='word_1_88' title='bbox 1593 1258 1854 1313; x_wconf 90' lang='lat' dir='ltr'><strong>holocau-</strong></span> 
     </span>
    </p>
   </div>
   <div class='ocr_carea' id='block_1_14' title="bbox 240 1349 1857 1422">
    <p class='ocr_par' dir='ltr' id='par_1_14' title="bbox 240 1349 1857 1422">
     <span class='ocr_line' id='line_1_14' title="bbox 240 1349 1857 1422; baseline -0.004 -12"><span class='ocrx_word' id='word_1_89' title='bbox 240 1362 412 1418; x_wconf 78' lang='lat' dir='ltr'><strong>stum,</strong></span> <span class='ocrx_word' id='word_1_90' title='bbox 444 1361 470 1390; x_wconf 82' lang='grc'><strong><em>⁸</em></strong></span> <span class='ocrx_word' id='word_1_91' title='bbox 508 1353 836 1417; x_wconf 84' lang='lat' dir='ltr'><strong>masculum,</strong></span> <span class='ocrx_word' id='word_1_92' title='bbox 870 1350 1076 1422; x_wconf 81' lang='lat' dir='ltr'><strong>absque</strong></span> <span class='ocrx_word' id='word_1_93' title='bbox 1106 1350 1312 1405; x_wconf 73' lang='lat' dir='ltr'><strong>matula</strong></span> <span class='ocrx_word' id='word_1_94' title='bbox 1342 1349 1574 1405; x_wconf 70' lang='lat' dir='ltr'><strong>oﬁeret:</strong></span> <span class='ocrx_word' id='word_1_95' title='bbox 1610 1350 1857 1404; x_wconf 84' lang='lat' dir='ltr'><strong>immola—</strong></span> 
     </span>
    </p>
   </div>
   <div class='ocr_carea' id='block_1_15' title="bbox 242 1443 1854 1516">
    <p class='ocr_par' dir='ltr' id='par_1_15' title="bbox 242 1443 1854 1516">
     <span class='ocr_line' id='line_1_15' title="bbox 242 1443 1854 1516; baseline -0.002 -16"><span class='ocrx_word' id='word_1_96' title='bbox 242 1443 436 1516; x_wconf 88' lang='lat' dir='ltr'><strong>bitque</strong></span> <span class='ocrx_word' id='word_1_97' title='bbox 468 1443 543 1499; x_wconf 84' lang='lat' dir='ltr'><strong>ad</strong></span> <span class='ocrx_word' id='word_1_98' title='bbox 566 1444 711 1499; x_wconf 81' lang='lat' dir='ltr'><strong>latus</strong></span> <span class='ocrx_word' id='word_1_99' title='bbox 746 1444 957 1509; x_wconf 89' lang='lat' dir='ltr'><strong>altaris,</strong></span> <span class='ocrx_word' id='word_1_100' title='bbox 984 1443 1128 1513; x_wconf 86' lang='lat' dir='ltr'><strong>quod</strong></span> <span class='ocrx_word' id='word_1_101' title='bbox 1156 1443 1380 1513; x_wconf 83' lang='lat' dir='ltr'><strong>respicit</strong></span> <span class='ocrx_word' id='word_1_102' title='bbox 1411 1443 1477 1497; x_wconf 87' lang='lat' dir='ltr'><strong>ad</strong></span> <span class='ocrx_word' id='word_1_103' title='bbox 1508 1444 1854 1513; x_wconf 82' lang='lat' dir='ltr'><strong>Aquilonem,</strong></span> 
     </span>
    </p>
   </div>
   <div class='ocr_carea' id='block_1_16' title="bbox 239 1534 1853 1603">
    <p class='ocr_par' dir='ltr' id='par_1_16' title="bbox 239 1534 1853 1603">
     <span class='ocr_line' id='line_1_16' title="bbox 239 1534 1853 1603; baseline -0.001 -14"><span class='ocrx_word' id='word_1_104' title='bbox 239 1547 424 1589; x_wconf 80' lang='lat' dir='ltr'><strong>coram</strong></span> <span class='ocrx_word' id='word_1_105' title='bbox 458 1534 705 1589; x_wconf 89' lang='lat' dir='ltr'><strong>Domino</strong></span> <span class='ocrx_word' id='word_1_106' title='bbox 742 1549 755 1587; x_wconf 89' lang='lat'><strong>:</strong></span> <span class='ocrx_word' id='word_1_107' title='bbox 788 1535 1108 1603; x_wconf 86' lang='lat' dir='ltr'><strong>sanguinem</strong></span> <span class='ocrx_word' id='word_1_108' title='bbox 1141 1549 1271 1588; x_wconf 87' lang='lat' dir='ltr'><strong>vero</strong></span> <span class='ocrx_word' id='word_1_109' title='bbox 1318 1534 1463 1590; x_wconf 91' lang='lat' dir='ltr'><strong>illius</strong></span> <span class='ocrx_word' id='word_1_110' title='bbox 1509 1534 1733 1589; x_wconf 90' lang='lat' dir='ltr'><strong>lundent</strong></span> <span class='ocrx_word' id='word_1_111' title='bbox 1762 1549 1853 1589; x_wconf 84' lang='lat' dir='ltr'><strong>su-</strong></span> 
     </span>
    </p>
   </div>
   <div class='ocr_carea' id='block_1_17' title="bbox 241 1626 1857 1699">
    <p class='ocr_par' dir='ltr' id='par_1_17' title="bbox 241 1626 1857 1699">
     <span class='ocr_line' id='line_1_17' title="bbox 241 1626 1857 1699; baseline -0.001 -16"><span class='ocrx_word' id='word_1_112' title='bbox 241 1640 340 1699; x_wconf 80' lang='lat' dir='ltr'><strong>per</strong></span> <span class='ocrx_word' id='word_1_113' title='bbox 368 1626 559 1682; x_wconf 86' lang='lat' dir='ltr'><strong>altare</strong></span> <span class='ocrx_word' id='word_1_114' title='bbox 620 1626 718 1681; x_wconf 89' lang='lat' dir='ltr'><strong>ﬁlii</strong></span> <span class='ocrx_word' id='word_1_115' title='bbox 748 1628 933 1683; x_wconf 85' lang='lat' dir='ltr'><strong>Aaron</strong></span> <span class='ocrx_word' id='word_1_116' title='bbox 985 1643 1079 1696; x_wconf 86' lang='lat' dir='ltr'><strong>per</strong></span> <span class='ocrx_word' id='word_1_117' title='bbox 1125 1627 1436 1694; x_wconf 76' lang='lat' dir='ltr'><strong>circuitum,</strong></span> <span class='ocrx_word' id='word_1_118' title='bbox 1499 1626 1857 1696; x_wconf 85' lang='lat' dir='ltr'><strong>dividcntque</strong></span> 
     </span>
    </p>
   </div>
   <div class='ocr_carea' id='block_1_18' title="bbox 241 1720 1856 1792">
    <p class='ocr_par' dir='ltr' id='par_1_18' title="bbox 241 1720 1856 1792">
     <span class='ocr_line' id='line_1_18' title="bbox 241 1720 1856 1792; baseline -0.002 -14"><span class='ocrx_word' id='word_1_119' title='bbox 241 1721 512 1787; x_wconf 83' lang='lat' dir='ltr'><strong>membra,</strong></span> <span class='ocrx_word' id='word_1_120' title='bbox 549 1732 710 1791; x_wconf 80' lang='lat' dir='ltr'><strong>caput</strong></span> <span class='ocrx_word' id='word_1_121' title='bbox 761 1732 816 1777; x_wconf 89' lang='lat' dir='ltr'><strong>et</strong></span> <span class='ocrx_word' id='word_1_122' title='bbox 845 1723 1030 1775; x_wconf 88' lang='lat' dir='ltr'><strong>omnia</strong></span> <span class='ocrx_word' id='word_1_123' title='bbox 1076 1736 1196 1792; x_wconf 67' lang='lat' dir='ltr'><strong>qua:</strong></span> <span class='ocrx_word' id='word_1_124' title='bbox 1227 1720 1511 1775; x_wconf 62' lang='lat' dir='ltr'><strong>adhaerent</strong></span> <span class='ocrx_word' id='word_1_125' title='bbox 1562 1720 1755 1791; x_wconf 87' lang='lat' dir='ltr'><strong>jecori,</strong></span> <span class='ocrx_word' id='word_1_126' title='bbox 1802 1730 1856 1775; x_wconf 90' lang='lat' dir='ltr'><strong>et</strong></span> 
     </span>
    </p>
   </div>
   <div class='ocr_carea' id='block_1_19' title="bbox 1964 510 3564 581">
    <p class='ocr_par' dir='ltr' id='par_1_19' title="bbox 1964 510 3564 581">
     <span class='ocr_line' id='line_1_19' title="bbox 1964 510 3564 581; baseline 0.005 -18"><span class='ocrx_word' id='word_1_127' title='bbox 1964 525 2129 579; x_wconf 89' lang='lat' dir='ltr'><strong>quum</strong></span> <span class='ocrx_word' id='word_1_128' title='bbox 2151 521 2254 576; x_wconf 87' lang='lat' dir='ltr'><strong>est,</strong></span> <span class='ocrx_word' id='word_1_129' title='bbox 2288 512 2391 566; x_wconf 88' lang='lat' dir='ltr'><strong>erit</strong></span> <span class='ocrx_word' id='word_1_130' title='bbox 2422 510 2603 566; x_wconf 85' lang='lat' dir='ltr'><strong>Aaron</strong></span> <span class='ocrx_word' id='word_1_131' title='bbox 2630 519 2684 566; x_wconf 89' lang='lat' dir='ltr'><strong>et</strong></span> <span class='ocrx_word' id='word_1_132' title='bbox 2711 510 2948 567; x_wconf 88' lang='lat' dir='ltr'><strong>liliorum</strong></span> <span class='ocrx_word' id='word_1_133' title='bbox 2978 512 3096 581; x_wconf 90' lang='lat' dir='ltr'><strong>ejus</strong></span> <span class='ocrx_word' id='word_1_134' title='bbox 3120 555 3133 578; x_wconf 93' lang='lat'><strong>,</strong></span> <span class='ocrx_word' id='word_1_135' title='bbox 3158 524 3408 569; x_wconf 88' lang='lat' dir='ltr'><strong>sanctum</strong></span> <span class='ocrx_word' id='word_1_136' title='bbox 3440 532 3564 571; x_wconf 85' lang='lat' dir='ltr'><strong>san-</strong></span> 
     </span>
    </p>
   </div>
   <div class='ocr_carea' id='block_1_20' title="bbox 1962 603 3563 679">
    <p class='ocr_par' dir='ltr' id='par_1_20' title="bbox 1962 603 3563 679">
     <span class='ocr_line' id='line_1_20' title="bbox 1962 603 3563 679; baseline 0.006 -23"><span class='ocrx_word' id='word_1_137' title='bbox 1962 610 2177 658; x_wconf 76' lang='lat' dir='ltr'><strong>ctorum</strong></span> <span class='ocrx_word' id='word_1_138' title='bbox 2207 603 2275 659; x_wconf 91' lang='lat' dir='ltr'><strong>de</strong></span> <span class='ocrx_word' id='word_1_139' title='bbox 2302 604 2675 679; x_wconf 77' lang='lat' dir='ltr'><strong>oblationibus</strong></span> <span class='ocrx_word' id='word_1_140' title='bbox 2707 604 2943 661; x_wconf 87' lang='lat' dir='ltr'><strong>Domini.</strong></span> <span class='ocrx_word' id='word_1_141' title='bbox 2970 606 3162 663; x_wconf 85' lang='lat' dir='ltr'><strong>Dmnis</strong></span> <span class='ocrx_word' id='word_1_142' title='bbox 3187 607 3414 672; x_wconf 89' lang='lat' dir='ltr'><strong>oblatio,</strong></span> <span class='ocrx_word' id='word_1_143' title='bbox 3445 626 3563 679; x_wconf 68' lang='lat' dir='ltr'><strong>qua:</strong></span> 
     </span>
    </p>
   </div>
   <div class='ocr_carea' id='block_1_21' title="bbox 1962 694 3561 769">
    <p class='ocr_par' dir='ltr' id='par_1_21' title="bbox 1962 694 3561 769">
     <span class='ocr_line' id='line_1_21' title="bbox 1962 694 3561 769; baseline 0.003 -20"><span class='ocrx_word' id='word_1_144' title='bbox 1962 694 2189 750; x_wconf 73' lang='lat' dir='ltr'><strong>offertur</strong></span> <span class='ocrx_word' id='word_1_145' title='bbox 2221 695 2471 759; x_wconf 89' lang='lat' dir='ltr'><strong>Domino,</strong></span> <span class='ocrx_word' id='word_1_146' title='bbox 2490 695 2693 765; x_wconf 85' lang='lat' dir='ltr'><strong>absque</strong></span> <span class='ocrx_word' id='word_1_147' title='bbox 2720 696 2988 753; x_wconf 73' lang='lat' dir='ltr'><strong>fermento</strong></span> <span class='ocrx_word' id='word_1_148' title='bbox 3016 697 3125 765; x_wconf 73' lang='lat' dir='ltr'><strong>ﬁet,</strong></span> <span class='ocrx_word' id='word_1_149' title='bbox 3144 712 3245 755; x_wconf 88' lang='lat' dir='ltr'><strong>nec</strong></span> <span class='ocrx_word' id='word_1_150' title='bbox 3271 699 3561 769; x_wconf 86' lang='lat' dir='ltr'><strong>quidquam</strong></span> 
     </span>
    </p>
   </div>
   <div class='ocr_carea' id='block_1_22' title="bbox 1959 787 3560 851">
    <p class='ocr_par' dir='ltr' id='par_1_22' title="bbox 1959 787 3560 851">
     <span class='ocr_line' id='line_1_22' title="bbox 1959 787 3560 851; baseline 0.004 -9"><span class='ocrx_word' id='word_1_151' title='bbox 1959 787 2213 843; x_wconf 74' lang='lat' dir='ltr'><strong>fermenti</strong></span> <span class='ocrx_word' id='word_1_152' title='bbox 2243 805 2306 844; x_wconf 91' lang='lat' dir='ltr'><strong>ac</strong></span> <span class='ocrx_word' id='word_1_153' title='bbox 2335 789 2511 845; x_wconf 88' lang='lat' dir='ltr'><strong>mellis</strong></span> <span class='ocrx_word' id='word_1_154' title='bbox 2532 789 2846 849; x_wconf 78' lang='lat' dir='ltr'><strong>adolehitur</strong></span> <span class='ocrx_word' id='word_1_155' title='bbox 2868 791 2923 847; x_wconf 90' lang='lat' dir='ltr'><strong>in</strong></span> <span class='ocrx_word' id='word_1_156' title='bbox 2947 790 3280 851; x_wconf 81' lang='lat' dir='ltr'><strong>sacriﬁcium</strong></span> <span class='ocrx_word' id='word_1_157' title='bbox 3309 792 3560 850; x_wconf 92' lang='lat' dir='ltr'><strong>Domino.</strong></span> 
     </span>
    </p>
   </div>
   <div class='ocr_carea' id='block_1_23' title="bbox 1961 878 3564 956">
    <p class='ocr_par' dir='ltr' id='par_1_23' title="bbox 1961 878 3564 956">
     <span class='ocr_line' id='line_1_23' title="bbox 1961 878 3564 956; baseline 0.004 -22"><span class='ocrx_word' id='word_1_158' title='bbox 1961 878 2235 935; x_wconf 88' lang='lat' dir='ltr'><strong>Primitias</strong></span> <span class='ocrx_word' id='word_1_159' title='bbox 2268 890 2474 935; x_wconf 90' lang='lat' dir='ltr'><strong>tantum</strong></span> <span class='ocrx_word' id='word_1_160' title='bbox 2507 897 2694 939; x_wconf 88' lang='lat' dir='ltr'><strong>eorum</strong></span> <span class='ocrx_word' id='word_1_161' title='bbox 2729 881 2974 938; x_wconf 77' lang='lat' dir='ltr'><strong>oﬁeretis</strong></span> <span class='ocrx_word' id='word_1_162' title='bbox 3015 900 3075 937; x_wconf 83' lang='lat' dir='ltr'><strong>ae</strong></span> <span class='ocrx_word' id='word_1_163' title='bbox 3112 900 3337 941; x_wconf 84' lang='lat' dir='ltr'><strong>munera</strong></span> <span class='ocrx_word' id='word_1_164' title='bbox 3360 902 3373 938; x_wconf 88' lang='lat'><strong>:</strong></span> <span class='ocrx_word' id='word_1_165' title='bbox 3399 900 3564 956; x_wconf 88' lang='lat' dir='ltr'><strong>super</strong></span> 
     </span>
    </p>
   </div>
   <div class='ocr_carea' id='block_1_24' title="bbox 1960 972 3564 1047">
    <p class='ocr_par' dir='ltr' id='par_1_24' title="bbox 1960 972 3564 1047">
     <span class='ocr_line' id='line_1_24' title="bbox 1960 972 3564 1047; baseline 0.004 -21"><span class='ocrx_word' id='word_1_166' title='bbox 1960 972 2132 1029; x_wconf 70' lang='lat' dir='ltr'><strong>altare</strong></span> <span class='ocrx_word' id='word_1_167' title='bbox 2160 989 2286 1028; x_wconf 85' lang='lat' dir='ltr'><strong>vero</strong></span> <span class='ocrx_word' id='word_1_168' title='bbox 2315 989 2421 1029; x_wconf 92' lang='lat' dir='ltr'><strong>non</strong></span> <span class='ocrx_word' id='word_1_169' title='bbox 2448 985 2718 1040; x_wconf 69' lang='lat' dir='ltr'><strong>ponentur</strong></span> <span class='ocrx_word' id='word_1_170' title='bbox 2745 975 2795 1028; x_wconf 92' lang='lat' dir='ltr'><strong>in</strong></span> <span class='ocrx_word' id='word_1_171' title='bbox 2820 975 3046 1033; x_wconf 89' lang='lat' dir='ltr'><strong>odorem</strong></span> <span class='ocrx_word' id='word_1_172' title='bbox 3066 978 3374 1035; x_wconf 84' lang='lat' dir='ltr'><strong>suavitatis.</strong></span> <span class='ocrx_word' id='word_1_173' title='bbox 3400 978 3564 1047; x_wconf 85' lang='lat' dir='ltr'><strong>Quid-</strong></span> 
     </span>
    </p>
   </div>
   <div class='ocr_carea' id='block_1_25' title="bbox 1960 1067 3565 1143">
    <p class='ocr_par' dir='ltr' id='par_1_25' title="bbox 1960 1067 3565 1143">
     <span class='ocr_line' id='line_1_25' title="bbox 1960 1067 3565 1143; baseline 0.002 -22"><span class='ocrx_word' id='word_1_174' title='bbox 1960 1067 2090 1135; x_wconf 86' lang='lat' dir='ltr'><strong>quid</strong></span> <span class='ocrx_word' id='word_1_175' title='bbox 2122 1068 2388 1123; x_wconf 91' lang='lat' dir='ltr'><strong>obtuleris</strong></span> <span class='ocrx_word' id='word_1_176' title='bbox 2438 1068 2719 1143; x_wconf 87' lang='lat' dir='ltr'><strong>sacriﬁcii,</strong></span> <span class='ocrx_word' id='word_1_177' title='bbox 2761 1070 2876 1123; x_wconf 86' lang='lat' dir='ltr'><strong>sale</strong></span> <span class='ocrx_word' id='word_1_178' title='bbox 2908 1070 3165 1137; x_wconf 86' lang='lat' dir='ltr'><strong>condies,</strong></span> <span class='ocrx_word' id='word_1_179' title='bbox 3202 1087 3302 1129; x_wconf 88' lang='lat' dir='ltr'><strong>nec</strong></span> <span class='ocrx_word' id='word_1_180' title='bbox 3348 1072 3565 1131; x_wconf 78' lang='lat' dir='ltr'><strong>auferes</strong></span> 
     </span>
    </p>
   </div>
   <div class='ocr_carea' id='block_1_26' title="bbox 1959 1161 3563 1221">
    <p class='ocr_par' dir='ltr' id='par_1_26' title="bbox 1959 1161 3563 1221">
     <span class='ocr_line' id='line_1_26' title="bbox 1959 1161 3563 1221; baseline 0.001 -5"><span class='ocrx_word' id='word_1_181' title='bbox 1959 1162 2037 1216; x_wconf 88' lang='lat' dir='ltr'><strong>sal</strong></span> <span class='ocrx_word' id='word_1_182' title='bbox 2072 1161 2292 1216; x_wconf 78' lang='lat' dir='ltr'><strong>lcederis</strong></span> <span class='ocrx_word' id='word_1_183' title='bbox 2324 1161 2423 1216; x_wconf 87' lang='lat' dir='ltr'><strong>Dei</strong></span> <span class='ocrx_word' id='word_1_184' title='bbox 2450 1162 2522 1216; x_wconf 90' lang='lat' dir='ltr'><strong>tui</strong></span> <span class='ocrx_word' id='word_1_185' title='bbox 2548 1161 2615 1216; x_wconf 93' lang='lat' dir='ltr'><strong>de</strong></span> <span class='ocrx_word' id='word_1_186' title='bbox 2643 1162 2912 1217; x_wconf 86' lang='lat' dir='ltr'><strong>sacriﬁcio</strong></span> <span class='ocrx_word' id='word_1_187' title='bbox 2937 1173 3049 1218; x_wconf 87' lang='lat' dir='ltr'><strong>tuo.</strong></span> <span class='ocrx_word' id='word_1_188' title='bbox 3077 1163 3132 1217; x_wconf 88' lang='lat' dir='ltr'><strong>In</strong></span> <span class='ocrx_word' id='word_1_189' title='bbox 3156 1164 3305 1219; x_wconf 89' lang='lat' dir='ltr'><strong>omni</strong></span> <span class='ocrx_word' id='word_1_190' title='bbox 3334 1164 3563 1221; x_wconf 82' lang='lat' dir='ltr'><strong>oblatio-</strong></span> 
     </span>
    </p>
   </div>
   <div class='ocr_carea' id='block_1_27' title="bbox 1960 1252 3561 1336">
    <p class='ocr_par' dir='ltr' id='par_1_27' title="bbox 1960 1252 3561 1336">
     <span class='ocr_line' id='line_1_27' title="bbox 1960 1252 3561 1336; baseline 0.001 -27"><span class='ocrx_word' id='word_1_191' title='bbox 1960 1269 2029 1309; x_wconf 89' lang='lat' dir='ltr'><strong>ne</strong></span> <span class='ocrx_word' id='word_1_192' title='bbox 2057 1253 2243 1336; x_wconf 62' lang='grc' dir='ltr'><strong>[ναις.</strong></span> <span class='ocrx_word' id='word_1_193' title='bbox 2280 1252 2404 1308; x_wconf 85' lang='lat' dir='ltr'><strong>add.</strong></span> <span class='ocrx_word' id='word_1_194' title='bbox 2446 1252 2568 1326; x_wconf 88' lang='lat' dir='ltr'><strong>tua]</strong></span> <span class='ocrx_word' id='word_1_195' title='bbox 2600 1252 2801 1310; x_wconf 75' lang='lat' dir='ltr'><strong>oﬁ‘eres</strong></span> <span class='ocrx_word' id='word_1_196' title='bbox 2852 1255 2952 1311; x_wconf 85' lang='lat' dir='ltr'><strong>sal.</strong></span> <span class='ocrx_word' id='word_1_197' title='bbox 3005 1255 3100 1312; x_wconf 86' lang='lat' dir='ltr'><strong>Sin</strong></span> <span class='ocrx_word' id='word_1_198' title='bbox 3131 1265 3316 1319; x_wconf 85' lang='lat' dir='ltr'><strong>autem</strong></span> <span class='ocrx_word' id='word_1_199' title='bbox 3347 1258 3561 1311; x_wconf 90' lang='lat' dir='ltr'><strong>obtule-</strong></span> 
     </span>
    </p>
   </div>
   <div class='ocr_carea' id='block_1_28' title="bbox 1959 1348 3565 1418">
    <p class='ocr_par' dir='ltr' id='par_1_28' title="bbox 1959 1348 3565 1418">
     <span class='ocr_line' id='line_1_28' title="bbox 1959 1348 3565 1418; baseline 0 -15"><span class='ocrx_word' id='word_1_200' title='bbox 1959 1348 2037 1404; x_wconf 89' lang='lat' dir='ltr'><strong>ris</strong></span> <span class='ocrx_word' id='word_1_201' title='bbox 2086 1363 2283 1403; x_wconf 90' lang='lat' dir='ltr'><strong>munus</strong></span> <span class='ocrx_word' id='word_1_202' title='bbox 2338 1348 2698 1417; x_wconf 85' lang='lat' dir='ltr'><strong>primitiarunt</strong></span> <span class='ocrx_word' id='word_1_203' title='bbox 2734 1350 2947 1418; x_wconf 78' lang='lat' dir='ltr'><strong>frugum</strong></span> <span class='ocrx_word' id='word_1_204' title='bbox 2978 1357 3191 1405; x_wconf 87' lang='lat' dir='ltr'><strong>tuarum</strong></span> <span class='ocrx_word' id='word_1_205' title='bbox 3228 1349 3457 1404; x_wconf 89' lang='lat' dir='ltr'><strong>Domino</strong></span> <span class='ocrx_word' id='word_1_206' title='bbox 3496 1349 3565 1403; x_wconf 87' lang='lat' dir='ltr'><strong>de</strong></span> 
     </span>
    </p>
   </div>
   <div class='ocr_carea' id='block_1_29' title="bbox 1960 1440 3565 1513">
    <p class='ocr_par' dir='ltr' id='par_1_29' title="bbox 1960 1440 3565 1513">
     <span class='ocr_line' id='line_1_29' title="bbox 1960 1440 3565 1513; baseline -0.001 -15"><span class='ocrx_word' id='word_1_207' title='bbox 1960 1442 2126 1511; x_wconf 74' lang='lat' dir='ltr'><strong>apicis</strong></span> <span class='ocrx_word' id='word_1_208' title='bbox 2159 1443 2335 1503; x_wconf 88' lang='lat' dir='ltr'><strong>adhuc</strong></span> <span class='ocrx_word' id='word_1_209' title='bbox 2363 1441 2684 1508; x_wconf 87' lang='lat' dir='ltr'><strong>virentibus,</strong></span> <span class='ocrx_word' id='word_1_210' title='bbox 2723 1441 2953 1497; x_wconf 89' lang='lat' dir='ltr'><strong>torrebis</strong></span> <span class='ocrx_word' id='word_1_211' title='bbox 2975 1440 3271 1513; x_wconf 74' lang='lat' dir='ltr'><strong>eas[Vulg.</strong></span> <span class='ocrx_word' id='word_1_212' title='bbox 3305 1452 3409 1496; x_wconf 80' lang='lat' dir='ltr'><strong>lac.</strong></span> <span class='ocrx_word' id='word_1_213' title='bbox 3449 1442 3565 1513; x_wconf 77' lang='lat' dir='ltr'><strong>eas]</strong></span> 
     </span>
    </p>
   </div>
   <div class='ocr_carea' id='block_1_30' title="bbox 1961 1533 3568 1605">
    <p class='ocr_par' dir='ltr' id='par_1_30' title="bbox 1961 1533 3568 1605">
     <span class='ocr_line' id='line_1_30' title="bbox 1961 1533 3568 1605; baseline 0.001 -16"><span class='ocrx_word' id='word_1_214' title='bbox 1961 1536 2095 1605; x_wconf 88' lang='lat' dir='ltr'><strong>igni,</strong></span> <span class='ocrx_word' id='word_1_215' title='bbox 2129 1543 2183 1589; x_wconf 88' lang='lat' dir='ltr'><strong>et</strong></span> <span class='ocrx_word' id='word_1_216' title='bbox 2208 1534 2525 1604; x_wconf 75' lang='lat' dir='ltr'><strong>confringes</strong></span> <span class='ocrx_word' id='word_1_217' title='bbox 2577 1533 2633 1589; x_wconf 89' lang='lat' dir='ltr'><strong>in</strong></span> <span class='ocrx_word' id='word_1_218' title='bbox 2665 1550 2874 1591; x_wconf 82' lang='lat' dir='ltr'><strong>morem</strong></span> <span class='ocrx_word' id='word_1_219' title='bbox 2907 1533 3093 1600; x_wconf 82' lang='lat' dir='ltr'><strong>farris,</strong></span> <span class='ocrx_word' id='word_1_220' title='bbox 3140 1545 3195 1588; x_wconf 91' lang='lat' dir='ltr'><strong>et</strong></span> <span class='ocrx_word' id='word_1_221' title='bbox 3242 1536 3322 1590; x_wconf 89' lang='lat' dir='ltr'><strong>sic</strong></span> <span class='ocrx_word' id='word_1_222' title='bbox 3365 1534 3568 1590; x_wconf 70' lang='lat' dir='ltr'><strong>offeres</strong></span> 
     </span>
    </p>
   </div>
   <div class='ocr_carea' id='block_1_31' title="bbox 1961 1626 3566 1697">
    <p class='ocr_par' dir='ltr' id='par_1_31' title="bbox 1961 1626 3566 1697">
     <span class='ocr_line' id='line_1_31' title="bbox 1961 1626 3566 1697; baseline 0.003 -19"><span class='ocrx_word' id='word_1_223' title='bbox 1961 1628 2230 1695; x_wconf 86' lang='lat' dir='ltr'><strong>primitias</strong></span> <span class='ocrx_word' id='word_1_224' title='bbox 2263 1639 2381 1681; x_wconf 81' lang='lat' dir='ltr'><strong>tuas</strong></span> <span class='ocrx_word' id='word_1_225' title='bbox 2415 1628 2665 1691; x_wconf 75' lang='lat' dir='ltr'><strong>Dmniuo,</strong></span> <span class='ocrx_word' id='word_1_226' title='bbox 2696 1626 2925 1681; x_wconf 78' lang='lat' dir='ltr'><strong>tondens</strong></span> <span class='ocrx_word' id='word_1_227' title='bbox 2942 1642 3106 1697; x_wconf 85' lang='lat' dir='ltr'><strong>supra</strong></span> <span class='ocrx_word' id='word_1_228' title='bbox 3130 1626 3334 1693; x_wconf 73' lang='lat' dir='ltr'><strong>olenti),</strong></span> <span class='ocrx_word' id='word_1_229' title='bbox 3365 1636 3420 1682; x_wconf 91' lang='lat' dir='ltr'><strong>et</strong></span> <span class='ocrx_word' id='word_1_230' title='bbox 3442 1629 3566 1683; x_wconf 88' lang='lat' dir='ltr'><strong>thus</strong></span> 
     </span>
    </p>
   </div>
   <div class='ocr_carea' id='block_1_32' title="bbox 1963 1719 3570 1791">
    <p class='ocr_par' dir='ltr' id='par_1_32' title="bbox 1963 1719 3570 1791">
     <span class='ocr_line' id='line_1_32' title="bbox 1963 1719 3570 1791; baseline 0.001 -17"><span class='ocrx_word' id='word_1_231' title='bbox 1963 1719 2271 1791; x_wconf 85' lang='lat' dir='ltr'><strong>imponens,</strong></span> <span class='ocrx_word' id='word_1_232' title='bbox 2304 1721 2428 1791; x_wconf 89' lang='lat' dir='ltr'><strong>quia</strong></span> <span class='ocrx_word' id='word_1_233' title='bbox 2459 1720 2667 1775; x_wconf 82' lang='lat' dir='ltr'><strong>oblatio</strong></span> <span class='ocrx_word' id='word_1_234' title='bbox 2702 1721 2915 1774; x_wconf 72' lang='lat' dir='ltr'><strong>DOlltllli</strong></span> <span class='ocrx_word' id='word_1_235' title='bbox 2948 1730 3030 1774; x_wconf 86' lang='lat' dir='ltr'><strong>est</strong></span> <span class='ocrx_word' id='word_1_236' title='bbox 3059 1738 3071 1776; x_wconf 89' lang='lat'><strong>:</strong></span> <span class='ocrx_word' id='word_1_237' title='bbox 3099 1720 3170 1775; x_wconf 91' lang='lat' dir='ltr'><strong>de</strong></span> <span class='ocrx_word' id='word_1_238' title='bbox 3198 1736 3300 1791; x_wconf 87' lang='lat' dir='ltr'><strong>qua</strong></span> <span class='ocrx_word' id='word_1_239' title='bbox 3330 1721 3570 1777; x_wconf 80' lang='lat' dir='ltr'><strong>adolebit</strong></span> 
     </span>
    </p>
   </div>
   <div class='ocr_carea' id='block_1_33' title="bbox 242 1809 3568 1885">
    <p class='ocr_par' dir='ltr' id='par_1_33' title="bbox 242 1809 3568 1885">
     <span class='ocr_line' id='line_1_33' title="bbox 242 1809 3568 1885; baseline -0.001 -16"><span class='ocrx_word' id='word_1_240' title='bbox 242 1814 533 1884; x_wconf 86' lang='lat' dir='ltr'><strong>imponent</strong></span> <span class='ocrx_word' id='word_1_241' title='bbox 555 1830 722 1884; x_wconf 88' lang='lat' dir='ltr'><strong>super</strong></span> <span class='ocrx_word' id='word_1_242' title='bbox 743 1813 908 1885; x_wconf 84' lang='lat' dir='ltr'><strong>ligna,</strong></span> <span class='ocrx_word' id='word_1_243' title='bbox 938 1813 1136 1884; x_wconf 85' lang='lat' dir='ltr'><strong>quibus</strong></span> <span class='ocrx_word' id='word_1_244' title='bbox 1158 1814 1535 1883; x_wconf 85' lang='lat' dir='ltr'><strong>subjiciendus</strong></span> <span class='ocrx_word' id='word_1_245' title='bbox 1567 1824 1648 1868; x_wconf 89' lang='lat' dir='ltr'><strong>est</strong></span> <span class='ocrx_word' id='word_1_246' title='bbox 1678 1815 1817 1883; x_wconf 82' lang='lat' dir='ltr'><strong>ignis</strong></span> <span class='ocrx_word' id='word_1_247' title='bbox 1843 1833 1855 1869; x_wconf 85' lang='lat'><strong>:</strong></span> <span class='ocrx_word' id='word_1_248' title='bbox 1891 1809 1937 1877; x_wconf 86' lang='grc' dir='ltr'>Β</span> <span class='ocrx_word' id='word_1_249' title='bbox 1964 1811 2221 1866; x_wconf 87' lang='lat' dir='ltr'><strong>sacerdos</strong></span> <span class='ocrx_word' id='word_1_250' title='bbox 2254 1813 2304 1866; x_wconf 92' lang='lat' dir='ltr'><strong>in</strong></span> <span class='ocrx_word' id='word_1_251' title='bbox 2338 1812 2659 1877; x_wconf 85' lang='lat' dir='ltr'><strong>memoriam</strong></span> <span class='ocrx_word' id='word_1_252' title='bbox 2710 1812 2959 1871; x_wconf 72' lang='lat' dir='ltr'><strong>muneris</strong></span> <span class='ocrx_word' id='word_1_253' title='bbox 2987 1855 2999 1875; x_wconf 90' lang='lat'><strong>,</strong></span> <span class='ocrx_word' id='word_1_254' title='bbox 3033 1820 3240 1881; x_wconf 86' lang='lat' dir='ltr'><strong>partem</strong></span> <span class='ocrx_word' id='word_1_255' title='bbox 3264 1812 3427 1867; x_wconf 81' lang='lat' dir='ltr'><strong>farris</strong></span> <span class='ocrx_word' id='word_1_256' title='bbox 3459 1812 3568 1869; x_wconf 80' lang='lat' dir='ltr'><strong>fra-</strong></span> 
     </span>
    </p>
   </div>
   <div class='ocr_carea' id='block_1_34' title="bbox 240 1905 1856 1977">
    <p class='ocr_par' dir='ltr' id='par_1_34' title="bbox 240 1905 1856 1977">
     <span class='ocr_line' id='line_1_34' title="bbox 240 1905 1856 1977; baseline 0.001 -16"><span class='ocrx_word' id='word_1_257' title='bbox 240 1905 508 1967; x_wconf 81' lang='lat' dir='ltr'><strong>iutestina</strong></span> <span class='ocrx_word' id='word_1_258' title='bbox 558 1922 697 1962; x_wconf 88' lang='lat' dir='ltr'><strong>vero</strong></span> <span class='ocrx_word' id='word_1_259' title='bbox 744 1917 801 1962; x_wconf 91' lang='lat' dir='ltr'><strong>et</strong></span> <span class='ocrx_word' id='word_1_260' title='bbox 841 1906 1011 1976; x_wconf 90' lang='lat' dir='ltr'><strong>pedes</strong></span> <span class='ocrx_word' id='word_1_261' title='bbox 1058 1907 1318 1962; x_wconf 87' lang='lat' dir='ltr'><strong>lavahunt</strong></span> <span class='ocrx_word' id='word_1_262' title='bbox 1366 1923 1529 1977; x_wconf 87' lang='lat' dir='ltr'><strong>aqua.</strong></span> <span class='ocrx_word' id='word_1_263' title='bbox 1564 1909 1633 1963; x_wconf 85' lang='lat' dir='ltr'><strong>Et</strong></span> <span class='ocrx_word' id='word_1_264' title='bbox 1678 1908 1856 1963; x_wconf 86' lang='lat' dir='ltr'><strong>oblata</strong></span> 
     </span>
    </p>
   </div>
   <div class='ocr_carea' id='block_1_35' title="bbox 241 2000 1862 2074">
    <p class='ocr_par' dir='ltr' id='par_1_35' title="bbox 241 2000 1862 2074">
     <span class='ocr_line' id='line_1_35' title="bbox 241 2000 1862 2074; baseline 0.001 -19"><span class='ocrx_word' id='word_1_265' title='bbox 241 2000 422 2055; x_wconf 80' lang='lat' dir='ltr'><strong>omnia</strong></span> <span class='ocrx_word' id='word_1_266' title='bbox 479 2000 719 2055; x_wconf 81' lang='lat' dir='ltr'><strong>adolebit</strong></span> <span class='ocrx_word' id='word_1_267' title='bbox 766 2001 1028 2056; x_wconf 79' lang='lat' dir='ltr'><strong>sacerdos</strong></span> <span class='ocrx_word' id='word_1_268' title='bbox 1058 2017 1224 2071; x_wconf 88' lang='lat' dir='ltr'><strong>super</strong></span> <span class='ocrx_word' id='word_1_269' title='bbox 1270 2003 1465 2074; x_wconf 80' lang='lat' dir='ltr'><strong>altare,</strong></span> <span class='ocrx_word' id='word_1_270' title='bbox 1520 2004 1571 2058; x_wconf 91' lang='lat' dir='ltr'><strong>in</strong></span> <span class='ocrx_word' id='word_1_271' title='bbox 1607 2003 1862 2059; x_wconf 83' lang='lat' dir='ltr'><strong>holocau—</strong></span> 
     </span>
    </p>
   </div>
   <div class='ocr_carea' id='block_1_36' title="bbox 243 2094 1859 2152">
    <p class='ocr_par' dir='ltr' id='par_1_36' title="bbox 243 2094 1859 2152">
     <span class='ocr_line' id='line_1_36' title="bbox 243 2094 1859 2152; baseline 0.002 -5"><span class='ocrx_word' id='word_1_272' title='bbox 243 2101 382 2148; x_wconf 89' lang='lat' dir='ltr'><strong>stum</strong></span> <span class='ocrx_word' id='word_1_273' title='bbox 409 2103 469 2147; x_wconf 86' lang='lat' dir='ltr'><strong>et</strong></span> <span class='ocrx_word' id='word_1_274' title='bbox 525 2094 753 2148; x_wconf 86' lang='lat' dir='ltr'><strong>odorem</strong></span> <span class='ocrx_word' id='word_1_275' title='bbox 786 2095 1168 2149; x_wconf 68' lang='lat' dir='ltr'><strong>suavissimum</strong></span> <span class='ocrx_word' id='word_1_276' title='bbox 1201 2096 1453 2151; x_wconf 90' lang='lat' dir='ltr'><strong>Domino.</strong></span> <span class='ocrx_word' id='word_1_277' title='bbox 1484 2094 1541 2152; x_wconf 91' lang='lat' dir='ltr'><strong>Si</strong></span> <span class='ocrx_word' id='word_1_278' title='bbox 1578 2105 1761 2151; x_wconf 88' lang='lat' dir='ltr'><strong>autem</strong></span> <span class='ocrx_word' id='word_1_279' title='bbox 1790 2097 1859 2151; x_wconf 90' lang='lat' dir='ltr'><strong>de</strong></span> 
     </span>
    </p>
   </div>
   <div class='ocr_carea' id='block_1_37' title="bbox 243 2184 1865 2254">
    <p class='ocr_par' dir='ltr' id='par_1_37' title="bbox 243 2184 1865 2254">
     <span class='ocr_line' id='line_1_37' title="bbox 243 2184 1865 2254; baseline 0.004 -16"><span class='ocrx_word' id='word_1_280' title='bbox 243 2184 453 2253; x_wconf 80' lang='lat' dir='ltr'><strong>avibus,</strong></span> <span class='ocrx_word' id='word_1_281' title='bbox 496 2184 812 2239; x_wconf 82' lang='lat' dir='ltr'><strong>holocausti</strong></span> <span class='ocrx_word' id='word_1_282' title='bbox 845 2186 1049 2241; x_wconf 87' lang='lat' dir='ltr'><strong>oblatio</strong></span> <span class='ocrx_word' id='word_1_283' title='bbox 1088 2187 1251 2243; x_wconf 77' lang='lat' dir='ltr'><strong>fuerit</strong></span> <span class='ocrx_word' id='word_1_284' title='bbox 1285 2189 1537 2254; x_wconf 82' lang='lat' dir='ltr'><strong>Domino,</strong></span> <span class='ocrx_word' id='word_1_285' title='bbox 1592 2190 1658 2243; x_wconf 90' lang='lat' dir='ltr'><strong>de</strong></span> <span class='ocrx_word' id='word_1_286' title='bbox 1692 2198 1865 2244; x_wconf 89' lang='lat' dir='ltr'><strong>turtu-</strong></span> 
     </span>
    </p>
   </div>
   <div class='ocr_carea' id='block_1_38' title="bbox 246 2279 1859 2348">
    <p class='ocr_par' dir='ltr' id='par_1_38' title="bbox 246 2279 1859 2348">
     <span class='ocr_line' id='line_1_38' title="bbox 246 2279 1859 2348; baseline 0.003 -15"><span class='ocrx_word' id='word_1_287' title='bbox 246 2279 412 2343; x_wconf 87' lang='lat' dir='ltr'><strong>ribus,</strong></span> <span class='ocrx_word' id='word_1_288' title='bbox 447 2290 551 2333; x_wconf 82' lang='lat' dir='ltr'><strong>aut</strong></span> <span class='ocrx_word' id='word_1_289' title='bbox 581 2279 744 2348; x_wconf 82' lang='lat' dir='ltr'><strong>pullis</strong></span> <span class='ocrx_word' id='word_1_290' title='bbox 774 2280 1069 2346; x_wconf 61' lang='lat' dir='ltr'><strong>columba},</strong></span> <span class='ocrx_word' id='word_1_291' title='bbox 1119 2280 1311 2336; x_wconf 71' lang='lat' dir='ltr'><strong>oﬁ‘erat</strong></span> <span class='ocrx_word' id='word_1_292' title='bbox 1342 2297 1463 2337; x_wconf 89' lang='lat' dir='ltr'><strong>eam</strong></span> <span class='ocrx_word' id='word_1_293' title='bbox 1506 2283 1764 2338; x_wconf 76' lang='lat' dir='ltr'><strong>sacerdos</strong></span> <span class='ocrx_word' id='word_1_294' title='bbox 1793 2284 1859 2338; x_wconf 85' lang='lat' dir='ltr'><strong>ad</strong></span> 
     </span>
    </p>
   </div>
   <div class='ocr_carea' id='block_1_39' title="bbox 246 2371 1861 2444">
    <p class='ocr_par' dir='ltr' id='par_1_39' title="bbox 246 2371 1861 2444">
     <span class='ocr_line' id='line_1_39' title="bbox 246 2371 1861 2444; baseline 0.001 -18"><span class='ocrx_word' id='word_1_295' title='bbox 246 2372 434 2437; x_wconf 84' lang='lat' dir='ltr'><strong>altare,</strong></span> <span class='ocrx_word' id='word_1_296' title='bbox 462 2381 522 2427; x_wconf 87' lang='lat' dir='ltr'><strong>et</strong></span> <span class='ocrx_word' id='word_1_297' title='bbox 548 2382 757 2426; x_wconf 87' lang='lat' dir='ltr'><strong>retorto</strong></span> <span class='ocrx_word' id='word_1_298' title='bbox 777 2371 845 2427; x_wconf 89' lang='lat' dir='ltr'><strong>ad</strong></span> <span class='ocrx_word' id='word_1_299' title='bbox 863 2373 1066 2427; x_wconf 84' lang='lat' dir='ltr'><strong>collum</strong></span> <span class='ocrx_word' id='word_1_300' title='bbox 1097 2374 1300 2444; x_wconf 88' lang='lat' dir='ltr'><strong>capite,</strong></span> <span class='ocrx_word' id='word_1_301' title='bbox 1336 2389 1398 2429; x_wconf 89' lang='lat' dir='ltr'><strong>ae</strong></span> <span class='ocrx_word' id='word_1_302' title='bbox 1428 2385 1588 2444; x_wconf 90' lang='lat' dir='ltr'><strong>rupto</strong></span> <span class='ocrx_word' id='word_1_303' title='bbox 1622 2375 1861 2430; x_wconf 84' lang='lat' dir='ltr'><strong>vulneris</strong></span> 
     </span>
    </p>
   </div>
   <div class='ocr_carea' id='block_1_40' title="bbox 249 2463 1860 2538">
    <p class='ocr_par' dir='ltr' id='par_1_40' title="bbox 249 2463 1860 2538">
     <span class='ocr_line' id='line_1_40' title="bbox 249 2463 1860 2538; baseline 0.001 -19"><span class='ocrx_word' id='word_1_304' title='bbox 249 2463 389 2533; x_wconf 84' lang='lat' dir='ltr'><strong>loco,</strong></span> <span class='ocrx_word' id='word_1_305' title='bbox 428 2466 737 2529; x_wconf 81' lang='lat' dir='ltr'><strong>decurrere</strong></span> <span class='ocrx_word' id='word_1_306' title='bbox 790 2466 953 2522; x_wconf 80' lang='lat' dir='ltr'><strong>faciet</strong></span> <span class='ocrx_word' id='word_1_307' title='bbox 979 2468 1300 2538; x_wconf 89' lang='lat' dir='ltr'><strong>sanguinem</strong></span> <span class='ocrx_word' id='word_1_308' title='bbox 1326 2484 1492 2538; x_wconf 87' lang='lat' dir='ltr'><strong>super</strong></span> <span class='ocrx_word' id='word_1_309' title='bbox 1525 2469 1860 2538; x_wconf 87' lang='lat' dir='ltr'><strong>crepidinem</strong></span> 
     </span>
    </p>
   </div>
   <div class='ocr_carea' id='block_1_41' title="bbox 250 2560 1863 2633">
    <p class='ocr_par' dir='ltr' id='par_1_41' title="bbox 250 2560 1863 2633">
     <span class='ocr_line' id='line_1_41' title="bbox 250 2560 1863 2633; baseline 0.001 -18"><span class='ocrx_word' id='word_1_310' title='bbox 250 2560 465 2627; x_wconf 81' lang='lat' dir='ltr'><strong>nitaris,</strong></span> <span class='ocrx_word' id='word_1_311' title='bbox 500 2561 799 2617; x_wconf 79' lang='lat' dir='ltr'><strong>vesiculam</strong></span> <span class='ocrx_word' id='word_1_312' title='bbox 844 2577 978 2616; x_wconf 79' lang='lat' dir='ltr'><strong>vero</strong></span> <span class='ocrx_word' id='word_1_313' title='bbox 1001 2562 1265 2631; x_wconf 79' lang='lat' dir='ltr'><strong>gutturis,</strong></span> <span class='ocrx_word' id='word_1_314' title='bbox 1296 2573 1345 2617; x_wconf 89' lang='lat' dir='ltr'><strong>et</strong></span> <span class='ocrx_word' id='word_1_315' title='bbox 1379 2563 1588 2631; x_wconf 81' lang='lat' dir='ltr'><strong>plumas</strong></span> <span class='ocrx_word' id='word_1_316' title='bbox 1616 2562 1863 2633; x_wconf 74' lang='lat' dir='ltr'><strong>projiciet</strong></span> 
     </span>
    </p>
   </div>
   <div class='ocr_carea' id='block_1_42' title="bbox 253 2652 1862 2726">
    <p class='ocr_par' dir='ltr' id='par_1_42' title="bbox 253 2652 1862 2726">
     <span class='ocr_line' id='line_1_42' title="bbox 253 2652 1862 2726; baseline 0.001 -19"><span class='ocrx_word' id='word_1_317' title='bbox 253 2664 479 2721; x_wconf 75' lang='lat' dir='ltr'><strong>propter</strong></span> <span class='ocrx_word' id='word_1_318' title='bbox 510 2653 684 2715; x_wconf 76' lang='lat' dir='ltr'><strong>altare</strong></span> <span class='ocrx_word' id='word_1_319' title='bbox 713 2652 781 2707; x_wconf 87' lang='lat' dir='ltr'><strong>ad</strong></span> <span class='ocrx_word' id='word_1_320' title='bbox 803 2654 1124 2709; x_wconf 89' lang='lat' dir='ltr'><strong>orientalem</strong></span> <span class='ocrx_word' id='word_1_321' title='bbox 1160 2654 1399 2725; x_wconf 78' lang='lat' dir='ltr'><strong>plagam,</strong></span> <span class='ocrx_word' id='word_1_322' title='bbox 1435 2655 1485 2709; x_wconf 93' lang='lat' dir='ltr'><strong>in</strong></span> <span class='ocrx_word' id='word_1_323' title='bbox 1521 2656 1642 2710; x_wconf 89' lang='lat' dir='ltr'><strong>loco</strong></span> <span class='ocrx_word' id='word_1_324' title='bbox 1670 2655 1725 2709; x_wconf 92' lang='lat' dir='ltr'><strong>in</strong></span> <span class='ocrx_word' id='word_1_325' title='bbox 1755 2671 1862 2726; x_wconf 89' lang='lat' dir='ltr'><strong>quo</strong></span> 
     </span>
    </p>
   </div>
   <div class='ocr_carea' id='block_1_43' title="bbox 253 2745 1862 2816">
    <p class='ocr_par' dir='ltr' id='par_1_43' title="bbox 253 2745 1862 2816">
     <span class='ocr_line' id='line_1_43' title="bbox 253 2745 1862 2816; baseline 0.001 -17"><span class='ocrx_word' id='word_1_326' title='bbox 253 2746 473 2800; x_wconf 87' lang='lat' dir='ltr'><strong>eineres</strong></span> <span class='ocrx_word' id='word_1_327' title='bbox 516 2745 720 2801; x_wconf 69' lang='lat' dir='ltr'><strong>eﬁ‘undi</strong></span> <span class='ocrx_word' id='word_1_328' title='bbox 762 2745 964 2811; x_wconf 85' lang='lat' dir='ltr'><strong>solent,</strong></span> <span class='ocrx_word' id='word_1_329' title='bbox 999 2745 1421 2816; x_wconf 82' lang='lat' dir='ltr'><strong>conlrittgetque</strong></span> <span class='ocrx_word' id='word_1_330' title='bbox 1450 2746 1685 2802; x_wconf 84' lang='lat' dir='ltr'><strong>ascellas</strong></span> <span class='ocrx_word' id='word_1_331' title='bbox 1713 2747 1862 2815; x_wconf 84' lang='lat' dir='ltr'><strong>ejus,</strong></span> 
     </span>
    </p>
   </div>
   <div class='ocr_carea' id='block_1_44' title="bbox 256 2838 1865 2904">
    <p class='ocr_par' dir='ltr' id='par_1_44' title="bbox 256 2838 1865 2904">
     <span class='ocr_line' id='line_1_44' title="bbox 256 2838 1865 2904; baseline 0 -12"><span class='ocrx_word' id='word_1_332' title='bbox 256 2848 307 2892; x_wconf 90' lang='lat' dir='ltr'><strong>et</strong></span> <span class='ocrx_word' id='word_1_333' title='bbox 338 2854 448 2892; x_wconf 90' lang='lat' dir='ltr'><strong>non</strong></span> <span class='ocrx_word' id='word_1_334' title='bbox 488 2838 701 2893; x_wconf 87' lang='lat' dir='ltr'><strong>secabit</strong></span> <span class='ocrx_word' id='word_1_335' title='bbox 728 2879 741 2903; x_wconf 96' lang='lat'><strong>,</strong></span> <span class='ocrx_word' id='word_1_336' title='bbox 777 2853 876 2893; x_wconf 88' lang='lat' dir='ltr'><strong>nec</strong></span> <span class='ocrx_word' id='word_1_337' title='bbox 920 2838 1069 2893; x_wconf 76' lang='lat' dir='ltr'><strong>ferro</strong></span> <span class='ocrx_word' id='word_1_338' title='bbox 1098 2838 1305 2893; x_wconf 79' lang='lat' dir='ltr'><strong>dividet</strong></span> <span class='ocrx_word' id='word_1_339' title='bbox 1333 2854 1479 2904; x_wconf 91' lang='lat' dir='ltr'><strong>eam,</strong></span> <span class='ocrx_word' id='word_1_340' title='bbox 1528 2851 1577 2894; x_wconf 91' lang='lat' dir='ltr'><strong>et</strong></span> <span class='ocrx_word' id='word_1_341' title='bbox 1626 2839 1865 2894; x_wconf 88' lang='lat' dir='ltr'><strong>adolebit</strong></span> 
     </span>
    </p>
   </div>
   <div class='ocr_carea' id='block_1_45' title="bbox 256 2929 1866 3001">
    <p class='ocr_par' dir='ltr' id='par_1_45' title="bbox 256 2929 1866 3001">
     <span class='ocr_line' id='line_1_45' title="bbox 256 2929 1866 3001; baseline 0.002 -18"><span class='ocrx_word' id='word_1_342' title='bbox 256 2944 412 2998; x_wconf 81' lang='lat' dir='ltr'><strong>super</strong></span> <span class='ocrx_word' id='word_1_343' title='bbox 444 2929 649 2998; x_wconf 81' lang='lat' dir='ltr'><strong>altare,</strong></span> <span class='ocrx_word' id='word_1_344' title='bbox 674 2929 842 3001; x_wconf 88' lang='lat' dir='ltr'><strong>lignis</strong></span> <span class='ocrx_word' id='word_1_345' title='bbox 875 2930 1000 3000; x_wconf 89' lang='lat' dir='ltr'><strong>igne</strong></span> <span class='ocrx_word' id='word_1_346' title='bbox 1022 2931 1327 3001; x_wconf 86' lang='lat' dir='ltr'><strong>supposito.</strong></span> <span class='ocrx_word' id='word_1_347' title='bbox 1363 2932 1750 2987; x_wconf 87' lang='lat' dir='ltr'><strong>liolocattstum</strong></span> <span class='ocrx_word' id='word_1_348' title='bbox 1781 2940 1866 2986; x_wconf 84' lang='lat' dir='ltr'><strong>est</strong></span> 
     </span>
    </p>
   </div>
   <div class='ocr_carea' id='block_1_46' title="bbox 257 3022 1391 3079">
    <p class='ocr_par' dir='ltr' id='par_1_46' title="bbox 257 3022 1391 3079">
     <span class='ocr_line' id='line_1_46' title="bbox 257 3022 1391 3079; baseline 0 -2"><span class='ocrx_word' id='word_1_349' title='bbox 257 3035 286 3077; x_wconf 90' lang='lat' dir='ltr'><strong>e</strong></span> <span class='ocrx_word' id='word_1_350' title='bbox 334 3022 546 3076; x_wconf 80' lang='lat' dir='ltr'><strong>oblatio</strong></span> <span class='ocrx_word' id='word_1_351' title='bbox 579 3022 893 3076; x_wconf 74' lang='lat' dir='ltr'><strong>suavissimi</strong></span> <span class='ocrx_word' id='word_1_352' title='bbox 920 3023 1111 3079; x_wconf 82' lang='lat' dir='ltr'><strong>odoris</strong></span> <span class='ocrx_word' id='word_1_353' title='bbox 1137 3024 1391 3079; x_wconf 90' lang='lat' dir='ltr'><strong>Domino.</strong></span> 
     </span>
    </p>
   </div>
   <div class='ocr_carea' id='block_1_47' title="bbox 324 3110 1862 3187">
    <p class='ocr_par' dir='ltr' id='par_1_47' title="bbox 324 3110 1862 3187">
     <span class='ocr_line' id='line_1_47' title="bbox 324 3110 1862 3187; baseline 0.001 -19"><span class='ocrx_word' id='word_1_354' title='bbox 324 3111 483 3184; x_wconf 83' lang='lat' dir='ltr'><strong>[Cap.</strong></span> <span class='ocrx_word' id='word_1_355' title='bbox 508 3110 602 3184; x_wconf 82' lang='lat' dir='ltr'><strong>IL]</strong></span> <span class='ocrx_word' id='word_1_356' title='bbox 633 3114 825 3168; x_wconf 81' lang='lat' dir='ltr'><strong>Anima</strong></span> <span class='ocrx_word' id='word_1_357' title='bbox 845 3130 967 3169; x_wconf 89' lang='lat' dir='ltr'><strong>cum</strong></span> <span class='ocrx_word' id='word_1_358' title='bbox 986 3115 1252 3172; x_wconf 84' lang='lat' dir='ltr'><strong>obtulerit</strong></span> <span class='ocrx_word' id='word_1_359' title='bbox 1278 3116 1612 3171; x_wconf 85' lang='lat' dir='ltr'><strong>oblationem</strong></span> <span class='ocrx_word' id='word_1_360' title='bbox 1639 3117 1717 3187; x_wconf 61' lang='lat' dir='ltr'><strong>[In</strong></span> <span class='ocrx_word' id='word_1_361' title='bbox 1748 3133 1862 3171; x_wconf 90' lang='lat' dir='ltr'><strong>tnu-</strong></span> 
     </span>
    </p>
   </div>
   <div class='ocr_carea' id='block_1_48' title="bbox 1965 1903 2770 1969">
    <p class='ocr_par' dir='ltr' id='par_1_48' title="bbox 1965 1903 2770 1969">
     <span class='ocr_line' id='line_1_48' title="bbox 1965 1903 2770 1969; baseline -0.001 -12"><span class='ocrx_word' id='word_1_362' title='bbox 1965 1904 2059 1969; x_wconf 88' lang='lat' dir='ltr'><strong>eti,</strong></span> <span class='ocrx_word' id='word_1_363' title='bbox 2088 1911 2141 1957; x_wconf 90' lang='lat' dir='ltr'><strong>et</strong></span> <span class='ocrx_word' id='word_1_364' title='bbox 2172 1903 2301 1967; x_wconf 77' lang='lat' dir='ltr'><strong>olei,</strong></span> <span class='ocrx_word' id='word_1_365' title='bbox 2333 1918 2396 1957; x_wconf 88' lang='lat' dir='ltr'><strong>ac</strong></span> <span class='ocrx_word' id='word_1_366' title='bbox 2425 1912 2595 1958; x_wconf 89' lang='lat' dir='ltr'><strong>totum</strong></span> <span class='ocrx_word' id='word_1_367' title='bbox 2628 1903 2770 1958; x_wconf 85' lang='lat' dir='ltr'><strong>thus.</strong></span> 
     </span>
    </p>
   </div>
   <div class='ocr_carea' id='block_1_49' title="bbox 2039 1994 3568 2067">
    <p class='ocr_par' dir='ltr' id='par_1_49' title="bbox 2039 1994 3568 2067">
     <span class='ocr_line' id='line_1_49' title="bbox 2039 1994 3568 2067; baseline 0.005 -19"><span class='ocrx_word' id='word_1_368' title='bbox 2039 1995 2190 2066; x_wconf 68' lang='grc' dir='ltr'><strong>[ϐαρ.</strong></span> <span class='ocrx_word' id='word_1_369' title='bbox 2223 1994 2337 2065; x_wconf 84' lang='grc' dir='ltr'><strong>ΙΙΙ.]</strong></span> <span class='ocrx_word' id='word_1_370' title='bbox 2366 1995 2521 2063; x_wconf 84' lang='lat' dir='ltr'><strong>Quod</strong></span> <span class='ocrx_word' id='word_1_371' title='bbox 2554 1996 2598 2048; x_wconf 71' lang='lat' dir='ltr'><strong>si</strong></span> <span class='ocrx_word' id='word_1_372' title='bbox 2624 1995 2803 2052; x_wconf 85' lang='lat' dir='ltr'><strong>hostia</strong></span> <span class='ocrx_word' id='word_1_373' title='bbox 2835 1996 3190 2062; x_wconf 70' lang='lat' dir='ltr'><strong>paciﬁcatum</strong></span> <span class='ocrx_word' id='word_1_374' title='bbox 3240 1995 3405 2053; x_wconf 77' lang='lat' dir='ltr'><strong>fuerit</strong></span> <span class='ocrx_word' id='word_1_375' title='bbox 3450 1999 3568 2067; x_wconf 84' lang='lat' dir='ltr'><strong>ejus</strong></span> 
     </span>
    </p>
   </div>
   <div class='ocr_carea' id='block_1_50' title="bbox 1964 2088 3571 2157">
    <p class='ocr_par' dir='ltr' id='par_1_50' title="bbox 1964 2088 3571 2157">
     <span class='ocr_line' id='line_1_50' title="bbox 1964 2088 3571 2157; baseline 0.002 -14"><span class='ocrx_word' id='word_1_376' title='bbox 1964 2088 2192 2155; x_wconf 88' lang='lat' dir='ltr'><strong>oblatio,</strong></span> <span class='ocrx_word' id='word_1_377' title='bbox 2229 2098 2281 2143; x_wconf 90' lang='lat' dir='ltr'><strong>et</strong></span> <span class='ocrx_word' id='word_1_378' title='bbox 2308 2088 2375 2143; x_wconf 89' lang='lat' dir='ltr'><strong>de</strong></span> <span class='ocrx_word' id='word_1_379' title='bbox 2402 2089 2575 2145; x_wconf 82' lang='lat' dir='ltr'><strong>bobus</strong></span> <span class='ocrx_word' id='word_1_380' title='bbox 2606 2090 2841 2157; x_wconf 84' lang='lat' dir='ltr'><strong>voluerit</strong></span> <span class='ocrx_word' id='word_1_381' title='bbox 2867 2088 3085 2154; x_wconf 63' lang='lat' dir='ltr'><strong>ollert&#39;e,</strong></span> <span class='ocrx_word' id='word_1_382' title='bbox 3118 2106 3323 2148; x_wconf 86' lang='lat' dir='ltr'><strong>marem</strong></span> <span class='ocrx_word' id='word_1_383' title='bbox 3355 2094 3470 2147; x_wconf 75' lang='lat' dir='ltr'><strong>sive</strong></span> <span class='ocrx_word' id='word_1_384' title='bbox 3495 2092 3571 2147; x_wconf 82' lang='lat' dir='ltr'><strong>le-</strong></span> 
     </span>
    </p>
   </div>
   <div class='ocr_carea' id='block_1_51' title="bbox 1966 2181 3568 2247">
    <p class='ocr_par' dir='ltr' id='par_1_51' title="bbox 1966 2181 3568 2247">
     <span class='ocr_line' id='line_1_51' title="bbox 1966 2181 3568 2247; baseline 0.002 -11"><span class='ocrx_word' id='word_1_385' title='bbox 1966 2181 2188 2247; x_wconf 90' lang='lat' dir='ltr'><strong>minam,</strong></span> <span class='ocrx_word' id='word_1_386' title='bbox 2223 2183 2571 2236; x_wconf 85' lang='lat' dir='ltr'><strong>immaculata</strong></span> <span class='ocrx_word' id='word_1_387' title='bbox 2601 2181 2794 2237; x_wconf 79' lang='lat' dir='ltr'><strong>oll‘eret</strong></span> <span class='ocrx_word' id='word_1_388' title='bbox 2845 2196 3031 2239; x_wconf 88' lang='lat' dir='ltr'><strong>coram</strong></span> <span class='ocrx_word' id='word_1_389' title='bbox 3067 2183 3319 2239; x_wconf 89' lang='lat' dir='ltr'><strong>Domino.</strong></span> <span class='ocrx_word' id='word_1_390' title='bbox 3369 2184 3568 2241; x_wconf 79' lang='lat' dir='ltr'><strong>Ponet-</strong></span> 
     </span>
    </p>
   </div>
   <div class='ocr_carea' id='block_1_52' title="bbox 1964 2276 3565 2349">
    <p class='ocr_par' dir='ltr' id='par_1_52' title="bbox 1964 2276 3565 2349">
     <span class='ocr_line' id='line_1_52' title="bbox 1964 2276 3565 2349; baseline 0.002 -18"><span class='ocrx_word' id='word_1_391' title='bbox 1964 2292 2070 2346; x_wconf 83' lang='lat' dir='ltr'><strong>que</strong></span> <span class='ocrx_word' id='word_1_392' title='bbox 2098 2292 2314 2331; x_wconf 87' lang='lat' dir='ltr'><strong>manum</strong></span> <span class='ocrx_word' id='word_1_393' title='bbox 2342 2292 2507 2347; x_wconf 85' lang='lat' dir='ltr'><strong>super</strong></span> <span class='ocrx_word' id='word_1_394' title='bbox 2538 2285 2705 2345; x_wconf 90' lang='lat' dir='ltr'><strong>caput</strong></span> <span class='ocrx_word' id='word_1_395' title='bbox 2725 2276 2962 2331; x_wconf 66' lang='lat' dir='ltr'><strong>victima:</strong></span> <span class='ocrx_word' id='word_1_396' title='bbox 2993 2292 3127 2343; x_wconf 76' lang='lat' dir='ltr'><strong>suae,</strong></span> <span class='ocrx_word' id='word_1_397' title='bbox 3160 2294 3281 2349; x_wconf 72' lang='lat' dir='ltr'><strong>qua:</strong></span> <span class='ocrx_word' id='word_1_398' title='bbox 3316 2279 3565 2335; x_wconf 86' lang='lat' dir='ltr'><strong>immola-</strong></span> 
     </span>
    </p>
   </div>
   <div class='ocr_carea' id='block_1_53' title="bbox 1968 2367 3567 2438">
    <p class='ocr_par' dir='ltr' id='par_1_53' title="bbox 1968 2367 3567 2438">
     <span class='ocr_line' id='line_1_53' title="bbox 1968 2367 3567 2438; baseline 0.005 -17"><span class='ocrx_word' id='word_1_399' title='bbox 1968 2368 2111 2422; x_wconf 85' lang='lat' dir='ltr'><strong>bitur</strong></span> <span class='ocrx_word' id='word_1_400' title='bbox 2141 2370 2191 2421; x_wconf 91' lang='lat' dir='ltr'><strong>in</strong></span> <span class='ocrx_word' id='word_1_401' title='bbox 2223 2367 2446 2422; x_wconf 84' lang='lat' dir='ltr'><strong>introitu</strong></span> <span class='ocrx_word' id='word_1_402' title='bbox 2483 2369 2824 2423; x_wconf 85' lang='lat' dir='ltr'><strong>tabernaculi</strong></span> <span class='ocrx_word' id='word_1_403' title='bbox 2858 2368 3180 2436; x_wconf 87' lang='lat' dir='ltr'><strong>testimonii,</strong></span> <span class='ocrx_word' id='word_1_404' title='bbox 3226 2369 3567 2438; x_wconf 73' lang='lat' dir='ltr'><strong>laudentque</strong></span> 
     </span>
    </p>
   </div>
   <div class='ocr_carea' id='block_1_54' title="bbox 1968 2460 3571 2531">
    <p class='ocr_par' dir='ltr' id='par_1_54' title="bbox 1968 2460 3571 2531">
     <span class='ocr_line' id='line_1_54' title="bbox 1968 2460 3571 2531; baseline 0.003 -17"><span class='ocrx_word' id='word_1_405' title='bbox 1968 2460 2064 2514; x_wconf 89' lang='lat' dir='ltr'><strong>ﬁlii</strong></span> <span class='ocrx_word' id='word_1_406' title='bbox 2098 2461 2274 2515; x_wconf 70' lang='lat' dir='ltr'><strong>Aaron</strong></span> <span class='ocrx_word' id='word_1_407' title='bbox 2326 2460 2648 2516; x_wconf 70' lang='lat' dir='ltr'><strong>sacerdotes</strong></span> <span class='ocrx_word' id='word_1_408' title='bbox 2678 2463 2997 2531; x_wconf 79' lang='lat' dir='ltr'><strong>sanguinein</strong></span> <span class='ocrx_word' id='word_1_409' title='bbox 3031 2477 3125 2529; x_wconf 89' lang='lat' dir='ltr'><strong>per</strong></span> <span class='ocrx_word' id='word_1_410' title='bbox 3179 2462 3465 2520; x_wconf 84' lang='lat' dir='ltr'><strong>circuitum</strong></span> <span class='ocrx_word' id='word_1_411' title='bbox 3494 2464 3571 2519; x_wconf 49' lang='lat' dir='ltr'><strong>al.</strong></span> 
     </span>
    </p>
   </div>
   <div class='ocr_carea' id='block_1_55' title="bbox 1970 2552 3571 2623">
    <p class='ocr_par' dir='ltr' id='par_1_55' title="bbox 1970 2552 3571 2623">
     <span class='ocr_line' id='line_1_55' title="bbox 1970 2552 3571 2623; baseline 0.004 -17"><span class='ocrx_word' id='word_1_412' title='bbox 1970 2554 2121 2606; x_wconf 85' lang='lat' dir='ltr'><strong>taris.</strong></span> <span class='ocrx_word' id='word_1_413' title='bbox 2153 2553 2219 2608; x_wconf 86' lang='lat' dir='ltr'><strong>Et</strong></span> <span class='ocrx_word' id='word_1_414' title='bbox 2252 2552 2483 2608; x_wconf 83' lang='lat' dir='ltr'><strong>oﬁ‘ercnt</strong></span> <span class='ocrx_word' id='word_1_415' title='bbox 2523 2557 2588 2608; x_wconf 87' lang='lat' dir='ltr'><strong>de</strong></span> <span class='ocrx_word' id='word_1_416' title='bbox 2622 2554 2800 2609; x_wconf 85' lang='lat' dir='ltr'><strong>hostia</strong></span> <span class='ocrx_word' id='word_1_417' title='bbox 2850 2554 3199 2623; x_wconf 75' lang='lat' dir='ltr'><strong>paciﬁonrutn</strong></span> <span class='ocrx_word' id='word_1_418' title='bbox 3233 2556 3287 2611; x_wconf 91' lang='lat' dir='ltr'><strong>in</strong></span> <span class='ocrx_word' id='word_1_419' title='bbox 3336 2556 3571 2613; x_wconf 84' lang='lat' dir='ltr'><strong>oblatio-</strong></span> 
     </span>
    </p>
   </div>
   <div class='ocr_carea' id='block_1_56' title="bbox 1969 2646 3565 2718">
    <p class='ocr_par' dir='ltr' id='par_1_56' title="bbox 1969 2646 3565 2718">
     <span class='ocr_line' id='line_1_56' title="bbox 1969 2646 3565 2718; baseline 0.002 -17"><span class='ocrx_word' id='word_1_420' title='bbox 1969 2661 2090 2701; x_wconf 89' lang='lat' dir='ltr'><strong>nem</strong></span> <span class='ocrx_word' id='word_1_421' title='bbox 2128 2646 2376 2714; x_wconf 85' lang='lat' dir='ltr'><strong>Domino,</strong></span> <span class='ocrx_word' id='word_1_422' title='bbox 2417 2646 2632 2713; x_wconf 89' lang='lat' dir='ltr'><strong>adipem</strong></span> <span class='ocrx_word' id='word_1_423' title='bbox 2663 2647 2755 2716; x_wconf 92' lang='lat' dir='ltr'><strong>qui</strong></span> <span class='ocrx_word' id='word_1_424' title='bbox 2786 2649 2963 2715; x_wconf 90' lang='lat' dir='ltr'><strong>operit</strong></span> <span class='ocrx_word' id='word_1_425' title='bbox 2992 2646 3195 2711; x_wconf 71' lang='lat' dir='ltr'><strong>vitalia,</strong></span> <span class='ocrx_word' id='word_1_426' title='bbox 3226 2658 3280 2703; x_wconf 90' lang='lat' dir='ltr'><strong>et</strong></span> <span class='ocrx_word' id='word_1_427' title='bbox 3306 2648 3565 2718; x_wconf 89' lang='lat' dir='ltr'><strong>quidquid</strong></span> 
     </span>
    </p>
   </div>
   <div class='ocr_carea' id='block_1_57' title="bbox 1971 2740 3566 2813">
    <p class='ocr_par' dir='ltr' id='par_1_57' title="bbox 1971 2740 3566 2813">
     <span class='ocr_line' id='line_1_57' title="bbox 1971 2740 3566 2813; baseline 0.003 -20"><span class='ocrx_word' id='word_1_428' title='bbox 1971 2740 2315 2811; x_wconf 85' lang='lat' dir='ltr'><strong>pinguedinis</strong></span> <span class='ocrx_word' id='word_1_429' title='bbox 2354 2741 2685 2796; x_wconf 85' lang='lat' dir='ltr'><strong>intrinsecus</strong></span> <span class='ocrx_word' id='word_1_430' title='bbox 2718 2751 2801 2796; x_wconf 86' lang='lat' dir='ltr'><strong>est</strong></span> <span class='ocrx_word' id='word_1_431' title='bbox 2830 2757 2844 2794; x_wconf 75' lang='grc' dir='ltr'>ε</span> <span class='ocrx_word' id='word_1_432' title='bbox 2872 2741 3010 2796; x_wconf 83' lang='lat' dir='ltr'><strong>duos</strong></span> <span class='ocrx_word' id='word_1_433' title='bbox 3045 2757 3205 2795; x_wconf 82' lang='lat' dir='ltr'><strong>rencs</strong></span> <span class='ocrx_word' id='word_1_434' title='bbox 3241 2757 3362 2797; x_wconf 86' lang='lat' dir='ltr'><strong>cum</strong></span> <span class='ocrx_word' id='word_1_435' title='bbox 3407 2742 3566 2813; x_wconf 87' lang='lat' dir='ltr'><strong>adipe</strong></span> 
     </span>
    </p>
   </div>
   <div class='ocr_carea' id='block_1_58' title="bbox 1968 2834 3651 2906">
    <p class='ocr_par' dir='ltr' id='par_1_58' title="bbox 1968 2834 3651 2906">
     <span class='ocr_line' id='line_1_58' title="bbox 1968 2834 3651 2906; baseline 0.002 -18"><span class='ocrx_word' id='word_1_436' title='bbox 1968 2850 2075 2905; x_wconf 87' lang='lat' dir='ltr'><strong>quo</strong></span> <span class='ocrx_word' id='word_1_437' title='bbox 2106 2843 2356 2906; x_wconf 83' lang='lat' dir='ltr'><strong>teguntur</strong></span> <span class='ocrx_word' id='word_1_438' title='bbox 2380 2834 2495 2897; x_wconf 81' lang='lat' dir='ltr'><strong>ilia,</strong></span> <span class='ocrx_word' id='word_1_439' title='bbox 2524 2844 2577 2890; x_wconf 89' lang='lat' dir='ltr'><strong>et</strong></span> <span class='ocrx_word' id='word_1_440' title='bbox 2606 2834 2899 2891; x_wconf 88' lang='lat' dir='ltr'><strong>reticulum</strong></span> <span class='ocrx_word' id='word_1_441' title='bbox 2921 2836 3129 2903; x_wconf 76' lang='lat' dir='ltr'><strong>iecoris</strong></span> <span class='ocrx_word' id='word_1_442' title='bbox 3151 2850 3272 2891; x_wconf 89' lang='lat' dir='ltr'><strong>cum</strong></span> <span class='ocrx_word' id='word_1_443' title='bbox 3297 2852 3566 2893; x_wconf 88' lang='lat' dir='ltr'><strong>renttncu-</strong></span> <span class='ocrx_word' id='word_1_444' title='bbox 3644 2874 3651 2877; x_wconf 61' lang='grc' dir='ltr'><strong>ι</strong></span> 
     </span>
    </p>
   </div>
   <div class='ocr_carea' id='block_1_59' title="bbox 1968 2926 3556 2999">
    <p class='ocr_par' dir='ltr' id='par_1_59' title="bbox 1968 2926 3556 2999">
     <span class='ocr_line' id='line_1_59' title="bbox 1968 2926 3556 2999; baseline -0.001 -16"><span class='ocrx_word' id='word_1_445' title='bbox 1968 2928 2033 2983; x_wconf 92' lang='lat' dir='ltr'><strong>lis</strong></span> <span class='ocrx_word' id='word_1_446' title='bbox 2068 2945 2079 2978; x_wconf 88' lang='lat'><strong><em>:</em></strong></span> <span class='ocrx_word' id='word_1_447' title='bbox 2127 2927 2524 2999; x_wconf 86' lang='lat' dir='ltr'><strong>adolebuutque</strong></span> <span class='ocrx_word' id='word_1_448' title='bbox 2555 2944 2616 2981; x_wconf 92' lang='lat' dir='ltr'><strong>ea</strong></span> <span class='ocrx_word' id='word_1_449' title='bbox 2658 2942 2823 2994; x_wconf 86' lang='lat' dir='ltr'><strong>super</strong></span> <span class='ocrx_word' id='word_1_450' title='bbox 2857 2928 3027 2981; x_wconf 88' lang='lat' dir='ltr'><strong>altare</strong></span> <span class='ocrx_word' id='word_1_451' title='bbox 3070 2926 3121 2982; x_wconf 91' lang='lat' dir='ltr'><strong>in</strong></span> <span class='ocrx_word' id='word_1_452' title='bbox 3157 2926 3556 2995; x_wconf 85' lang='lat' dir='ltr'><strong>holocaustum,</strong></span> 
     </span>
    </p>
   </div>
   <div class='ocr_carea' id='block_1_60' title="bbox 1969 3018 3565 3089">
    <p class='ocr_par' dir='ltr' id='par_1_60' title="bbox 1969 3018 3565 3089">
     <span class='ocr_line' id='line_1_60' title="bbox 1969 3018 3565 3089; baseline 0.002 -18"><span class='ocrx_word' id='word_1_453' title='bbox 1969 3019 2128 3089; x_wconf 82' lang='lat' dir='ltr'><strong>lignis</strong></span> <span class='ocrx_word' id='word_1_454' title='bbox 2158 3020 2281 3089; x_wconf 89' lang='lat' dir='ltr'><strong>igne</strong></span> <span class='ocrx_word' id='word_1_455' title='bbox 2308 3019 2614 3088; x_wconf 88' lang='lat' dir='ltr'><strong>supposito,</strong></span> <span class='ocrx_word' id='word_1_456' title='bbox 2648 3018 2699 3073; x_wconf 92' lang='lat' dir='ltr'><strong>in</strong></span> <span class='ocrx_word' id='word_1_457' title='bbox 2731 3018 3064 3073; x_wconf 71' lang='lat' dir='ltr'><strong>oblationem</strong></span> <span class='ocrx_word' id='word_1_458' title='bbox 3093 3018 3402 3074; x_wconf 71' lang='lat' dir='ltr'><strong>suavissimi</strong></span> <span class='ocrx_word' id='word_1_459' title='bbox 3433 3020 3565 3074; x_wconf 82' lang='lat' dir='ltr'><strong>odo-</strong></span> 
     </span>
    </p>
   </div>
   <div class='ocr_carea' id='block_1_61' title="bbox 1969 3113 3567 3182">
    <p class='ocr_par' dir='ltr' id='par_1_61' title="bbox 1969 3113 3567 3182">
     <span class='ocr_line' id='line_1_61' title="bbox 1969 3113 3567 3182; baseline 0.001 -12"><span class='ocrx_word' id='word_1_460' title='bbox 1969 3115 2045 3170; x_wconf 87' lang='lat' dir='ltr'><strong>ris</strong></span> <span class='ocrx_word' id='word_1_461' title='bbox 2069 3116 2316 3169; x_wconf 89' lang='lat' dir='ltr'><strong>Domino.</strong></span> <span class='ocrx_word' id='word_1_462' title='bbox 2350 3114 2406 3169; x_wconf 92' lang='lat' dir='ltr'><strong>Si</strong></span> <span class='ocrx_word' id='word_1_463' title='bbox 2440 3129 2570 3170; x_wconf 85' lang='lat' dir='ltr'><strong>vero</strong></span> <span class='ocrx_word' id='word_1_464' title='bbox 2594 3113 2662 3168; x_wconf 91' lang='lat' dir='ltr'><strong>de</strong></span> <span class='ocrx_word' id='word_1_465' title='bbox 2688 3114 2877 3169; x_wconf 82' lang='lat' dir='ltr'><strong>ovibus</strong></span> <span class='ocrx_word' id='word_1_466' title='bbox 2924 3114 3084 3169; x_wconf 87' lang='lat' dir='ltr'><strong>luerit</strong></span> <span class='ocrx_word' id='word_1_467' title='bbox 3107 3114 3227 3182; x_wconf 89' lang='lat' dir='ltr'><strong>ejus</strong></span> <span class='ocrx_word' id='word_1_468' title='bbox 3254 3114 3476 3178; x_wconf 85' lang='lat' dir='ltr'><strong>oblatio,</strong></span> <span class='ocrx_word' id='word_1_469' title='bbox 3510 3126 3567 3171; x_wconf 92' lang='lat' dir='ltr'><strong>et</strong></span> 
     </span>
    </p>
   </div>
   <div class='ocr_carea' id='block_1_62' title="bbox 260 3201 3565 3277">
    <p class='ocr_par' dir='ltr' id='par_1_62' title="bbox 260 3201 3565 3277">
     <span class='ocr_line' id='line_1_62' title="bbox 260 3201 3565 3277; baseline 0.001 -18"><span class='ocrx_word' id='word_1_470' title='bbox 260 3204 403 3276; x_wconf 82' lang='lat' dir='ltr'><strong>nera]</strong></span> <span class='ocrx_word' id='word_1_471' title='bbox 431 3206 695 3261; x_wconf 84' lang='lat' dir='ltr'><strong>sacriﬁcii</strong></span> <span class='ocrx_word' id='word_1_472' title='bbox 725 3206 977 3271; x_wconf 82' lang='lat' dir='ltr'><strong>Domino,</strong></span> <span class='ocrx_word' id='word_1_473' title='bbox 1002 3208 1177 3262; x_wconf 86' lang='lat' dir='ltr'><strong>simila</strong></span> <span class='ocrx_word' id='word_1_474' title='bbox 1206 3209 1311 3264; x_wconf 90' lang='lat' dir='ltr'><strong>erit</strong></span> <span class='ocrx_word' id='word_1_475' title='bbox 1330 3209 1448 3277; x_wconf 88' lang='lat' dir='ltr'><strong>ejus</strong></span> <span class='ocrx_word' id='word_1_476' title='bbox 1474 3209 1699 3275; x_wconf 81' lang='lat' dir='ltr'><strong>oblatio,</strong></span> <span class='ocrx_word' id='word_1_477' title='bbox 1732 3208 1855 3262; x_wconf 83' lang='lat' dir='ltr'><strong>fun-</strong></span> <span class='ocrx_word' id='word_1_478' title='bbox 1887 3201 1932 3265; x_wconf 69' lang='grc' dir='ltr'><strong>(Ζ</strong></span> <span class='ocrx_word' id='word_1_479' title='bbox 1964 3208 2311 3277; x_wconf 81' lang='lat' dir='ltr'><strong>paciﬁcorum</strong></span> <span class='ocrx_word' id='word_1_480' title='bbox 2336 3207 2535 3270; x_wconf 90' lang='lat' dir='ltr'><strong>hostia,</strong></span> <span class='ocrx_word' id='word_1_481' title='bbox 2560 3207 2677 3261; x_wconf 90' lang='lat' dir='ltr'><strong>sive</strong></span> <span class='ocrx_word' id='word_1_482' title='bbox 2698 3206 3030 3273; x_wconf 82' lang='lat' dir='ltr'><strong>masculum,</strong></span> <span class='ocrx_word' id='word_1_483' title='bbox 3052 3209 3167 3261; x_wconf 85' lang='lat' dir='ltr'><strong>sive</strong></span> <span class='ocrx_word' id='word_1_484' title='bbox 3185 3206 3445 3263; x_wconf 76' lang='lat' dir='ltr'><strong>feminam</strong></span> <span class='ocrx_word' id='word_1_485' title='bbox 3470 3211 3565 3263; x_wconf 85' lang='lat' dir='ltr'><strong>oh-</strong></span> 
     </span>
    </p>
   </div>
   <div class='ocr_carea' id='block_1_63' title="bbox 259 3296 1860 3369">
    <p class='ocr_par' dir='ltr' id='par_1_63' title="bbox 259 3296 1860 3369">
     <span class='ocr_line' id='line_1_63' title="bbox 259 3296 1860 3369; baseline 0.002 -17"><span class='ocrx_word' id='word_1_486' title='bbox 259 3296 460 3367; x_wconf 83' lang='lat' dir='ltr'><strong>detque</strong></span> <span class='ocrx_word' id='word_1_487' title='bbox 490 3312 660 3368; x_wconf 74' lang='lat' dir='ltr'><strong>super</strong></span> <span class='ocrx_word' id='word_1_488' title='bbox 682 3314 802 3354; x_wconf 86' lang='lat' dir='ltr'><strong>eam</strong></span> <span class='ocrx_word' id='word_1_489' title='bbox 831 3299 1037 3365; x_wconf 82' lang='lat' dir='ltr'><strong>oleum,</strong></span> <span class='ocrx_word' id='word_1_490' title='bbox 1090 3307 1146 3354; x_wconf 85' lang='lat' dir='ltr'><strong>et</strong></span> <span class='ocrx_word' id='word_1_491' title='bbox 1177 3310 1338 3369; x_wconf 82' lang='lat' dir='ltr'><strong>ponet</strong></span> <span class='ocrx_word' id='word_1_492' title='bbox 1363 3300 1487 3355; x_wconf 83' lang='lat' dir='ltr'><strong>Ibus</strong></span> <span class='ocrx_word' id='word_1_493' title='bbox 1509 3342 1522 3366; x_wconf 98' lang='lat'><strong>,</strong></span> <span class='ocrx_word' id='word_1_494' title='bbox 1554 3316 1619 3355; x_wconf 89' lang='lat' dir='ltr'><strong>ac</strong></span> <span class='ocrx_word' id='word_1_495' title='bbox 1647 3301 1860 3356; x_wconf 81' lang='lat' dir='ltr'><strong>deleret</strong></span> 
     </span>
    </p>
   </div>
   <div class='ocr_carea' id='block_1_64' title="bbox 260 3384 1858 3457">
    <p class='ocr_par' dir='ltr' id='par_1_64' title="bbox 260 3384 1858 3457">
     <span class='ocr_line' id='line_1_64' title="bbox 260 3384 1858 3457; baseline 0.003 -20"><span class='ocrx_word' id='word_1_496' title='bbox 260 3384 322 3441; x_wconf 86' lang='lat' dir='ltr'><strong>ad</strong></span> <span class='ocrx_word' id='word_1_497' title='bbox 351 3386 499 3443; x_wconf 77' lang='lat' dir='ltr'><strong>ﬁlios</strong></span> <span class='ocrx_word' id='word_1_498' title='bbox 522 3385 711 3447; x_wconf 76' lang='lat' dir='ltr'><strong>Aaron</strong></span> <span class='ocrx_word' id='word_1_499' title='bbox 739 3386 1078 3451; x_wconf 83' lang='lat' dir='ltr'><strong>Sacerdotes,</strong></span> <span class='ocrx_word' id='word_1_500' title='bbox 1130 3402 1367 3457; x_wconf 89' lang='lat' dir='ltr'><strong>quorum</strong></span> <span class='ocrx_word' id='word_1_501' title='bbox 1393 3404 1532 3445; x_wconf 89' lang='lat' dir='ltr'><strong>unus</strong></span> <span class='ocrx_word' id='word_1_502' title='bbox 1567 3388 1716 3442; x_wconf 87' lang='lat' dir='ltr'><strong>tollet</strong></span> <span class='ocrx_word' id='word_1_503' title='bbox 1757 3405 1858 3457; x_wconf 89' lang='lat' dir='ltr'><strong>pu-</strong></span> 
     </span>
    </p>
   </div>
   <div class='ocr_carea' id='block_1_65' title="bbox 258 3480 1858 3551">
    <p class='ocr_par' dir='ltr' id='par_1_65' title="bbox 258 3480 1858 3551">
     <span class='ocr_line' id='line_1_65' title="bbox 258 3480 1858 3551; baseline 0.001 -17"><span class='ocrx_word' id='word_1_504' title='bbox 258 3480 440 3549; x_wconf 81' lang='lat' dir='ltr'><strong>gillum</strong></span> <span class='ocrx_word' id='word_1_505' title='bbox 470 3480 692 3551; x_wconf 86' lang='lat' dir='ltr'><strong>plenum</strong></span> <span class='ocrx_word' id='word_1_506' title='bbox 724 3481 920 3536; x_wconf 75' lang='lat' dir='ltr'><strong>similae</strong></span> <span class='ocrx_word' id='word_1_507' title='bbox 949 3494 1003 3535; x_wconf 88' lang='lat' dir='ltr'><strong>et</strong></span> <span class='ocrx_word' id='word_1_508' title='bbox 1052 3482 1181 3548; x_wconf 87' lang='lat' dir='ltr'><strong>olei,</strong></span> <span class='ocrx_word' id='word_1_509' title='bbox 1217 3498 1277 3536; x_wconf 83' lang='lat' dir='ltr'><strong>ac</strong></span> <span class='ocrx_word' id='word_1_510' title='bbox 1302 3491 1472 3541; x_wconf 79' lang='lat' dir='ltr'><strong>totum</strong></span> <span class='ocrx_word' id='word_1_511' title='bbox 1502 3483 1646 3547; x_wconf 79' lang='lat' dir='ltr'><strong>thus,</strong></span> <span class='ocrx_word' id='word_1_512' title='bbox 1677 3491 1733 3536; x_wconf 89' lang='lat' dir='ltr'><strong>et</strong></span> <span class='ocrx_word' id='word_1_513' title='bbox 1765 3497 1858 3551; x_wconf 90' lang='lat' dir='ltr'><strong>po-</strong></span> 
     </span>
    </p>
   </div>
   <div class='ocr_carea' id='block_1_66' title="bbox 259 3574 1855 3644">
    <p class='ocr_par' dir='ltr' id='par_1_66' title="bbox 259 3574 1855 3644">
     <span class='ocr_line' id='line_1_66' title="bbox 259 3574 1855 3644; baseline -0.004 -11"><span class='ocrx_word' id='word_1_514' title='bbox 259 3583 344 3633; x_wconf 77' lang='lat' dir='ltr'><strong>net</strong></span> <span class='ocrx_word' id='word_1_515' title='bbox 362 3574 689 3633; x_wconf 82' lang='lat' dir='ltr'><strong>memoriale</strong></span> <span class='ocrx_word' id='word_1_516' title='bbox 714 3588 881 3644; x_wconf 91' lang='lat' dir='ltr'><strong>super</strong></span> <span class='ocrx_word' id='word_1_517' title='bbox 906 3575 1101 3643; x_wconf 87' lang='lat' dir='ltr'><strong>altare,</strong></span> <span class='ocrx_word' id='word_1_518' title='bbox 1138 3575 1189 3633; x_wconf 91' lang='lat' dir='ltr'><strong>in</strong></span> <span class='ocrx_word' id='word_1_519' title='bbox 1220 3574 1444 3631; x_wconf 88' lang='lat' dir='ltr'><strong>odorem</strong></span> <span class='ocrx_word' id='word_1_520' title='bbox 1470 3575 1855 3630; x_wconf 88' lang='lat' dir='ltr'><strong>suavissimum</strong></span> 
     </span>
    </p>
   </div>
   <div class='ocr_carea' id='block_1_67' title="bbox 260 3664 1853 3737">
    <p class='ocr_par' dir='ltr' id='par_1_67' title="bbox 260 3664 1853 3737">
     <span class='ocr_line' id='line_1_67' title="bbox 260 3664 1853 3737; baseline 0.001 -20"><span class='ocrx_word' id='word_1_521' title='bbox 260 3664 489 3725; x_wconf 80' lang='lat' dir='ltr'><strong>Domino</strong></span> <span class='ocrx_word' id='word_1_522' title='bbox 522 3685 535 3719; x_wconf 90' lang='lat'><strong>:</strong></span> <span class='ocrx_word' id='word_1_523' title='bbox 571 3666 716 3735; x_wconf 82' lang='lat' dir='ltr'><strong>quod</strong></span> <span class='ocrx_word' id='word_1_524' title='bbox 743 3677 925 3727; x_wconf 89' lang='lat' dir='ltr'><strong>autem</strong></span> <span class='ocrx_word' id='word_1_525' title='bbox 957 3666 1228 3737; x_wconf 86' lang='lat' dir='ltr'><strong>reliquum</strong></span> <span class='ocrx_word' id='word_1_526' title='bbox 1270 3667 1432 3723; x_wconf 77' lang='lat' dir='ltr'><strong>fuerit</strong></span> <span class='ocrx_word' id='word_1_527' title='bbox 1466 3666 1534 3723; x_wconf 86' lang='lat' dir='ltr'><strong>de</strong></span> <span class='ocrx_word' id='word_1_528' title='bbox 1562 3666 1853 3734; x_wconf 82' lang='lat' dir='ltr'><strong>sacriﬁcio,</strong></span> 
     </span>
    </p>
   </div>
   <div class='ocr_carea' id='block_1_68' title="bbox 260 3758 1857 3828">
    <p class='ocr_par' dir='ltr' id='par_1_68' title="bbox 260 3758 1857 3828">
     <span class='ocr_line' id='line_1_68' title="bbox 260 3758 1857 3828; baseline -0.001 -15"><span class='ocrx_word' id='word_1_529' title='bbox 260 3758 357 3821; x_wconf 79' lang='lat' dir='ltr'><strong>erit</strong></span> <span class='ocrx_word' id='word_1_530' title='bbox 388 3760 576 3819; x_wconf 79' lang='lat' dir='ltr'><strong>Aaron</strong></span> <span class='ocrx_word' id='word_1_531' title='bbox 607 3768 664 3815; x_wconf 89' lang='lat' dir='ltr'><strong>et</strong></span> <span class='ocrx_word' id='word_1_532' title='bbox 692 3758 931 3819; x_wconf 86' lang='lat' dir='ltr'><strong>ﬁliorum</strong></span> <span class='ocrx_word' id='word_1_533' title='bbox 971 3759 1118 3828; x_wconf 86' lang='lat' dir='ltr'><strong>ejus,</strong></span> <span class='ocrx_word' id='word_1_534' title='bbox 1155 3770 1400 3815; x_wconf 89' lang='lat' dir='ltr'><strong>sanctum</strong></span> <span class='ocrx_word' id='word_1_535' title='bbox 1432 3772 1743 3814; x_wconf 90' lang='lat' dir='ltr'><strong>sanctorum</strong></span> <span class='ocrx_word' id='word_1_536' title='bbox 1789 3758 1857 3813; x_wconf 86' lang='lat' dir='ltr'><strong>de</strong></span> 
     </span>
    </p>
   </div>
   <div class='ocr_carea' id='block_1_69' title="bbox 262 3850 1857 3913">
    <p class='ocr_par' dir='ltr' id='par_1_69' title="bbox 262 3850 1857 3913">
     <span class='ocr_line' id='line_1_69' title="bbox 262 3850 1857 3913; baseline -0.001 -9"><span class='ocrx_word' id='word_1_537' title='bbox 262 3850 628 3913; x_wconf 66' lang='lat' dir='ltr'><strong>oblationibus</strong></span> <span class='ocrx_word' id='word_1_538' title='bbox 662 3850 899 3905; x_wconf 88' lang='lat' dir='ltr'><strong>Domini.</strong></span> <span class='ocrx_word' id='word_1_539' title='bbox 935 3850 1068 3906; x_wconf 83' lang='lat' dir='ltr'><strong>Cum</strong></span> <span class='ocrx_word' id='word_1_540' title='bbox 1102 3862 1286 3908; x_wconf 85' lang='lat' dir='ltr'><strong>autem</strong></span> <span class='ocrx_word' id='word_1_541' title='bbox 1334 3852 1602 3908; x_wconf 86' lang='lat' dir='ltr'><strong>obtuleris</strong></span> <span class='ocrx_word' id='word_1_542' title='bbox 1645 3850 1857 3906; x_wconf 88' lang='lat' dir='ltr'><strong>sacriﬁ-</strong></span> 
     </span>
    </p>
   </div>
   <div class='ocr_carea' id='block_1_70' title="bbox 260 3942 1856 4013">
    <p class='ocr_par' dir='ltr' id='par_1_70' title="bbox 260 3942 1856 4013">
     <span class='ocr_line' id='line_1_70' title="bbox 260 3942 1856 4013; baseline -0.004 -12"><span class='ocrx_word' id='word_1_543' title='bbox 260 3942 390 4001; x_wconf 82' lang='lat' dir='ltr'><strong>cium</strong></span> <span class='ocrx_word' id='word_1_544' title='bbox 421 3950 642 4006; x_wconf 86' lang='lat' dir='ltr'><strong>coctum</strong></span> <span class='ocrx_word' id='word_1_545' title='bbox 665 3942 721 3997; x_wconf 91' lang='lat' dir='ltr'><strong>in</strong></span> <span class='ocrx_word' id='word_1_546' title='bbox 754 3942 969 4001; x_wconf 85' lang='lat' dir='ltr'><strong>clibano</strong></span> <span class='ocrx_word' id='word_1_547' title='bbox 1018 3961 1031 3995; x_wconf 89' lang='lat'><strong>:</strong></span> <span class='ocrx_word' id='word_1_548' title='bbox 1085 3942 1152 3997; x_wconf 90' lang='lat' dir='ltr'><strong>de</strong></span> <span class='ocrx_word' id='word_1_549' title='bbox 1198 3943 1377 3998; x_wconf 90' lang='lat' dir='ltr'><strong>simila</strong></span> <span class='ocrx_word' id='word_1_550' title='bbox 1401 3987 1414 4010; x_wconf 94' lang='lat'><strong>,</strong></span> <span class='ocrx_word' id='word_1_551' title='bbox 1447 3958 1616 4013; x_wconf 84' lang='lat' dir='ltr'><strong>panes</strong></span> <span class='ocrx_word' id='word_1_552' title='bbox 1646 3943 1856 3997; x_wconf 86' lang='lat' dir='ltr'><strong>scilicet</strong></span> 
     </span>
    </p>
   </div>
   <div class='ocr_carea' id='block_1_71' title="bbox 262 4033 1853 4107">
    <p class='ocr_par' dir='ltr' id='par_1_71' title="bbox 262 4033 1853 4107">
     <span class='ocr_line' id='line_1_71' title="bbox 262 4033 1853 4107; baseline 0.003 -20"><span class='ocrx_word' id='word_1_553' title='bbox 262 4033 462 4104; x_wconf 77' lang='lat' dir='ltr'><strong>absque</strong></span> <span class='ocrx_word' id='word_1_554' title='bbox 489 4033 779 4103; x_wconf 69' lang='lat' dir='ltr'><strong>fermento,</strong></span> <span class='ocrx_word' id='word_1_555' title='bbox 814 4048 1144 4103; x_wconf 81' lang='lat' dir='ltr'><strong>conspersos</strong></span> <span class='ocrx_word' id='word_1_556' title='bbox 1165 4034 1311 4101; x_wconf 87' lang='lat' dir='ltr'><strong>oleo,</strong></span> <span class='ocrx_word' id='word_1_557' title='bbox 1347 4046 1399 4089; x_wconf 91' lang='lat' dir='ltr'><strong>et</strong></span> <span class='ocrx_word' id='word_1_558' title='bbox 1449 4036 1637 4105; x_wconf 79' lang='lat' dir='ltr'><strong>lagana</strong></span> <span class='ocrx_word' id='word_1_559' title='bbox 1666 4053 1853 4107; x_wconf 82' lang='lat' dir='ltr'><strong>azyma</strong></span> 
     </span>
    </p>
   </div>
   <div class='ocr_carea' id='block_1_72' title="bbox 262 4126 1858 4200">
    <p class='ocr_par' dir='ltr' id='par_1_72' title="bbox 262 4126 1858 4200">
     <span class='ocr_line' id='line_1_72' title="bbox 262 4126 1858 4200; baseline 0.004 -20"><span class='ocrx_word' id='word_1_560' title='bbox 262 4126 374 4182; x_wconf 87' lang='lat' dir='ltr'><strong>oleo</strong></span> <span class='ocrx_word' id='word_1_561' title='bbox 414 4127 516 4195; x_wconf 77' lang='lat' dir='ltr'><strong>lita</strong></span> <span class='ocrx_word' id='word_1_562' title='bbox 544 4148 558 4182; x_wconf 87' lang='lat'><strong>;</strong></span> <span class='ocrx_word' id='word_1_563' title='bbox 586 4129 634 4181; x_wconf 88' lang='lat' dir='ltr'><strong>si</strong></span> <span class='ocrx_word' id='word_1_564' title='bbox 665 4126 873 4193; x_wconf 83' lang='lat' dir='ltr'><strong>oblatio</strong></span> <span class='ocrx_word' id='word_1_565' title='bbox 912 4137 998 4183; x_wconf 89' lang='lat' dir='ltr'><strong>tua</strong></span> <span class='ocrx_word' id='word_1_566' title='bbox 1032 4128 1190 4184; x_wconf 83' lang='lat' dir='ltr'><strong>luerit</strong></span> <span class='ocrx_word' id='word_1_567' title='bbox 1233 4128 1300 4183; x_wconf 86' lang='lat' dir='ltr'><strong>de</strong></span> <span class='ocrx_word' id='word_1_568' title='bbox 1356 4131 1644 4200; x_wconf 83' lang='lat' dir='ltr'><strong>sartagine,</strong></span> <span class='ocrx_word' id='word_1_569' title='bbox 1706 4132 1858 4187; x_wconf 91' lang='lat' dir='ltr'><strong>simi-</strong></span> 
     </span>
    </p>
   </div>
   <div class='ocr_carea' id='block_1_73' title="bbox 261 4218 1856 4292">
    <p class='ocr_par' dir='ltr' id='par_1_73' title="bbox 261 4218 1856 4292">
     <span class='ocr_line' id='line_1_73' title="bbox 261 4218 1856 4292; baseline 0.004 -19"><span class='ocrx_word' id='word_1_570' title='bbox 261 4218 324 4285; x_wconf 73' lang='lat' dir='ltr'><strong>lae</strong></span> <span class='ocrx_word' id='word_1_571' title='bbox 363 4235 678 4290; x_wconf 79' lang='lat' dir='ltr'><strong>conspersae</strong></span> <span class='ocrx_word' id='word_1_572' title='bbox 732 4220 859 4277; x_wconf 91' lang='lat' dir='ltr'><strong>oleo</strong></span> <span class='ocrx_word' id='word_1_573' title='bbox 923 4231 976 4277; x_wconf 89' lang='lat' dir='ltr'><strong>et</strong></span> <span class='ocrx_word' id='word_1_574' title='bbox 1023 4222 1227 4292; x_wconf 88' lang='lat' dir='ltr'><strong>absque</strong></span> <span class='ocrx_word' id='word_1_575' title='bbox 1278 4222 1586 4286; x_wconf 87' lang='lat' dir='ltr'><strong>l’crmcnto,</strong></span> <span class='ocrx_word' id='word_1_576' title='bbox 1646 4223 1856 4279; x_wconf 85' lang='lat' dir='ltr'><strong>divides</strong></span> 
     </span>
    </p>
   </div>
   <div class='ocr_carea' id='block_1_74' title="bbox 264 4314 1853 4383">
    <p class='ocr_par' dir='ltr' id='par_1_74' title="bbox 264 4314 1853 4383">
     <span class='ocr_line' id='line_1_74' title="bbox 264 4314 1853 4383; baseline 0.003 -14"><span class='ocrx_word' id='word_1_577' title='bbox 264 4325 372 4382; x_wconf 70' lang='lat' dir='ltr'><strong>eam</strong></span> <span class='ocrx_word' id='word_1_578' title='bbox 432 4314 769 4382; x_wconf 84' lang='lat' dir='ltr'><strong>minutatim,</strong></span> <span class='ocrx_word' id='word_1_579' title='bbox 804 4325 858 4369; x_wconf 93' lang='lat' dir='ltr'><strong>et</strong></span> <span class='ocrx_word' id='word_1_580' title='bbox 906 4314 1101 4379; x_wconf 82' lang='lat' dir='ltr'><strong>fundes</strong></span> <span class='ocrx_word' id='word_1_581' title='bbox 1130 4330 1298 4383; x_wconf 81' lang='lat' dir='ltr'><strong>super</strong></span> <span class='ocrx_word' id='word_1_582' title='bbox 1352 4330 1471 4370; x_wconf 75' lang='lat' dir='ltr'><strong>eam</strong></span> <span class='ocrx_word' id='word_1_583' title='bbox 1521 4316 1723 4370; x_wconf 87' lang='lat' dir='ltr'><strong>oleum.</strong></span> <span class='ocrx_word' id='word_1_584' title='bbox 1758 4318 1853 4373; x_wconf 87' lang='lat' dir='ltr'><strong>Sin</strong></span> 
     </span>
    </p>
   </div>
   <div class='ocr_carea' id='block_1_75' title="bbox 263 4406 1851 4480">
    <p class='ocr_par' dir='ltr' id='par_1_75' title="bbox 263 4406 1851 4480">
     <span class='ocr_line' id='line_1_75' title="bbox 263 4406 1851 4480; baseline 0.003 -19"><span class='ocrx_word' id='word_1_585' title='bbox 263 4414 437 4473; x_wconf 72' lang='lat' dir='ltr'><strong>autem</strong></span> <span class='ocrx_word' id='word_1_586' title='bbox 470 4406 539 4461; x_wconf 89' lang='lat' dir='ltr'><strong>de</strong></span> <span class='ocrx_word' id='word_1_587' title='bbox 581 4408 843 4465; x_wconf 83' lang='lat' dir='ltr'><strong>craticula</strong></span> <span class='ocrx_word' id='word_1_588' title='bbox 895 4406 1058 4467; x_wconf 80' lang='lat' dir='ltr'><strong>fuerit</strong></span> <span class='ocrx_word' id='word_1_589' title='bbox 1081 4408 1413 4464; x_wconf 84' lang='lat' dir='ltr'><strong>sacriﬁcium</strong></span> <span class='ocrx_word' id='word_1_590' title='bbox 1448 4427 1460 4462; x_wconf 90' lang='lat'>:</span> <span class='ocrx_word' id='word_1_591' title='bbox 1494 4425 1649 4480; x_wconf 61' lang='lat' dir='ltr'><strong>usque</strong></span> <span class='ocrx_word' id='word_1_592' title='bbox 1678 4410 1851 4466; x_wconf 82' lang='lat' dir='ltr'><strong>simila</strong></span> 
     </span>
    </p>
   </div>
   <div class='ocr_carea' id='block_1_76' title="bbox 264 4498 1855 4571">
    <p class='ocr_par' dir='ltr' id='par_1_76' title="bbox 264 4498 1855 4571">
     <span class='ocr_line' id='line_1_76' title="bbox 264 4498 1855 4571; baseline 0.004 -18"><span class='ocrx_word' id='word_1_593' title='bbox 264 4499 375 4561; x_wconf 83' lang='lat' dir='ltr'><strong>oleo</strong></span> <span class='ocrx_word' id='word_1_594' title='bbox 399 4510 821 4570; x_wconf 74' lang='lat' dir='ltr'><strong>conspergetur,</strong></span> <span class='ocrx_word' id='word_1_595' title='bbox 880 4516 1043 4569; x_wconf 83' lang='lat' dir='ltr'><strong>quam</strong></span> <span class='ocrx_word' id='word_1_596' title='bbox 1077 4498 1276 4558; x_wconf 71' lang='lat' dir='ltr'><strong>oﬁ‘eres</strong></span> <span class='ocrx_word' id='word_1_597' title='bbox 1332 4500 1560 4560; x_wconf 85' lang='lat' dir='ltr'><strong>Domino</strong></span> <span class='ocrx_word' id='word_1_598' title='bbox 1586 4544 1600 4569; x_wconf 93' lang='lat'><strong>,</strong></span> <span class='ocrx_word' id='word_1_599' title='bbox 1635 4504 1855 4571; x_wconf 80' lang='lat' dir='ltr'><strong>tradens</strong></span> 
     </span>
    </p>
   </div>
   <div class='ocr_carea' id='block_1_77' title="bbox 1964 3299 3559 3367">
    <p class='ocr_par' dir='ltr' id='par_1_77' title="bbox 1964 3299 3559 3367">
     <span class='ocr_line' id='line_1_77' title="bbox 1964 3299 3559 3367; baseline -0.002 -11"><span class='ocrx_word' id='word_1_600' title='bbox 1964 3304 2166 3366; x_wconf 88' lang='lat' dir='ltr'><strong>tulerit,</strong></span> <span class='ocrx_word' id='word_1_601' title='bbox 2194 3302 2537 3356; x_wconf 86' lang='lat' dir='ltr'><strong>immaculata</strong></span> <span class='ocrx_word' id='word_1_602' title='bbox 2572 3309 2751 3355; x_wconf 88' lang='lat' dir='ltr'><strong>erunt.</strong></span> <span class='ocrx_word' id='word_1_603' title='bbox 2785 3300 2841 3355; x_wconf 86' lang='lat' dir='ltr'><strong>Si</strong></span> <span class='ocrx_word' id='word_1_604' title='bbox 2869 3316 3067 3367; x_wconf 68' lang='lat' dir='ltr'><strong>agnum</strong></span> <span class='ocrx_word' id='word_1_605' title='bbox 3088 3299 3349 3355; x_wconf 88' lang='lat' dir='ltr'><strong>obtulerit</strong></span> <span class='ocrx_word' id='word_1_606' title='bbox 3377 3315 3559 3355; x_wconf 82' lang='lat' dir='ltr'><strong>coram</strong></span> 
     </span>
    </p>
   </div>
   <div class='ocr_carea' id='block_1_78' title="bbox 1966 3393 3555 3464">
    <p class='ocr_par' dir='ltr' id='par_1_78' title="bbox 1966 3393 3555 3464">
     <span class='ocr_line' id='line_1_78' title="bbox 1966 3393 3555 3464; baseline 0 -15"><span class='ocrx_word' id='word_1_607' title='bbox 1966 3396 2220 3459; x_wconf 88' lang='lat' dir='ltr'><strong>Domino,</strong></span> <span class='ocrx_word' id='word_1_608' title='bbox 2240 3402 2406 3464; x_wconf 68' lang='lat' dir='ltr'><strong>ponet</strong></span> <span class='ocrx_word' id='word_1_609' title='bbox 2420 3410 2634 3449; x_wconf 87' lang='lat' dir='ltr'><strong>manum</strong></span> <span class='ocrx_word' id='word_1_610' title='bbox 2652 3408 2800 3448; x_wconf 84' lang='lat' dir='ltr'><strong>suam</strong></span> <span class='ocrx_word' id='word_1_611' title='bbox 2816 3407 2981 3461; x_wconf 87' lang='lat' dir='ltr'><strong>super</strong></span> <span class='ocrx_word' id='word_1_612' title='bbox 2997 3400 3161 3463; x_wconf 83' lang='lat' dir='ltr'><strong>caput</strong></span> <span class='ocrx_word' id='word_1_613' title='bbox 3177 3393 3407 3448; x_wconf 82' lang='lat' dir='ltr'><strong>victitme</strong></span> <span class='ocrx_word' id='word_1_614' title='bbox 3424 3410 3555 3459; x_wconf 65' lang='lat' dir='ltr'><strong>suae,</strong></span> 
     </span>
    </p>
   </div>
   <div class='ocr_carea' id='block_1_79' title="bbox 1960 3484 3559 3557">
    <p class='ocr_par' dir='ltr' id='par_1_79' title="bbox 1960 3484 3559 3557">
     <span class='ocr_line' id='line_1_79' title="bbox 1960 3484 3559 3557; baseline -0.002 -16"><span class='ocrx_word' id='word_1_615' title='bbox 1960 3504 2079 3557; x_wconf 51' lang='lat' dir='ltr'><strong>qua).</strong></span> <span class='ocrx_word' id='word_1_616' title='bbox 2102 3487 2466 3553; x_wconf 85' lang='lat' dir='ltr'><strong>immolabitur</strong></span> <span class='ocrx_word' id='word_1_617' title='bbox 2490 3487 2542 3540; x_wconf 88' lang='lat' dir='ltr'><strong>in</strong></span> <span class='ocrx_word' id='word_1_618' title='bbox 2565 3484 2839 3539; x_wconf 76' lang='lat' dir='ltr'><strong>vestibulo</strong></span> <span class='ocrx_word' id='word_1_619' title='bbox 2866 3484 3195 3540; x_wconf 86' lang='lat' dir='ltr'><strong>tabernaculi</strong></span> <span class='ocrx_word' id='word_1_620' title='bbox 3226 3485 3523 3541; x_wconf 90' lang='lat' dir='ltr'><strong>testimonii</strong></span> <span class='ocrx_word' id='word_1_621' title='bbox 3547 3504 3559 3538; x_wconf 87' lang='lat'><strong>:</strong></span> 
     </span>
    </p>
   </div>
   <div class='ocr_carea' id='block_1_80' title="bbox 1962 3576 3561 3650">
    <p class='ocr_par' dir='ltr' id='par_1_80' title="bbox 1962 3576 3561 3650">
     <span class='ocr_line' id='line_1_80' title="bbox 1962 3576 3561 3650; baseline -0.001 -15"><span class='ocrx_word' id='word_1_622' title='bbox 1962 3580 2299 3650; x_wconf 79' lang='lat' dir='ltr'><strong>fundentque</strong></span> <span class='ocrx_word' id='word_1_623' title='bbox 2332 3579 2427 3633; x_wconf 87' lang='lat' dir='ltr'><strong>ﬁlii</strong></span> <span class='ocrx_word' id='word_1_624' title='bbox 2483 3585 2662 3632; x_wconf 80' lang='lat' dir='ltr'><strong>Aaron</strong></span> <span class='ocrx_word' id='word_1_625' title='bbox 2690 3577 3013 3647; x_wconf 82' lang='lat' dir='ltr'><strong>sanguinem</strong></span> <span class='ocrx_word' id='word_1_626' title='bbox 3062 3576 3182 3646; x_wconf 91' lang='lat' dir='ltr'><strong>ejus</strong></span> <span class='ocrx_word' id='word_1_627' title='bbox 3231 3594 3326 3647; x_wconf 79' lang='lat' dir='ltr'><strong>per</strong></span> <span class='ocrx_word' id='word_1_628' title='bbox 3371 3578 3561 3633; x_wconf 83' lang='lat' dir='ltr'><strong>altaris</strong></span> 
     </span>
    </p>
   </div>
   <div class='ocr_carea' id='block_1_81' title="bbox 1960 3669 3560 3737">
    <p class='ocr_par' dir='ltr' id='par_1_81' title="bbox 1960 3669 3560 3737">
     <span class='ocr_line' id='line_1_81' title="bbox 1960 3669 3560 3737; baseline -0.003 -10"><span class='ocrx_word' id='word_1_629' title='bbox 1960 3673 2268 3735; x_wconf 87' lang='lat' dir='ltr'><strong>circuitum.</strong></span> <span class='ocrx_word' id='word_1_630' title='bbox 2303 3671 2369 3725; x_wconf 85' lang='lat' dir='ltr'><strong>Et</strong></span> <span class='ocrx_word' id='word_1_631' title='bbox 2395 3669 2627 3725; x_wconf 83' lang='lat' dir='ltr'><strong>oﬁ&#39;erent</strong></span> <span class='ocrx_word' id='word_1_632' title='bbox 2658 3670 2726 3724; x_wconf 84' lang='lat' dir='ltr'><strong>de</strong></span> <span class='ocrx_word' id='word_1_633' title='bbox 2751 3670 3100 3737; x_wconf 79' lang='lat' dir='ltr'><strong>p.:cilicorutn</strong></span> <span class='ocrx_word' id='word_1_634' title='bbox 3147 3669 3323 3729; x_wconf 82' lang='lat' dir='ltr'><strong>hostia</strong></span> <span class='ocrx_word' id='word_1_635' title='bbox 3355 3670 3560 3732; x_wconf 82' lang='lat' dir='ltr'><strong>sacriﬁ-</strong></span> 
     </span>
    </p>
   </div>
   <div class='ocr_carea' id='block_1_82' title="bbox 1961 3760 3559 3831">
    <p class='ocr_par' dir='ltr' id='par_1_82' title="bbox 1961 3760 3559 3831">
     <span class='ocr_line' id='line_1_82' title="bbox 1961 3760 3559 3831; baseline -0.001 -14"><span class='ocrx_word' id='word_1_636' title='bbox 1961 3766 2102 3821; x_wconf 88' lang='lat' dir='ltr'><strong>cium</strong></span> <span class='ocrx_word' id='word_1_637' title='bbox 2136 3764 2369 3817; x_wconf 90' lang='lat' dir='ltr'><strong>Domino</strong></span> <span class='ocrx_word' id='word_1_638' title='bbox 2399 3777 2414 3816; x_wconf 90' lang='lat'><strong><em>:</em></strong></span> <span class='ocrx_word' id='word_1_639' title='bbox 2461 3760 2674 3831; x_wconf 87' lang='lat' dir='ltr'><strong>adipem</strong></span> <span class='ocrx_word' id='word_1_640' title='bbox 2708 3771 2759 3819; x_wconf 81' lang='lat' dir='ltr'><strong>et</strong></span> <span class='ocrx_word' id='word_1_641' title='bbox 2810 3760 3035 3817; x_wconf 83' lang='lat' dir='ltr'><strong>caudam</strong></span> <span class='ocrx_word' id='word_1_642' title='bbox 3070 3770 3233 3821; x_wconf 87' lang='lat' dir='ltr'><strong>totam</strong></span> <span class='ocrx_word' id='word_1_643' title='bbox 3261 3775 3383 3817; x_wconf 90' lang='lat' dir='ltr'><strong>cum</strong></span> <span class='ocrx_word' id='word_1_644' title='bbox 3414 3764 3559 3817; x_wconf 88' lang='lat' dir='ltr'><strong>reni—</strong></span> 
     </span>
    </p>
   </div>
   <div class='ocr_carea' id='block_1_83' title="bbox 1959 3852 3554 3927">
    <p class='ocr_par' dir='ltr' id='par_1_83' title="bbox 1959 3852 3554 3927">
     <span class='ocr_line' id='line_1_83' title="bbox 1959 3852 3554 3927; baseline -0.004 -13"><span class='ocrx_word' id='word_1_645' title='bbox 1959 3858 2079 3923; x_wconf 90' lang='lat' dir='ltr'><strong>bus,</strong></span> <span class='ocrx_word' id='word_1_646' title='bbox 2110 3868 2161 3911; x_wconf 91' lang='lat' dir='ltr'><strong>et</strong></span> <span class='ocrx_word' id='word_1_647' title='bbox 2194 3854 2572 3927; x_wconf 84' lang='lat' dir='ltr'><strong>pinguedinem</strong></span> <span class='ocrx_word' id='word_1_648' title='bbox 2600 3870 2724 3924; x_wconf 71' lang='lat' dir='ltr'><strong>qua:</strong></span> <span class='ocrx_word' id='word_1_649' title='bbox 2752 3852 2927 3921; x_wconf 76' lang='lat' dir='ltr'><strong>aperit</strong></span> <span class='ocrx_word' id='word_1_650' title='bbox 2956 3860 3203 3915; x_wconf 84' lang='lat' dir='ltr'><strong>ventrem</strong></span> <span class='ocrx_word' id='word_1_651' title='bbox 3247 3862 3411 3922; x_wconf 85' lang='lat' dir='ltr'><strong>atque</strong></span> <span class='ocrx_word' id='word_1_652' title='bbox 3436 3853 3554 3908; x_wconf 90' lang='lat' dir='ltr'><strong>uni-</strong></span> 
     </span>
    </p>
   </div>
   <div class='ocr_carea' id='block_1_84' title="bbox 1961 3944 3559 4014">
    <p class='ocr_par' dir='ltr' id='par_1_84' title="bbox 1961 3944 3559 4014">
     <span class='ocr_line' id='line_1_84' title="bbox 1961 3944 3559 4014; baseline -0.001 -12"><span class='ocrx_word' id='word_1_653' title='bbox 1961 3962 2115 4003; x_wconf 86' lang='lat' dir='ltr'><strong>versa</strong></span> <span class='ocrx_word' id='word_1_654' title='bbox 2144 3946 2354 4009; x_wconf 84' lang='lat' dir='ltr'><strong>vitalia,</strong></span> <span class='ocrx_word' id='word_1_655' title='bbox 2407 3954 2462 4003; x_wconf 78' lang='lat' dir='ltr'><strong>et,</strong></span> <span class='ocrx_word' id='word_1_656' title='bbox 2509 3955 2802 4013; x_wconf 87' lang='lat' dir='ltr'><strong>utrumque</strong></span> <span class='ocrx_word' id='word_1_657' title='bbox 2835 3944 3192 4009; x_wconf 74' lang='lat' dir='ltr'><strong>renituculum</strong></span> <span class='ocrx_word' id='word_1_658' title='bbox 3228 3959 3349 3998; x_wconf 88' lang='lat' dir='ltr'><strong>cum</strong></span> <span class='ocrx_word' id='word_1_659' title='bbox 3399 3944 3559 4014; x_wconf 82' lang='lat' dir='ltr'><strong>adipe</strong></span> 
     </span>
    </p>
   </div>
   <div class='ocr_carea' id='block_1_85' title="bbox 1958 4035 3553 4108">
    <p class='ocr_par' dir='ltr' id='par_1_85' title="bbox 1958 4035 3553 4108">
     <span class='ocr_line' id='line_1_85' title="bbox 1958 4035 3553 4108; baseline -0.001 -15"><span class='ocrx_word' id='word_1_660' title='bbox 1958 4040 2050 4108; x_wconf 90' lang='lat' dir='ltr'><strong>qui</strong></span> <span class='ocrx_word' id='word_1_661' title='bbox 2080 4049 2164 4095; x_wconf 89' lang='lat' dir='ltr'><strong>est</strong></span> <span class='ocrx_word' id='word_1_662' title='bbox 2205 4039 2364 4107; x_wconf 75' lang='lat' dir='ltr'><strong>juxta</strong></span> <span class='ocrx_word' id='word_1_663' title='bbox 2389 4037 2479 4092; x_wconf 90' lang='lat' dir='ltr'><strong>ilia</strong></span> <span class='ocrx_word' id='word_1_664' title='bbox 2501 4079 2515 4102; x_wconf 94' lang='lat'><strong>,</strong></span> <span class='ocrx_word' id='word_1_665' title='bbox 2548 4036 2947 4105; x_wconf 89' lang='lat' dir='ltr'><strong>reticulumque</strong></span> <span class='ocrx_word' id='word_1_666' title='bbox 2973 4035 3178 4103; x_wconf 83' lang='lat' dir='ltr'><strong>jecoris</strong></span> <span class='ocrx_word' id='word_1_667' title='bbox 3200 4050 3323 4105; x_wconf 75' lang='lat' dir='ltr'><strong>cum</strong></span> <span class='ocrx_word' id='word_1_668' title='bbox 3357 4051 3553 4091; x_wconf 44' lang='lat' dir='ltr'><strong>renun‘</strong></span> 
     </span>
    </p>
   </div>
   <div class='ocr_carea' id='block_1_86' title="bbox 1959 4129 3551 4200">
    <p class='ocr_par' dir='ltr' id='par_1_86' title="bbox 1959 4129 3551 4200">
     <span class='ocr_line' id='line_1_86' title="bbox 1959 4129 3551 4200; baseline -0.003 -11"><span class='ocrx_word' id='word_1_669' title='bbox 1959 4135 2100 4189; x_wconf 89' lang='lat' dir='ltr'><strong>culis</strong></span> <span class='ocrx_word' id='word_1_670' title='bbox 2124 4150 2136 4186; x_wconf 90' lang='lat'><strong>:</strong></span> <span class='ocrx_word' id='word_1_671' title='bbox 2161 4144 2211 4187; x_wconf 89' lang='lat' dir='ltr'><strong>ct</strong></span> <span class='ocrx_word' id='word_1_672' title='bbox 2237 4131 2475 4187; x_wconf 80' lang='lat' dir='ltr'><strong>adolebit</strong></span> <span class='ocrx_word' id='word_1_673' title='bbox 2497 4147 2559 4185; x_wconf 89' lang='lat' dir='ltr'><strong>ea</strong></span> <span class='ocrx_word' id='word_1_674' title='bbox 2594 4130 2855 4187; x_wconf 83' lang='lat' dir='ltr'><strong>sacerdos</strong></span> <span class='ocrx_word' id='word_1_675' title='bbox 2878 4144 3045 4198; x_wconf 85' lang='lat' dir='ltr'><strong>super</strong></span> <span class='ocrx_word' id='word_1_676' title='bbox 3075 4129 3272 4197; x_wconf 88' lang='lat' dir='ltr'><strong>altare,</strong></span> <span class='ocrx_word' id='word_1_677' title='bbox 3304 4129 3359 4184; x_wconf 91' lang='lat' dir='ltr'><strong>in</strong></span> <span class='ocrx_word' id='word_1_678' title='bbox 3391 4130 3551 4200; x_wconf 85' lang='lat' dir='ltr'><strong>pabu-</strong></span> 
     </span>
    </p>
   </div>
   <div class='ocr_carea' id='block_1_87' title="bbox 1958 4223 3555 4296">
    <p class='ocr_par' dir='ltr' id='par_1_87' title="bbox 1958 4223 3555 4296">
     <span class='ocr_line' id='line_1_87' title="bbox 1958 4223 3555 4296; baseline -0.001 -14"><span class='ocrx_word' id='word_1_679' title='bbox 1958 4228 2068 4282; x_wconf 91' lang='lat' dir='ltr'><strong>lum</strong></span> <span class='ocrx_word' id='word_1_680' title='bbox 2104 4226 2240 4296; x_wconf 86' lang='lat' dir='ltr'><strong>ignis</strong></span> <span class='ocrx_word' id='word_1_681' title='bbox 2268 4234 2323 4280; x_wconf 91' lang='lat' dir='ltr'><strong>et</strong></span> <span class='ocrx_word' id='word_1_682' title='bbox 2347 4224 2639 4279; x_wconf 90' lang='lat' dir='ltr'><strong>oblationis</strong></span> <span class='ocrx_word' id='word_1_683' title='bbox 2673 4223 2907 4278; x_wconf 79' lang='lat' dir='ltr'><strong>Domini.</strong></span> <span class='ocrx_word' id='word_1_684' title='bbox 2943 4224 2999 4279; x_wconf 84' lang='lat' dir='ltr'><strong>Si</strong></span> <span class='ocrx_word' id='word_1_685' title='bbox 3024 4239 3185 4293; x_wconf 81' lang='lat' dir='ltr'><strong>capra</strong></span> <span class='ocrx_word' id='word_1_686' title='bbox 3226 4224 3386 4279; x_wconf 82' lang='lat' dir='ltr'><strong>fuerit</strong></span> <span class='ocrx_word' id='word_1_687' title='bbox 3436 4225 3555 4293; x_wconf 89' lang='lat' dir='ltr'><strong>ejus</strong></span> 
     </span>
    </p>
   </div>
   <div class='ocr_carea' id='block_1_88' title="bbox 1958 4315 3551 4385">
    <p class='ocr_par' dir='ltr' id='par_1_88' title="bbox 1958 4315 3551 4385">
     <span class='ocr_line' id='line_1_88' title="bbox 1958 4315 3551 4385; baseline -0.004 -10"><span class='ocrx_word' id='word_1_688' title='bbox 1958 4318 2185 4381; x_wconf 82' lang='lat' dir='ltr'><strong>oblatio,</strong></span> <span class='ocrx_word' id='word_1_689' title='bbox 2209 4316 2533 4371; x_wconf 80' lang='lat' dir='ltr'><strong>etobtnlerit</strong></span> <span class='ocrx_word' id='word_1_690' title='bbox 2555 4330 2672 4371; x_wconf 84' lang='lat' dir='ltr'><strong>eam</strong></span> <span class='ocrx_word' id='word_1_691' title='bbox 2696 4315 2946 4381; x_wconf 87' lang='lat' dir='ltr'><strong>Domino,</strong></span> <span class='ocrx_word' id='word_1_692' title='bbox 2973 4325 3141 4385; x_wconf 89' lang='lat' dir='ltr'><strong>ponet</strong></span> <span class='ocrx_word' id='word_1_693' title='bbox 3159 4331 3374 4369; x_wconf 73' lang='lat' dir='ltr'><strong>t‘uanum</strong></span> <span class='ocrx_word' id='word_1_694' title='bbox 3400 4330 3551 4369; x_wconf 88' lang='lat' dir='ltr'><strong>suam</strong></span> 
     </span>
    </p>
   </div>
   <div class='ocr_carea' id='block_1_89' title="bbox 1959 4405 3555 4483">
    <p class='ocr_par' dir='ltr' id='par_1_89' title="bbox 1959 4405 3555 4483">
     <span class='ocr_line' id='line_1_89' title="bbox 1959 4405 3555 4483; baseline -0.003 -18"><span class='ocrx_word' id='word_1_695' title='bbox 1959 4426 2125 4483; x_wconf 87' lang='lat' dir='ltr'><strong>super</strong></span> <span class='ocrx_word' id='word_1_696' title='bbox 2152 4418 2314 4480; x_wconf 86' lang='lat' dir='ltr'><strong>caput</strong></span> <span class='ocrx_word' id='word_1_697' title='bbox 2344 4409 2463 4476; x_wconf 89' lang='lat' dir='ltr'><strong>ejus</strong></span> <span class='ocrx_word' id='word_1_698' title='bbox 2490 4425 2504 4465; x_wconf 86' lang='lat'><strong>:</strong></span> <span class='ocrx_word' id='word_1_699' title='bbox 2536 4407 2946 4476; x_wconf 82' lang='lat' dir='ltr'><strong>immolabitque</strong></span> <span class='ocrx_word' id='word_1_700' title='bbox 2975 4421 3091 4461; x_wconf 86' lang='lat' dir='ltr'><strong>eam</strong></span> <span class='ocrx_word' id='word_1_701' title='bbox 3140 4407 3193 4461; x_wconf 93' lang='lat' dir='ltr'><strong>in</strong></span> <span class='ocrx_word' id='word_1_702' title='bbox 3227 4405 3449 4475; x_wconf 86' lang='lat' dir='ltr'><strong>introitu</strong></span> <span class='ocrx_word' id='word_1_703' title='bbox 3476 4416 3555 4461; x_wconf 89' lang='lat' dir='ltr'><strong>ta-</strong></span> 
     </span>
    </p>
   </div>
   <div class='ocr_carea' id='block_1_90' title="bbox 1959 4497 3553 4569">
    <p class='ocr_par' dir='ltr' id='par_1_90' title="bbox 1959 4497 3553 4569">
     <span class='ocr_line' id='line_1_90' title="bbox 1959 4497 3553 4569; baseline -0.004 -11"><span class='ocrx_word' id='word_1_704' title='bbox 1959 4503 2234 4563; x_wconf 82' lang='lat' dir='ltr'><strong>bernaculi</strong></span> <span class='ocrx_word' id='word_1_705' title='bbox 2270 4500 2587 4565; x_wconf 88' lang='lat' dir='ltr'><strong>testimonii.</strong></span> <span class='ocrx_word' id='word_1_706' title='bbox 2630 4499 2698 4553; x_wconf 83' lang='lat' dir='ltr'><strong>Et</strong></span> <span class='ocrx_word' id='word_1_707' title='bbox 2738 4497 3083 4553; x_wconf 81' lang='lat' dir='ltr'><strong>iundentﬁlii</strong></span> <span class='ocrx_word' id='word_1_708' title='bbox 3128 4498 3307 4569; x_wconf 85' lang='lat' dir='ltr'><strong>Aaron</strong></span> <span class='ocrx_word' id='word_1_709' title='bbox 3331 4498 3553 4568; x_wconf 86' lang='lat' dir='ltr'><strong>sangui-</strong></span> 
     </span>
    </p>
   </div>
   <div class='ocr_carea' id='block_1_91' title="bbox 264 4588 3549 4693">
    <p class='ocr_par' dir='ltr' id='par_1_91' title="bbox 264 4588 3549 4693">
     <span class='ocr_line' id='line_1_91' title="bbox 264 4588 3549 4693; baseline -0.003 -42"><span class='ocrx_word' id='word_1_710' title='bbox 264 4594 515 4655; x_wconf 79' lang='lat' dir='ltr'><strong>manibus</strong></span> <span class='ocrx_word' id='word_1_711' title='bbox 545 4594 866 4663; x_wconf 85' lang='lat' dir='ltr'><strong>sacerdotis.</strong></span> <span class='ocrx_word' id='word_1_712' title='bbox 901 4594 1002 4661; x_wconf 87' lang='lat' dir='ltr'><strong>Qui</strong></span> <span class='ocrx_word' id='word_1_713' title='bbox 1034 4610 1157 4650; x_wconf 87' lang='lat' dir='ltr'><strong>cum</strong></span> <span class='ocrx_word' id='word_1_714' title='bbox 1203 4595 1468 4651; x_wconf 89' lang='lat' dir='ltr'><strong>obtulerit</strong></span> <span class='ocrx_word' id='word_1_715' title='bbox 1499 4612 1644 4663; x_wconf 82' lang='lat' dir='ltr'><strong>eam,</strong></span> <span class='ocrx_word' id='word_1_716' title='bbox 1694 4598 1850 4657; x_wconf 84' lang='lat' dir='ltr'><strong>tollet</strong></span> <span class='ocrx_word' id='word_1_717' title='bbox 1883 4632 1935 4693; x_wconf 62' lang='grc' dir='ltr'><strong>Β</strong></span> <span class='ocrx_word' id='word_1_718' title='bbox 1962 4612 2084 4652; x_wconf 88' lang='lat' dir='ltr'><strong>nem</strong></span> <span class='ocrx_word' id='word_1_719' title='bbox 2112 4595 2228 4664; x_wconf 87' lang='lat' dir='ltr'><strong>ejus</strong></span> <span class='ocrx_word' id='word_1_720' title='bbox 2269 4609 2363 4663; x_wconf 90' lang='lat' dir='ltr'><strong>per</strong></span> <span class='ocrx_word' id='word_1_721' title='bbox 2392 4592 2583 4648; x_wconf 80' lang='lat' dir='ltr'><strong>altaris</strong></span> <span class='ocrx_word' id='word_1_722' title='bbox 2616 4592 2923 4651; x_wconf 87' lang='lat' dir='ltr'><strong>circuitum.</strong></span> <span class='ocrx_word' id='word_1_723' title='bbox 2957 4588 3282 4657; x_wconf 88' lang='lat' dir='ltr'><strong>Tollentque</strong></span> <span class='ocrx_word' id='word_1_724' title='bbox 3312 4603 3377 4643; x_wconf 84' lang='lat' dir='ltr'><strong>ex</strong></span> <span class='ocrx_word' id='word_1_725' title='bbox 3401 4604 3464 4643; x_wconf 88' lang='lat' dir='ltr'><strong>ea</strong></span> <span class='ocrx_word' id='word_1_726' title='bbox 3494 4590 3549 4645; x_wconf 90' lang='lat' dir='ltr'><strong>in</strong></span> 
     </span>
    </p>
   </div>
   <div class='ocr_carea' id='block_1_92' title="bbox 263 4686 1845 4760">
    <p class='ocr_par' dir='ltr' id='par_1_92' title="bbox 263 4686 1845 4760">
     <span class='ocr_line' id='line_1_92' title="bbox 263 4686 1845 4760; baseline 0.001 -15"><span class='ocrx_word' id='word_1_727' title='bbox 263 4687 577 4749; x_wconf 78' lang='lat' dir='ltr'><strong>memoriale</strong></span> <span class='ocrx_word' id='word_1_728' title='bbox 603 4686 671 4744; x_wconf 90' lang='lat' dir='ltr'><strong>de</strong></span> <span class='ocrx_word' id='word_1_729' title='bbox 698 4688 988 4753; x_wconf 74' lang='lat' dir='ltr'><strong>Sacriﬁcio,</strong></span> <span class='ocrx_word' id='word_1_730' title='bbox 1019 4698 1074 4745; x_wconf 90' lang='lat' dir='ltr'><strong>et</strong></span> <span class='ocrx_word' id='word_1_731' title='bbox 1098 4688 1336 4745; x_wconf 89' lang='lat' dir='ltr'><strong>adolehit</strong></span> <span class='ocrx_word' id='word_1_732' title='bbox 1367 4704 1532 4760; x_wconf 85' lang='lat' dir='ltr'><strong>super</strong></span> <span class='ocrx_word' id='word_1_733' title='bbox 1560 4691 1727 4747; x_wconf 86' lang='lat' dir='ltr'><strong>altare</strong></span> <span class='ocrx_word' id='word_1_734' title='bbox 1746 4733 1760 4757; x_wconf 93' lang='lat'><strong>,</strong></span> <span class='ocrx_word' id='word_1_735' title='bbox 1794 4692 1845 4747; x_wconf 93' lang='lat' dir='ltr'><strong>in</strong></span> 
     </span>
    </p>
   </div>
   <div class='ocr_carea' id='block_1_93' title="bbox 334 4894 1860 4964">
    <p class='ocr_par' dir='ltr' id='par_1_93' title="bbox 334 4894 1860 4964">
     <span class='ocr_line' id='line_1_93' title="bbox 334 4894 1860 4964; baseline -0.003 -13"><span class='ocrx_word' id='word_1_736' title='bbox 334 4904 360 4935; x_wconf 71' lang='grc' dir='ltr'>δ</span> <span class='ocrx_word' id='word_1_737' title='bbox 401 4894 672 4951; x_wconf 83' lang='lat' dir='ltr'><strong>Undecim</strong></span> <span class='ocrx_word' id='word_1_738' title='bbox 714 4910 848 4949; x_wconf 86' lang='lat' dir='ltr'><strong>mss.</strong></span> <span class='ocrx_word' id='word_1_739' title='bbox 880 4895 1130 4963; x_wconf 85' lang='lat' dir='ltr'><strong>codices,</strong></span> <span class='ocrx_word' id='word_1_740' title='bbox 1160 4910 1297 4964; x_wconf 88' lang='lat' dir='ltr'><strong>quos</strong></span> <span class='ocrx_word' id='word_1_741' title='bbox 1342 4895 1393 4949; x_wconf 93' lang='lat' dir='ltr'><strong>in</strong></span> <span class='ocrx_word' id='word_1_742' title='bbox 1438 4895 1539 4949; x_wconf 88' lang='lat' dir='ltr'><strong>hoc</strong></span> <span class='ocrx_word' id='word_1_743' title='bbox 1578 4910 1741 4964; x_wconf 88' lang='lat' dir='ltr'><strong>opere</strong></span> <span class='ocrx_word' id='word_1_744' title='bbox 1768 4896 1860 4947; x_wconf 79' lang='lat' dir='ltr'><strong>atl-</strong></span> 
     </span>
    </p>
   </div>
   <div class='ocr_carea' id='block_1_94' title="bbox 271 4966 1854 5035">
    <p class='ocr_par' dir='ltr' id='par_1_94' title="bbox 271 4966 1854 5035">
     <span class='ocr_line' id='line_1_94' title="bbox 271 4966 1854 5035; baseline 0.001 -18"><span class='ocrx_word' id='word_1_745' title='bbox 271 4967 527 5029; x_wconf 77' lang='lat' dir='ltr'><strong>amnssim</strong></span> <span class='ocrx_word' id='word_1_746' title='bbox 559 4968 917 5029; x_wconf 83' lang='lat' dir='ltr'><strong>contulimus,</strong></span> <span class='ocrx_word' id='word_1_747' title='bbox 944 4966 1157 5022; x_wconf 89' lang='lat' dir='ltr'><strong>duobus</strong></span> <span class='ocrx_word' id='word_1_748' title='bbox 1191 4967 1365 5027; x_wconf 83' lang='lat' dir='ltr'><strong>modis</strong></span> <span class='ocrx_word' id='word_1_749' title='bbox 1394 4967 1579 5035; x_wconf 85' lang='lat' dir='ltr'><strong>legunt</strong></span> <span class='ocrx_word' id='word_1_750' title='bbox 1611 4968 1699 5022; x_wconf 90' lang='lat' dir='ltr'><strong>hic</strong></span> <span class='ocrx_word' id='word_1_751' title='bbox 1730 4967 1854 5021; x_wconf 87' lang='lat' dir='ltr'><strong>loci.</strong></span> 
     </span>
    </p>
   </div>
   <div class='ocr_carea' id='block_1_95' title="bbox 272 5036 1856 5105">
    <p class='ocr_par' dir='ltr' id='par_1_95' title="bbox 272 5036 1856 5105">
     <span class='ocr_line' id='line_1_95' title="bbox 272 5036 1856 5105; baseline 0.001 -15"><span class='ocrx_word' id='word_1_752' title='bbox 272 5036 448 5103; x_wconf 75' lang='lat' dir='ltr'><strong>Canon</strong></span> <span class='ocrx_word' id='word_1_753' title='bbox 485 5038 826 5100; x_wconf 84' lang='lat' dir='ltr'><strong>Heb.verit.,</strong></span> <span class='ocrx_word' id='word_1_754' title='bbox 850 5038 1146 5094; x_wconf 83' lang='lat' dir='ltr'><strong>Bibltorutn</strong></span> <span class='ocrx_word' id='word_1_755' title='bbox 1169 5040 1335 5094; x_wconf 76' lang='lat' dir='ltr'><strong>Codex</strong></span> <span class='ocrx_word' id='word_1_756' title='bbox 1363 5038 1583 5105; x_wconf 78' lang='lat' dir='ltr'><strong>Regius,</strong></span> <span class='ocrx_word' id='word_1_757' title='bbox 1612 5056 1665 5092; x_wconf 88' lang='lat' dir='ltr'><strong>n.</strong></span> <span class='ocrx_word' id='word_1_758' title='bbox 1695 5039 1856 5105; x_wconf 72' lang='lat'>3565,</span> 
     </span>
    </p>
   </div>
   <div class='ocr_carea' id='block_1_96' title="bbox 273 5109 1861 5181">
    <p class='ocr_par' dir='ltr' id='par_1_96' title="bbox 273 5109 1861 5181">
     <span class='ocr_line' id='line_1_96' title="bbox 273 5109 1861 5181; baseline 0.001 -18"><span class='ocrx_word' id='word_1_759' title='bbox 273 5121 321 5163; x_wconf 84' lang='lat' dir='ltr'><strong>et</strong></span> <span class='ocrx_word' id='word_1_760' title='bbox 346 5109 439 5165; x_wconf 84' lang='lat' dir='ltr'><strong>alii</strong></span> <span class='ocrx_word' id='word_1_761' title='bbox 473 5120 707 5181; x_wconf 89' lang='lat' dir='ltr'><strong>quatuor</strong></span> <span class='ocrx_word' id='word_1_762' title='bbox 747 5110 801 5163; x_wconf 89' lang='lat' dir='ltr'><strong>S.</strong></span> <span class='ocrx_word' id='word_1_763' title='bbox 834 5110 1090 5165; x_wconf 87' lang='lat' dir='ltr'><strong>Germani</strong></span> <span class='ocrx_word' id='word_1_764' title='bbox 1119 5152 1131 5171; x_wconf 89' lang='lat'><strong>,</strong></span> <span class='ocrx_word' id='word_1_765' title='bbox 1165 5110 1249 5163; x_wconf 90' lang='lat' dir='ltr'><strong>vel</strong></span> <span class='ocrx_word' id='word_1_766' title='bbox 1296 5109 1640 5181; x_wconf 79' lang='lat' dir='ltr'><strong>Corbeiensis</strong></span> <span class='ocrx_word' id='word_1_767' title='bbox 1672 5125 1861 5164; x_wconf 66' lang='lat' dir='ltr'><strong>mena-</strong></span> 
     </span>
    </p>
   </div>
   <div class='ocr_carea' id='block_1_97' title="bbox 274 5180 1857 5251">
    <p class='ocr_par' dir='ltr' id='par_1_97' title="bbox 274 5180 1857 5251">
     <span class='ocr_line' id='line_1_97' title="bbox 274 5180 1857 5251; baseline 0 -18"><span class='ocrx_word' id='word_1_768' title='bbox 274 5181 442 5246; x_wconf 85' lang='lat' dir='ltr'><strong>sterii,</strong></span> <span class='ocrx_word' id='word_1_769' title='bbox 469 5180 548 5236; x_wconf 87' lang='lat' dir='ltr'><strong>sic</strong></span> <span class='ocrx_word' id='word_1_770' title='bbox 589 5181 787 5236; x_wconf 85' lang='lat' dir='ltr'><strong>habent</strong></span> <span class='ocrx_word' id='word_1_771' title='bbox 814 5200 825 5234; x_wconf 93' lang='lat'>:</span> <span class='ocrx_word' id='word_1_772' title='bbox 878 5181 1031 5248; x_wconf 81' lang='lat' dir='ltr'><strong>Quod</strong></span> <span class='ocrx_word' id='word_1_773' title='bbox 1059 5182 1102 5234; x_wconf 78' lang='lat' dir='ltr'><strong>si</strong></span> <span class='ocrx_word' id='word_1_774' title='bbox 1140 5182 1204 5234; x_wconf 89' lang='lat' dir='ltr'><strong>de</strong></span> <span class='ocrx_word' id='word_1_775' title='bbox 1236 5181 1506 5251; x_wconf 74' lang='lat' dir='ltr'><strong>pecon’bus</strong></span> <span class='ocrx_word' id='word_1_776' title='bbox 1540 5180 1735 5235; x_wconf 84' lang='lat' dir='ltr'><strong>oblatio</strong></span> <span class='ocrx_word' id='word_1_777' title='bbox 1760 5189 1857 5246; x_wconf 78' lang='lat' dir='ltr'><strong>est,</strong></span> 
     </span>
    </p>
   </div>
   <div class='ocr_carea' id='block_1_98' title="bbox 272 5252 1860 5325">
    <p class='ocr_par' dir='ltr' id='par_1_98' title="bbox 272 5252 1860 5325">
     <span class='ocr_line' id='line_1_98' title="bbox 272 5252 1860 5325; baseline -0.001 -16"><span class='ocrx_word' id='word_1_778' title='bbox 272 5252 331 5325; x_wconf 70' lang='lat' dir='ltr'><strong>de</strong></span> <span class='ocrx_word' id='word_1_779' title='bbox 351 5255 529 5313; x_wconf 69' lang='lat' dir='ltr'><strong>avibus</strong></span> <span class='ocrx_word' id='word_1_780' title='bbox 555 5295 568 5317; x_wconf 92' lang='lat'><strong>,</strong></span> <span class='ocrx_word' id='word_1_781' title='bbox 598 5254 705 5325; x_wconf 77' lang='lat' dir='ltr'><strong>sive</strong></span> <span class='ocrx_word' id='word_1_782' title='bbox 736 5258 799 5325; x_wconf 80' lang='lat' dir='ltr'><strong>de</strong></span> <span class='ocrx_word' id='word_1_783' title='bbox 833 5255 1005 5325; x_wconf 81' lang='lat' dir='ltr'><strong>capris</strong></span> <span class='ocrx_word' id='word_1_784' title='bbox 1036 5254 1398 5309; x_wconf 79' lang='lat' dir='ltr'><strong>holocaustum</strong></span> <span class='ocrx_word' id='word_1_785' title='bbox 1421 5294 1434 5317; x_wconf 96' lang='lat'><strong>,</strong></span> <span class='ocrx_word' id='word_1_786' title='bbox 1478 5253 1782 5308; x_wconf 75' lang='lat' dir='ltr'><strong>anniculam</strong></span> <span class='ocrx_word' id='word_1_787' title='bbox 1812 5263 1860 5307; x_wconf 85' lang='lat' dir='ltr'><strong>et</strong></span> 
     </span>
    </p>
   </div>
   <div class='ocr_carea' id='block_1_99' title="bbox 274 5323 1858 5393">
    <p class='ocr_par' dir='ltr' id='par_1_99' title="bbox 274 5323 1858 5393">
     <span class='ocr_line' id='line_1_99' title="bbox 274 5323 1858 5393; baseline 0 -16"><span class='ocrx_word' id='word_1_788' title='bbox 274 5324 452 5393; x_wconf 80' lang='lat' dir='ltr'><strong>absque</strong></span> <span class='ocrx_word' id='word_1_789' title='bbox 478 5324 687 5389; x_wconf 79' lang='lat' dir='ltr'><strong>macula</strong></span> <span class='ocrx_word' id='word_1_790' title='bbox 711 5323 911 5391; x_wconf 73' lang='lat' dir='ltr'><strong>o/ferel.</strong></span> <span class='ocrx_word' id='word_1_791' title='bbox 945 5325 1281 5381; x_wconf 72' lang='lat' dir='ltr'><strong>Colbertinte</strong></span> <span class='ocrx_word' id='word_1_792' title='bbox 1308 5332 1487 5379; x_wconf 87' lang='lat' dir='ltr'><strong>autem</strong></span> <span class='ocrx_word' id='word_1_793' title='bbox 1512 5324 1858 5381; x_wconf 67' lang='lat' dir='ltr'><strong>bibliotheca:</strong></span> 
     </span>
    </p>
   </div>
   <div class='ocr_carea' id='block_1_100' title="bbox 273 5394 1853 5464">
    <p class='ocr_par' dir='ltr' id='par_1_100' title="bbox 273 5394 1853 5464">
     <span class='ocr_line' id='line_1_100' title="bbox 273 5394 1853 5464; baseline -0.003 -13"><span class='ocrx_word' id='word_1_794' title='bbox 273 5410 396 5451; x_wconf 85' lang='lat' dir='ltr'><strong>mss.</strong></span> <span class='ocrx_word' id='word_1_795' title='bbox 442 5406 555 5451; x_wconf 86' lang='lat' dir='ltr'><strong>tres</strong></span> <span class='ocrx_word' id='word_1_796' title='bbox 582 5439 596 5460; x_wconf 95' lang='lat'><strong>,</strong></span> <span class='ocrx_word' id='word_1_797' title='bbox 651 5412 845 5464; x_wconf 85' lang='lat' dir='ltr'><strong>nempe</strong></span> <span class='ocrx_word' id='word_1_798' title='bbox 872 5395 962 5459; x_wconf 68' lang='lat'><strong>71»,</strong></span> <span class='ocrx_word' id='word_1_799' title='bbox 999 5396 1120 5463; x_wconf 83' lang='lat'><strong>157,</strong></span> <span class='ocrx_word' id='word_1_800' title='bbox 1159 5407 1207 5453; x_wconf 83' lang='lat' dir='ltr'><strong>et</strong></span> <span class='ocrx_word' id='word_1_801' title='bbox 1239 5396 1359 5461; x_wconf 88' lang='lat'><strong>181,</strong></span> <span class='ocrx_word' id='word_1_802' title='bbox 1397 5410 1517 5449; x_wconf 90' lang='lat' dir='ltr'><strong>cum</strong></span> <span class='ocrx_word' id='word_1_803' title='bbox 1551 5411 1656 5450; x_wconf 91' lang='lat' dir='ltr'><strong>uno</strong></span> <span class='ocrx_word' id='word_1_804' title='bbox 1688 5394 1853 5449; x_wconf 87' lang='lat' dir='ltr'><strong>Corb.</strong></span> 
     </span>
    </p>
   </div>
   <div class='ocr_carea' id='block_1_101' title="bbox 274 5466 1869 5535">
    <p class='ocr_par' dir='ltr' id='par_1_101' title="bbox 274 5466 1869 5535">
     <span class='ocr_line' id='line_1_101' title="bbox 274 5466 1869 5535; baseline 0.001 -16"><span class='ocrx_word' id='word_1_805' title='bbox 274 5479 325 5520; x_wconf 79' lang='grc' dir='ltr'><strong>η.</strong></span> <span class='ocrx_word' id='word_1_806' title='bbox 352 5468 405 5532; x_wconf 89' lang='lat'><strong>1,</strong></span> <span class='ocrx_word' id='word_1_807' title='bbox 429 5467 674 5523; x_wconf 89' lang='lat' dir='ltr'><strong>etaltero</strong></span> <span class='ocrx_word' id='word_1_808' title='bbox 695 5468 752 5522; x_wconf 91' lang='lat' dir='ltr'><strong>S.</strong></span> <span class='ocrx_word' id='word_1_809' title='bbox 786 5467 970 5523; x_wconf 88' lang='lat' dir='ltr'><strong>Germ.</strong></span> <span class='ocrx_word' id='word_1_810' title='bbox 996 5482 1143 5521; x_wconf 92' lang='lat' dir='ltr'><strong>num.</strong></span> <span class='ocrx_word' id='word_1_811' title='bbox 1177 5468 1229 5527; x_wconf 86' lang='lat'><strong>7,</strong></span> <span class='ocrx_word' id='word_1_812' title='bbox 1256 5468 1320 5519; x_wconf 89' lang='lat' dir='ltr'><strong>ad</strong></span> <span class='ocrx_word' id='word_1_813' title='bbox 1354 5466 1769 5535; x_wconf 81' lang='lat' dir='ltr'><strong>praecedentium</strong></span> <span class='ocrx_word' id='word_1_814' title='bbox 1793 5468 1869 5521; x_wconf 90' lang='lat' dir='ltr'><strong>Ie-</strong></span> 
     </span>
    </p>
   </div>
   <div class='ocr_carea' id='block_1_102' title="bbox 276 5537 1858 5609">
    <p class='ocr_par' dir='ltr' id='par_1_102' title="bbox 276 5537 1858 5609">
     <span class='ocr_line' id='line_1_102' title="bbox 276 5537 1858 5609; baseline -0.001 -17"><span class='ocrx_word' id='word_1_815' title='bbox 276 5539 505 5595; x_wconf 74' lang='lat' dir='ltr'><strong>etimtem</strong></span> <span class='ocrx_word' id='word_1_816' title='bbox 535 5539 780 5607; x_wconf 82' lang='lat' dir='ltr'><strong>addunt,</strong></span> <span class='ocrx_word' id='word_1_817' title='bbox 814 5556 1010 5609; x_wconf 78' lang='lat' dir='ltr'><strong>agnum</strong></span> <span class='ocrx_word' id='word_1_818' title='bbox 1038 5582 1051 5605; x_wconf 90' lang='lat'><strong>,</strong></span> <span class='ocrx_word' id='word_1_819' title='bbox 1089 5537 1141 5592; x_wconf 87' lang='lat' dir='ltr'><strong>id</strong></span> <span class='ocrx_word' id='word_1_820' title='bbox 1174 5546 1259 5595; x_wconf 84' lang='lat' dir='ltr'><strong>est</strong></span> <span class='ocrx_word' id='word_1_821' title='bbox 1284 5582 1296 5605; x_wconf 93' lang='lat'><strong>,</strong></span> <span class='ocrx_word' id='word_1_822' title='bbox 1331 5540 1514 5607; x_wconf 78' lang='lat' dir='ltr'><strong>legunt</strong></span> <span class='ocrx_word' id='word_1_823' title='bbox 1540 5539 1645 5593; x_wconf 89' lang='lat' dir='ltr'><strong>hoc</strong></span> <span class='ocrx_word' id='word_1_824' title='bbox 1674 5539 1858 5603; x_wconf 89' lang='lat' dir='ltr'><strong>modo,</strong></span> 
     </span>
    </p>
   </div>
   <div class='ocr_carea' id='block_1_103' title="bbox 277 5609 1865 5683">
    <p class='ocr_par' dir='ltr' id='par_1_103' title="bbox 277 5609 1865 5683">
     <span class='ocr_line' id='line_1_103' title="bbox 277 5609 1865 5683; baseline 0 -18"><span class='ocrx_word' id='word_1_825' title='bbox 277 5624 459 5683; x_wconf 63' lang='lat' dir='ltr'><strong>gignunt</strong></span> <span class='ocrx_word' id='word_1_826' title='bbox 503 5610 811 5683; x_wconf 75' lang='lat' dir='ltr'><strong>anniculam</strong></span> <span class='ocrx_word' id='word_1_827' title='bbox 854 5620 900 5683; x_wconf 59' lang='lat' dir='ltr'><strong>et</strong></span> <span class='ocrx_word' id='word_1_828' title='bbox 950 5610 1141 5683; x_wconf 63' lang='lat' dir='ltr'><strong>absque</strong></span> <span class='ocrx_word' id='word_1_829' title='bbox 1182 5611 1387 5683; x_wconf 71' lang='lat' dir='ltr'><strong>macula</strong></span> <span class='ocrx_word' id='word_1_830' title='bbox 1430 5609 1628 5683; x_wconf 69' lang='lat' dir='ltr'><strong>offeret.</strong></span> <span class='ocrx_word' id='word_1_831' title='bbox 1674 5614 1735 5683; x_wconf 83' lang='lat' dir='ltr'><strong>At</strong></span> <span class='ocrx_word' id='word_1_832' title='bbox 1769 5609 1865 5683; x_wconf 78' lang='lat' dir='ltr'><strong>He-</strong></span> 
     </span>
    </p>
   </div>
   <div class='ocr_carea' id='block_1_104' title="bbox 278 5672 1861 5754">
    <p class='ocr_par' dir='ltr' id='par_1_104' title="bbox 278 5672 1861 5754">
     <span class='ocr_line' id='line_1_104' title="bbox 278 5672 1861 5754; baseline -0.001 -20"><span class='ocrx_word' id='word_1_833' title='bbox 278 5672 445 5754; x_wconf 50' lang='lat' dir='ltr'><strong>braeus</strong></span> <span class='ocrx_word' id='word_1_834' title='bbox 499 5698 597 5736; x_wconf 86' lang='lat' dir='ltr'><strong>nec</strong></span> <span class='ocrx_word' id='word_1_835' title='bbox 641 5672 831 5754; x_wconf 74' lang='lat' dir='ltr'><strong>agnum</strong></span> <span class='ocrx_word' id='word_1_836' title='bbox 879 5672 1083 5754; x_wconf 64' lang='lat' dir='ltr'><strong>habet&#39;,</strong></span> <span class='ocrx_word' id='word_1_837' title='bbox 1106 5672 1216 5735; x_wconf 84' lang='lat' dir='ltr'><strong>nec</strong></span> <span class='ocrx_word' id='word_1_838' title='bbox 1242 5672 1581 5754; x_wconf 61' lang='lat' dir='ltr'><strong>anniculam,</strong></span> <span class='ocrx_word' id='word_1_839' title='bbox 1616 5682 1687 5754; x_wconf 89' lang='lat' dir='ltr'><strong>ibi</strong></span> <span class='ocrx_word' id='word_1_840' title='bbox 1720 5682 1861 5754; x_wconf 85' lang='lat' dir='ltr'><strong>enim</strong></span> 
     </span>
    </p>
   </div>
   <div class='ocr_carea' id='block_1_105' title="bbox 280 5749 1863 5843">
    <p class='ocr_par' dir='ltr' id='par_1_105' title="bbox 280 5749 1863 5843">
     <span class='ocr_line' id='line_1_105' title="bbox 280 5749 1863 5843; baseline -0.001 -38"><span class='ocrx_word' id='word_1_841' title='bbox 280 5749 498 5820; x_wconf 88' lang='lat' dir='ltr'><strong>legimus</strong></span> <span class='ocrx_word' id='word_1_842' title='bbox 531 5763 586 5807; x_wconf 92' lang='lat' dir='ltr'><strong>ut</strong></span> <span class='ocrx_word' id='word_1_843' title='bbox 615 5749 898 5819; x_wconf 56' lang='lat' dir='ltr'><strong>in&#39;editis,</strong></span> <span class='ocrx_word' id='word_1_844' title='bbox 930 5751 1141 5843; x_wconf 47' lang='grc' dir='ltr'><strong>ἩγεπΡῖ</strong></span> <span class='ocrx_word' id='word_1_845' title='bbox 1174 5762 1334 5813; x_wconf 66' lang='lat' dir='ltr'><strong>anan</strong></span> <span class='ocrx_word' id='word_1_846' title='bbox 1359 5764 1458 5813; x_wconf 67' lang='grc' dir='ltr'><strong>’Ὀῖ</strong></span> <span class='ocrx_word' id='word_1_847' title='bbox 1503 5752 1709 5807; x_wconf 81' lang='lat' dir='ltr'><strong>Zachur</strong></span> <span class='ocrx_word' id='word_1_848' title='bbox 1748 5753 1863 5805; x_wconf 83' lang='lat' dir='ltr'><strong>tha-</strong></span> 
     </span>
    </p>
   </div>
   <div class='ocr_carea' id='block_1_106' title="bbox 282 5843 1825 5916">
    <p class='ocr_par' dir='ltr' id='par_1_106' title="bbox 282 5843 1825 5916">
     <span class='ocr_line' id='line_1_106' title="bbox 282 5843 1825 5916; baseline 0.001 -19"><span class='ocrx_word' id='word_1_849' title='bbox 282 5843 397 5897; x_wconf 79' lang='lat' dir='ltr'><strong>mt&#39;m</strong></span> <span class='ocrx_word' id='word_1_850' title='bbox 420 5845 749 5916; x_wconf 82' lang='lat' dir='ltr'><strong>jacribetmu,</strong></span> <span class='ocrx_word' id='word_1_851' title='bbox 782 5845 924 5916; x_wconf 87' lang='lat' dir='ltr'><strong>quod</strong></span> <span class='ocrx_word' id='word_1_852' title='bbox 952 5846 1219 5916; x_wconf 85' lang='lat' dir='ltr'><strong>signiﬁcat</strong></span> <span class='ocrx_word' id='word_1_853' title='bbox 1248 5864 1259 5899; x_wconf 92' lang='lat'><strong>:</strong></span> <span class='ocrx_word' id='word_1_854' title='bbox 1287 5846 1577 5900; x_wconf 80' lang='lat' dir='ltr'><strong>masculum</strong></span> <span class='ocrx_word' id='word_1_855' title='bbox 1605 5846 1825 5901; x_wconf 85' lang='lat' dir='ltr'><strong>immacu</strong></span> 
     </span>
    </p>
   </div>
   <div class='ocr_carea' id='block_1_107' title="bbox 1970 4681 3546 4759">
    <p class='ocr_par' dir='ltr' id='par_1_107' title="bbox 1970 4681 3546 4759">
     <span class='ocr_line' id='line_1_107' title="bbox 1970 4681 3546 4759; baseline -0.003 -16"><span class='ocrx_word' id='word_1_856' title='bbox 1970 4702 2179 4759; x_wconf 87' lang='lat' dir='ltr'><strong>pastum</strong></span> <span class='ocrx_word' id='word_1_857' title='bbox 2208 4688 2350 4757; x_wconf 87' lang='lat' dir='ltr'><strong>ignis</strong></span> <span class='ocrx_word' id='word_1_858' title='bbox 2386 4685 2677 4753; x_wconf 82' lang='lat' dir='ltr'><strong>Deminici,</strong></span> <span class='ocrx_word' id='word_1_859' title='bbox 2703 4685 2919 4754; x_wconf 82' lang='lat' dir='ltr'><strong>adipem</strong></span> <span class='ocrx_word' id='word_1_860' title='bbox 2952 4683 3043 4753; x_wconf 89' lang='lat' dir='ltr'><strong>qui</strong></span> <span class='ocrx_word' id='word_1_861' title='bbox 3069 4681 3245 4753; x_wconf 88' lang='lat' dir='ltr'><strong>operit</strong></span> <span class='ocrx_word' id='word_1_862' title='bbox 3279 4691 3546 4753; x_wconf 79' lang='lat' dir='ltr'><strong>ventrem,</strong></span> 
     </span>
    </p>
   </div>
   <div class='ocr_carea' id='block_1_108' title="bbox 1960 4885 3555 4956">
    <p class='ocr_par' dir='ltr' id='par_1_108' title="bbox 1960 4885 3555 4956">
     <span class='ocr_line' id='line_1_108' title="bbox 1960 4885 3555 4956; baseline 0.001 -12"><span class='ocrx_word' id='word_1_863' title='bbox 1960 4891 2126 4944; x_wconf 80' lang='lat' dir='ltr'><strong>latum</strong></span> <span class='ocrx_word' id='word_1_864' title='bbox 2152 4889 2396 4952; x_wconf 80' lang='lat' dir='ltr'><strong>adducet,</strong></span> <span class='ocrx_word' id='word_1_865' title='bbox 2429 4889 2561 4953; x_wconf 51' lang='lat' dir='ltr'><strong>sivit,</strong></span> <span class='ocrx_word' id='word_1_866' title='bbox 2600 4888 2779 4956; x_wconf 75' lang='lat' dir='ltr'><strong>o/feret</strong></span> <span class='ocrx_word' id='word_1_867' title='bbox 2809 4885 2978 4940; x_wconf 80' lang='lat' dir='ltr'><strong>illum.</strong></span> <span class='ocrx_word' id='word_1_868' title='bbox 3014 4886 3150 4942; x_wconf 86' lang='lat' dir='ltr'><strong>Huic</strong></span> <span class='ocrx_word' id='word_1_869' title='bbox 3177 4887 3393 4944; x_wconf 87' lang='lat' dir='ltr'><strong>lectioni</strong></span> <span class='ocrx_word' id='word_1_870' title='bbox 3424 4904 3555 4946; x_wconf 88' lang='lat' dir='ltr'><strong>con-</strong></span> 
     </span>
    </p>
   </div>
   <div class='ocr_carea' id='block_1_109' title="bbox 1962 4958 3549 5029">
    <p class='ocr_par' dir='ltr' id='par_1_109' title="bbox 1962 4958 3549 5029">
     <span class='ocr_line' id='line_1_109' title="bbox 1962 4958 3549 5029; baseline 0.001 -12"><span class='ocrx_word' id='word_1_871' title='bbox 1962 4964 2204 5019; x_wconf 87' lang='lat' dir='ltr'><strong>sentiunt</strong></span> <span class='ocrx_word' id='word_1_872' title='bbox 2248 4959 2388 5015; x_wconf 81' lang='lat' dir='ltr'><strong>LXX</strong></span> <span class='ocrx_word' id='word_1_873' title='bbox 2420 4964 2777 5029; x_wconf 78' lang='lat' dir='ltr'><strong>interpretes,</strong></span> <span class='ocrx_word' id='word_1_874' title='bbox 2832 4966 2888 5013; x_wconf 87' lang='lat' dir='ltr'><strong>et</strong></span> <span class='ocrx_word' id='word_1_875' title='bbox 2937 4969 3113 5015; x_wconf 72' lang='lat' dir='ltr'><strong>tertius</strong></span> <span class='ocrx_word' id='word_1_876' title='bbox 3141 4958 3549 5029; x_wconf 79' lang='lat' dir='ltr'><strong>Samaritanus;</strong></span> 
     </span>
    </p>
   </div>
   <div class='ocr_carea' id='block_1_110' title="bbox 1964 5030 3548 5103">
    <p class='ocr_par' dir='ltr' id='par_1_110' title="bbox 1964 5030 3548 5103">
     <span class='ocr_line' id='line_1_110' title="bbox 1964 5030 3548 5103; baseline -0.001 -16"><span class='ocrx_word' id='word_1_877' title='bbox 1964 5033 2057 5093; x_wconf 88' lang='lat' dir='ltr'><strong>sed</strong></span> <span class='ocrx_word' id='word_1_878' title='bbox 2080 5034 2297 5087; x_wconf 81' lang='lat' dir='ltr'><strong>diversa</strong></span> <span class='ocrx_word' id='word_1_879' title='bbox 2320 5041 2721 5103; x_wconf 72' lang='lat' dir='ltr'><strong>consequenter</strong></span> <span class='ocrx_word' id='word_1_880' title='bbox 2743 5030 3091 5103; x_wconf 63' lang='lat' dir='ltr'><strong>addiderunt,</strong></span> <span class='ocrx_word' id='word_1_881' title='bbox 3116 5042 3305 5103; x_wconf 75' lang='lat' dir='ltr'><strong>textus</strong></span> <span class='ocrx_word' id='word_1_882' title='bbox 3330 5034 3548 5103; x_wconf 87' lang='lat' dir='ltr'><strong>quidem</strong></span> 
     </span>
    </p>
   </div>
   <div class='ocr_carea' id='block_1_111' title="bbox 1964 5102 3548 5170">
    <p class='ocr_par' dir='ltr' id='par_1_111' title="bbox 1964 5102 3548 5170">
     <span class='ocr_line' id='line_1_111' title="bbox 1964 5102 3548 5170; baseline -0.002 -12"><span class='ocrx_word' id='word_1_883' title='bbox 1964 5106 2115 5159; x_wconf 80' lang='lat' dir='ltr'><strong>Satn.</strong></span> <span class='ocrx_word' id='word_1_884' title='bbox 2151 5107 2250 5157; x_wconf 82' lang='lat' dir='ltr'><strong>ista</strong></span> <span class='ocrx_word' id='word_1_885' title='bbox 2274 5148 2288 5170; x_wconf 90' lang='lat'><strong>,</strong></span> <span class='ocrx_word' id='word_1_886' title='bbox 2323 5104 2391 5155; x_wconf 83' lang='lat' dir='ltr'><strong>ad</strong></span> <span class='ocrx_word' id='word_1_887' title='bbox 2419 5106 2601 5156; x_wconf 56' lang='lat' dir='ltr'><strong>ostium:</strong></span> <span class='ocrx_word' id='word_1_888' title='bbox 2636 5102 2977 5157; x_wconf 81' lang='lat' dir='ltr'><strong>Taberuaculi</strong></span> <span class='ocrx_word' id='word_1_889' title='bbox 3018 5102 3231 5155; x_wconf 78' lang='lat' dir='ltr'><strong>adducet</strong></span> <span class='ocrx_word' id='word_1_890' title='bbox 3265 5102 3377 5156; x_wconf 82' lang='lat' dir='ltr'><strong>eum</strong></span> <span class='ocrx_word' id='word_1_891' title='bbox 3400 5145 3412 5165; x_wconf 92' lang='lat'><strong>,</strong></span> <span class='ocrx_word' id='word_1_892' title='bbox 3441 5118 3548 5159; x_wconf 85' lang='lat' dir='ltr'><strong>etc.</strong></span> 
     </span>
    </p>
   </div>
   <div class='ocr_carea' id='block_1_112' title="bbox 1962 5175 3553 5247">
    <p class='ocr_par' dir='ltr' id='par_1_112' title="bbox 1962 5175 3553 5247">
     <span class='ocr_line' id='line_1_112' title="bbox 1962 5175 3553 5247; baseline 0 -17"><span class='ocrx_word' id='word_1_893' title='bbox 1962 5176 2313 5244; x_wconf 82' lang='lat' dir='ltr'><strong>Septuaginta</strong></span> <span class='ocrx_word' id='word_1_894' title='bbox 2374 5191 2499 5230; x_wconf 79' lang='lat' dir='ltr'><strong>vero</strong></span> <span class='ocrx_word' id='word_1_895' title='bbox 2527 5218 2538 5237; x_wconf 90' lang='lat'><strong>,</strong></span> <span class='ocrx_word' id='word_1_896' title='bbox 2589 5178 2672 5229; x_wconf 81' lang='grc' dir='ltr'><strong>καὶ</strong></span> <span class='ocrx_word' id='word_1_897' title='bbox 2714 5175 2941 5232; x_wconf 75' lang='grc' dir='ltr'><strong>ἐπιθήσει</strong></span> <span class='ocrx_word' id='word_1_898' title='bbox 3001 5179 3091 5233; x_wconf 80' lang='grc' dir='ltr'><strong>τήν</strong></span> <span class='ocrx_word' id='word_1_899' title='bbox 3145 5183 3302 5247; x_wconf 83' lang='grc' dir='ltr'>χεῖρα</span> <span class='ocrx_word' id='word_1_900' title='bbox 3331 5177 3415 5230; x_wconf 78' lang='grc' dir='ltr'><strong>ἐπὶ</strong></span> <span class='ocrx_word' id='word_1_901' title='bbox 3444 5179 3553 5243; x_wconf 78' lang='grc' dir='ltr'><strong>Ιτὴν</strong></span> 
     </span>
    </p>
   </div>
   <div class='ocr_carea' id='block_1_113' title="bbox 1964 5246 3548 5322">
    <p class='ocr_par' dir='ltr' id='par_1_113' title="bbox 1964 5246 3548 5322">
     <span class='ocr_line' id='line_1_113' title="bbox 1964 5246 3548 5322; baseline -0.002 -18"><span class='ocrx_word' id='word_1_902' title='bbox 1964 5249 2173 5322; x_wconf 75' lang='grc' dir='ltr'><strong>κεφαλὴν</strong></span> <span class='ocrx_word' id='word_1_903' title='bbox 2206 5248 2361 5322; x_wconf 67' lang='grc' dir='ltr'><strong>αὐῖοὓ</strong></span> <span class='ocrx_word' id='word_1_904' title='bbox 2388 5289 2402 5312; x_wconf 93' lang='grc'><em>,</em></span> <span class='ocrx_word' id='word_1_905' title='bbox 2434 5247 2536 5301; x_wconf 81' lang='lat' dir='ltr'><strong>hoc</strong></span> <span class='ocrx_word' id='word_1_906' title='bbox 2567 5256 2648 5300; x_wconf 78' lang='lat' dir='ltr'><strong>est</strong></span> <span class='ocrx_word' id='word_1_907' title='bbox 2673 5289 2686 5313; x_wconf 93' lang='lat'><strong>,</strong></span> <span class='ocrx_word' id='word_1_908' title='bbox 2718 5258 2762 5301; x_wconf 80' lang='lat' dir='ltr'><strong>et</strong></span> <span class='ocrx_word' id='word_1_909' title='bbox 2788 5246 3013 5322; x_wconf 76' lang='lat' dir='ltr'><strong>imponet</strong></span> <span class='ocrx_word' id='word_1_910' title='bbox 3044 5246 3257 5322; x_wconf 83' lang='lat' dir='ltr'><strong>manum</strong></span> <span class='ocrx_word' id='word_1_911' title='bbox 3282 5264 3548 5322; x_wconf 74' lang='lat' dir='ltr'><strong>superca-</strong></span> 
     </span>
    </p>
   </div>
   <div class='ocr_carea' id='block_1_114' title="bbox 1964 5318 3555 5391">
    <p class='ocr_par' dir='ltr' id='par_1_114' title="bbox 1964 5318 3555 5391">
     <span class='ocr_line' id='line_1_114' title="bbox 1964 5318 3555 5391; baseline 0.001 -19"><span class='ocrx_word' id='word_1_912' title='bbox 1964 5318 2055 5391; x_wconf 39' lang='lat' dir='ltr'><strong>pu’!</strong></span> <span class='ocrx_word' id='word_1_913' title='bbox 2082 5323 2217 5391; x_wconf 81' lang='lat' dir='ltr'><strong>ejus.</strong></span> <span class='ocrx_word' id='word_1_914' title='bbox 2268 5318 2533 5391; x_wconf 66' lang='lat' dir='ltr'><strong>Cancrum</strong></span> <span class='ocrx_word' id='word_1_915' title='bbox 2572 5318 3080 5391; x_wconf 73' lang='lat' dir='ltr'><strong>errnrtnanil&#39;eslus</strong></span> <span class='ocrx_word' id='word_1_916' title='bbox 3112 5330 3193 5371; x_wconf 78' lang='lat' dir='ltr'><strong>est</strong></span> <span class='ocrx_word' id='word_1_917' title='bbox 3225 5320 3273 5370; x_wconf 90' lang='lat' dir='ltr'><strong>itt</strong></span> <span class='ocrx_word' id='word_1_918' title='bbox 3304 5320 3555 5374; x_wconf 79' lang='lat' dir='ltr'><strong>munibus</strong></span> 
     </span>
    </p>
   </div>
   <div class='ocr_carea' id='block_1_115' title="bbox 1970 5386 3554 5459">
    <p class='ocr_par' dir='ltr' id='par_1_115' title="bbox 1970 5386 3554 5459">
     <span class='ocr_line' id='line_1_115' title="bbox 1970 5386 3554 5459; baseline 0.001 -15"><span class='ocrx_word' id='word_1_919' title='bbox 1970 5386 2176 5444; x_wconf 73' lang='lat' dir='ltr'><strong>Latinis</strong></span> <span class='ocrx_word' id='word_1_920' title='bbox 2197 5389 2477 5444; x_wconf 78' lang='lat' dir='ltr'><strong>codicibus</strong></span> <span class='ocrx_word' id='word_1_921' title='bbox 2509 5404 2636 5442; x_wconf 90' lang='lat' dir='ltr'><strong>mss.</strong></span> <span class='ocrx_word' id='word_1_922' title='bbox 2671 5390 2757 5443; x_wconf 90' lang='lat' dir='ltr'><strong>ubi</strong></span> <span class='ocrx_word' id='word_1_923' title='bbox 2787 5386 3147 5455; x_wconf 73' lang='lat' dir='ltr'><strong>exscriptnres</strong></span> <span class='ocrx_word' id='word_1_924' title='bbox 3167 5406 3357 5459; x_wconf 81' lang='lat' dir='ltr'><strong>agnum</strong></span> <span class='ocrx_word' id='word_1_925' title='bbox 3386 5402 3439 5444; x_wconf 87' lang='lat' dir='ltr'><strong>et</strong></span> <span class='ocrx_word' id='word_1_926' title='bbox 3460 5409 3554 5445; x_wconf 85' lang='lat' dir='ltr'><strong>an-</strong></span> 
     </span>
    </p>
   </div>
   <div class='ocr_carea' id='block_1_116' title="bbox 1972 5460 3549 5531">
    <p class='ocr_par' dir='ltr' id='par_1_116' title="bbox 1972 5460 3549 5531">
     <span class='ocr_line' id='line_1_116' title="bbox 1972 5460 3549 5531; baseline 0.001 -16"><span class='ocrx_word' id='word_1_927' title='bbox 1972 5462 2206 5516; x_wconf 76' lang='lat' dir='ltr'><strong>nimium</strong></span> <span class='ocrx_word' id='word_1_928' title='bbox 2237 5473 2528 5531; x_wconf 83' lang='lat' dir='ltr'><strong>posuerunt</strong></span> <span class='ocrx_word' id='word_1_929' title='bbox 2557 5475 2655 5531; x_wconf 86' lang='lat' dir='ltr'><strong>pro</strong></span> <span class='ocrx_word' id='word_1_930' title='bbox 2684 5460 2939 5523; x_wconf 84' lang='lat' dir='ltr'><strong>masculo,</strong></span> <span class='ocrx_word' id='word_1_931' title='bbox 2971 5461 3084 5513; x_wconf 90' lang='lat' dir='ltr'><strong>sive</strong></span> <span class='ocrx_word' id='word_1_932' title='bbox 3117 5474 3216 5529; x_wconf 89' lang='lat' dir='ltr'><strong>pro</strong></span> <span class='ocrx_word' id='word_1_933' title='bbox 3247 5463 3549 5516; x_wconf 81' lang='lat' dir='ltr'><strong>masculum.</strong></span> 
     </span>
    </p>
   </div>
   <div class='ocr_carea' id='block_1_117' title="bbox 1970 5534 2149 5590">
    <p class='ocr_par' dir='ltr' id='par_1_117' title="bbox 1970 5534 2149 5590">
     <span class='ocr_line' id='line_1_117' title="bbox 1970 5534 2149 5590; baseline -0.034 0"><span class='ocrx_word' id='word_1_934' title='bbox 1970 5534 2149 5590; x_wconf 75' lang='lat' dir='ltr'><strong>MART.</strong></span> 
     </span>
    </p>
   </div>
   <div class='ocr_carea' id='block_1_118' title="bbox 2045 5602 3555 5676">
    <p class='ocr_par' dir='ltr' id='par_1_118' title="bbox 2045 5602 3555 5676">
     <span class='ocr_line' id='line_1_118' title="bbox 2045 5602 3555 5676; baseline 0.001 -18"><span class='ocrx_word' id='word_1_935' title='bbox 2045 5633 2114 5643; x_wconf 87' lang='lat'><strong>—-</strong></span> <span class='ocrx_word' id='word_1_936' title='bbox 2155 5603 2332 5676; x_wconf 79' lang='lat' dir='ltr'><strong>Nostri</strong></span> <span class='ocrx_word' id='word_1_937' title='bbox 2369 5620 2501 5676; x_wconf 85' lang='lat' dir='ltr'><strong>mss.</strong></span> <span class='ocrx_word' id='word_1_938' title='bbox 2556 5617 2608 5660; x_wconf 87' lang='lat' dir='ltr'><strong>et</strong></span> <span class='ocrx_word' id='word_1_939' title='bbox 2638 5606 2836 5676; x_wconf 88' lang='lat' dir='ltr'><strong>quibus</strong></span> <span class='ocrx_word' id='word_1_940' title='bbox 2870 5617 2999 5676; x_wconf 85' lang='lat' dir='ltr'><strong>usus</strong></span> <span class='ocrx_word' id='word_1_941' title='bbox 3026 5610 3117 5676; x_wconf 84' lang='lat' dir='ltr'><strong>est</strong></span> <span class='ocrx_word' id='word_1_942' title='bbox 3144 5602 3390 5676; x_wconf 80' lang='lat' dir='ltr'><strong>Martiali.</strong></span> <span class='ocrx_word' id='word_1_943' title='bbox 3444 5604 3555 5660; x_wconf 84' lang='lat' dir='ltr'><strong>fere</strong></span> 
     </span>
    </p>
   </div>
   <div class='ocr_carea' id='block_1_119' title="bbox 1971 5673 3556 5742">
    <p class='ocr_par' dir='ltr' id='par_1_119' title="bbox 1971 5673 3556 5742">
     <span class='ocr_line' id='line_1_119' title="bbox 1971 5673 3556 5742; baseline -0.001 -13"><span class='ocrx_word' id='word_1_944' title='bbox 1971 5690 2160 5730; x_wconf 84' lang='lat' dir='ltr'><strong>ottmes</strong></span> <span class='ocrx_word' id='word_1_945' title='bbox 2193 5675 2373 5742; x_wconf 77' lang='lat' dir='ltr'><strong>legum</strong></span> <span class='ocrx_word' id='word_1_946' title='bbox 2405 5673 2786 5738; x_wconf 71' lang='lat' dir='ltr'><strong>holocaustum,</strong></span> <span class='ocrx_word' id='word_1_947' title='bbox 2823 5673 3120 5726; x_wconf 74' lang='lat' dir='ltr'><strong>anniculam</strong></span> <span class='ocrx_word' id='word_1_948' title='bbox 3152 5680 3195 5725; x_wconf 80' lang='lat' dir='ltr'><strong>el</strong></span> <span class='ocrx_word' id='word_1_949' title='bbox 3228 5674 3416 5741; x_wconf 84' lang='lat' dir='ltr'><strong>absque</strong></span> <span class='ocrx_word' id='word_1_950' title='bbox 3448 5691 3556 5728; x_wconf 84' lang='lat' dir='ltr'><strong>ma-</strong></span> 
     </span>
    </p>
   </div>
   <div class='ocr_carea' id='block_1_120' title="bbox 1969 5744 3557 5818">
    <p class='ocr_par' dir='ltr' id='par_1_120' title="bbox 1969 5744 3557 5818">
     <span class='ocr_line' id='line_1_120' title="bbox 1969 5744 3557 5818; baseline 0 -17"><span class='ocrx_word' id='word_1_951' title='bbox 1969 5748 2089 5801; x_wconf 82' lang='lat' dir='ltr'><strong>cula</strong></span> <span class='ocrx_word' id='word_1_952' title='bbox 2121 5763 2137 5801; x_wconf 89' lang='lat'><em>:</em></span> <span class='ocrx_word' id='word_1_953' title='bbox 2167 5746 2255 5800; x_wconf 85' lang='lat' dir='ltr'><strong>alii</strong></span> <span class='ocrx_word' id='word_1_954' title='bbox 2283 5764 2472 5818; x_wconf 83' lang='lat' dir='ltr'><strong>agnum</strong></span> <span class='ocrx_word' id='word_1_955' title='bbox 2500 5749 2822 5803; x_wconf 76' lang='lat' dir='ltr'><strong>anniculam,</strong></span> <span class='ocrx_word' id='word_1_956' title='bbox 2860 5758 2962 5818; x_wconf 68' lang='lat' dir='ltr'><strong>etc.</strong></span> <span class='ocrx_word' id='word_1_957' title='bbox 2998 5744 3260 5818; x_wconf 64' lang='lat' dir='ltr'><strong>Hebraeus</strong></span> <span class='ocrx_word' id='word_1_958' title='bbox 3316 5744 3380 5797; x_wconf 81' lang='lat' dir='ltr'><strong>ad</strong></span> <span class='ocrx_word' id='word_1_959' title='bbox 3417 5744 3557 5801; x_wconf 76' lang='lat' dir='ltr'><strong>litte-</strong></span> 
     </span>
    </p>
   </div>
   <div class='ocr_carea' id='block_1_121' title="bbox 1969 5812 3223 5887">
    <p class='ocr_par' dir='ltr' id='par_1_121' title="bbox 1969 5812 3223 5887">
     <span class='ocr_line' id='line_1_121' title="bbox 1969 5812 3223 5887; baseline -0.006 -13"><span class='ocrx_word' id='word_1_960' title='bbox 1969 5834 2085 5875; x_wconf 86' lang='lat' dir='ltr'><strong>ram</strong></span> <span class='ocrx_word' id='word_1_961' title='bbox 2120 5812 2406 5887; x_wconf 67' lang='lat' dir='ltr'><strong>tuascttlitm</strong></span> <span class='ocrx_word' id='word_1_962' title='bbox 2434 5820 2821 5875; x_wconf 82' lang='lat' dir='ltr'><strong>iumtaculatum</strong></span> <span class='ocrx_word' id='word_1_963' title='bbox 2852 5813 3029 5881; x_wconf 56' lang='lat' dir='ltr'><strong>odere:</strong></span> <span class='ocrx_word' id='word_1_964' title='bbox 3056 5812 3223 5869; x_wconf 75' lang='lat' dir='ltr'><strong>illum.</strong></span> 
     </span>
    </p>
   </div>
  </div>
