3912 6348
375 308 482 367 505

1381 305 1439 362 S.
1485 303 1862 364 lllERONYMI
1902 303 2133 364 DIVINA
2172 303 2646 366 BIBLIOTIIECA.

3565 299 3676 360 3οι

370 434 426 482 et
453 422 546 496 qui
575 421 712 494 tegit
741 420 996 478 universa
1031 419 1236 486 vitalia,
1285 419 1423 476 duos
1450 420 1812 487 renunculos,
1843 435 1969 476 cum
1998 428 2045 485 Α
2077 421 2270 476 laverit
2296 436 2417 477 eum
2458 420 2512 476 in
2543 420 2664 476 loco
2687 460 2702 486 ,
2752 417 2845 474 ubi
2871 416 3014 473 solet
3040 416 3262 473 mactari
3289 415 3674 473 holocaustum

372 519 602 575 reticulo
641 516 785 588 quod
817 527 901 572 est
949 531 1116 586 super
1146 531 1240 571 eos
1265 516 1420 586 juxta
1451 515 1576 583 ilia],
1616 524 1671 571 et
1721 517 1970 571 arvinam

370 611 579 681 jecoris
605 625 730 664 eum
757 608 1098 676 renunculis,
1132 607 1476 677 adolebitque
1501 623 1565 663 ea
1595 607 1851 664 sacerdos
1880 623 1973 662 su-

371 718 470 772 per
500 703 695 766 altare,
728 701 783 755 in
825 701 1146 756 alimoniam
1178 700 1317 770 ignis
1348 708 1401 754 et
1428 699 1739 755 suavissimi
1765 700 1967 756 odoris.

371 795 562 851 Omnis
607 795 795 865 adeps,
849 794 1064 850 Domini
1101 795 1206 849 erit
1241 794 1362 864 jure
1390 803 1658 865 perpetuo
1703 795 1756 848 in
1797 809 1967 865 gene-

370 888 678 943 rationibus
716 897 770 943 et
808 889 1020 942 cunctis
1053 886 1379 942 habitaculis
1409 887 1607 943 vestris
1637 930 1652 956 ,
1705 902 1806 943 nec
1855 887 1972 943 adi-

370 996 519 1049 pem,
550 993 650 1036 nec
680 978 998 1049 sanguinem
1025 980 1248 1034 omnino
1273 979 1595 1035 comedetis.

445 1072 531 1143 [Τ.
550 1072 613 1137 ll,
631 1072 687 1126 Β.
707 1071 772 1139 II,
797 1071 858 1124 C.
876 1071 938 1139 ll,
957 1070 1086 1140 Cap.
1108 1070 1220 1142 lV.]
1240 1071 1584 1142 Locutusque
1603 1082 1686 1127 est
1709 1071 1970 1127 Dominus

369 1164 436 1219 ad
470 1165 918 1223 Mosen.dicens:
955 1163 1201 1232 Loquere
1227 1163 1354 1217 filiis
1380 1162 1575 1218 Israel:
1598 1163 1816 1231 Anima,
1845 1178 1969 1218 cum

371 1259 558 1332 [Vulg.
579 1258 722 1329 qu:e]
739 1257 1047 1326 peccaverit
1072 1272 1167 1327 per
1186 1257 1570 1328 ignorantiam,
1593 1257 1726 1312 etde
1743 1257 1969 1312 univer-

365 1353 443 1407 sis
475 1350 744 1406 mandatis
774 1350 1019 1419 Domini,
1050 1365 1170 1420 qua:
1201 1350 1480 1420 praecepit,
1533 1359 1722 1405 utnon
1752 1348 1968 1416 fierent,

366 1444 640 1514 quidpiam
666 1443 890 1498 fecerit:
923 1443 968 1497 si
996 1442 1274 1508 sacerdos,
1296 1443 1386 1512 qui
1417 1451 1503 1497 est
1531 1451 1750 1512 unctus,
1779 1457 1972 1512 pecea-

366 1537 528 1604 verit,
545 1536 860 1607 delinquere
881 1535 1088 1590 faciens
1106 1535 1387 1604 populum,
1411 1534 1604 1591 otferet
1630 1549 1726 1604 pro
1749 1543 1970 1604 peccato

369 1645 470 1684 suo
497 1628 726 1683 vitulum
753 1627 1156 1682 immaculatum
1191 1626 1444 1692 Domino,
1486 1637 1540 1680 et
1563 1625 1798 1680 adducet
1819 1625 1968 1680 illum

365 1722 434 1776 ad
463 1721 661 1777 ostium
689 1718 1023 1775 tabernaculi
1049 1718 1346 1773 testimonii
1377 1732 1559 1773 coram
1587 1717 1818 1773 Domino
1842 1736 1854 1771 :
1880 1732 1974 1788 po-

2073 529 2255 570 coram
2273 515 2524 578 Domino,
2555 514 2678 586 quia
2712 528 2811 584 pro
2843 522 3066 582 peccato
3088 520 3192 577 est,
3223 512 3395 580 tinget
3413 510 3676 566 sacerdos

2073 609 2298 680 digitum
2323 611 2374 664 in
2397 609 2658 680 sanguine
2683 607 2874 663 hosuze
2903 622 2998 675 pro
3022 614 3269 676 peccato,
3297 614 3520 674 tangens
3550 617 3677 658 cor-

2073 717 2176 755 nua
2207 703 2396 756 altaris
2435 687 2763 764 holocausti,
2788 708 2843 755 et
2870 698 3135 769 reliquum
3170 695 3359 769 [Vulg.
3391 695 3518 750 add.
3545 710 3677 748 san-

2072 793 2323 866 guinem]
2369 793 2600 849 fundens
2645 791 2713 847 ad
2746 791 2915 848 basim
2941 791 3083 860 ejus.
3117 789 3346 859 Adipem
3373 803 3504 844 vero
3533 787 3672 843 ado—

2074 886 2206 942 lebit
2235 903 2420 956 supra,
2453 887 2595 942 sicut
2620 886 2672 940 in
2704 885 2938 940 victimis
2972 882 3320 955 pacificorum
3349 881 3469 937 fieri
3498 881 3672 937 solet:

2073 981 2391 1051 rogabitque
2430 997 2529 1052 pro
2582 995 2650 1036 eo
2697 978 2982 1044 sacerdos,
3025 989 3078 1033 et
3126 991 3222 1047 pro
3274 984 3496 1045 peccato
3525 976 3676 1045 ejus,

2072 1087 2136 1127 ac
2168 1074 2468 1130 dimittetur
2487 1074 2558 1130 ei.
2598 1073 2756 1141 Quod
2774 1074 2823 1127 si
2845 1072 3151 1143 peccaverit
3177 1072 3353 1126 anima
3386 1086 3482 1142 per
3511 1072 3673 1141 igno-

2071 1166 2329 1231 rantiam,
2375 1167 2443 1221 de
2467 1167 2664 1236 populo
2696 1175 2876 1230 teme,
2910 1175 2967 1219 ut
2995 1164 3151 1219 faciat
3179 1163 3474 1235 quidquam
3506 1178 3571 1218 ex
3605 1163 3677 1217 iis

2073 1276 2194 1331 qua:
2235 1260 2450 1315 Domini
2478 1263 2600 1333 lege
2651 1259 3014 1332 prohibentur
3040 1302 3054 1326 ,
3093 1269 3257 1331 atque
3285 1259 3584 1328 delinquat,
3617 1267 3679 1314 et

2073 1353 2389 1423 cognoverit
2415 1362 2696 1422 peccatum
2725 1366 2914 1420 suum,
2943 1351 3137 1410 offeret
3159 1367 3379 1424 capram
3410 1352 3678 1407 immacu-

2074 1445 2262 1500 latam.
2292 1445 2572 1516 Ponetque
2602 1461 2823 1501 manum
2871 1463 3035 1516 super
3080 1458 3244 1518 caput
3274 1448 3464 1503 hostia:
3488 1489 3503 1512 ,
3549 1460 3679 1518 qua:

2077 1553 2177 1609 pro
2210 1549 2433 1608 peccato
2458 1548 2565 1607 est,
2596 1548 2652 1595 et
2677 1539 2983 1594 immolabit
3008 1555 3127 1595 eam
3161 1542 3212 1596 in
3254 1540 3376 1596 loco
3405 1541 3676 1597 holocau-

2075 1633 2166 1687 sti.
2207 1631 2492 1702 Tolletque
2517 1633 2776 1688 sacerdos
2807 1631 2876 1686 de
2897 1632 3158 1702 sanguine
3183 1633 3236 1686 in
3265 1633 3436 1704 digito
3463 1648 3585 1700 suo,
3618 1641 3681 1689 et

2077 1732 2301 1791 tangens
2329 1741 2533 1781 cornua
2564 1723 2749 1779 altaris
2794 1723 3093 1779 holocausti
3117 1771 3132 1794 ,
3185 1725 3452 1796 reliquum
3481 1725 3682 1782 fundet

367 1824 568 1886 netque
615 1829 829 1868 manum
863 1827 1025 1881 super
1051 1821 1215 1882 caput
1244 1811 1382 1881 ejus,
1417 1820 1474 1866 et
1519 1809 1822 1865 immolabit
1850 1825 1973 1866 eum
2006 1822 2055 1883 Β
2080 1816 2147 1871 ad
2170 1817 2342 1872 basim
2369 1816 2510 1887 ejus.
2537 1817 2764 1873 Omnem
2795 1824 2977 1872 autem
3007 1817 3219 1888 adipem
3239 1817 3514 1887 auferens,
3533 1821 3684 1876 sicut

367 1909 620 1963 Domino.
657 1906 876 1962 Hauriet
899 1920 1113 1975 quoque
1141 1903 1209 1959 de
1233 1902 1498 1974 sanguine
1530 1903 1706 1971 vituli,
1735 1902 1976 1959 inferens

370 2001 522 2055 illum
556 2000 612 2054 in
646 1997 1058 2053 tabernaculum
1088 1996 1407 2052 testimonii.
1433 1995 1977 2066 Cumqueintinxerit

363 2095 591 2164 digitum
626 2093 680 2147 in
707 2092 997 2162 sanguine,
1037 2098 1293 2161 asperget
1322 2105 1390 2144 eo
1421 2090 1624 2158 septies
1655 2103 1838 2144 coram
1871 2089 1976 2143 Do-

364 2187 516 2243 mino
545 2194 736 2242 contra
774 2184 954 2241 velum
983 2184 1317 2239 sanctuarii:
1369 2191 1644 2254 ponetque
1688 2183 1755 2237 de
1781 2181 1972 2237 eodem

359 2278 625 2350 sanguine
647 2293 815 2347 super
835 2291 1038 2333 cornua
1069 2275 1256 2330 altaris
1284 2274 1653 2346 thymiamatis
1682 2270 1973 2343 gratissimi

365 2372 618 2435 Domino,
651 2370 793 2440 quod
823 2378 907 2425 est
933 2370 985 2424 in
1013 2369 1363 2424 tabernaequ
1393 2365 1720 2423 testimonii:
1753 2381 1970 2422 onmem

361 2475 543 2521 autem
587 2464 860 2534 reliquum
888 2464 1208 2533 sanguinem
1239 2461 1429 2518 fundet
1458 2461 1512 2517 in
1565 2460 1737 2516 basim
1785 2460 1972 2515 altaris

361 2560 666 2616 holocausti
700 2559 752 2614 in
785 2558 1014 2614 introitu
1067 2556 1426 2613 tabernaculi.
1477 2557 1546 2611 Et
1575 2555 1787 2626 adipem
1822 2554 1971 2610 vituli

364 2654 576 2708 auferet
599 2651 678 2723 [h.
713 2659 767 2707 et
795 2665 1017 2707 omnem
1068 2649 1280 2721 adipem
1312 2648 1466 2703 vituli
1499 2647 1703 2718 peccati
1727 2644 1968 2718 auferet]

361 2761 462 2818 pro
489 2754 738 2816 peccato,
768 2751 878 2799 tam
908 2759 1032 2800 eum
1061 2744 1152 2814 qui
1178 2742 1356 2812 operit
1388 2742 1570 2795 vitalia
1595 2783 1608 2805 ,
1665 2756 1825 2811 quam
1853 2755 1969 2795 om-

363 2841 456 2896 nia
488 2855 610 2910 qua:
634 2838 966 2894 intrinsecus
992 2846 1156 2891 sunt:
1201 2835 1339 2890 duos
1369 2833 1721 2901 renunculos,
1753 2841 1808 2889 et
1838 2833 1970 2888 reti-

363 2935 572 3001 culum,
605 2933 747 3004 quod
797 2941 882 2988 est
913 2947 1079 3001 super
1127 2945 1222 2986 eos
1259 2930 1412 3001 juxta
1456 2929 1547 2984 ilia
1579 2970 1594 2996 ,
1645 2938 1700 2985 et
1753 2929 1964 2999 adipem

357 3027 564 3098 jecoris
591 3041 716 3080 cum
767 3024 1106 3088 renuncttlis,
1137 3023 1280 3078 sicut
1301 3020 1546 3077 aufertur
1567 3020 1636 3076 de
1665 3019 1840 3076 vitulo
1869 3019 1967 3074 ho-

361 3123 480 3178 stia:
513 3119 889 3192 pacificorum,
921 3127 976 3174 et
1023 3116 1262 3172 adolebit
1315 3131 1378 3172 ea
1415 3131 1582 3186 super
1609 3114 1786 3168 altare
1809 3112 1964 3168 holo-

2077 1911 2281 1966 auferri
2304 1912 2446 1967 solet
2483 1912 2550 1967 de
2573 1911 2809 1967 victimis
2836 1912 3207 1982 pacificorum,
3240 1913 3479 1969 adolebit
3507 1929 3682 1983 super

2075 2003 2250 2058 altare
2273 2003 2324 2058 in
2349 2005 2572 2060 odorem
2613 2004 2899 2060 suavitatis
2922 2005 3185 2061 Domino:
3220 2006 3543 2077 rogabitque
3567 2022 3675 2077 pro

2075 2109 2164 2161 eo,
2191 2108 2246 2150 et
2277 2095 2580 2152 dimittetur
2603 2097 2673 2152 ei.
2709 2096 2806 2152 Sin
2837 2105 3020 2154 autem
3047 2097 3116 2153 de
3146 2099 3434 2168 pecoribus
3460 2100 3680 2156 obtule-

2078 2186 2149 2241 rit
2180 2186 2464 2242 victimam
2503 2203 2600 2257 pro
2632 2198 2879 2259 peccato,
2921 2204 3080 2245 ovem
3111 2191 3323 2246 scilicet
3353 2191 3680 2246 immacula-

2074 2288 2207 2347 tam,
2241 2289 2410 2351 ponet
2436 2296 2658 2336 manum
2703 2297 2867 2353 super
2913 2292 3078 2354 caput
3117 2283 3254 2354 ejus,
3287 2295 3340 2340 et
3370 2285 3683 2341 immolabit

2073 2389 2195 2430 eam
2227 2374 2282 2427 in
2314 2373 2434 2430 loco
2480 2376 2567 2430 ubi
2607 2375 2786 2432 solent
2816 2376 3259 2435 holocaustorum
3287 2379 3421 2435 exedi
3453 2378 3677 2435 hostiae.

2075 2471 2373 2542 Sumelque
2400 2471 2654 2528 sacerdos
2681 2473 2748 2528 de
2773 2474 3032 2544 sanguine
3058 2473 3182 2544 ejus
3230 2473 3400 2545 digito
3429 2488 3553 2541 suo,
3615 2482 3677 2530 et

2074 2573 2300 2635 tangens
2333 2581 2537 2622 cornua
2577 2567 2765 2622 altaris
2791 2567 3110 2633 holocausti,
3164 2568 3429 2638 reliquum
3476 2566 3682 2623 fundet

2071 2656 2137 2712 ad
2165 2658 2336 2714 basim
2367 2659 2748 2728 ejus.0mnem
2775 2675 2994 2731 quoque
3019 2659 3272 2716 auferens
3290 2659 3530 2730 adipem,
3554 2659 3675 2716 sic-

2071 2757 2130 2803 ut
2169 2749 2367 2806 auferri
2419 2751 2556 2807 solet
2614 2751 2780 2822 adeps
2829 2752 3015 2806 arietis
3056 2750 3148 2822 qtti
3207 2752 3515 2806 immolatur
3569 2768 3678 2822 pro

2069 2842 2342 2913 pacificis,
2403 2845 2667 2900 cremabit
2719 2859 2883 2915 super
2922 2844 3097 2901 altare
3145 2846 3197 2900 in
3230 2847 3510 2902 incensum
3560 2846 3676 2902 Do-

2069 2934 2222 3001 mini,
2251 2934 2570 3006 rogabitque
2600 2951 2698 3008 pro
2727 2951 2794 2993 eo
2843 2945 2900 2992 et
2948 2951 3048 3008 pro
3085 2947 3310 3009 peccato
3341 2938 3481 3009 ejus,
3507 2947 3563 2995 et
3583 2939 3677 2995 di-

2067 3025 2312 3081 mittetur
2341 3027 2414 3082 ei.

2139 3115 2222 3189 [C.
2250 3118 2338 3187 lll,
2368 3119 2496 3190 Cap.
2526 3119 2617 3192 V.]
2657 3121 2711 3178 Si
2745 3123 3049 3192 peccaverit
3079 3123 3282 3192 anima,
3319 3133 3374 3180 et
3425 3124 3675 3182 audierit

359 3215 554 3270 causti.
591 3212 798 3268 Pellem
828 3227 983 3278 vero,
1032 3219 1086 3266 et
1114 3223 1303 3265 omnes
1333 3223 1526 3264 carnes
1553 3223 1673 3263 cum
1706 3208 1881 3277 capite
1910 3204 2034 3267 etC
2067 3225 2257 3266 vocem
2297 3212 2618 3281 adjurantis,
2649 3215 2911 3286 testisque
2935 3215 3104 3272 fuerit
3133 3215 3278 3287 quod
3307 3226 3404 3271 aut
3435 3217 3555 3288 ipse
3586 3221 3674 3272 vi-

360 3307 592 3378 pedibus
646 3313 703 3362 et
758 3303 1038 3360 intestinis
1095 3318 1124 3358 a
1176 3302 1344 3369 fimo,
1404 3313 1459 3357 et
1494 3302 1702 3371 reliquo
1733 3314 1961 3371 corpore

359 3401 556 3456 efferet
601 3409 763 3455 extra
795 3407 977 3454 castra
1019 3396 1074 3450 in
1111 3395 1289 3451 locum
1323 3393 1604 3462 mundum,
1634 3392 1723 3448 ubi
1746 3392 1960 3447 cineres

357 3492 564 3548 effundi
617 3492 794 3547 solent
855 3506 871 3546 :
929 3488 1289 3558 incendetque
1351 3503 1413 3544 ea
1464 3501 1625 3558 super
1690 3486 1958 3557 lignorum

358 3596 591 3650 struem,
609 3598 730 3653 qua:
754 3584 806 3637 in
833 3582 954 3637 loco
977 3580 1271 3636 effusorum
1289 3581 1530 3635 cinerum
1552 3578 1958 3634 cremabuutur.

359 3677 518 3745 Quod
549 3676 595 3731 si
637 3675 814 3730 omnis
845 3675 999 3729 turba
1023 3674 1195 3728 Israel
1234 3672 1591 3743 ignoraverit,
1624 3681 1695 3726 .et
1734 3685 1829 3740 per
1857 3669 1958 3724 im-

356 3770 610 3841 peritiam
639 3767 830 3823 fecerit
880 3765 1025 3836 quod
1055 3774 1242 3820 contra
1276 3762 1588 3818 mandatum
1612 3762 1824 3818 Domini
1851 3773 1955 3831 est,

360 3877 412 3919 et
446 3871 634 3934 postea
657 3861 986 3918 intellexerit
1008 3868 1288 3926 peccatum
1313 3873 1491 3926 suum,
1516 3857 1709 3913 offeret
1731 3859 1957 3914 vitulum

354 3973 458 4028 pro
505 3964 730 4026 peccato
759 3952 778 4025 [
807 3952 967 4024 Vulg.
991 3951 1116 4004 add.
1147 3949 1305 4022 suo],
1352 3949 1690 4020 addueetque
1719 3965 1844 4006 eum
1889 3949 1956 4004 ad

356 4049 556 4104 ostium
582 4044 939 4101 tabernaculi.
966 4043 1036 4098 Et
1065 4054 1266 4113 ponent
1290 4042 1535 4098 seniores
1559 4043 1740 4114 populi
1768 4058 1957 4098 manus

357 4155 524 4210 super
545 4147 708 4208 caput
734 4137 857 4206 ejus
887 4151 1072 4191 coram
1100 4135 1352 4189 Domino.
1378 4135 1768 4206 lmmolatoque
1785 4136 1955 4191 vitulo

357 4235 414 4287 iu
445 4238 739 4301 conspectu
771 4229 984 4285 Domini
1019 4273 1033 4297 ,
1068 4227 1260 4283 inferet
1293 4227 1551 4282 sacerdos
1577 4269 1591 4294 ,
1623 4230 1712 4298 qui
1760 4240 1954 4286 unctus

354 4335 481 4392 est,
537 4324 605 4379 de
654 4323 915 4393 sanguine
943 4321 1060 4390 ejus
1090 4321 1144 4375 in
1175 4321 1582 4376 tabernaculum
1633 4321 1950 4389 testimonii,

353 4419 525 4474 tincto
555 4418 724 4489 digito
755 4431 1050 4486 aspergens
1080 4415 1279 4485 septies
1301 4423 1493 4470 contra
1524 4415 1722 4470 velum.
1757 4416 1952 4471 Ponet-

353 4529 459 4585 que
482 4515 550 4570 de
573 4513 762 4569 eodem
796 4512 1056 4581 sanguine
1082 4511 1136 4566 in
1163 4511 1424 4567 cornibus
1453 4511 1660 4578 altaris,
1694 4512 1839 4584 quod
1868 4522 1951 4568 est

2065 3304 2145 3360 dit
2175 3315 2268 3361 aut
2299 3306 2551 3363 conscius
2581 3317 2666 3363 est
2697 3327 2710 3364 :
2741 3310 2843 3364 nisi
2877 3309 3223 3374 indicaverit,
3256 3311 3500 3382 portabit
3550 3311 3670 3367 ini-

2063 3398 2320 3468 quitatem
2349 3413 2526 3454 suam.
2556 3400 2748 3456 Anima
2781 3417 2900 3472 qua:
2924 3403 3166 3474 tetigerit
3194 3403 3398 3475 aliquid
3427 3403 3671 3460 immun-

2063 3489 2214 3559 dutn,
2269 3490 2382 3546 sive
2427 3493 2568 3563 quod
2601 3495 2838 3550 occisum
2871 3511 2902 3549 a
2946 3496 3118 3552 bestia
3151 3505 3270 3563 est,
3327 3509 3423 3552 aut
3453 3514 3548 3568 per
3602 3515 3667 3556 se

2064 3593 2358 3653 mortuum,
2384 3587 2468 3641 vel
2499 3585 2781 3656 quodlibet
2796 3588 2941 3643 aliud
2973 3590 3188 3660 reptile,
3218 3599 3273 3646 et
3301 3590 3468 3646 oblita
3496 3590 3668 3650 fuerit

2064 3675 2156 3747 [h.
2177 3679 2351 3733 anima
2374 3695 2493 3751 quae
2518 3680 2750 3752 tetigerit
2772 3681 2977 3753 aliquid
3004 3684 3364 3751 immundum,
3387 3686 3666 3742 autcada-

2062 3785 2155 3825 ver
2168 3772 2352 3827 bestiae
2365 3772 2659 3830 immunda:
2677 3775 2759 3830 vel
2776 3775 3066 3846 cujuslibet
3087 3777 3451 3849 quadrupedis
3463 3779 3550 3836 vel
3566 3795 3665 3837 re-

2061 3863 2210 3932 ptilis
2233 3864 2816 3933 animantisitnmundi,
2841 3876 2894 3922 et
2911 3866 3077 3945 oblita
3094 3867 3276 3940 fuerit]
3302 3870 3663 3928 immunditim

2063 3969 2211 4022 sua),
2267 3971 2357 4010 rea
2382 3965 2486 4024 est,
2535 3967 2593 4012 et
2614 3957 2879 4029 deliquit:
2936 3969 2992 4015 et
3023 3959 3072 4015 si
3098 3961 3660 4034 tetigeritquidquam

2059 4046 2126 4102 de
2177 4046 2519 4103 intmunditia
2569 4049 2806 4105 hominis
2840 4052 2992 4121 juxta
3041 4068 3256 4108 omnem
3288 4055 3659 4126 impuritatem

2057 4154 2161 4209 qua
2190 4141 2363 4210 pollui
2388 4143 2549 4209 solet,
2579 4143 2856 4215 oblitaque
2887 4149 3205 4216 cognoverit
3233 4159 3444 4220 postea,
3468 4153 3659 4223 subja-

2057 4232 2202 4287 cebit
2247 4233 2466 4290 delicto.
2500 4235 2692 4290 Anima
2721 4251 2843 4308 qua:
2867 4237 3135 4308 juraverit
3163 4251 3219 4297 et
3257 4244 3547 4313 protulerit
3574 4245 3660 4300 la-

2055 4324 2160 4378 biis
2205 4327 2342 4393 suis,
2384 4337 2444 4382 ut
2471 4328 2553 4383 vel
2577 4329 2719 4385 male
2761 4329 2894 4401 quid
2949 4331 3175 4400 faceret,
3219 4335 3301 4391 vel
3357 4335 3536 4403 bene,
3598 4349 3660 4396 et

2054 4414 2286 4486 idipsum
2310 4417 2623 4488 juramento
2650 4431 2704 4476 et
2734 4436 2990 4480 sermone
3020 4425 3334 4498 firmaverit,
3366 4429 3657 4501 oblitaque

2055 4517 2239 4577 postea
2271 4509 2596 4578 intellexerit
2635 4512 2889 4568 delictum
2915 4529 3094 4586 suum,
3124 4527 3248 4589 agat
3278 4520 3658 4590 paenitentiam

354 4624 541 4666 coram
575 4607 802 4662 Domino
844 4605 898 4659 in
933 4604 1288 4660 tabernaculo
1317 4603 1649 4671 testimonii;
1685 4605 1946 4676 reliquum
1975 4602 2029 4665 D
2053 4613 2152 4669 Pro
2181 4610 2421 4670 peccato,
2452 4611 2508 4658 et
2531 4601 2720 4658 offerat
2743 4619 2937 4675 agnam
2991 4607 3060 4663 de
3087 4609 3362 4681 gregibus,
3395 4612 3511 4668 sive
3559 4629 3659 4670 ca-

356 4711 538 4756 autem
589 4696 911 4769 sanguinem
943 4695 1132 4751 fundet
1172 4695 1327 4766 juxta
1356 4695 1528 4752 basim
1557 4697 1745 4752 altaris
1795 4698 1950 4755 bolo-

355 4800 691 4857 caustorum,
726 4790 871 4859 quod
898 4797 980 4844 est
1012 4788 1065 4844 in
1089 4789 1231 4843 ostio
1265 4787 1596 4844 tabernaculi
1630 4790 1943 4848 testimonii.

349 4884 692 4951 Otnnemque
721 4883 840 4952 ejus
859 4882 1075 4953 adipem
1101 4882 1288 4948 tollet,
1322 4890 1376 4937 et
1398 4881 1638 4937 adolebit
1666 4872 1828 4955 super
1865 4886 1944 4941 al-

353 4987 504 5033 tare:
548 4977 627 5031 sic
658 4975 861 5030 faciens
902 4975 1054 5030 etde
1093 4975 1194 5030 hoc
1226 4975 1397 5030 vitulo
1439 4975 1712 5046 quomodo
1740 4977 1865 5034 fecit
1891 4987 1947 5035 et

349 5068 524 5137 prius,
555 5076 610 5122 et
639 5075 863 5137 rogante
888 5081 984 5135 pro
998 5067 1076 5121 eis
1101 5066 1406 5132 sacerdote,
1439 5069 1705 5138 propitius
1725 5070 1831 5125 erit
1865 5073 1945 5128 eis

342 5160 630 5217 Dominus.
671 5159 849 5230 Ipsum
879 5168 1055 5213 autem
1094 5160 1316 5215 vitulum
1343 5158 1531 5216 efferet
1559 5169 1714 5216 extra
1743 5173 1940 5230 castra,

338 5263 507 5322 atque
537 5252 842 5321 comburet,
871 5251 1011 5306 sicut
1041 5259 1094 5306 et
1117 5252 1350 5322 priorem
1373 5253 1640 5323 vitulum,
1693 5256 1818 5325 quia
1845 5272 1941 5327 pro

340 5353 568 5418 peccato
620 5354 704 5402 est
750 5344 1134 5400 multitudinis.
1163 5345 1217 5402 Si
1251 5346 1555 5416 peccaverit
1580 5347 1857 5418 princeps,
1888 5359 1940 5405 et

335 5442 532 5499 fecerit
559 5457 726 5496 unum
771 5455 802 5495 e
834 5440 1076 5508 pluribus
1103 5455 1201 5510 per
1228 5442 1614 5511 ignorantiam,
1651 5444 1798 5514 quod
1831 5447 1938 5501 Do-

336 5536 472 5591 mini
507 5534 586 5607 [h.
613 5532 759 5604 quod
788 5533 1001 5587 Domini
1035 5531 1125 5586 Dei
1151 5533 1234 5586 sui
1267 5533 1409 5605 lege]
1452 5535 1566 5606 lege
1590 5539 1932 5608 prohibetur,

336 5637 386 5683 ct
421 5638 605 5696 p05tea
658 5623 995 5681 intellexerit
1026 5634 1304 5694 peccatum
1345 5641 1535 5694 suum,
1577 5628 1772 5685 offeret
1802 5630 1929 5687 bos-

332 5722 461 5774 tiam
490 5720 741 5786 Domino,
766 5718 975 5773 hircum
992 5719 1058 5774 de
1085 5717 1262 5788 capris
1288 5718 1712 5776 immaculatum.
1737 5723 1933 5781 Ponet-

329 5831 436 5892 que
463 5830 680 5871 manum
713 5829 869 5871 suam
916 5829 1076 5885 super
1117 5812 1439 5885 caputejus,
1479 5830 1711 5889 cumque
1738 5817 1929 5877 immo-

2053 4711 2240 4766 pram,
2297 4697 2578 4768 orabitque
2609 4713 2710 4768 pro
2755 4714 2818 4755 ea
2862 4701 3120 4758 sacerdos
3173 4713 3230 4760 et
3275 4721 3373 4774 pro
3422 4717 3657 4776 peccato

2052 4787 2202 4858 ejus:
2247 4789 2328 4844 sin
2359 4787 2537 4845 autem
2567 4805 2673 4846 non
2716 4795 2958 4862 potuerit
2988 4795 3184 4852 offerre
3212 4812 3399 4869 pecus,
3452 4799 3659 4859 offerat

2052 4881 2188 4940 duos
2222 4893 2480 4952 turtures,
2500 4885 2586 4941 vel
2615 4887 2752 4942 duos
2776 4887 2952 4958 pullos
2983 4889 3359 4948 columbarum
3386 4893 3652 4966 Domino,

2053 4993 2217 5032 unum
2243 4995 2341 5048 pro
2372 4990 2612 5048 peccato,
2653 4990 2707 5036 et
2735 4983 2964 5038 alterum
2997 4985 3050 5038 in
3093 4983 3491 5052 holocaustum,
3541 4989 3654 5046 da-

2047 5069 2233 5140 bitque
2259 5086 2353 5126 eos
2393 5073 2682 5139 secerdoti,
2712 5075 2802 5144 qui
2850 5076 3082 5145 primum
3110 5077 3348 5134 offerens
3393 5095 3491 5150 pro
3517 5095 3658 5151 pec-

2045 5174 2189 5230 cato,
2233 5166 2574 5236 retorquebit
2602 5177 2764 5238 caput
2792 5168 2910 5238 ejus
2935 5169 3003 5226 ad
3040 5171 3291 5242 pinnulas
3328 5173 3423 5245 [h.
3455 5177 3652 5232 cervi-

2042 5256 2210 5329 cem],
2242 5261 2315 5314 ita
2337 5270 2394 5314 lll
2413 5261 2555 5317 collo
2572 5261 2796 5333 hzereat,
2820 5273 2875 5319 et
2896 5279 3003 5320 non
3027 5267 3242 5336 penitus
3262 5267 3650 5340 abrumpatur.

2042 5351 2109 5406 Et
2132 5365 2382 5425 aSpergct
2405 5355 2474 5411 de
2497 5358 2757 5428 sanguine
2787 5357 2904 5428 ejus
2936 5360 3196 5430 parietem
3223 5362 3450 5430 altaris;
3481 5365 3652 5435 quid-

2043 5445 2176 5516 quid
2203 5457 2381 5502 autem
2415 5449 2682 5520 reliquum
2707 5451 2894 5518 fuerit,
2929 5453 3091 5510 faciet
3119 5454 3382 5513 distillare
3410 5458 3478 5512 ad
3516 5458 3654 5516 fun-

2040 5539 2356 5597 damentum
2387 5542 2524 5613 ejus,
2559 5547 2684 5614 quia
2709 5561 2810 5616 pro
2841 5557 3065 5617 peccato
3089 5559 3192 5604 est.
3226 5549 3474 5608 Alterum
3506 5568 3650 5612 vero

2038 5634 2281 5692 adolebit
2315 5637 2712 5709 holocaustum,
2742 5647 2803 5695 ut
2830 5640 2946 5696 fieri
2975 5642 3120 5698 solet
3146 5661 3159 5698 :
3189 5645 3506 5715 rogabitque
3537 5662 3652 5716 pro

2037 5743 2104 5785 eo
2134 5729 2387 5786 sacerdos
2433 5740 2489 5784 et
2537 5746 2636 5800 pro
2664 5742 2883 5803 peccato
2920 5733 3036 5803 ejus
3069 5733 3161 5806 [h.
3193 5737 3433 5806 expiabit
3465 5752 3649 5807 super

2034 5838 2160 5882 eum
2215 5823 2470 5882 sacerdos
2515 5840 2612 5897 pro
2661 5836 2883 5898 peccato
2913 5826 3083 5900 ejus],
3118 5836 3171 5884 et
3199 5829 3505 5886 dimittetur
3553 5834 3642 5892 ei.
