4044 6360
275 341 371 398 505

1624 340 1826 397 LIBER
1868 340 2188 399 LEVITICI.

3453 342 3557 402 506

271 457 415 526 Quod
448 458 495 513 si
517 472 626 513 non
653 457 884 529 quiverit
917 471 1106 512 manus
1138 457 1256 528 ejus
1283 457 1484 513 offerre
1525 457 1662 513 duos
1692 466 1862 513 turtu-
1890 460 1938 521 A
1966 458 2149 514 Tollet
2172 459 2431 517 sacerdos
2462 461 2725 531 pugillum
2752 463 2970 533 similae,
3004 477 3124 534 quae
3155 476 3451 533 conSpersa
3476 471 3562 539 est

267 567 375 617 res,
418 550 507 606 vel
538 550 677 606 duos
707 551 890 621 pullos
922 550 1193 606 columbae
1219 596 1233 620 ,
1291 550 1483 606 offeret
1514 565 1611 622 pro
1641 559 1860 621 peccato

264 645 529 711 similam,
588 656 799 715 partem
845 643 981 714 epha
1027 643 1329 710 decimam,
1400 657 1507 700 non
1572 645 1751 699 mittet
1806 644 1858 698 in

265 756 382 797 eam
428 742 633 809 oleum,
671 755 773 796 nec
822 741 994 795 thuris
1039 741 1243 811 aliquid
1275 742 1539 811 imponet,
1590 741 1712 811 quia
1759 756 1858 809 pro

263 847 483 906 peccato
526 845 647 889 est:
709 834 996 905 tradetque
1045 850 1162 889 eam
1221 834 1531 901 sacerdoti,
1592 834 1684 904 qui
1742 835 1856 904 ple-

259 943 390 983 num
427 938 453 964 λ
487 942 554 983 ex
585 942 647 983 ea
673 928 934 1000 pugillum
965 928 1222 983 hauriens
1246 973 1259 998 ,
1291 928 1552 983 cremabit
1583 942 1745 997 super
1773 927 1853 981 al-

256 1028 372 1074 tare
403 1021 457 1075 in
487 1018 882 1075 monimentum
939 1020 1056 1089 ejus
1076 1062 1091 1088 ,
1124 1020 1216 1091 qui
1270 1020 1485 1088 obtulit,
1534 1035 1729 1091 rogans
1759 1035 1857 1088 pro

254 1110 373 1176 illo,
404 1121 459 1165 et
488 1113 740 1183 expians,
773 1112 1031 1181 reliquam
1065 1126 1197 1167 vero
1232 1123 1440 1181 partem
1472 1112 1587 1182 ipse
1636 1112 1859 1167 habebit

250 1205 306 1259 in
343 1220 593 1260 munere.
620 1204 706 1276 [T.
736 1204 846 1278 ΙΙΙ.]
880 1205 1222 1277 Locutusquc
1245 1216 1327 1261 est
1357 1206 1620 1261 Dominus
1641 1207 1705 1261 ad
1738 1208 1856 1262 Mo-

248 1311 374 1366 sen,
425 1297 639 1355 dicens:
682 1297 883 1353 Anima
910 1298 954 1353 si
989 1300 1351 1369 prmvaricans
1374 1301 1731 1355 cmremonias
1757 1316 1854 1370 per

247 1406 499 1447 errorem
530 1394 549 1465 Ῐ
575 1393 629 1446 h.
658 1408 755 1464 per
786 1392 1181 1465 ignorantiam]
1206 1439 1219 1461 ,
1278 1394 1330 1449 iu
1358 1394 1440 1449 his
1474 1410 1593 1465 quas
1628 1394 1855 1450 Domino

243 1495 380 1541 sunt
400 1486 760 1551 sanctiﬁcata,
793 1488 1117 1555 peccaverit,
1151 1485 1347 1541 offeret
1374 1503 1470 1557 pro
1525 1486 1724 1542 delicto
1756 1503 1855 1544 suo

245 1582 479 1635 arietem
522 1580 929 1636 immaculatum
979 1579 1048 1635 de
1080 1580 1365 1650 gregibus,
1400 1580 1491 1651 qui
1537 1582 1643 1635 emi
1676 1589 1856 1650 potest

243 1672 463 1727 duobus
507 1673 656 1727 siclis
688 1672 840 1741 juxta
893 1673 1104 1743 pondus
1175 1673 1507 1727 sanctuarii:
1572 1673 1855 1743 ipsumque

244 1768 390 1834 quod
423 1764 545 1819 tulit
572 1765 751 1818 damni
780 1764 873 1836 [h.
902 1778 1009 1819 non
1040 1764 1239 1836 habet]
1293 1766 1562 1831 restituet,
1592 1774 1649 1820 et
1697 1767 1854 1836 quin-

1963 551 2113 615 oleo,
2162 562 2215 605 et
2266 560 2439 606 totum
2475 552 2632 621 thus,
2664 553 2812 624 quod
2840 568 3007 624 super
3032 555 3267 609 similam
3320 540 3554 624 positum

1964 650 2083 698 est:
2143 642 2489 715 adolebitque
2545 646 2673 699 illud
2726 646 2779 701 in
2810 646 3011 714 altari,
3062 648 3117 703 in
3162 646 3557 702 monimentum

1962 736 2146 791 odoris
2176 738 2483 813 suavissimi
2513 738 2744 794 Domino
2771 758 2783 793 :
2838 741 3104 811 reliquam
3137 749 3317 796 autem
3347 747 3556 811 partem

1961 830 2154 885 simila:
2186 831 2433 886 comedet
2461 831 2643 887 Aaron
2667 847 2789 888 cum
2823 834 2955 889 ﬁliis
3003 834 3142 903 suis,
3199 833 3404 903 absque
3449 833 3561 887 fer-

1961 934 2168 989 mento,
2203 934 2258 979 et
2279 925 2530 980 comedet
2554 926 2606 980 in
2653 927 2772 981 loco
2799 938 2991 982 sancto
3027 927 3154 981 atrii
3198 924 3555 981 tabernaculi.

1962 1017 2089 1073 Ideo
2118 1028 2297 1074 autem
2332 1035 2436 1073 non
2487 1018 2937 1090 fermentabitur,
2992 1020 3115 1090 quia
3172 1034 3297 1088 pars
3351 1018 3471 1088 ejus
3502 1018 3558 1073 in

1960 1109 2174 1165 Domini
2205 1112 2433 1166 offertur
2465 1111 2766 1167 incensum.
2801 1112 3059 1169 Sanctum
3085 1119 3398 1167 sanctorum
3423 1112 3551 1178 erit,

1959 1203 2099 1258 sicut
2130 1219 2228 1274 pro
2260 1215 2482 1274 peccato
2508 1215 2670 1275 atque
2693 1206 2919 1261 delicto.
2944 1206 3120 1260 Mares
3147 1213 3348 1260 tantum
3372 1204 3559 1274 stirpis

1959 1297 2140 1351 Aaron
2172 1298 2463 1353 comedent
2492 1296 2643 1352 illud.
2695 1297 3022 1369 Legitimum
3052 1312 3115 1352 ac
3162 1297 3554 1367 sempiternum

1958 1400 2040 1446 est
2074 1390 2261 1462 [γαίῃ.
2288 1390 2411 1461 erit]
2447 1392 2499 1445 in
2540 1391 2986 1461 generationibus
3031 1390 3227 1446 vestris
3260 1391 3326 1445 de
3353 1388 3558 1445 sacriﬁ-

1957 1485 2054 1540 ciis
2086 1484 2317 1538 Domini.
2348 1484 2535 1539 Omnis
2575 1484 2668 1554 qui
2695 1483 2931 1554 tetigerit
2965 1484 3079 1550 illa,
3104 1481 3551 1538 sanctiﬁcabitur.

1958 1577 2062 1649 [T.
2096 1577 2184 1643 IV,
2217 1576 2279 1632 C.
2316 1578 2443 1649 VL]
2477 1577 2542 1632 Et
2589 1578 2803 1632 locutus
2835 1586 2922 1633 est
2953 1577 3212 1631 Dominus
3244 1575 3310 1630 ad
3343 1576 3553 1640 Mosen,

1957 1671 2172 1726 dicens:
2236 1672 2360 1727 llaec
2413 1681 2498 1727 est
2545 1671 2749 1726 oblatio
2796 1672 2978 1726 Aaron
3022 1680 3077 1727 et
3120 1670 3354 1726 ﬁliorum
3411 1670 3551 1740 ejus.

1957 1782 2115 1836 quam
2166 1765 2365 1821 ollerre
2412 1766 2614 1822 debent
2646 1767 2873 1821 Domino
2904 1768 2959 1821 in
3002 1766 3089 1821 die
3123 1764 3397 1821 unctionis
3419 1779 3552 1820 suae.

244 1866 355 1913 tam
387 1866 599 1927 partem
647 1865 811 1928 ponet
850 1872 1035 1926 supra,
1079 1856 1299 1912 tradens
1322 1856 1616 1921 sacerdoti,
1646 1857 1736 1926 qui
1770 1872 1854 1911 ro-
1887 1863 1931 1921 Β
1962 1858 2235 1913 Decimam
2271 1870 2479 1927 partem
2511 1860 2653 1929 epha
2685 1858 2918 1914 offerent
2956 1859 3149 1914 simila:
3193 1858 3250 1912 in
3284 1857 3553 1914 sacriﬁcio

240 1948 392 2019 gabit
448 1963 548 2019 pro
595 1962 663 2004 eo
702 1948 939 2004 offerens
989 1950 1213 2003 arietem
1241 1994 1255 2016 ,
1317 1957 1373 2003 et
1440 1948 1741 2003 dimittetur
1778 1949 1849 2004 ei.

240 2044 447 2097 Anima
505 2043 551 2096 si
602 2043 915 2112 peccaverit
964 2058 1061 2112 per
1102 2042 1502 2112 ignorantiam,
1552 2042 1851 2116 feceritque

245 2148 422 2189 unum
455 2149 521 2189 ex
572 2134 638 2190 iis
684 2151 805 2205 quae
839 2133 1056 2190 Domini
1094 2134 1211 2205 lege
1244 2136 1618 2206 prohibentur,
1647 2146 1700 2192 et
1730 2153 1853 2207 pec-

240 2229 351 2283 cati
382 2244 476 2284 rea
504 2228 1193 2300 intellexeritiniquitatem
1208 2244 1383 2299 suam,
1409 2229 1603 2286 olferet
1624 2230 1848 2286 arietem

241 2321 654 2377 immaculatum
683 2321 752 2377 de
780 2322 1033 2391 gregibus
1050 2322 1340 2390 sacerdoti,
1365 2323 1515 2390 juxta
1541 2338 1850 2378 mensuram

242 2413 779 2484 mstimalionemque
830 2412 1073 2484 peccati:
1104 2413 1199 2485 qui
1231 2414 1409 2468 orabit
1440 2429 1536 2484 pro
1566 2430 1631 2469 eo
1657 2457 1671 2482 ,
1726 2417 1849 2486 quia

242 2509 505 2563 nesciens
554 2510 767 2574 fecerit,
816 2520 871 2564 et
898 2508 1205 2564 dimittetur
1231 2508 1300 2575 ei,
1332 2507 1454 2579 quia
1481 2524 1576 2580 per
1602 2524 1847 2566 errorem

240 2599 474 2672 deliquit
506 2602 558 2656 in
592 2602 903 2657 Dominum.

316 2691 407 2765 [C.
430 2693 523 2759 1V,
552 2694 683 2765 Cap.
715 2694 829 2767 VL]
868 2695 1107 2751 Locutus
1146 2704 1230 2750 est
1261 2695 1522 2751 Dominus
1547 2695 1613 2751 ad
1636 2695 1843 2763 Mosen,
1878 2702 1887 2711 ‘

240 2786 477 2842 dicens:
522 2788 715 2843 Anima
746 2803 865 2860 quae
918 2791 1250 2859 peccaverit,
1282 2801 1335 2845 et
1374 2799 1694 2860 contempto
1742 2791 1849 2847 Do-

240 2882 421 2949 mino,
451 2882 731 2952 negaverit
753 2881 1059 2952 depositum
1092 2884 1341 2953 proximo
1371 2899 1491 2952 suo,
1541 2883 1685 2956 quod
1720 2884 1846 2939 ﬁdei

243 2975 375 3043 ejus
396 2974 665 3031 creditum
693 2976 869 3031 fuerat
899 2976 978 3049 [h.
1009 2987 1102 3031 aut
1124 2976 1177 3033 id
1200 2980 1344 3047 quod
1378 2977 1499 3032 ﬁdei
1525 2978 1643 3049 ejus
1673 2978 1848 3033 credi-

243 3077 366 3123 Ium
400 3068 619 3141 fuerat],
644 3070 731 3125 vel
756 3070 807 3124 vi
828 3070 1034 3140 aliquid
1062 3072 1376 3136 extorserit,
1397 3081 1492 3127 aut
1520 3072 1843 3127 calumniam

242 3160 461 3228 fecerit,
504 3163 623 3217 sive
651 3177 766 3217 rem
822 3162 1090 3233 perditam
1141 3164 1428 3231 invenerit,
1485 3173 1541 3219 ct
1594 3164 1845 3220 iuﬁcians

1959 1950 2317 2019 sempiterno,
2374 1950 2610 2007 medium
2638 1952 2754 2022 ejus
2784 1966 2973 2018 mane,
3028 1959 3086 2005 et
3139 1950 3377 2006 medium
3439 1949 3558 2017 ejus

1958 2057 2216 2114 vespere:
2267 2058 2387 2113 quae
2419 2043 2472 2098 in
2518 2044 2795 2114 sartagine
2829 2044 2953 2099 oleo
2984 2057 3277 2113 conspersa
3308 2042 3556 2113 frigetur.

1956 2134 2156 2191 Oﬁerat
2179 2146 2356 2191 autem
2383 2152 2501 2191 eam
2531 2137 2788 2203 calidam,
2823 2137 2877 2191 in
2908 2136 3132 2191 odorem
3165 2136 3553 2191 suavissimum

1957 2226 2209 2295 Domino,
2240 2230 2497 2284 sacerdos
2518 2231 2607 2300 qui
2638 2231 2779 2299 patri
2801 2229 2926 2300 jure
2953 2229 3295 2285 successerit
3320 2246 3333 2282 :
3365 2238 3418 2283 et
3446 2236 3559 2283 tota

1954 2325 2289 2380 cremabitur
2321 2326 2371 2380 in
2401 2326 2579 2381 altari.
2611 2326 2783 2380 Omne
2810 2326 2951 2380 enim
2983 2324 3313 2380 sacriﬁcium
3367 2338 3554 2380 sacer-

1956 2417 2141 2473 dotum
2171 2418 2294 2487 igne
2321 2411 2696 2488 consumetur,
2756 2434 2855 2473 nec
2897 2420 3184 2488 quisquam
3216 2416 3464 2472 comedet
3488 2432 3555 2472 ex

1954 2526 2041 2566 eo.
2069 2509 2150 2583 [Ο.
2187 2510 2323 2581 Vli.]
2355 2511 2595 2567 Locutus
2626 2520 2710 2567 est
2738 2520 2921 2567 autem
2949 2511 3213 2566 Dominus
3244 2511 3310 2565 ad
3342 2512 3553 2577 Mosen,

1954 2605 2177 2661 dicens:
2220 2605 2471 2676 Loquere
2502 2606 2569 2660 ad
2600 2604 2783 2660 Aaron
2806 2616 2865 2660 et
2897 2605 2963 2658 ad
2992 2605 3135 2660 ﬁlios
3165 2604 3316 2675 ejus:
3344 2606 3449 2659 ista
3471 2614 3557 2661 est

1953 2701 2039 2757 lex
2075 2701 2265 2756 hostiae
2296 2714 2398 2771 pro
2422 2709 2648 2771 peccato
2676 2718 2689 2755 :
2746 2700 2802 2754 In
2852 2702 2974 2756 loco
3004 2700 3092 2755 ubi
3146 2699 3371 2755 offertur
3400 2698 3555 2755 holo-

1952 2794 2616 2861 caustum,immolabitur
2638 2808 2819 2849 coram
2852 2793 3105 2848 Domino.
3138 2793 3393 2849 Sanctum
3426 2806 3555 2847 san-

1952 2899 2163 2944 ctorum
2194 2897 2299 2943 est.
2326 2886 2616 2953 Sacerdos,
2645 2887 2735 2958 qui
2779 2885 2977 2942 offeret
3005 2885 3191 2958 qulg.
3224 2885 3425 2956 oﬂ'ert],
3458 2900 3556 2949 co-

1952 2982 2134 3037 medet
2182 2995 2300 3035 eam
2334 2981 2387 3034 in
2432 2981 2554 3035 loco
2607 2987 2835 3045 sancto,
2887 2980 2940 3033 in
2993 2979 3133 3033 atrio
3190 2977 3553 3033 tabernaculi.
3630 3014 3633 3017 λ

1951 3072 2222 3141 Quidquid
2249 3071 2326 3143 [h.
2357 3070 2624 3143 quisquis]
2651 3071 2893 3140 tetigerit
2922 3084 3113 3125 carnes
3141 3069 3280 3140 ejus,
3314 3069 3557 3124 sanctiﬁ-

1953 3165 2185 3219 cabitur.
2238 3164 2295 3218 Si
2326 3163 2394 3218 de
2438 3162 2702 3233 sanguine
2731 3162 2876 3217 illius
2909 3161 3081 3217 vestis
3113 3161 3274 3215 fuerit
3299 3175 3549 3231 aspersa,

244 3254 481 3324 insuper
515 3248 865 3325 pejoraverit,
898 3265 954 3311 et
998 3257 1277 3326 quodlibet
1304 3257 1447 3312 aliud
1490 3273 1553 3312 ex
1599 3258 1845 3329 pluribus
1873 3262 1917 3323 C
1952 3258 2221 3313 lavabitur
2250 3259 2302 3312 in
2333 3258 2451 3313 loco
2481 3265 2693 3312 sancto.
2736 3256 2844 3311 Vas
2869 3264 3048 3310 autem
3082 3254 3245 3309 ﬁctile
3268 3295 3283 3320 ,
3337 3255 3391 3308 in
3446 3269 3553 3323 quo

245 3344 468 3412 fecerit,
503 3347 555 3402 in
586 3348 785 3418 quibus
812 3363 1041 3419 peccare
1067 3350 1250 3404 solent
1280 3349 1553 3416 homines,
1601 3351 1845 3405 convicta

240 3440 459 3506 delicti,
496 3440 689 3497 reddet
718 3444 918 3508 omnia,
946 3459 1066 3514 qua:
1102 3459 1199 3513 per
1230 3443 1476 3499 fraudem
1510 3444 1679 3499 voluit
1708 3444 1849 3499 obti-

243 3550 403 3599 nere,
441 3535 677 3607 integra,
728 3549 781 3591 et
833 3537 1077 3606 quintam
1110 3537 1333 3606 insuper
1360 3548 1568 3608 partem
1600 3538 1845 3605 domino,

242 3632 331 3686 cui
358 3630 618 3686 damnum
635 3632 913 3687 intulerat.
936 3630 1043 3686 Pro
1069 3641 1292 3700 peccato
1318 3642 1502 3688 autem
1533 3647 1633 3687 suo
1658 3630 1848 3688 oﬁ‘eret

246 3725 486 3779 arietem
517 3724 926 3779 immaculatum
948 3724 1017 3779 de
1043 3739 1226 3795 grege,
1261 3733 1316 3779 et
1342 3723 1493 3779 dabit
1521 3740 1641 3779 eum
1668 3739 1847 3781 sacer-

244 3816 386 3883 d0ti,
416 3817 575 3883 juxta
610 3815 1027 3872 aestimationem
1060 3832 1485 3887 mensuramque
1519 3816 1724 3884 delicti,
1758 3817 1846 3887 qui

245 3911 471 3983 rogabit
500 3926 598 3981 pro
621 3927 686 3967 eo
717 3926 899 3966 coram
929 3911 1177 3976 Domino,
1212 3921 1263 3965 et
1291 3910 1593 3967 dimittetur
1637 3910 1716 3964 illi
1749 3926 1849 3980 pro

244 4006 525 4076 singulis,
571 4021 693 4077 quae
734 4004 979 4062 faciendo
1038 4006 1300 4075 peccavit.
1356 4005 1457 4077 [Β.
1504 4005 1610 4074 lli,
1644 4006 1703 4059 Ο.
1754 4005 1846 4078 V.]

242 4102 490 4158 Locutus
539 4109 623 4156 est
668 4101 926 4155 Dominus
976 4099 1043 4155 ad
1089 4100 1295 4165 Mosen,
1347 4100 1561 4155 dicens:
1607 4099 1848 4169 Praecipe

244 4196 437 4249 Aaron
471 4201 525 4248 et
555 4192 680 4248 ﬁliis
702 4193 850 4261 ejus:
876 4193 1001 4247 Haec
1031 4200 1117 4248 est
1147 4192 1229 4247 lex
1257 4191 1558 4246 holocausti
1585 4207 1599 4247 :
1628 4190 1849 4247 Crema-

242 4285 399 4341 bitur
430 4286 480 4340 in
530 4284 686 4340 altari
719 4293 827 4339 tota
854 4295 1014 4339 nocte
1058 4299 1229 4354 usque
1261 4299 1457 4340 mane:
1492 4283 1630 4355 ignis
1655 4300 1721 4339 ex
1756 4299 1849 4339 eo-

242 4378 373 4434 dem
405 4378 563 4432 altari
596 4379 722 4433 erit.
780 4377 1057 4433 VeStietur
1085 4378 1340 4434 sacerdos
1368 4380 1552 4432 tunica
1604 4389 1655 4433 et
1688 4378 1846 4434 femi-

242 4470 470 4525 nalibus
520 4470 712 4527 lineis:
764 4471 1020 4541 lolletque
1064 4471 1273 4526 cineres
1315 4485 1451 4541 quos
1482 4486 1679 4526 vorans
1707 4471 1846 4540 ignis

242 4563 518 4631 excussit,
555 4573 607 4619 et
640 4578 844 4632 ponens
873 4564 1024 4633 juxta
1054 4564 1260 4633 altare,
1293 4565 1618 4634 Spoliahitur
1649 4564 1845 4633 priori-

1953 3364 2105 3408 cocta
2146 3364 2252 3421 est,
2307 3353 2707 3422 eonfringetur:
2742 3350 2884 3421 quod
2917 3351 2961 3404 si
2994 3365 3090 3404 vas
3117 3364 3327 3405 aeneum
3358 3347 3546 3417 fuerit,

1952 3448 2302 3503 defricabitur
2322 3490 2334 3511 ,
2371 3458 2425 3501 et
2456 3446 2722 3501 lavabitur
2746 3460 2907 3516 aqua.
2950 3443 3142 3498 Omnis
3191 3442 3462 3498 masculus
3485 3441 3554 3496 de

1952 3556 2152 3612 genere
2182 3539 2511 3595 sacerdotali
2545 3548 2803 3595 vescetur
2828 3537 3082 3593 carnibus
3098 3537 3239 3607 ejus,
3273 3535 3397 3606 quia
3422 3551 3556 3589 san.

1953 3645 2097 3691 etum
2131 3642 2442 3689 sanctorum
2474 3642 2577 3688 est.
2614 3632 2799 3687 Hostia
2824 3632 2968 3686 enim
2997 3646 3118 3701 quae
3172 3628 3404 3684 caeditur
3445 3641 3547 3698 pro

1954 3738 2212 3799 peccato,
2271 3727 2427 3798 cujus
2480 3726 2700 3796 sanguis
2756 3724 2985 3781 infertur
3026 3726 3081 3778 in
3129 3722 3547 3779 tabernaculum

1956 3821 2258 3877 testimonii
2287 3820 2352 3874 ad
2377 3819 2709 3888 expiandum
2763 3819 2819 3873 in
2850 3817 3187 3884 sanctuario,
3234 3831 3340 3871 non
3373 3829 3555 3870 come-

1953 3915 2134 3979 detur,
2167 3913 2261 3966 sed
2290 3913 2643 3968 comburetur
2670 3912 2801 3983 igni.

2025 4006 2176 4079 [C(tp.
2202 4004 2339 4078 Vll.]
2365 4006 2491 4059 Haec
2519 4021 2735 4076 quoque
2758 4013 2841 4061 est
2866 4005 2953 4060 lex
2982 4003 3177 4059 hostim
3197 4020 3296 4074 pro
3324 4003 3544 4071 delicto,

1953 4110 2141 4157 sancta
2168 4109 2485 4155 sanctorum
2519 4108 2604 4153 est
2636 4116 2648 4150 :
2682 4097 2885 4153 idcirco
2924 4098 3014 4152 uhi
3048 4097 3420 4152 immolabitur
3450 4095 3553 4149 ho-

1954 4194 2287 4256 locaustum,
2318 4192 2647 4247 mactabitur
2674 4202 2728 4247 et
2759 4190 2975 4246 victima
3015 4206 3115 4261 pro
3142 4190 3348 4246 delicto
3379 4208 3390 4243 :
3424 4204 3554 4244 san-

1950 4287 2076 4358 guis
2106 4284 2225 4356 ejus
2247 4300 2347 4355 per
2376 4301 2562 4357 gyrum
2594 4284 2851 4339 fundetur
2880 4284 3097 4338 altaris.
3123 4283 3368 4338 Olferent
3396 4297 3460 4336 ex
3493 4296 3557 4336 ea

1952 4379 2180 4434 caudam
2211 4388 2263 4433 et
2296 4378 2547 4448 adipem,
2583 4378 2674 4448 qui
2713 4378 2893 4447 operit
2917 4375 3125 4429 vitalia.
3168 4374 3313 4428 Duos
3352 4387 3557 4427 renun-

1951 4472 2126 4537 culos,
2157 4479 2213 4527 et
2238 4471 2622 4541 pinguedinem
2653 4486 2774 4540 quae
2801 4456 2957 4540 juxta
2979 4467 3069 4521 ilia
3100 4476 3209 4531 est,
3239 4464 3555 4519 reticulum-

1951 4578 2056 4634 que
2082 4564 2288 4631 jecoris
2318 4579 2440 4618 cum
2468 4562 2802 4617 renunculis.
2837 4561 2904 4614 Et
2934 4560 3174 4614 adolebit
3199 4573 3260 4613 ea
3293 4556 3551 4613 sacerdos

243 4656 353 4709 bus
386 4656 727 4711 vestimentis
753 4698 767 4723 ,
802 4655 1131 4727 indutusque
1157 4656 1277 4710 aliis
1300 4699 1316 4724 ,
1350 4656 1539 4711 cﬁ‘eret
1568 4671 1664 4711 eos
1693 4664 1845 4711 extra
1878 4679 1924 4739 ι)
1950 4669 2113 4724 super
2140 4658 2310 4710 altare
2341 4673 2355 4709 :
2392 4657 2674 4710 incensum
2705 4662 2789 4708 est
2819 4652 3031 4707 Domini
3055 4666 3155 4721 pro
3182 4651 3401 4706 delicto.
3424 4650 3555 4705 Om-

243 4756 429 4804 cnstra
459 4756 515 4802 et
543 4749 594 4803 in
629 4750 748 4804 loco
792 4749 1152 4804 mundissimo
1181 4749 1271 4821 [h.
1306 4765 1409 4805 non
1442 4750 1627 4817 habet,
1676 4765 1845 4820 usque

246 4840 320 4895 ad
341 4840 577 4895 favillam
601 4842 844 4896 consumi
872 4841 1053 4912 faciet]
1078 4856 1248 4912 usque
1265 4841 1332 4896 ad
1349 4842 1583 4897 favillam
1598 4842 1844 4897 consumi

246 4933 434 4987 faciet.
469 4933 612 5003 Ignis
642 4942 820 4988 autem
854 4933 905 4987 in
938 4926 1093 4989 altari
1132 4949 1348 5005 semper
1384 4935 1631 5003 ardebit,
1686 4952 1845 5006 quem

246 5027 461 5082 nutriet
490 5025 750 5081 sacerdos
788 5027 1084 5097 subjiciens
1127 5028 1268 5098 ligna
1300 5043 1457 5083 mane
1487 5044 1581 5098 per
1602 5030 1846 5099 singulos

247 5118 389 5184 dies,
419 5128 474 5174 et
502 5120 763 5189 imposito
787 5120 1127 5187 holocausto,
1159 5122 1395 5192 desuper
1438 5123 1679 5179 adolebit
1729 5124 1845 5179 adi-

256 5228 354 5285 pes
384 5214 760 5283 paciﬁcorum.
796 5214 934 5285 ignis
960 5223 1043 5269 est.
1070 5216 1184 5286 ipse
1209 5227 1525 5287 perpetuus,
1558 5219 1649 5287 qui
1692 5235 1848 5273 num-

249 5323 415 5378 quam
463 5307 685 5363 deﬁciet
736 5310 785 5363 in
840 5309 1015 5364 altari.
1063 5309 1187 5363 llaec
1236 5320 1319 5366 est
1358 5312 1443 5364 lex
1493 5312 1745 5367 sacriﬁcii
1794 5322 1849 5369 et

253 5403 704 5468 libamentorum,
756 5416 889 5474 quae
910 5402 1141 5459 offerent
1186 5404 1278 5457 lilii
1308 5403 1486 5458 Aaron
1529 5419 1712 5460 coram
1742 5405 1851 5460 Do-

253 5498 427 5564 mino,
452 5508 507 5554 et
538 5512 722 5553 coram
754 5495 913 5552 altari
943 5494 1033 5568 [h.
1067 5512 1253 5553 coram
1288 5497 1523 5553 Domino
1551 5498 1604 5553 in
1628 5497 1845 5571 altari].

326 5736 349 5762 α
395 5723 567 5779 Aliter
592 5721 766 5778 codex
791 5721 991 5793 Regius
1021 5736 1125 5776 ms.
1162 5720 1490 5793 Bibliorum,
1510 5732 1654 5773 unus
1682 5715 1844 5773 Corb.

255 5806 308 5853 et
335 5811 511 5851 canon
543 5795 684 5850 Heb.
719 5792 887 5850 verit.
909 5793 1000 5863 qui
1034 5794 1221 5862 legunt
1244 5836 1257 5859 ,
1290 5792 1500 5864 plenum
1526 5807 1588 5845 ex
1618 5799 1724 5843 toto
1750 5808 1851 5864 pu-

258 5871 458 5943 giuum.
505 5868 614 5925 Sed
644 5866 843 5925 melius
869 5862 936 5923 uti
957 5866 1010 5922 in
1036 5864 1195 5922 editis
1217 5862 1368 5936 juxta
1402 5862 1715 5931 Hebraeum,
1746 5863 1854 5933 ple-

1953 4746 2037 4801 nis
2068 4747 2341 4801 masculus
2370 4747 2437 4801 de
2477 4746 2800 4800 sacerdotali
2831 4758 3067 4814 genere,
3102 4744 3156 4797 in
3197 4743 3317 4797 loco
3362 4752 3557 4797 sancto

1955 4850 2208 4895 vescetur
2237 4839 2321 4894 his
2352 4839 2614 4893 carnibus
2635 4881 2649 4904 ,
2680 4839 2804 4908 quia
2838 4844 3023 4890 sancta
3058 4835 3245 4907 [Vulg.
3281 4834 3555 4906 sanctum]

1953 4941 2264 4988 sanctorum
2298 4941 2400 4985 est.
2435 4929 2585 4986 Sicut
2618 4945 2714 5000 pro
2740 4938 2964 4999 peccato
2990 4926 3218 4982 offertur
3248 4925 3449 4991 hostia,
3480 4925 3555 4979 ita

1954 5035 2009 5081 et
2039 5040 2135 5095 pro
2181 5025 2381 5081 delicto
2427 5043 2437 5079 :
2491 5024 2777 5094 utriusque
2823 5022 3016 5078 hostiae
3051 5022 3139 5077 lex
3186 5036 3289 5076 una
3322 5020 3557 5085 erit;ad

1954 5120 2317 5182 sacerdotem,
2352 5119 2442 5189 qui
2472 5133 2593 5174 eam
2625 5116 2916 5181 obtulerit,
2950 5115 3263 5186 pertinebit.
3287 5114 3555 5171 Sacerdos

1951 5215 2041 5285 qui
2070 5214 2226 5270 oll‘ert
2257 5213 2554 5268 holocausti
2588 5211 2862 5266 vietimam
2886 5254 2900 5279 ,
2936 5210 3155 5265 habebit
3185 5209 3387 5280 pellem
3413 5208 3555 5277 ejus.

1954 5308 2021 5365 Et
2046 5324 2208 5365 omne
2253 5306 2581 5363 sacriﬁcium
2630 5305 2858 5371 similae,
2895 5305 3040 5375 quod
3072 5306 3327 5375 coquitur
3366 5305 3420 5358 in
3460 5303 3561 5357 cli-

1955 5403 2121 5472 bano,
2155 5401 2417 5473 quidquid
2450 5412 2499 5457 et
2526 5400 2580 5455 in
2622 5400 2884 5456 craticula
2910 5400 3001 5456 vel
3033 5400 3085 5454 in
3113 5399 3388 5470 sartagine
3417 5412 3557 5467 prae-

1957 5505 2200 5568 paratur,
2248 5495 2367 5567 ejus
2390 5496 2492 5551 erit
2520 5494 2826 5551 sacerdotis
2865 5508 2895 5549 a
2923 5508 3034 5565 quo
3060 5493 3286 5548 offertur
3318 5489 3433 5563 :[h.
3478 5488 3556 5558 et]

1958 5734 2081 5772 num
2112 5733 2174 5798 επ
2195 5715 2571 5798 ἐαριιθξιίιρηιε
2598 5714 2773 5769 MART.
2923 5784 2934 5798 .
3131 5797 3136 5798 γ
3168 5796 3176 5798 Α
3214 5795 3252 5798 Α

2032 5819 2101 5828 ——
2117 5776 2346 5842 Palatin.
2361 5776 2418 5840 ’ἕξι
2444 5786 2674 5842 Urbiuas
2700 5800 2829 5841 mss.
2844 5825 2857 5849 ,
2877 5784 3084 5853 plenum
3116 5796 3177 5834 ex
3198 5795 3256 5833 eo
3275 5776 3556 5852 pugillum;

1964 5860 2052 5917 alii
2080 5874 2244 5932 penes
2268 5858 2548 5929 Martian.,
2578 5876 2641 5914 ex
2672 5867 2777 5913 toto
2801 5858 2981 5927 legunt
3015 5869 3111 5925 pro
3132 5868 3195 5908 ex
3216 5866 3293 5905 eo.
