4044 6360
492 341 593 395 507

1504 335 1559 391 S.
1607 329 1986 388 llliﬁRObYMl
2023 325 2258 385 DlVlNA
2301 326 2777 384 BIBLIOTHECA.
2810 347 2817 354 ·

3684 323 3797 385 503

493 460 608 512 sive
638 458 762 511 oleo
790 466 1087 524 conspersa
1113 494 1127 518 ,
1159 452 1278 508 sive
1310 451 1460 505 arida
1494 450 1687 515 fuerit,
1721 448 1932 502 cunctis
1967 445 2094 501 tttits
2120 445 2172 507 Α
2199 443 2433 499 victimis
2465 461 2477 496 :
2527 458 2662 513 quas
2718 441 2904 514 (Vulg.
2959 440 3143 512 quam]
3196 442 3481 496 consuluit
3532 439 3798 497 Dominus

498 551 675 607 Aaron
726 556 978 603 mensura
1025 560 1177 615 requa
1220 554 1318 615 per
1354 542 1599 613 singulos
1640 539 1930 595 dividetur.
1967 538 2095 592 Haec

499 650 584 696 εει
605 640 691 696 lex
722 638 913 694 hostia:
945 635 1299 707 paciﬁcorum
1341 647 1459 701 qua:
1489 630 1713 686 oﬁ'ertur
1759 629 2010 685 Domino.
2037 630 2092 683 Si

500 748 599 804 pro
624 733 925 805 gratiarum
957 728 1174 785 actione
1207 727 1371 782 fuerit
1411 725 1632 789 oblatio,
1663 722 1896 778 oﬁ‘erent
1927 735 2096 792 panes

503 829 711 898 absque
741 825 1014 882 fermento
1059 836 1386 892 conspersos
1418 819 1574 885 oleo,
1606 828 1661 874 et
1690 818 1879 888 lagana
1905 830 2094 888 azyma

401 953 426 993 ρ
506 930 672 977 uncta
703 921 845 984 oleo,
891 926 1210 986 coetumque
1251 912 1516 972 similam.
1562 922 1617 966 et
1653 908 1949 982 collyridns
1992 909 2096 965 olei

505 1012 843 1069 admixtione
869 1020 1195 1078 conspersae
1232 1024 1243 1058 :
1277 1019 1445 1075 panes
1475 1012 1689 1075 quoque
1718 1001 2093 1065 fermentatus,

500 1115 623 1160 cum
653 1104 824 1157 bos-tia
853 1100 1174 1171 gratiarum,
1202 1103 1323 1168 qua:
1352 1098 1666 1152 immolatur
1688 1109 1788 1167 pro
1816 1087 2052 1164 paciﬁcis
2079 1108 2093 1146 :

499 1212 567 1254 ex
596 1199 795 1267 quibus
824 1209 967 1250 unus
994 1208 1094 1264 pro
1142 1193 1403 1259 primitiis
1431 1190 1697 1246 oﬁ‘eretur
1734 1189 1995 1254 Domino,
2042 1196 2101 1244 et

502 1293 610 1349 erit
642 1290 949 1347 sacerdotis
978 1288 1069 1358 qui
1114 1286 1304 1342 ﬁtntlet
1337 1284 1529 1341 hostite
1556 1286 1901 1356 sanguinem.
1931 1282 2098 1354 Cujus

502 1396 697 1438 carnes
728 1382 917 1436 eadem
948 1380 1304 1435 com’cdentur
1325 1378 1437 1447 die,
1468 1393 1570 1433 nec
1596 1377 1903 1433 remanebit
1931 1391 1997 1431 ex
2020 1375 2099 1431 eis

498 1477 795 1548 quidquam
832 1484 1006 1543 usque
1034 1482 1215 1528 mane.
1241 1472 1299 1530 Si
1328 1481 1456 1525 voto
1480 1472 1563 1526 vel
1590 1480 1789 1541 sponte
1811 1469 2098 1541 quisquam

502 1566 765 1625 obtulerit
796 1569 1063 1632 busdam,
1097 1566 1288 1622 eadem
1339 1564 1589 1621 similiter
1616 1563 1812 1620 edetur
1840 1563 1928 1618 die
1960 1579 1973 1617 :
2004 1560 2101 1617 sed

498 1672 551 1718 et
594 1665 639 1719 si
682 1664 808 1735 quid
854 1664 907 1718 in
947 1662 1249 1718 crastinum
1298 1659 1654 1727 remanserit,
1703 1658 1845 1713 vesci
1890 1657 2099 1713 licitum

499 1766 579 1813 est
610 1774 624 1812 :
656 1757 913 1828 quidquid
947 1762 1129 1810 autem
1158 1755 1348 1817 tertius
1375 1753 1652 1809 invenerit
1677 1752 1823 1817 dies,
1845 1752 1989 1822 ignis
2008 1752 2104 1807 ab-

2199 537 2328 592 Mosi
2360 538 2413 591 in
2444 545 2628 590 monte
2670 535 2819 591 Sinni
2848 577 2862 600 ,
2891 534 3112 606 quando
3141 535 3418 591 mandavit
3462 535 3594 592 ﬁliis
3622 534 3796 592 lsrael

2197 628 2527 685 utotl‘errent
2555 629 2868 684 oblationes
2894 641 3019 682 suas
3036 627 3267 683 Domino
3292 628 3343 681 in
3369 627 3590 684 deserto
3618 627 3794 685 Sinai.

2268 719 2352 793 [Ο.
2381 720 2459 785 X,
2492 719 2624 790 Cap.
2674 717 2840 790 Vill.]
2886 718 3237 789 Locutusque
3283 729 3366 773 est
3414 719 3679 775 Dominus
3727 720 3801 779 ad

2197 814 2380 871 Mosen
2403 859 2417 883 ,
2453 815 2645 870 dicens
2678 831 2691 870 :
2720 813 2880 870 Tolle
2919 811 3103 869 Aaron
3139 828 3260 867 cum
3294 813 3418 869 ﬁliis
3457 814 3570 868 suis
3617 823 3801 874 vestes

2197 924 2416 976 eorum,
2460 918 2513 962 et
2564 908 2839 963 unctionis
2887 906 3104 973 oleum,
3150 907 3376 963 vitulum
3420 923 3518 979 pro
3547 914 3801 982 peccato,

2198 1003 2335 1058 duos
2363 1002 2565 1059 arietes
2588 1041 2603 1069 ,
2643 1010 2701 1057 et
2740 1001 3045 1057 canistrum
3073 1015 3199 1056 cum
3231 1000 3469 1073 azymis,
3494 1011 3551 1057 et
3568 1017 3803 1074 congre-

2199 1098 2348 1168 gabis
2381 1108 2599 1153 omnem
2623 1104 2825 1153 cretum
2853 1095 2920 1151 ad
2946 1096 3145 1151 ostium
3172 1095 3529 1153 tabernaculi.
3559 1095 3644 1169 [ϐ.
3679 1095 3799 1170 XL]

2199 1189 2351 1245 Fecit
2394 1189 2572 1245 Moses
2600 1198 2659 1244 ut
2689 1188 2954 1243 Dominus
2992 1188 3380 1258 imperaverat.
3424 1188 3804 1261 Congregata-

2200 1302 2303 1356 que
2332 1276 2477 1340 omni
2509 1286 2662 1340 turba
2685 1294 2814 1340 ante
2837 1282 2990 1339 fores
3019 1282 3394 1347 tabernaculi,
3426 1282 3506 1338 ait
3540 1301 3552 1336 :
3585 1283 3696 1340 late
3717 1291 3808 1343 est

2200 1394 2401 1445 sermo,
2435 1394 2597 1450 quem
2625 1378 2789 1448 jussit
2813 1378 3078 1433 Dantinus
3106 1376 3245 1433 ﬁeri.
3268 1376 3579 1449 Statimque
3602 1378 3807 1437 obtulit

2203 1474 2384 1527 Aaron
2416 1479 2471 1525 et
2500 1472 2643 1527 ﬁlios
2687 1471 2828 1541 ejus.
2862 1470 3115 1540 (lutoque
3161 1470 3383 1526 lavisset
3424 1484 3554 1536 eos,
3586 1471 3807 1528 vestivit

2205 1564 2519 1635 pontiﬁcem
2547 1564 2815 1619 subucula
2847 1564 2989 1619 linea
3013 1602 3028 1633 δ
3055 1563 3347 1634 accingeris
3369 1577 3496 1619 eum
3522 1562 3726 1630 balteo,
3746 1570 3807 1621 et

2203 1655 2438 1714 induens
2468 1654 2656 1729 [ναις.
2709 1657 2836 1712 add.
2893 1655 3040 1729 eum]
3093 1656 3278 1711 tunica
3325 1655 3709 1728 hyacinthina,
3745 1663 3806 1715 et

2205 1751 2444 1821 desuper
2489 1750 2769 1805 humerale
2804 1740 3095 1821 imposuit,
3136 1750 3281 1820 quod
3331 1748 3641 1821 astringens
3691 1749 3807 1806 cin-

499 1856 701 1905 Suntet.
731 1849 814 1922 {(1.
849 1846 1008 1921 Vlil.]
1039 1848 1104 1903 Et
1136 1849 1178 1902 si
1210 1847 1337 1918 quis
1365 1845 1435 1902 de
1466 1846 1731 1901 carnibus
1751 1844 1986 1899 victimae
2008 1854 2102 1912 pa-
2132 1834 2178 1896 Β
2204 1846 2353 1920 guto,
2383 1846 2588 1917 aptavit
2628 1846 2913 1911 rationali,
2948 1846 3000 1901 in
3031 1862 3138 1916 quo
3168 1854 3291 1901 erat
3320 1844 3582 1901 Dertriua
3612 1853 3669 1901 ct
3700 1845 3807 1902 Vsa

500 1934 783 2001 ciﬁcorum
812 1944 904 1999 die
956 1943 1120 1999 tertio
1162 1941 1510 2008 comederit,
1557 1940 1706 1996 irrita
1754 1939 1846 1995 ﬁet
1873 1937 2099 2006 oblatio,

502 2045 606 2092 nec
654 2036 904 2107 proderit
951 2035 1200 2091 oﬁerenti
1259 2051 1274 2088 :
1330 2034 1459 2104 quiti
1515 2033 1693 2104 pctius
1748 2045 2102 2103 quaecumque

500 2131 682 2183 anima
723 2129 813 2182 tali
845 2142 907 2182 se
938 2126 1125 2182 edulio
1170 2126 1653 2195 contaminaverit,
1701 2125 2103 2195 praevaricatio-

502 2220 590 2275 nis
621 2236 711 2275 rea
739 2222 866 2276 erit.
898 2218 1065 2286 Caro,
1086 2234 1209 2289 qum
1236 2217 1438 2289 aliquid
1469 2217 1709 2288 tetigerit
1734 2215 2100 2283 immundum,

505 2326 613 2367 non
656 2311 996 2374 comedetur,
1047 2311 1143 2366 sed
1198 2311 1548 2366 comburetur
1595 2311 1751 2380 igni:
1801 2309 1892 2380 qui
1938 2308 2104 2365 fuerit

506 2404 761 2471 mundus,
790 2415 1048 2460 vescetur
1077 2420 1162 2459 ea.
1192 2405 1383 2473 Anima
1414 2404 1653 2475 polluta,
1683 2420 1803 2475 qua!
1831 2402 2009 2459 ederit
2032 2402 2101 2458 de

501 2498 761 2553 carnibus
809 2497 1004 2553 hostiae
1060 2497 1447 2568 paciﬁcorum,
1487 2511 1610 2567 qum
1650 2496 1829 2551 oblata
1872 2500 1952 2551 cst
1992 2494 2103 2551 Do-

504 2592 677 2656 mino,
709 2591 908 2659 peribit
947 2590 1016 2646 de
1046 2590 1262 2662 populis
1296 2592 1431 2645 suis.
1473 2590 1537 2645 Et
1564 2606 1684 2660 qua:
1725 2588 1966 2660 tetigerit
1994 2587 2097 2643 im-

506 2684 830 2738 munditiam
886 2683 1159 2749 ltominis,
1211 2682 1297 2739 vel
1332 2682 1595 2753 iumenti,
1643 2682 1758 2738 sive
1802 2682 1981 2736 omnis
2022 2680 2101 2736 rei

502 2793 628 2849 qute
666 2778 912 2849 polluere
957 2786 1168 2849 potest,
1205 2786 1260 2832 et
1301 2776 1605 2833 comederit
1629 2776 1697 2831 de
1725 2774 2101 2845 hujuscemodi

502 2870 796 2935 carnibus,
830 2869 1077 2925 inti‘ribit
1103 2870 1172 2924 de
1216 2870 1431 2939 populis
1468 2868 1606 2925 suis.
1641 2867 1987 2937 Luctttusque
2016 2875 2101 2923 est

507 2963 764 3017 Dominus
810 2963 874 3017 ad
923 2962 1139 3031 Mosen,
1168 2963 1356 3017 dicens
1388 2980 1401 3015 :
1435 2962 1684 3032 Loquere
1727 2960 1851 3016 ﬁliis
1891 2960 2096 3015 Israel:

504 3052 731 3124 Adipem
771 3055 892 3109 ovis
916 3098 930 3121 ,
978 3063 1033 3108 et
1080 3054 1264 3121 boris,
1294 3067 1346 3110 et
1393 3070 1605 3123 caprae,
1641 3071 1746 3109 non
1778 3056 2096 3110 comedetiSt

502 3145 729 3215 Adipem
765 3147 1050 3202 cadaveris
1076 3147 1357 3202 mortici'ni
1380 3189 1395 3216 ,
1435 3155 1499 3203 et
1515 3147 1634 3218 ejus
1664 3148 1916 3202 animalis
1954 3147 2098 3217 quod

500 3254 529 3293 a
562 3240 737 3294 bestia
771 3250 985 3310 captum
1028 3252 1141 3303 est.
1190 3241 1463 3296 bab’ebitls
1510 3244 1560 3296 in
1608 3257 1737 3297 usus
1789 3245 1989 3299 rarius.
2040 3243 2095 3300 Si
2125 3224 2169 3286 (ἶ

499 3332 619 3403 quis
641 3332 855 3403 adipem
882 3373 897 3399 ,
947 3333 1037 3403 qui
1087 3333 1274 3389 'oﬁbrri
1325 3334 1486 3390 debet
1522 3334 1574 3388 in
1612 3337 1891 3391 incensum
1923 3334 2002 3409 [Ιι.
2034 3334 2097 3392 Si

497 3426 622 3496 quis
650 3425 865 3497 adipem
912 3427 1234 3483 animalium
1266 3444 1386 3496 qua:
1414 3427 1593 3495 offerri
1620 3428 1803 3484 debent
1837 3430 1888 3484 in
1929 3428 2098 3485 sacri-

498 3519 710 3591 lirium]
738 3519 986 3585 Domini,
1016 3521 1348 3586 comederit,
1396 3522 1597 3591 peribit
1626 3523 1693 3576 de
1724 3523 1926 3592 populo
1968 3538 2090 3578 suo.

498 3610 829 3681 Sanguinem
856 3626 1070 3683 quoque
1098 3613 1279 3668 omnis
1312 3615 1565 3669 animalis
1608 3630 1714 3669 non
1763 3614 1991 3669 sumetis
2039 3615 2091 3669 in

497 3704 641 3765 cibo,
701 3712 808 3758 tam
852 3702 925 3758 de
959 3704 1151 3759 aribus
1192 3712 1356 3775 quam
1402 3706 1472 3761 de
1522 3707 1817 3775 pecoribus
1866 3705 1947 3779 [Ιι.
1985 3721 2092 3760 non

496 3794 722 3848 sumetis
758 3794 812 3848 in
834 3793 965 3855 cibo,
988 3794 1044 3849 in
1072 3797 1273 3849 cunctis
1304 3795 1616 3850 habitaculis
1644 3796 1870 3868 vestris].
1901 3796 2092 3852 Omnis

496 3886 705 3955 anima,
735 3902 856 3957 qua:
900 3886 1076 3941 ederit
1122 3888 1442 3958 sanguinem
1472 3928 1487 3953 ,
1528 3888 1727 3957 peribit
1765 3888 1832 3943 de
1874 3889 2091 3960 populis

494 3980 629 4036 suis.
662 3978 747 4051 [0.
782 3979 903 4052 lX.]
948 3979 1295 4052 Locutusqne
1340 3991 1423 4037 est
1456 3981 1717 4037 Dominus
1752 3983 1819 4038 ad
1870 3984 2089 4050 Mosen,

492 4072 681 4129 dicens
717 4091 729 4127 :
772 4074 1021 4145 L'oquer'e
1064 4075 1191 4130 ﬁliis
1228 4075 1397 4132 larael
1433 4075 1627 4148 [ναις.
1668 4076 1792 4132 add.
1824 4077 2039 4151 dicens]
2070 4094 2087 4139 ε

489 4164 591 4233 Qui
641 4164 803 4221 oﬁ'ert
852 4167 1123 4221 victimam
1175 4167 1530 4237 paciﬁcorum
1578 4168 1849 4235 Domino,
1892 4169 2089 4226 oﬁ‘erat

490 4259 650 4314 simul
675 4267 733 4315 et
770 4260 1133 4327 sacriﬁcium,
1164 4261 1215 4316 id
1260 4271 1374 4328 est,
1407 4270 1463 4317 et
1493 4263 1785 4318 libamenta
1812 4262 1952 4333 ejus.
1985 4264 2090 4320 Te-

489 4353 640 4409 nebit
688 4352 940 4408 manibus
986 4353 1203 4424 adipem
1258 4353 1485 4421 hostiae,
1544 4365 1599 4410 et
1651 4357 2022 4425 pectuscnlnm
2069 4375 2084 4412 :

486 4450 719 4518 cumque
748 4447 909 4502 ambo
938 4447 1122 4503 oblata
1172 4447 1404 4502 Domino
1444 4449 1878 4512 consecraverit,
1908 4448 2088 4506 tradet

484 4540 801 4606 sacerdoti,
853 4541 942 4610 qui
992 4540 1233 4596 adolebit
1266 4539 1482 4611 adipem
1523 4555 1689 4610 super
1716 4542 1920 4611 altare,
1959 4556 2088 4612 pec-

2206 1941 2360 1997 ritas.
2391 1938 2575 1996 Cidari
2601 1955 2816 2012 quoque
2840 1940 2977 1996 texit
2997 1950 3197 2011 Caput:
3225 1947 3279 1995 et
3308 1955 3476 2009 super
3505 1955 3648 2009 eam,
3674 1948 3808 1996 con-

2208 2046 2288 2091 tra
2339 2034 2608 2103 frontem,
2660 2036 2843 2105 posuit
2884 2035 3143 2091 laminam
3175 2050 3398 2091 auream
3428 2044 3807 2095 consecratam

2206 2128 2259 2181 in
2312 2129 2787 2196 sanctiﬁcatione,
2845 2129 2988 2183 sicut
3036 2124 3372 2199 prtrceperat
3420 2128 3470 2183 ei
3517 2127 3805 2184 Dominus.

2206 2221 2356 2279 Tulit
2384 2230 2440 2277 et
2468 2222 2747 2278 unctionis
2795 2222 2975 2278 oleum
2998 2264 3014 2287 ,
3038 2236 3154 2293 quo
3186 2222 3364 2277 linivit
3390 2222 3806 2307 tabernaculum

2204 2330 2327 2368 cum
2384 2315 2528 2369 omni
2588 2314 2915 2386 supellectili
2974 2329 3090 2369 sua.
3152 2313 3396 2384 Cumque
3451 2313 3805 2372 sanctiﬁcans

2204 2406 2523 2477 aspersisset
2551 2407 2724 2463 altare
2753 2416 2963 2477 septem
2982 2406 3213 2472 vicibus,
3233 2407 3387 2463 unxit
3416 2407 3571 2475 illud,
3598 2419 3654 2464 et
3679 2422 3816 2463 om-r

2204 2498 2293 2552 nia
2323 2513 2448 2552 vasa
2505 2498 2655 2569 ejus,
2691 2496 3012 2569 lobrumque
3033 2512 3158 2557 cum
3208 2498 3323 2553 basi
3353 2496 3433 2571 [b.
3468 2498 3674 2572 ﬁstula]
3703 2513 3804 2557 sua

2203 2590 2569 2646 sanctiﬁcavit
2600 2592 2743 2647 oleo.
2773 2590 2930 2660 Quod
2956 2589 3192 2646 fundens
3214 2602 3386 2660 super
3403 2600 3566 2661 caput
3586 2592 3803 2659 Aaron,

2202 2686 2358 2740 unxit
2380 2698 2506 2739 eum
2545 2694 2602 2740 et
2628 2685 2971 2741 consecravit
3006 2701 3021 2743 :
3055 2684 3200 2739 ﬁlios
3228 2692 3444 2755 queque
3494 2686 3614 2756 ejus
3649 2684 3804 2742 obla-

2205 2790 2288 2834 tos
2316 2780 2530 2835 vestivit
2560 2778 2761 2835 tunicis
2784 2778 2971 2845 lineis,
2996 2790 3047 2834 et
3080 2779 3248 2834 cinxit
3268 2779 3450 2835 balteo
3470 2777 3655 2852 [ναις.
3682 2779 3805 2836 bal~

2202 2870 2327 2945 teis]
2349 2915 2362 2940 ,
2400 2873 2764 2944 imposuitque
2787 2873 2999 2937 mitras,
3031 2881 3089 2926 ut
3111 2874 3346 2941 jusserat
3380 2871 3660 2929 Dominus.
3685 2871 3801 2928 Ob-

2203 2965 2405 3020 tulitet
2432 2965 2662 3020 vitulum
2708 2975 2807 3034 pro
2857 2974 3099 3035 peccato.
3138 2966 3388 3034 Cumque
3435 2980 3604 3037 super
3636 2974 3804 3039 caput

2202 3056 2321 3126 ejus
2349 3057 2701 3127 imposuisset
2743 3059 2959 3125 Aaron,
2993 3066 3047 3113 et
3090 3060 3182 3114 lilii
3237 3059 3357 3130 ejus
3386 3065 3582 3116 manus
3632 3070 3799 3130 snas,

2204 3149 2507 3205 immolavit
2548 3164 2708 3213 eum,
2744 3149 3005 3206 hauriens
3030 3152 3384 3221 sanguinem,
3417 3163 3471 3208 et
3501 3153 3673 3210 tincto
3706 3153 3799 3211 di-

2201 3243 2333 3312 gito.
2364 3243 2542 3314 tetigit
2571 3258 2781 3299 cornua
2826 3244 3018 3300 altaris
3063 3261 3163 3315 per
3189 3258 3403 3318 gyrum.
3432 3246 3551 3316 Quo
3578 3248 3801 3319 expiato

2202 3346 2258 3392 et
2284 3337 2648 3405 sanctiﬁcato,
2681 3337 2818 3393 ludit
2846 3338 3117 3407 reliquum
3155 3342 3476 3409 sanguinem
3510 3341 3581 3396 ad
3606 3341 3800 3397 funda-

2200 3444 2384 3487 menta
2409 3431 2547 3501 ejus.
2584 3432 2810 3502 Adipem
2836 3440 3016 3487 autem
3038 3434 3132 3502 qui
3160 3442 3276 3488 erat
3306 3442 3473 3504 super
3498 3434 3714 3503 vitalia,
3742 3443 3801 3493 et

2201 3526 2492 3581 reticulum
2521 3527 2751 3595 jeeoris,
2800 3526 3047 3598 duosque
3067 3528 3397 3582 reuuoculos
3423 3541 3546 3583 cum
3574 3528 3802 3585 arvina.

2199 3615 2266 3671 lis
2304 3617 2447 3685 suis,
2479 3617 2715 3673 adolevit
2758 3633 2927 3688 super
2962 3618 3170 3674 altare:
3219 3618 3451 3675 vitulum
3482 3635 3602 3675 cum
3630 3621 3796 3693 pelle,

2198 3712 2453 3767 carnibus
2474 3754 2489 3776 ,
2522 3723 2576 3768 et
2609 3712 2760 3782 ﬁmo,
2791 3702 3046 3769 cretnaus
3073 3725 3225 3768 etttrn
3254 3724 3434 3770 rastra
3456 3757 3471 3784 ,
3493 3714 3633 3770 sicut
3653 3730 3798 3785 prte—

2196 3812 2414 3875 ceperat
2438 3806 2718 3861 Dominus.
2739 3806 2954 3863 Obtulit
2976 3816 3033 3863 et
3059 3807 3285 3863 arietem
3310 3808 3361 3861 in
3387 3806 3795 3880 holocaustum,

2196 3915 2360 3971 super
2404 3899 2559 3970 cujus
2606 3910 2770 3971 caput
2811 3915 2935 3955 cum
2984 3900 3378 3969 impbsuissent
3399 3900 3579 3956 Aaron
3611 3910 3666 3956 et
3694 3900 3798 3959 ﬁlii

2194 3994 2311 4064 ejits
2340 4010 2532 4051 manus
2562 4008 2687 4051 suas
2708 4037 2723 4064 ,
2772 3996 3078 4052 immolavit
3114 4006 3242 4053 eum
3268 4037 3285 4064 ,
3324 4006 3379 4053 et
3408 3997 3547 4052 t'ndit
3571 3999 3799 4070 sanguio

2195 4103 2317 4141 nem
2341 4087 2461 4159 ejus
2490 4104 2657 4160 super
2683 4090 2854 4145 altare
2884 4105 2981 4161 per
3005 4091 3291 4146 circuitum
3333 4090 3524 4163 [γαίῃ.
3560 4106 3661 4163 per
3684 4093 3798 4148 eira-

2191 4181 2393 4236 cuitum
2439 4183 2668 4255 altaris].
2714 4184 3005 4255 ipsumque
3041 4185 3276 4240 arietem
3311 4185 3362 4238 in
3410 4183 3576 4241 frusta
3602 4185 3795 4241 conci-

2190 4275 2323 4332 dens
2344 4317 2359 4343 ,
2391 4282 2555 4348 caput
2580 4277 2728 4347 ejus,
2758 4285 2816 4332 et
2844 4285 3016 4339 artus.
3047 4287 3104 4332 et
3129 4277 3344 4348 adipem
3375 4276 3617 4333 adolevit
3645 4278 3792 4349 igni,

2190 4367 2315 4423 lotis
2361 4369 2511 4438 prius
2561 4369 2835 4426 intestinis
2880 4381 2932 4427 et
2985 4370 3242 4441 pedibus,
3300 4381 3580 4443 totumque
3626 4374 3793 4433 simul

2188 4461 2414 4516 arietem
2447 4461 2690 4518 incendit
2718 4477 2885 4533 super
2911 4462 3116 4529 altare,
3148 4477 3215 4519 eo
3254 4464 3399 4535 quod
3447 4474 3595 4522 esset
3626 4466 3791 4522 bolos

2188 4562 2437 4609 caustum
2468 4554 2773 4610 suavissimi
2802 4553 2989 4610 odoris
3027 4554 3282 4619 Domino,
3316 4556 3461 4611 sicut
3494 4571 3788 4630 praicepe—

485 4633 757 4688 tusculum
787 4642 970 4690 autem
1000 4634 1105 4689 erit
1133 4633 1322 4689 Aaron
1361 4644 1418 4690 et
1447 4632 1680 4689 ﬁliorum
1713 4633 1850 4704 ejus.
1882 4634 2083 4691 Armus
2110 4618 2164 4680 D
2189 4654 2272 4699 rat
2296 4645 2370 4699 ei.
2406 4644 2615 4701 Obtulit
2655 4654 2711 4701 et
2746 4646 2972 4701 arietem
3016 4618 3342 4713 secundum,
3396 4647 3450 4702 in
3489 4618 3790 4705 ὲοηεθέηι

483 4738 700 4795 quoque
722 4725 921 4781 dexter
942 4726 1011 4782 de
1037 4725 1388 4796 paciﬁcorum
1417 4725 1609 4781 hostiis
1633 4725 1792 4782 cedet
1813 4727 1868 4780 in
1899 4727 2084 4797 primi-

483 4815 585 4869 tias
610 4817 939 4873 sacerdotis.
972 4817 1077 4886 Qui
1108 4817 1366 4873 obtulerit
1408 4818 1730 4888 sanguinem
1756 4825 1814 4874 et
1839 4818 2078 4889 adipem,

480 4906 716 4962 ﬁliorum
760 4910 979 4976 Aaron,
1030 4911 1147 4980 ipse
1192 4909 1415 4966 habebit
1462 4922 1675 4967 armum
1718 4910 1973 4968 dextrum
2023 4914 2078 4970 in

481 5002 733 5072 portione
771 5017 890 5057 sua.
936 5003 1316 5059 Pectusculum
1360 5002 1504 5059 enim
1536 5003 1860 5061 elevationis
1896 5014 1951 5062 et
1991 5020 2079 5062 ar-

479 5102 625 5152 mum
652 5098 1017 5169 separationis
1044 5098 1144 5153 tuli
1166 5106 1194 5153 a
1220 5097 1349 5153 ﬁliis
1377 5097 1545 5153 lsrael
1567 5097 1635 5154 de
1657 5098 1851 5157 hostiis
1876 5112 2069 5157 eorum

477 5188 744 5258 paciﬁcis,
799 5197 855 5245 et
892 5188 1019 5246 dedi
1073 5191 1252 5246 Aaron
1292 5190 1567 5247 sacerdoti
1619 5206 1683 5246 ac
1740 5192 1865 5247 ﬁliis
1912 5194 2065 5265 ejus,

473 5283 593 5355 lege
618 5290 903 5354 perpetua,
938 5283 1009 5338 ab
1031 5284 1180 5339 omni
1212 5286 1411 5356 populo
1438 5284 1632 5342 Israel.
1652 5284 1744 5359 f'l‘.
1768 5287 1837 5356 ν,
1864 5288 1925 5344 Β.
1949 5288 2066 5363 lV.]

472 5376 603 5433 Haec
628 5385 714 5432 est
741 5378 932 5433 unctio
971 5378 1154 5434 Aaron
1184 5385 1242 5433 et
1282 5377 1520 5434 ﬁliorum
1558 5379 1678 5451 ejus
1710 5382 1762 5435 in
1803 5396 2068 5439 curetum

471 5470 577 5526 niis
622 5469 869 5537 DOmini,
914 5470 1005 5526 die
1030 5486 1137 5543 qua
1166 5472 1370 5528 obtulit
1410 5488 1507 5531 eos
1539 5474 1753 5543 Moses,
1784 5483 1843 5530 ut
1883 5489 2065 5533 sacer-

466 5562 617 5619 dotio
647 5565 1027 5635 fungerentur,
1070 5573 1125 5619 et
1156 5580 1277 5632 quae
1308 5566 1568 5636 prmcepit
1597 5566 1713 5621 dari
1752 5569 1834 5623 eis
1875 5567 2060 5623 Domi—

466 5673 568 5714 nus
598 5674 625 5711 a
657 5658 783 5714 ﬁliis
808 5657 974 5715 lsrael
1003 5658 1272 5730 religione
1294 5669 1561 5732 perpetua
1591 5660 1645 5717 in
1689 5662 2060 5732 generationi-

465 5748 566 5805 bus
591 5750 724 5809 suis.
771 5749 875 5807 ista
900 5751 987 5810 les
1016 5742 1321 5809 bolocausti
1351 5746 1406 5810 et
1435 5742 1685 5811 sacriﬁcii
1712 5768 1811 5827 pro
1839 5752 2061 5828 peccato

464 5851 625 5914 atque
672 5842 891 5913 delicta,
924 5852 982 5902 et
1007 5856 1108 5918 pro
1155 5847 1572 5906 consecratione
1619 5857 1675 5905 et
1702 5849 2057 5921 paciﬁcoru'm

2189 4736 2338 4793 tione
2367 4739 2711 4794 sacerdotum
2750 4756 2764 4793 :
2793 4746 3211 4809 posueruntque
3254 4753 3422 4809 super
3446 4752 3609 4810 caput
3641 4741 3791 4800 illius

2188 4829 2369 4885 Aaron
2397 4840 2451 4885 et
2480 4830 2574 4885 ﬁlii
2605 4830 2725 4900 ejus
2758 4844 2954 4884 manus
2983 4844 3130 4886 suas.
3154 4831 3328 4898 Quem
3350 4846 3473 4886 cum
3504 4832 3791 4890 immotas-

2184 4934 2267 4977 set
2281 4921 2483 4989 Moses,
2503 4916 2727 4979 sumens
2740 4924 2808 4978 de
2821 4923 3110 4995 sanguine,
3127 4924 3623 4994 tetigitextremum
3643 4927 3791 4983 auri—

2183 5015 2321 5070 culte
2361 5014 2566 5069 dextrte
2610 5015 2818 5083 Aaron,
2868 5022 2925 5070 et
2945 5014 3193 5084 pollicem
3244 5029 3436 5072 manus
3478 5015 3600 5086 ejus
3645 5017 3787 5075 dex-

2176 5116 2295 5172 trae,
2324 5107 2574 5163 similiter
2590 5118 2647 5163 et
2671 5108 2847 5176 pedis.
2877 5108 3085 5164 Obtulit
3111 5119 3168 5164 et
3206 5109 3345 5164 ﬁlios
3374 5108 3580 5167 Aaron.
3609 5111 3783 5167 Cum-

2174 5219 2279 5273 que
2304 5203 2373 5258 de
2396 5203 2658 5274 sanguine
2676 5204 3142 5260 ariotisimmolati
3166 5202 3434 5274 tetigisset
3460 5212 3781 5263 extremum

2173 5295 2432 5352 auricolte
2462 5295 2810 5367 singulorum
2842 5295 3084 5361 dextrzn;
3116 5304 3171 5352 et
3208 5295 3441 5368 pollices
3486 5308 3682 5353 manus
3712 5314 3781 5355 ac

2171 5389 2326 5460 pedis
2352 5389 2557 5455 dextri,
2588 5390 2853 5461 reliquum
2888 5388 3028 5444 fudit
3056 5398 3222 5458 super
3248 5391 3425 5444 altare
3456 5406 3558 5460 per
3574 5390 3780 5448 circui-

2172 5488 2284 5538 tum
2319 5502 2332 5537 :
2357 5482 2571 5552 adipem
2600 5496 2750 5549 vero,
2777 5491 2831 5538 et
2850 5482 3104 5549 caudam,
3132 5495 3464 5552 carnemque
3485 5483 3778 5554 pinguedi-

2171 5592 2292 5632 nem
2335 5591 2457 5648 qute
2492 5576 2670 5647 operit
2714 5574 2977 5632 intestina
3025 5573 3427 5644 reticulumque
3462 5575 3687 5643 iecoris,
3714 5585 3773 5631 et

2166 5670 2303 5727 duos
2326 5684 2487 5725 renes
2517 5684 2639 5725 cum
2676 5667 2935 5739 adipibus
2962 5665 3075 5723 suis
3107 5675 3160 5723 et
3189 5682 3345 5723 armo
3380 5666 3576 5724 dextro
3604 5683 3768 5737 sepa-

2165 5763 2323 5820 ravit.
2358 5762 2582 5819 Tollens
2621 5771 2807 5818 autem
2835 5759 2904 5817 de
2942 5761 3191 5817 canistro
3232 5776 3573 5834 azymorum,
3620 5762 3767 5835 quod

2164 5862 2281 5912 erat
2327 5870 2514 5912 coram
2570 5854 2829 5923 Demino,
2863 5862 3062 5927 panem
3109 5853 3317 5928 absque
3362 5855 3656 5926 (contenta,
3703 5866 3759 5915 et
