4044 6360
280 226 406 283 509
495 227 500 230 ’

1661 231 1866 290 LIBER
1907 233 2224 293 LEVITICI.

3486 252 3592 309 510

277 339 612 412 collyridam
638 355 994 413 conspersam
1025 342 1170 409 oleo,
1207 344 1565 415 laganumqne
1595 346 1774 415 posuit
1795 361 1883 400 sn.
1913 352 1960 408 Α
1993 349 2146 417 taris,
2180 359 2236 405 et
2266 351 2399 406 fudit
2433 353 2710 410 residuum
2759 357 2828 412 ab
2859 358 3033 414 basim
3066 361 3208 432 ejus.
3249 363 3592 437 Adpemque

281 445 392 499 per
423 431 608 502 adipes
633 441 689 487 et
717 447 928 489 armum
956 434 1231 500 dextrum,
1265 435 1484 493 tradens
1512 437 1672 492 simul
1706 439 1893 494 omnia

278 523 477 580 Aaron
508 534 560 580 et
603 524 729 580 ﬁliis
774 526 916 596 ejus.
960 525 1064 596 Qui
1098 537 1386 599 postquam
1415 538 1441 567 α
1471 529 1796 586 levaverunt
1831 546 1893 586 ea

287 629 482 671 coram
529 617 790 680 Domino,
836 635 1051 674 rursum
1101 630 1354 691 suscepta
1401 623 1468 678 de
1516 624 1763 680 manibus
1794 639 1891 680 eo-

276 725 442 776 rum,
510 711 748 768 adolevit
788 727 952 783 super
990 714 1159 770 altare
1223 715 1559 782 holocausti,
1610 732 1676 772 eo
1747 717 1892 788 quod

271 806 712 860 consecrationis
756 816 903 863 esset
949 805 1178 875 oblatio,
1236 809 1288 864 in
1335 808 1560 864 odorem
1601 811 1888 867 suavitatis

270 896 538 952 sacriﬁcii
599 899 850 954 Domino.
913 900 1056 956 Tulit
1106 910 1160 956 et
1207 903 1619 972 pectuscnlum,
1672 903 1892 960 elevans

270 987 413 1043 illud
469 1003 659 1045 coram
718 991 984 1060 Domino,
1034 992 1102 1048 de
1149 993 1318 1049 ariete
1371 994 1796 1050 consecrationis
1837 997 1890 1052 in

268 1091 492 1151 partem
546 1101 699 1140 suam
731 1085 750 1158 [
781 1085 834 1140 h.
879 1087 937 1140 In
983 1096 1190 1157 partem
1235 1103 1388 1144 suam
1442 1089 1618 1145 Moses
1648 1090 1702 1162 ],
1751 1091 1886 1148 sicut

271 1185 625 1245 praeceperat
671 1179 719 1231 ei
773 1179 1051 1234 Dominus.
1098 1182 1509 1253 Assumensque
1558 1194 1888 1254 unguentum

267 1275 322 1320 et
351 1268 681 1338 sanguinem
720 1270 814 1341 qui
851 1280 969 1327 erat
997 1287 1159 1342 super
1205 1273 1425 1346 altare[
1462 1274 1621 1347 Vulg.
1650 1277 1882 1351 altari],

263 1361 516 1428 aspersit
557 1378 721 1432 super
755 1366 932 1420 Aaron
983 1373 1039 1420 et
1085 1367 1411 1424 vestimenta
1454 1369 1590 1439 ejus,
1622 1382 1676 1425 et
1708 1386 1876 1441 super

267 1451 420 1508 ﬁlios
454 1455 608 1510 illius
639 1470 702 1511 ac
730 1470 910 1513 ve3tes
956 1474 1168 1514 eorum.
1207 1459 1451 1533 Cumque
1489 1463 1889 1520 sanctiﬁcasset

267 1561 371 1601 eos
414 1547 474 1602 in
500 1551 701 1606 vestitu
736 1566 836 1606 suo
870 1552 889 1624 [
916 1553 971 1609 h.
997 1556 1236 1624 Cumque
1275 1556 1670 1613 sanctilicasset
1699 1573 1796 1614 eos
1825 1568 1882 1614 et

264 1651 455 1696 vestes
488 1658 678 1699 eorum
703 1644 745 1717 ],
781 1649 1044 1718 υτωουρὶι
1073 1650 1175 1713 eis,
1209 1650 1401 1705 dicens
1439 1669 1450 1704 :
1495 1652 1728 1723 Coquite
1761 1668 1883 1708 car-

1999 449 2054 495 et
2098 443 2454 512 renunculos,
2489 460 2552 500 ac
2597 447 2882 504 reticulum
2919 450 3144 520 jecoris,
3180 469 3303 525 qua:
3329 466 3456 512 sunt
3492 473 3592 529 pro

2000 543 2248 602 peccato,
2281 536 2521 592 adolevit
2543 553 2708 610 super
2733 541 2935 611 altare,
2957 545 3093 600 sicut
3114 561 3449 618 praeceperat
3481 550 3590 606 Do-

1999 628 2176 682 minus
2201 628 2331 685 Mosi
2363 646 2375 684 :
2409 645 2602 687 carnes
2617 648 2747 689 vero
2769 645 2822 690 et
2855 637 3046 705 pellem
3080 639 3197 708 ejus
3225 649 3382 696 extra
3407 651 3592 701 castra

1995 720 2296 776 combussit
2323 723 2452 794 igni.
2487 724 2791 782 lmmolavit
2829 738 2883 782 et
2917 727 3222 786 holocausti
3260 731 3534 790 victimam
3570 753 3586 791 :

1996 813 2419 886 obtuleruntqne
2447 815 2494 872 ei
2525 818 2618 872 lilii
2647 821 2730 874 sui
2757 823 3075 890 sanguinem
3099 821 3238 893 ejus,
3263 840 3420 897 quem
3455 827 3593 884 fudit

1995 921 2091 978 per
2121 909 2310 966 altaris
2331 912 2642 968 circuitum.
2674 913 2848 984 Ipsam
2877 915 3038 973 etiam
3073 916 3304 976 hostiam
3336 920 3388 976 in
3419 921 3592 980 frusta

1993 1002 2292 1071 concisam,
2337 1019 2458 1059 cum
2489 1006 2670 1076 capite
2715 1015 2770 1063 et
2810 1010 3070 1066 membris
3111 1013 3338 1084 singulis
3376 1014 3593 1072 obtule-

1993 1103 2140 1150 rnnt.
2174 1096 2304 1164 Quae
2335 1100 2513 1154 omnia
2546 1116 2708 1172 super
2735 1103 2907 1159 altare
2953 1107 3198 1161 cremavit
3229 1108 3338 1180 igni
3367 1108 3448 1182 [h.
3479 1125 3588 1167 non

1994 1187 2198 1260 habet],
2231 1189 2354 1245 lotis
2388 1193 2536 1260 prius
2562 1208 2699 1264 aqua
2732 1195 3004 1251 intestinis
3027 1207 3077 1253 et
3108 1200 3356 1270 pedibus.
3397 1203 3464 1258 Et
3486 1219 3588 1274 pro

1992 1291 2212 1349 peccato
2244 1285 2426 1353 populi
2449 1284 2686 1341 offerens
2705 1289 2958 1346 mactavit
2979 1289 3225 1348 hircum:
3256 1295 3586 1367 expiatoque

1939 1404 1954 1418 -
1990 1375 2144 1431 altari
2179 1376 2254 1449 [h.
2289 1393 2396 1448 quo
2426 1379 2536 1434 loto
2564 1391 2729 1453 atque
2751 1382 2977 1455 oblato],
3010 1383 3139 1440 fecit
3178 1386 3582 1456 holocaustum,

1989 1465 2197 1524 addens
2230 1469 2280 1522 in
2308 1471 2580 1526 sacriﬁcio
2606 1472 2918 1540 libamenta,
2953 1493 3075 1546 qua:
3107 1480 3313 1548 pariter
3343 1480 3586 1538 offerun-

1989 1567 2099 1626 tur,
2131 1570 2183 1615 et
2214 1561 2437 1618 adolens
2471 1578 2534 1620 ea
2567 1579 2733 1635 super
2760 1567 2961 1636 altare,
3004 1569 3212 1640 absque
3239 1574 3584 1630 caeremoniis

1992 1651 2294 1708 holocausti
2323 1657 2594 1712 matutini.
2621 1657 2926 1714 Immolavit
2951 1669 3007 1716 et
3033 1661 3224 1718 bovem
3251 1674 3412 1735 atque
3441 1667 3582 1724 arie-

261 1748 367 1787 nes
395 1745 532 1791 ante
564 1737 710 1792 fores
737 1739 1072 1795 tabernaculi
1100 1739 1181 1813 [h.
1215 1741 1576 1798 Tabernaculi
1621 1747 1873 1800 testimo-
1909 1751 1956 1809 Β
1984 1754 2112 1808 tem,
2149 1745 2357 1802 hostias
2385 1749 2640 1818 paciﬁcas
2671 1752 2850 1822 populi
2888 1772 2898 1805 ε
2931 1754 3354 1829 obtuleruntqne
3388 1760 3438 1813 ei
3479 1759 3574 1816 ﬁlii

264 1827 390 1902 nii],
420 1840 484 1886 et
509 1831 587 1888 ibi
609 1833 908 1889 comedetis
934 1847 1048 1890 eas.
1080 1835 1253 1892 Panes
1275 1852 1488 1908 quoque
1505 1839 1879 1894 consecratio-

265 1923 348 1978 nis
383 1924 539 1980 edite
585 1926 680 1998 qui
725 1928 885 1997 positi
913 1940 1037 1983 sunt
1062 1930 1120 1983 in
1141 1930 1406 1995 canistro,
1441 1931 1581 1991 sicut
1626 1933 1883 2002 praecepit

265 2019 402 2072 mihi
451 2019 738 2088 Dominus,
763 2021 950 2077 dicens
981 2041 995 2077 :
1022 2022 1204 2077 Aaron
1237 2033 1289 2078 et
1321 2023 1413 2080 lilii
1444 2024 1561 2094 ejus
1588 2025 1881 2081 eotnedent

261 2125 361 2166 eos
392 2128 410 2169 :
437 2111 703 2183 quidquid
735 2123 914 2169 autem
941 2115 1210 2185 reliquum
1239 2114 1400 2171 fuerit
1423 2116 1492 2172 de
1514 2133 1680 2172 carne
1701 2127 1752 2172 et
1786 2132 1881 2188 pa-

265 2205 458 2270 nibus,
497 2206 640 2277 ignis
680 2207 951 2263 absumet.
989 2208 1066 2264 De
1101 2209 1242 2264 ostio
1275 2225 1498 2280 quoque
1541 2211 1880 2266 tabernaculi

263 2313 377 2352 non
427 2299 654 2354 exibitis
706 2309 915 2367 septem
958 2301 1184 2367 diebus,
1232 2319 1402 2374 usque
1450 2303 1517 2358 ad
1575 2303 1718 2359 diem
1772 2320 1879 2375 quo

263 2390 648 2460 complebitur
677 2400 891 2461 tempus
931 2393 1362 2450 consecrationis
1401 2404 1622 2450 vestrtc.
1659 2395 1877 2465 Septem

263 2484 415 2537 enim
453 2483 648 2538 diebus
680 2484 864 2540 linitur
889 2487 1234 2541 consecratio
1266 2504 1281 2542 :
1315 2489 1457 2544 sicut
1481 2498 1536 2543 et
1559 2487 1880 2559 impraesen-

264 2577 473 2629 tiarum
529 2577 735 2632 factum
788 2588 903 2646 est,
958 2589 1016 2634 ut
1069 2582 1209 2636 ritus
1247 2579 1500 2636 sacriﬁcii
1539 2581 1880 2652 compleatur

264 2669 462 2742 [ναις.
489 2670 898 2744 compleretnr].
917 2672 1011 2728 Die
1035 2688 1098 2728 ac
1124 2681 1284 2730 nocte
1312 2676 1602 2731 manebitis
1629 2676 1680 2731 in
1702 2677 1881 2732 tabere

265 2764 474 2820 nacqu
504 2765 867 2822 observantes
909 2767 1189 2823 custodias
1231 2768 1472 2837 Domini,
1507 2785 1574 2824 ne
1605 2771 1880 2825 moriami-

265 2860 317 2914 ni
356 2879 372 2914 :
409 2862 492 2916 sic
521 2861 668 2916 enim
702 2862 832 2916 mihi
865 2872 1193 2932 prmreptum
1221 2872 1326 2919 est.
1357 2863 1743 2935 Feceruntque
1773 2866 1881 2920 Aa-

267 2967 368 3008 ron
403 2963 462 3009 et
492 2953 590 3009 ﬁlii
621 2954 740 3025 ejus
762 2965 953 3011 cuncta
984 2972 1104 3026 quae
1131 2956 1347 3014 locutus
1374 2966 1458 3013 est
1489 2958 1750 3013 Dominus
1783 2973 1879 3027 per

268 3060 501 3100 manum
535 3047 694 3101 Mosi.

1987 1838 2066 1892 sui
2095 1840 2438 1910 sanguinem,
2472 1857 2632 1912 quem
2666 1841 2804 1899 fudit
2839 1861 3004 1915 super
3029 1847 3203 1904 altare
3234 1852 3287 1905 in
3320 1851 3574 1908 circuitu.

1989 1929 2187 2000 Adipes
2220 1941 2399 1986 autem
2443 1933 2598 1988 bovis
2620 1977 2634 2001 ,
2663 1947 2711 1990 et
2743 1937 2967 1992 caudam
3005 1939 3194 1995 arietis
3220 1941 3316 2012 [h.
3346 1941 3579 2014 Adipem

1985 2032 2163 2077 autem
2196 2021 2350 2077 bovis
2383 2031 2439 2077 et
2468 2024 2678 2087 arietis,
2711 2036 2767 2081 et
2792 2027 3018 2082 caudam
3049 2029 3281 2102 arietis],
3312 2048 3584 2089 rennncu-

1985 2116 2171 2185 Iosque
2205 2130 2331 2170 cum
2371 2115 2617 2186 adipibus
2647 2117 2787 2184 suis,
2821 2129 2875 2174 et
2915 2122 3434 2192 reticnlnmjecoris
3473 2140 3578 2194 po-

1985 2220 2213 2262 suerunt
2242 2222 2405 2276 super
2439 2217 2680 2278 pectora.
2714 2208 2962 2281 Cumque
2990 2214 3217 2268 cremati
3243 2223 3430 2279 essent
3458 2214 3575 2269 adi-

1987 2315 2080 2370 pes
2110 2300 2159 2353 in
2192 2300 2373 2369 altari,
2405 2310 2629 2371 pectora
2657 2317 2882 2368 eorum,
2915 2314 2969 2358 et
3009 2321 3191 2360 armos
3233 2306 3456 2363 dextros
3495 2323 3584 2364 se-

1987 2393 2199 2464 paravit
2226 2393 2424 2459 Aaron,
2453 2394 2675 2448 elevans
2697 2410 2886 2450 coram
2917 2394 3165 2461 Domino,
3201 2399 3343 2453 sicut
3369 2415 3577 2470 prmce-

1987 2495 2141 2557 perat
2171 2487 2369 2544 Moses.
2401 2487 2466 2540 Et
2495 2485 2522 2524 ι)
2555 2487 2785 2543 tendens
2826 2503 3044 2545 manum
3071 2501 3262 2547 contra
3294 2493 3579 2563 papnltun,

1985 2577 2264 2634 benedixit
2285 2579 2386 2633 eis.
2418 2579 2618 2650 Sicque
2657 2580 2942 2650 completis
2976 2582 3171 2638 hostiis
3201 2599 3299 2653 pro
3327 2597 3569 2654 peccato,

1984 2680 2038 2725 et
2071 2669 2424 2735 holocaustis,
2449 2679 2503 2725 et
2523 2669 2782 2740 paciﬁcis,
2809 2671 3110 2728 descendit.
3142 2673 3372 2746 lngressi
3397 2685 3579 2732 autem

1983 2771 2037 2816 et
2062 2759 2238 2817 Moses
2267 2769 2324 2816 et
2354 2762 2536 2817 Aaron
2563 2763 2971 2819 tabernaculum
2997 2768 3316 2834 testimonii,
3349 2779 3402 2824 et
3423 2770 3579 2825 dein-

1983 2867 2111 2924 ceps
2141 2853 2369 2924 egressi,
2394 2853 2791 2910 benedixerunt
2811 2859 3028 2926 populo.
3057 2858 3140 2930 [Β.
3168 2859 3260 2932 V.]
3286 2862 3580 2931 Apparuit-

1984 2963 2088 3016 qne
2111 2947 2277 3018 gloria
2299 2946 2514 3003 Domini
2539 2948 2684 3004 omni
2709 2949 3069 3018 multitudini,
3096 2961 3151 3006 et
3172 2967 3300 3008 ecce
3319 2969 3577 3026 egressus

1984 3040 2126 3111 ignis
2154 3057 2182 3095 a
2227 3041 2460 3097 Domino
2486 3083 2499 3106 ,
2531 3042 2814 3098 devoravit
2850 3042 3252 3110 holocaustum,
3285 3054 3342 3101 et
3386 3047 3578 3117 adipes

341 3139 504 3212 [Cap.
541 3139 655 3213 IX.]
679 3141 844 3195 Facto
870 3151 1050 3197 autem
1087 3152 1286 3199 octavo
1311 3143 1424 3212 die,
1453 3145 1667 3201 vocavit
1691 3144 1876 3201 Moses

1989 3136 2070 3205 qui
2102 3143 2256 3189 erant
2282 3151 2446 3205 super
2475 3136 2664 3190 altare.
2714 3135 2867 3203 Quod
2912 3151 3035 3191 cum
3066 3138 3332 3192 vidissent
3375 3139 3571 3204 turbae,

267 3233 457 3288 Aaron
489 3240 548 3288 et
591 3231 734 3288 ﬁlios
774 3233 914 3302 ejus,
949 3250 1013 3288 ac
1053 3233 1290 3306 majores
1317 3246 1446 3292 natu
1482 3237 1676 3302 Israel,
1711 3237 1875 3293 dixit-

266 3340 376 3395 que
421 3324 490 3379 ad
535 3327 717 3380 Aaron
749 3343 762 3377 :
795 3326 950 3380 'I‘olle
988 3327 1055 3382 de
1081 3340 1331 3383 armento
1363 3328 1590 3384 vitulum
1623 3343 1721 3399 pro
1748 3343 1875 3398 pec-

266 3425 424 3482 cato,
452 3425 511 3472 et
534 3417 757 3473 arietem
785 3417 839 3472 in
864 3416 1268 3487 holocaustum,
1295 3429 1584 3492 utrumque
1608 3421 1875 3475 immacu-

266 3508 471 3575 latum,
527 3519 584 3564 et
611 3509 749 3564 offer
793 3509 914 3565 illos
954 3527 1140 3566 coram
1189 3513 1444 3567 Domino.
1505 3513 1572 3566 Et
1620 3512 1685 3566 ad
1736 3511 1881 3568 ﬁlios

267 3598 445 3655 Israel
477 3601 766 3671 loqueris:
808 3601 1005 3657 Tollite
1053 3605 1265 3658 hirctnn
1304 3620 1401 3670 pro
1440 3616 1689 3674 peccato,
1720 3614 1775 3659 et
1800 3604 1880 3660 vi-

270 3694 454 3750 tulum
485 3703 648 3765 atque
683 3711 882 3766 agnum
925 3695 1234 3761 anniculos,
1280 3709 1334 3752 ot
1376 3697 1496 3753 sine
1532 3697 1769 3767 macula,
1821 3699 1875 3752 in

268 3789 688 3857 holocaustum,
713 3789 899 3845 bovem
929 3800 977 3844 et
1011 3791 1234 3845 arietem
1261 3806 1356 3861 pro
1372 3791 1644 3862 paciﬁcis:
1675 3801 1730 3844 et
1766 3790 1871 3844 im-

268 3885 487 3938 mnlate
523 3875 617 3938 eos
646 3897 826 3938 coram
858 3882 1110 3951 Domino,
1148 3884 1198 3938 in
1229 3883 1500 3940 sacriﬁcio
1537 3885 1878 3955 singulorum

268 3975 519 4032 similam
540 3976 664 4031 oleo
679 3990 1033 4047 conspersam
1061 3976 1378 4033 olferentes.
1406 3977 1578 4032 Hodie
1597 3977 1738 4031 enim
1770 3977 1877 4031 Do-

271 4070 466 4126 minus
489 4071 773 4140 apparebit
795 4071 968 4126 vobis.
995 4070 1256 4126 Tulernnt
1277 4086 1409 4142 ergo
1425 4079 1617 4126 cuncta
1636 4070 1882 4140 quaejus-

272 4171 435 4220 serat
460 4162 636 4217 Moses
681 4162 747 4217 ad
792 4163 988 4218 oStinm
1016 4163 1348 4218 tabernaculi
1377 4182 1390 4218 :
1431 4164 1518 4219 ubi
1558 4178 1680 4218 cum
1703 4162 1882 4218 omnis

273 4265 494 4313 astaret
524 4255 840 4327 multitudo,
871 4259 948 4311 ait
978 4258 1156 4312 Moses
1187 4255 1343 4319 :_Iste_
1363 4266 1448 4312 est
1488 4271 1688 4320 sermo,
1722 4269 1880 4325 quem

274 4353 548 4424 praecepit
572 4353 830 4408 Dominus
857 4369 874 4410 :
908 4351 1088 4418 facile,
1117 4361 1173 4407 et
1212 4351 1493 4422 apparebit
1521 4350 1674 4405 vobis
1707 4348 1882 4419 gloria

272 4464 430 4516 ejus.
447 4446 702 4517 Dixitque
723 4446 791 4501 ad
811 4449 1020 4501 Aaron:
1050 4444 1345 4502 Accedead
1363 4445 1558 4507 altare,
1587 4453 1642 4500 et
1664 4443 1879 4498 immola

1979 3227 2340 3282 landavernnt
2371 3227 2680 3296 Dominum,
2715 3238 2931 3284 ruentes
2965 3230 3016 3282 in
3047 3228 3214 3285 facies
3241 3245 3387 3284 snas.

2051 3320 2132 3393 lC.
2171 3320 2280 3385 XII,
2315 3320 2444 3392 Cap.
2495 3320 2590 3390 X.l
2615 3320 2971 3392 Arreptisqne
3011 3321 3196 3376 Nadab
3233 3330 3289 3377 et
3319 3319 3457 3377 Abiu
3486 3322 3581 3378 lilii

1981 3417 2159 3470 Aaron
2190 3415 2505 3483 thuribnlis,
2548 3427 2842 3484 posuerunt
2879 3416 3054 3486 ignem
3085 3424 3138 3470 et
3173 3417 3450 3470 incensum
3481 3415 3577 3472 de-

1977 3524 2166 3578 super,
2219 3508 2509 3564 olferentes
2551 3524 2733 3564 coram
2794 3507 3025 3564 Domino
3063 3507 3242 3578 ignem
3293 3508 3573 3563 alienum:

1978 3601 2122 3673 quod
2154 3602 2230 3657 eis
2283 3614 2613 3672 praeceptum
2657 3618 2764 3657 non
2797 3610 2938 3656 erat.
2976 3602 3346 3674 Egressusque
3378 3602 3516 3672 ignis
3545 3616 3578 3657 a

1981 3699 2242 3762 Domino,
2298 3697 2585 3752 devoravit
2629 3712 2745 3762 eos,
2777 3706 2830 3751 et
2854 3697 3053 3751 mortui
3097 3705 3224 3751 sunt
3249 3712 3430 3751 coram
3464 3695 3573 3750 D0-

1982 3790 2150 3844 mino.
2185 3789 2327 3844 Dixit
2355 3789 2533 3845 Moses
2558 3789 2620 3844 ad
2654 3791 2837 3844 Aaron
2875 3807 2885 3840 :
2924 3790 3034 3844 IIoc
3071 3799 3155 3844 est
3193 3787 3334 3860 quod
3367 3789 3579 3843 loculus

1981 3896 2066 3941 est
2098 3885 2354 3940 Dominus
2386 3903 2399 3938 :
2431 3882 2826 3941 Sanctiﬁcabor
2852 3883 2903 3937 in
2930 3883 2993 3938 iis
3019 3885 3109 3954 qni
3145 3884 3581 3954 appropinquant

1983 3980 2138 4043 mihi,
2197 3989 2246 4034 et
2300 3979 2349 4033 in
2404 3986 2697 4048 conspectu
2759 3979 2932 4032 ot‘nnis
2985 3978 3165 4050 pepuli
3205 3977 3578 4049 gloriﬁcabor.

1981 4073 2136 4142 Quod
2182 4072 2410 4128 audiens
2459 4073 2626 4126 tacuit
2666 4073 2870 4124 Aaron.
2917 4070 3136 4125 Vocatis
3185 4080 3365 4126 autem
3399 4069 3580 4125 Moses

1981 4166 2198 4223 Misaele
2221 4175 2275 4221 et
2305 4163 2598 4232 Elsaphan,
2628 4160 2754 4218 ﬁliis
2781 4162 2952 4228 OzicI,
2985 4163 3160 4233 patrui
3187 4163 3484 4230 Aaron,ait
3509 4161 3579 4216 ad

1982 4273 2078 4314 eos
2105 4278 2116 4314 :
2142 4249 2217 4313 Ite
2255 4267 2310 4312 et
2347 4255 2520 4310 tollite
2559 4253 2756 4311 fratres
2795 4264 3009 4308 vestros
3036 4253 3104 4308 de
3129 4263 3422 4322 conspectu
3454 4266 3582 4306 san-

1983 4351 2220 4419 ctuarii,
2275 4358 2331 4405 et
2379 4358 2657 4420 asportata
2703 4357 2854 4404 extra
2914 4356 3114 4401 castra.
3167 4345 3579 4415 Confestimque

1989 4453 2293 4515 pergentes,
2319 4444 2560 4498 tulerunt
2582 4457 2676 4497 eos
2699 4445 2842 4496 sicut
2859 4440 3138 4510 jacehant,
3163 4439 3387 4495 vestitos
3420 4439 3578 4493 lineis

275 4556 394 4613 pro
423 4549 647 4611 peccato
684 4549 816 4595 tuo:
849 4539 988 4596 oﬁ‘er
1027 4540 1443 4606 holocaustum,
1491 4546 1548 4592 et
1580 4537 1878 4607 deprecare
1912 4527 1959 4587 Ι)
1986 4539 2203 4604 tunicis,
2237 4544 2293 4592 et
2321 4536 2595 4607 ejeeerunt
2625 4535 2770 4590 foras
2801 4534 2882 4606 [h.
2915 4531 3312 4602 confestimque
3345 4546 3579 4602 pergen-

274 4650 393 4708 pro
428 4645 484 4690 te
510 4645 562 4691 et
590 4649 688 4706 pro
720 4634 939 4704 populo.
985 4633 1231 4704 Cumque
1272 4632 1600 4687 mactaveris
1639 4629 1874 4685 hostiam

277 4727 500 4798 populi,
527 4741 622 4782 ora
651 4741 748 4798 pro
765 4741 852 4793 eo,
887 4725 1026 4780 sicut
1055 4726 1310 4795 praecepit
1336 4723 1617 4779 Dominus.
1647 4721 1872 4777 Statim-

275 4835 398 4892 que
436 4821 618 4875 Aaron
660 4820 930 4874 accedens
954 4819 1020 4872 ad
1051 4818 1248 4884 altare,
1298 4815 1600 4871 immolavit
1642 4815 1875 4871 vitulum

278 4930 394 4987 pro
435 4924 657 4984 peccato
695 4929 796 4968 suo
832 4932 843 4966 :
901 4913 1058 4984 cujus
1105 4914 1425 4982 sanguinem
1469 4910 1783 4967 obtulerunt
1830 4910 1882 4967 ei

278 5007 386 5061 ﬁlii
418 5006 545 5062 sui:
575 5007 630 5062 in
671 5022 777 5077 quo
819 5008 1032 5079 tingens
1077 5006 1328 5075 digitum,
1357 5004 1532 5073 tetigit
1571 5020 1774 5059 cornua
1803 5002 1885 5058 al-

366 5200 394 5229 ι
431 5187 550 5245 Non
597 5189 896 5261 incongrue
943 5203 1106 5244 sensu
1151 5187 1350 5244 habent
1392 5187 1704 5261 hiccanon,
1739 5194 1794 5241 et
1820 5186 1878 5242 S.

284 5263 550 5316 Germani
576 5277 678 5315 ms.
703 5257 896 5321 codex,
926 5277 1080 5315 num.
1115 5261 1168 5324 5,
1198 5269 1466 5330 postquam
1491 5257 1781 5312 libaverant
1823 5271 1886 5312 ea

286 5350 470 5388 coram
495 5333 731 5387 Domino.
767 5333 945 5386 Man'r.

369 5404 672 5472 —Quidam
703 5418 876 5474 penes
898 5403 1150 5459 Martian.
1180 5417 1342 5471 mss.,
1373 5401 1680 5474 libaverant,
1699 5416 1796 5469 pro
1813 5401 1889 5455 leo

287 5487 559 5542 paverunt,
605 5473 737 5530 satis
766 5476 1028 5545 absurde,
1053 5474 1319 5545 quidquid
1349 5474 1451 5544 ipsi
1491 5473 1756 5545 videatur,
1792 5487 1884 5527 ne-

338 5564 401 5602 ue
430 5548 570 5602 enim
602 5546 897 5617 degustare
941 5541 1184 5602 Hebraeis
1209 5541 1420 5601 licebat
1447 5560 1567 5616 qua:
1604 5541 1885 5617 offerrent.

350 5617 622 5674 minorum
662 5613 711 5672 is
749 5625 836 5673 est
877 5618 1226 5673 librariorum
1271 5613 1536 5672 solemnis
1573 5630 1752 5681 error,
1799 5613 1893 5683 qui

301 5694 510 5748 litteras
538 5690 554 5743 l
579 5705 680 5762 pro
712 5689 776 5757 E,
807 5700 861 5746 et
886 5690 928 5744 Β
959 5705 1056 5760 pro
1084 5690 1151 5758 V,
1185 5705 1250 5744 ex
1272 5688 1417 5759 vulgi
1460 5687 1898 5758 pronuntiatione

293 5764 654 5820 substituunt.

1990 4645 2070 4690 tes
2099 4633 2339 4687 tulerunt.
2369 4647 2463 4686 eos
2495 4630 2546 4684 in
2582 4629 2780 4684 tunicis
2810 4627 2944 4694 suis,
2988 4637 3044 4682 et
3081 4626 3368 4696 ejeccrunt-
3391 4624 3578 4695 foras],

1991 4734 2049 4780 ut
2075 4725 2177 4779 sibi
2207 4722 2382 4778 fuerat
2411 4725 2759 4792 imperatum.
2797 4719 2863 4773 Et
2891 4718 3028 4773 dixit
3058 4717 3234 4772 Illoses
3272 4716 3339 4771 ad
3400 4718 3580 4770 Aaron

1991 4827 2044 4873 ct
2091 4817 2157 4871 ad
2191 4817 2433 4880 Eleazar,
2481 4824 2645 4884 atque
2693 4812 2949 4876 Ithamar,
3005 4809 3145 4864 ﬁlios
3194 4809 3312 4880 ejus
3346 4828 3360 4865 :
3393 4809 3585 4879 Capita

1991 4921 2169 4966 vestra
2197 4909 2365 4964 nolite
2398 4908 2635 4974 nudare,
2677 4914 2730 4962 et
2757 4906 3074 4960 vestimenta
3110 4901 3279 4958 nolite
3308 4901 3584 4972 scindere,

1991 5020 2060 5060 ne
2090 5004 2230 5059 forte
2263 5001 2592 5068 moriamini,
2626 5011 2679 5055 et
2709 5014 2872 5070 super
2903 5012 3121 5052 omnem
3151 5005 3351 5053 coetum
3380 4998 3588 5052 oriatur

2062 5179 2089 5225 ἴ)
2131 5188 2366 5242 Diversae
2410 5192 2708 5241 occurrunt
2737 5181 2944 5238 voculae
2989 5179 3094 5237 hoc
3127 5181 3244 5235 loco
3274 5179 3325 5233 iu
3360 5179 3590 5234 llebra‘o

1992 5296 2042 5338 et
2061 5280 2403 5336 Samaritana
2429 5287 2599 5333 textu.
2638 5276 2897 5330 I-Iehrmus
2918 5274 3044 5345 legit
3068 5284 3188 5337 nam
3213 5256 3310 5338 SN,
3332 5272 3378 5326 el
3409 5270 3586 5336 Imam,

1997 5373 2045 5426 id
2075 5381 2157 5428 est
2186 5414 2200 5438 ,
2229 5374 2296 5425 ad
2323 5370 2609 5440 papulum:
2647 5368 3020 5440 Samaritanus
3050 5377 3171 5431 nun
3193 5349 3286 5433 ἧς,
3330 5364 3382 5417 al
3414 5365 3592 5428 linum,

1995 5459 2168 5515 super,
2201 5443 2284 5515 vel
2316 5437 2494 5495 contra
2525 5440 2794 5515 populum.
2839 5437 3014 5493 MART.

2088 5505 2164 5556 ο-έ
2190 5514 2424 5570 Urbinas
2457 5505 2774 5568 et'Palatin.
2802 5526 2960 5571 mss.,
2995 5507 3317 5563 extendens:
3363 5514 3476 5559 tum
3505 5505 3597 5559 ille

1999 5607 2162 5677 paulo
2191 5603 2450 5677 pressius
2495 5599 2722 5677 llehraeo
2749 5648 2762 5671 ,
2800 5603 2878 5672 ad
2932 5601 3224 5673 populum,
3264 5602 3387 5659 Dan
3414 5580 3498 5664 SN
3547 5601 3597 5651 rt

2003 5675 2256 5732 benediécit
2283 5676 2351 5743 ei,
2386 5690 2481 5746 pro
2512 5676 2605 5730 eis.
