3912 6348
505 321 608 378 ’511

1515 318 1574 373 S.
1617 313 1995 371 IIIICRONYMI
2040 313 2267 370 DIVINA
2310 312 2786 369 BIBLIOTHECA.

3665 321 3755 377 sis

504 442 822 511 indignatio.
860 439 1077 496 Fratres
1129 453 1342 509 quoque
1390 437 1580 501 vestri,
1615 446 1640 472 ιι
1675 435 1850 489 omnis
1901 433 2096 488 domus
2127 436 2172 495 Α
2205 448 2324 503 quae
2350 433 2650 503 gignuntur
2676 432 2728 486 in
2763 430 2938 503 aquis,
2969 440 3026 486 et
3057 431 3201 486 vesci
3243 430 3441 488 licitum
3483 443 3581 490 est.
3609 437 3757 498 Omne

502 533 695 599 Israel,
725 534 976 604 plangant
1007 532 1314 588 incendium
1343 531 1486 602 quod
1501 529 1763 586 Dominus
1785 529 2101 584 suscitavit:

504 642 608 683 vos
637 636 821 683 autem
856 641 960 681 non
992 625 1347 698 egredicmini
1388 625 1535 680 fores
1565 623 1922 690 tabernaculi,
1967 625 2104 677 alio-

509 723 638 792 quin
671 721 920 791 peribitis
967 740 978 776 :
1025 721 1208 776 oleum
1239 721 1438 791 quippe
1468 730 1669 775 sancta:
1706 720 1980 775 unctionis
2024 729 2109 776 est

509 830 674 884 super
731 830 852 870 vos.
900 815 1004 884 Qui
1054 816 1299 871 fecerunt
1345 813 1525 870 omnia
1568 813 1722 884 juxta
1771 825 2104 886 prmceptum

507 905 664 962 Mosi.
715 906 798 977 [T.
834 907 924 973 Vl,
954 905 1017 962 C.
1048 905 1216 978 Xlll]
1269 905 1413 960 Dixit
1462 921 1682 976 quoque
1730 905 1989 960 Dominus
2039 905 2106 961 ad

510 1000 691 1054 Aaron
726 1015 739 1052 :
770 998 969 1054 Vinum
1010 1008 1065 1053 et
1093 1013 1256 1054 onme
1281 999 1423 1067 quod
1451 997 1721 1053 inebriare
1759 1006 1966 1067 potest,
2000 1012 2105 1053 non

513 1093 714 1146 bibetis
749 1103 800 1146 tu
832 1100 886 1146 et
914 1092 1008 1148 lilii
1043 1093 1144 1159 tui,
1185 1093 1403 1162 quando
1446 1093 1661 1147 intretis
1699 1094 1750 1146 in
1783 1093 2106 1147 tabernacu-

509 1185 620 1238 lum
675 1185 996 1249 testimonii,
1045 1201 1114 1240 uc
1145 1185 1452 1239 moriamini
1483 1204 1493 1237 :
1519 1186 1643 1256 quia
1671 1185 1751 1256 [ΙΙ.
1782 1200 1889 1239 non
1921 1184 2106 1255 habet]

509 1285 842 1345 praeceptum
902 1276 1300 1345 sempiternum
1349 1285 1434 1331 est
1483 1277 1535 1331 in
1589 1278 1970 1347 generationes
2018 1293 2111 1332 ve-

509 1377 674 1421 stras.
713 1369 778 1421 Et
811 1377 868 1422 ut
912 1368 1155 1424 habeatis
1209 1369 1499 1424 scientiam
1558 1369 1908 1424 discernendi
1967 1369 2112 1425 inter

509 1472 766 1515 sanctum
797 1471 851 1515 et
882 1463 1188 1530 profanum,
1225 1463 1368 1516 inter
1408 1462 1669 1531 pollutum
1720 1473 1774 1517 et
1823 1464 2107 1528 mundum,

507 1552 864 1623 doceatisque
896 1553 1037 1606 ﬁlios
1067 1551 1234 1608 Israel
1293 1554 1478 1608 omnia
1526 1553 1768 1623 legitima
1818 1571 1937 1610 mea
1987 1571 2110 1624 quze

511 1649 729 1704 locutus
787 1641 1187 1704 cst'Dominus
1249 1650 1312 1704 ad
1371 1665 1466 1705 eos
1519 1667 1616 1722 per
1677 1667 1896 1706 manum
1951 1651 2108 1708 Mosi.

505 1741 592 1812 ]C.
631 1741 795 1812 XIV.]
825 1742 1174 1812 Locutusque
1218 1755 1301 1797 est
1345 1743 1521 1799 Moses
1571 1745 1637 1799 ad
1685 1747 1888 1814 Aaron,
1943 1759 1998 1802 et
2040 1748 2106 1801 ad

2212 524 2358 595 quod
2392 525 2558 580 habet
2592 524 2840 595 pinnulas
2874 533 2931 579 et
2961 539 3236 594 squamas,
3270 533 3373 578 tam
3403 526 3453 580 in
3479 530 3760 600 mariquam

2211 617 2264 671 in
2305 616 2622 673 ﬂuminibus
2661 627 2713 670 et
2755 617 2964 686 stagnis
2995 616 3073 687 ['h.
3112 630 3217 670 non
3250 616 3431 682 habet,
3463 629 3514 673 et
3539 624 3756 694 stagnis],

2209 709 2535 764 comedetis.
2586 709 2861 777 Quidquid
2909 716 3090 764 autem
3143 709 3395 776 pinnulas
3443 721 3497 765 et
3541 727 3765 781 squanvas

2212 818 2320 859 non
2355 803 2516 858 habet
2544 817 2760 867 eorum,
2793 818 2912 873 qum
2940 803 2992 856 in
3023 801 3180 870 aquis
3204 812 3488 856 moventur
3508 814 3561 858 et
3581 806 3762 874 vivunt,

2211 895 2574 951 abominabile
2614 895 2768 950 vobis
2805 904 2859 949 et
2897 893 3292 951 exsecrandum
3325 897 3448 959 erit,
3481 912 3665 952 carnes
3691 916 3770 954 eo-

2215 1005 2336 1044 rum
2379 1004 2484 1042 non
2525 986 2849 1052 comedetis,
2895 997 2945 1042 et
2988 987 3272 1042 morticina
3301 987 3556 1042 Viiili)iii5\
3586 990 3769 1048 Cuncta

2211 1095 2331 1152 qua:
2360 1095 2465 1136 non
2502 1080 2704 1136 habent
2735 1080 2989 1150 pinnulas
3020 1091 3074 1133 et
3104 1094 3358 1150 squamas
3390 1080 3442 1135 in
3479 1081 3646 1150 aquis,
3677 1084 3776 1152 pol-

2212 1172 2324 1226 luta
2374 1181 2556 1226 erunt.
2609 1170 2694 1242 lC.
2746 1170 2933 1241 XVII.]
2985 1170 3113 1226 Hmc
3166 1180 3294 1226 sunt
3346 1187 3466 1240 qu:e
3515 1172 3579 1226 de
3609 1175 3773 1231 avibus

2211 1265 2504 1321 comedere
2536 1281 2643 1321 non
2675 1265 2908 1329 debetis,
2946 1277 3000 1321 et
3030 1266 3246 1320 vitanda
3281 1276 3410 1320 sunt
3438 1266 3588 1322 vobis
3616 1271 3778 1339 :aqui-

2211 1360 2318 1415 lam
2347 1370 2398 1415 et
2421 1361 2708 1431 gryphem,
2739 1369 2795 1414 et
2821 1359 3158 1426 halizcetum,
3194 1359 3416 1414 milvum
3446 1375 3508 1416 ac
3535 1361 3775 1418 vulturem

2207 1456 2360 1526 juxta
2411 1471 2586 1526 genus
2631 1470 2786 1509 suum
2815 1496 2830 1520 ,
2879 1464 2933 1509 et
2963 1468 3126 1508 omne
3156 1453 3368 1508 corvini
3401 1455 3611 1526 generis
3638 1457 3685 1509 in
3713 1458 3778 1508 si-

2213 1548 2576 1603 militudinem
2633 1561 2820 1613 suam,
2873 1546 3270 1612 struthionem,
3325 1556 3379 1600 et
3423 1556 3693 1613 noctuam,
3736 1559 3780 1604 et

2213 1641 2414 1706 larum,
2451 1649 2509 1696 et
2537 1641 2852 1710 accipitrem
2880 1639 3031 1709 juxta
3071 1653 3245 1710 genus
3275 1653 3434 1694 suum
3468 1658 3481 1693 :
3511 1639 3780 1708 bubonem,

2213 1744 2268 1788 et
2301 1735 2625 1804 mergulum,
2661 1743 2714 1788 et
2747 1731 2882 1796 ibin,
2925 1747 3184 1804 cygnum,
3227 1743 3282 1787 et
3322 1733 3710 1798 ouocrotalutu,
3739 1743 3782 1788 et

511 1832 760 1901 Eleazar,
812 1844 866 1887 et
915 1833 1154 1888 Ithamar
1186 1834 1326 1890 ﬁlios
1354 1836 1494 1906 ejus,
1536 1838 1626 1906 qui
1675 1838 1875 1893 residui
1908 1849 2097 1894 erant:

2216 1826 2683 1898 porphyrionem,
2753 1827 3107 1881 herodionem
3165 1836 3222 1881 et
3274 1825 3598 1881 charadrion
3655 1827 3783 1896 juxta

511 1925 713 1980 Tollite
772 1925 1140 1992 sacriﬁcium,
1193 1929 1336 1998 quod
1393 1929 1658 1985 remansit
1707 1929 1775 1984 de
1831 1929 2108 1986 oblatione

513 2015 752 2082 Domini,
786 2028 840 2073 et
885 2018 1155 2073 comedite
1209 2019 1340 2073 illud
1390 2019 1595 2091 absque
1641 2020 1913 2077 fermento
1952 2023 2106 2092 juxta

509 2108 728 2174 altare,
789 2110 916 2179 quia
967 2120 1218 2165 sanctum
1281 2121 1593 2167 sanctorum
1645 2122 1744 2168 est.
1799 2112 2109 2170 Comedetis

514 2212 697 2255 autem
749 2202 799 2256 in
849 2203 971 2257 loco
1019 2212 1226 2269 sancto,
1269 2206 1413 2276 quod
1441 2205 1626 2263 datum
1657 2217 1740 2261 est
1771 2207 1864 2262 tibi
1897 2217 1952 2263 et
1985 2208 2108 2264 ﬁliis

511 2291 621 2346 tuis
670 2292 736 2348 de
783 2293 1150 2350 oblationibus
1180 2294 1422 2364 Domini,
1469 2296 1611 2351 sicut
1653 2306 1989 2368 praeceptum
2024 2310 2110 2354 est

510 2387 670 2441 mihi.
705 2386 1090 2443 Pectusculum
1143 2403 1359 2458 quoque
1407 2390 1551 2460 quod
1601 2391 1844 2444 oblatum
1896 2400 2003 2456 est,
2053 2403 2109 2447 et

511 2500 723 2540 armum
755 2485 847 2555 qui
881 2495 1163 2555 separatus
1188 2493 1292 2550 est,
1317 2485 1492 2540 edetis
1523 2488 1574 2540 in
1594 2486 1716 2541 loco
1745 2487 2107 2542 mundissimo

510 2588 569 2634 tu
596 2588 652 2636 et
678 2577 769 2632 ﬁlii
800 2579 900 2644 tui,
920 2592 984 2633 ac
1009 2578 1136 2633 ﬁlia:
1162 2589 1266 2632 tua:
1292 2588 1491 2633 tecum.
1512 2579 1630 2636 Tibi
1664 2580 1806 2634 enim
1835 2595 1898 2634 ac
1921 2581 2106 2637 liberis

505 2673 614 2725 tuis
671 2673 910 2740 reposita
965 2680 1091 2726 sunt
1137 2671 1206 2726 de
1257 2671 1455 2727 hostiis
1494 2673 1821 2728 salutaribus
1868 2673 2104 2728 ﬁliorum

505 2763 675 2819 Israel
717 2783 729 2816 :
777 2779 844 2818 eo
894 2765 1037 2834 quod
1071 2779 1281 2818 armum
1331 2773 1384 2818 et
1435 2773 1651 2833 pectus,
1697 2776 1747 2819 et
1797 2764 1986 2834 adipes
2015 2767 2106 2836 qui

506 2866 826 2912 cremantur
857 2860 908 2913 in
939 2858 1127 2922 altari,
1161 2857 1518 2912 clevaverunt
1546 2872 1732 2912 coram
1768 2859 2018 2925 Domino,
2052 2871 2108 2915 et

509 2949 821 3018 pertineant
866 2951 931 3004 ad
984 2959 1057 3016 te,
1107 2960 1164 3004 et
1202 2950 1267 3004 ad
1307 2950 1450 3004 ﬁlios
1491 2958 1633 3014 tuos,
1669 2951 1786 3021 lege
1817 2961 2102 3021 perpetua,

506 3043 650 3096 sicut
695 3043 955 3113 praecepit
1007 3043 1286 3098 Dominus.
1343 3043 1492 3097 Inter
1545 3043 1660 3097 hare
1711 3043 1964 3110 hircum,
2016 3045 2106 3114 qui

507 3137 725 3191 oblatus
776 3136 953 3191 fuerat
998 3151 1096 3208 pro
1147 3144 1389 3204 peccato,
1429 3151 1552 3190 cum
1585 3145 1854 3207 quaereret
1901 3137 2101 3202 Moses,

2213 1934 2387 1989 genus
2437 1935 2618 1987 suum,
2671 1935 2910 1990 upupam
2962 1933 3200 1989 quoque,
3242 1929 3302 1974 et
3334 1920 3784 1990 vespertilionem.

2216 2013 2298 2085 [(1.
2344 2011 2558 2083 XVlll.]
2597 2010 2775 2068 Omne
2815 2013 2883 2066 de
2922 2011 3244 2066 volucribus
3273 2011 3419 2080 quod
3451 2011 3688 2082 graditur
3713 2027 3790 2065 su-

2216 2121 2312 2175 per
2342 2114 2578 2176 quatuor
2605 2107 2797 2177 pedes,
2822 2103 3190 2159 abominabile
3212 2105 3320 2159 erit
3342 2103 3520 2158 vobis.
3545 2103 3791 2173 Quidquid

2212 2209 2393 2254 autem
2447 2199 2696 2253 ambulat
2745 2198 2966 2269 quidem
3017 2213 3184 2268 super
3229 2207 3468 2267 quatuor
3499 2197 3791 2268 pedes,sed

2213 2289 2380 2345 habet
2427 2289 2673 2361 longiora
2725 2296 2876 2346 retro
2923 2305 3080 2345 crura
3109 2334 3123 2358 ,
3174 2305 3274 2362 per
3322 2307 3446 2362 quae
3492 2290 3616 2345 salit
3651 2305 3793 2358 super

2213 2392 2434 2449 terram,
2465 2385 2755 2440 comedere
2785 2385 3020 2450 debetis,
3055 2394 3110 2440 ut
3140 2396 3224 2442 est
3256 2385 3502 2440 bruchus
3534 2388 3586 2440 in
3614 2400 3794 2456 genere

2211 2492 2331 2546 suo,
2388 2489 2442 2534 et
2494 2481 2746 2534 attachus
2793 2490 2955 2550 atque
3006 2479 3440 2549 ophiomachus,
3495 2495 3558 2535 ac
3589 2481 3794 2544 locusta,

2211 2574 2423 2645 singula
2475 2575 2629 2645 juxta
2681 2591 2856 2646 genus
2886 2590 3066 2630 suum.
3098 2575 3375 2646 Quidquid
3411 2585 3592 2632 autem
3624 2592 3687 2630 ex
3715 2591 3794 2628 vo-

2211 2668 2453 2723 lucribus
2503 2677 2738 2738 quatuor
2797 2676 3005 2722 tantum
3056 2668 3221 2724 habet
3253 2668 3448 2738 pedes,
3485 2665 3798 2722 exsecrabile

2211 2765 2320 2819 erit
2351 2763 2528 2830 vobis,
2555 2774 2609 2819 et
2639 2765 2968 2834 quicumque
2994 2763 3286 2817 morticina
3322 2777 3518 2817 eorum
3551 2759 3793 2830 tetigerit,

2209 2859 2504 2928 polluetur,
2559 2868 2614 2912 et
2646 2858 2751 2912 erit
2802 2857 3121 2912 immundus
3151 2871 3326 2926 usque
3381 2855 3450 2909 ad
3505 2867 3798 2924 vesperum,

2209 2960 2264 3005 et
2301 2951 2344 3004 si
2397 2964 2624 3005 necesse
2672 2948 2833 3004 fuerit
2881 2957 2938 3003 ut
2977 2957 3158 3016 portet
3187 2948 3477 3018 quippiam
3512 2945 3698 3001 horum
3726 2943 3794 3016 [Ιι.

2209 3053 2266 3100 et
2295 3045 2382 3114 qui
2417 3044 2720 3114 portaverit
2759 3043 3038 3114 quippiam
3071 3041 3295 3114 horum]
3329 3053 3635 3106 mortuum,
3663 3039 3799 3093 lava-

2210 3136 2288 3192 bit
2347 3137 2670 3192 veStimenta
2717 3151 2852 3199 sua,
2907 3146 2961 3191 et
3013 3134 3332 3190 immundus
3384 3134 3492 3189 erit
3542 3144 3708 3202 usque
3741 3128 3800 3182 ad

506 3241 759 3284 exustum
801 3230 1028 3299 reperit,
1072 3231 1355 3298 iratusque
1393 3237 1584 3285 contra
1617 3229 1842 3285 Eleazar
1878 3238 1934 3284 et
1963 3229 2103 3284 ltha-
2129 3221 2174 3283 C
2209 3243 2462 3284 occasum
2515 3228 2674 3282 solis.
2728 3228 2901 3282 Omne
2951 3227 3153 3281 animal
3203 3225 3354 3297 quod
3400 3226 3566 3280 habet
3599 3223 3802 3295 quidem

503 3336 643 3389 mar,
679 3310 818 3376 ﬁlios
865 3323 1071 3386 Aaron,
1118 3322 1210 3391 qui
1257 3331 1656 3390 remanserant,
1699 3321 1814 3376 ait:
1846 3322 1956 3377 Cur
1995 3339 2102 3378 non

503 3413 824 3468 comedistis
854 3412 1086 3468 hostiam
1119 3429 1215 3482 pro
1244 3425 1470 3483 peccato
1504 3414 1554 3468 in
1587 3413 1710 3468 loco
1742 3423 1955 3479 sancto,
1982 3430 2102 3484 quae

501 3515 690 3561 sancta
732 3517 1042 3562 sanctorum
1083 3515 1186 3574 est,
1216 3516 1270 3562 et
1317 3507 1438 3561 data
1467 3507 1624 3562 vobis
1656 3516 1714 3561 ut
1741 3508 1972 3576 portetis
2000 3507 2103 3561 ini-

502 3599 766 3667 quitatem
790 3599 1176 3665 multitudinis,
1208 3611 1261 3653 et
1290 3601 1491 3669 rogetis
1525 3614 1622 3669 pro
1645 3600 1782 3655 eain
1805 3609 2102 3670 conspectu

501 3692 745 3757 Domini,
794 3693 1100 3762 praesertim
1147 3707 1270 3747 cum
1321 3693 1388 3747 de
1419 3693 1684 3763 sanguine
1715 3692 1860 3747 illius
1891 3708 1998 3747 non
2031 3694 2101 3748 sit

501 3784 716 3840 illatum
769 3785 907 3840 intra
955 3794 1165 3851 sancta,
1198 3794 1255 3841 et
1302 3787 1591 3841 comedere
1640 3801 1758 3841 eam
1801 3785 2100 3841 debueritis

503 3879 562 3933 in
591 3881 923 3942 sanctuario,
951 3879 1092 3934 sicut
1123 3891 1452 3948 praeceptum
1482 3891 1565 3935 est
1601 3879 1766 3934 mihi?
1799 3879 2100 3949 ReSpondit

501 3971 689 4026 Aaron
734 3989 745 4023 :
793 3969 983 4025 Oblata
1031 3980 1116 4026 est
1162 3969 1326 4026 hodie
1375 3972 1590 4026 victima
1637 3988 1734 4042 pro
1765 3982 2011 4042 peccato,
2045 3982 2100 4028 et

501 4063 880 4120 holocaustum
931 4079 1115 4120 coram
1169 4066 1598 4145 Dominozmihi
1651 4078 1831 4122 autem
1874 4069 2094 4134 accidit,

497 4157 644 4227 quod
698 4157 871 4213 vides.
927 4159 1211 4226 Quomodo
1259 4161 1407 4228 potui
1459 4161 1751 4217 comedere
1800 4177 1954 4227 eam,
2003 4172 2098 4218 aut

495 4250 717 4320 placere
773 4251 1001 4306 Domino
1054 4253 1106 4306 in
1159 4254 1550 4318 creremoniis,
1610 4265 1793 4312 mente
1852 4258 2097 4329 lugubri?

493 4343 648 4413 Quod
680 4359 802 4399 cum
832 4344 1074 4399 audisset
1100 4344 1307 4410 Moses,
1334 4347 1540 4416 recepit
1570 4348 2018 4405 satisfactionem.

569 4437 652 4507 ]B.
693 4437 774 4504 Vl,
808 4435 870 4492 C.
912 4436 1030 4505 XV,
1073 4439 1202 4510 Cap.
1237 4437 1357 4510 XL]
1405 4439 1645 4494 Locutus
1696 4451 1782 4496 est
1830 4443 2094 4500 Dominus

488 4527 558 4584 ad
589 4529 773 4584 Mosen
806 4539 862 4586 et
886 4531 1064 4586 Aaron
1096 4529 1324 4586 dicens:
1354 4531 1529 4588 Dicite
1561 4533 1688 4588 ﬁliis
1718 4533 1893 4591 Israel
1921 4553 1935 4590 :
1967 4536 2091 4592 Haec

2210 3321 2487 3391 ungulam,
2538 3321 2634 3375 sed
2683 3335 2792 3375 non
2845 3319 3040 3375 dividit
3083 3334 3222 3386 eam,
3281 3335 3388 3375 nec
3428 3318 3688 3381 ruminat,
3719 3317 3803 3369 im-

2208 3417 2466 3468 mundum
2499 3413 2630 3479 erit,
2661 3421 2716 3467 et
2745 3413 2833 3482 qui
2868 3412 3107 3482 tetigerit
3136 3412 3296 3479 illud,
3326 3411 3802 3467 contaminabitur.

2206 3505 2359 3571 Quod
2393 3505 2634 3560 ambulat
2666 3520 2832 3574 super
2864 3520 3089 3570 manus,
3143 3521 3207 3561 ex
3258 3507 3484 3562 cunctis
3533 3503 3805 3560 animanti-

2206 3597 2329 3663 bus,
2361 3613 2482 3668 quae
2533 3598 2795 3654 incedunt
2825 3598 3194 3669 quadrupedia
3219 3641 3232 3666 ,
3287 3600 3644 3654 immundum
3676 3597 3804 3652 erit:

2204 3691 2297 3760 qui
2353 3691 2593 3762 tetigerit
2644 3691 2931 3746 morticina
2971 3706 3183 3757 eorum,
3225 3693 3520 3760 polluetur
3554 3689 3806 3759 usquead

2204 3799 2513 3854 vesperum.
2545 3784 2613 3840 Et
2640 3785 2730 3855 qui
2765 3785 3069 3854 portaverit.
3107 3783 3502 3853 hujuscemodi
3531 3784 3808 3843 cadavera,

2202 3879 2408 3935 Iavabit
2434 3882 2762 3935 vestimenta
2794 3895 2912 3946 sua,
2949 3888 3005 3935 et
3043 3879 3364 3935 immundus
3406 3881 3516 3934 erit
3556 3893 3724 3948 usque
3751 3875 3807 3928 ad

2200 3989 2514 4044 vesperum,
2565 3973 2688 4044 quia
2738 3973 2923 4027 omnia
2975 3972 3090 4027 haec
3136 3973 3426 4028 immunda
3472 3980 3605 4028 sunt
3642 3969 3806 4025 vobis.

2202 4066 2330 4122 I‘lzec
2360 4082 2574 4137 quoqtte
2607 4067 2748 4121 inter
2789 4065 2993 4137 polluta
3034 4065 3452 4136 reputabuntur
3480 4067 3551 4121 de
3583 4065 3669 4120 his
3698 4077 3809 4134 qua:

2200 4172 2489 4216 moventur
2538 4161 2594 4215 in
2645 4171 2811 4226 terra,
2869 4159 3098 4216 mustela
3127 4169 3182 4215 et
3213 4176 3342 4216 mus
3375 4169 3437 4216 et
3478 4160 3810 4223 crocodilus,

2199 4255 2410 4323 singula
2448 4253 2606 4323 juxta
2648 4267 2820 4323 genus
2857 4269 3041 4318 suum,
3077 4253 3315 4325 inygale,
3349 4263 3410 4308 et
3447 4253 3810 4310 chama-leon,

2197 4359 2251 4403 et
2281 4347 2483 4416 stellio,
2515 4358 2570 4402 et
2602 4347 2824 4413 lacerta,
2856 4356 2911 4401 et
2942 4346 3119 4417 talpa,
3155 4347 3342 4400 omnia
3381 4345 3509 4402 haec
3539 4342 3813 4400 immunda

2197 4453 2356 4506 sunt;
2407 4443 2496 4510 qui
2551 4439 2787 4510 tetigerit
2840 4439 3129 4494 morticina
3190 4452 3389 4493 eorum
3421 4481 3438 4503 ,
3502 4435 3815 4493 immundus

2195 4537 2299 4590 erit
2344 4549 2515 4604 usque
2564 4533 2632 4588 ad
2682 4547 2999 4603 vesperum,
3047 4540 3103 4586 et
3148 4547 3319 4602 super
3360 4533 3522 4603 quod
3557 4529 3816 4589 ceciderit

488 4629 621 4676 sunt
675 4623 929 4677 animalia
981 4639 1102 4694 qua:
1151 4624 1452 4680 eomedere
1497 4625 1708 4681 debetis
1757 4627 1828 4682 de
1878 4629 2088 4684 cunctis
2119 4613 2487 4699 unidquam
2518 4625 2586 4682 de
2617 4625 2922 4680 morticinis
2948 4640 3172 4687 eorum,
3213 4624 3538 4695 polluetur,
3576 4635 3685 4679 tam
3727 4637 3814 4676 vas

487 4713 859 4770 animantibus
887 4714 968 4786 [ὴ.
999 4715 1474 4788 quadrupedibus]
1509 4727 1672 4774 terra:
1700 4737 1714 4775 :
1741 4721 1916 4776 Omne
1945 4721 2087 4792 quod

487 4802 655 4858 habet
691 4805 920 4878 divisam
962 4809 1257 4876 ungulam,
1296 4818 1352 4864 et
1393 4811 1633 4866 ruminat
1673 4812 1724 4866 in
1769 4813 2082 4882 pecoribus,

489 4897 814 4952 comedetis.
867 4899 1143 4970 Quidquid
1193 4912 1374 4957 autem
1433 4903 1676 4958 ruminat
1725 4905 1978 4976 quidem,
2032 4918 2087 4963 et

489 4989 658 5045 habet
690 4992 965 5060 ungulam,
996 4994 1088 5048 sed
1119 5011 1229 5050 non
1261 4995 1456 5050 dividit
1483 5012 1632 5064 eam,
1665 4997 1806 5052 sicut
1838 5000 2084 5055 camelos

475 5091 538 5137 et
567 5093 786 5147 cmtera,
805 5099 911 5138 non
936 5085 1478 5150 comedetisillud,et
1517 5089 1660 5143 inter
1690 5089 1969 5146 immunda
1993 5106 2080 5147 re-

483 5172 762 5244 putabitis.
804 5173 1232 5249 Chmrogryllius
1287 5183 1376 5251 qui
1421 5181 1684 5251 ruminat,
1720 5184 2082 5257 ungulamque

479 5281 589 5322 non
619 5266 832 5333 dividit,
866 5269 1177 5326 immundus
1207 5283 1292 5328 est
1317 5292 1327 5327 :
1356 5273 1535 5344 Lepus
1574 5291 1794 5347 quoque
1818 5319 1832 5344 ,
1871 5294 1992 5332 nam
2027 5287 2082 5335 et

479 5357 599 5430 ipse
632 5360 890 5430 ruminat,
924 5362 1020 5416 sed
1052 5365 1306 5434 ungulam
1349 5382 1455 5422 non
1487 5368 1700 5424 dividit.
1734 5369 1804 5426 Et
1833 5386 1950 5438 sus,
1985 5373 2076 5443 qui

475 5467 602 5508 cum
643 5455 898 5525 ungulam
940 5456 1162 5522 dividat,
1204 5475 1310 5514 non
1350 5463 1610 5518 ruminat.
1644 5464 1850 5522 Horum
1890 5469 2072 5523 carni-

473 5548 578 5603 bus
612 5564 718 5603 non
750 5549 1067 5617 vescemini,
1102 5567 1201 5608 nec
1232 5555 1499 5611 cadavera
1540 5559 1896 5631 eontingetis,
1939 5561 2070 5633 quia

468 5640 750 5698 immunda
796 5651 924 5698 sunt
979 5645 1154 5700 vobis.
1211 5646 1293 5717 [Ο.
1343 5647 1509 5722 ΧΠ]
1558 5650 1683 5709 llaec
1729 5663 1858 5710 sunt
1902 5655 2067 5712 etiam

543 5812 566 5837 ει
596 5802 773 5860 Nostri
807 5819 964 5872 mss.,
1000 5815 1048 5861 et
1080 5806 1269 5873 cumis,
1307 5813 1414 5862 etc.

2197 4719 2432 4790 ligneum
2483 4728 2538 4773 et
2569 4719 2952 4773 vestimentum
2974 4759 2988 4782 ,
3023 4731 3182 4787 quam
3215 4717 3402 4786 pelles
3438 4727 3500 4773 et
3529 4717 3738 4778 cilicia,
3767 4725 3815 4769 et

2191 4811 2248 4866 in
2291 4827 2631 4882 quocumque
2663 4810 2720 4864 ﬁt
2750 4823 2912 4879 opus,
2948 4809 3285 4877 intingentur
3317 4824 3495 4880 aqua,
3528 4820 3582 4866 et
3617 4809 3814 4881 polluta

2191 4916 2352 4962 erunt
2379 4922 2552 4978 usque
2583 4907 2648 4961 ad
2678 4920 2993 4975 vesperum,
3023 4911 3079 4958 et
3108 4903 3187 4957 sic
3218 4915 3428 4973 postea
3462 4903 3817 4961 mundabun-

2193 5011 2298 5056 tur.
2336 5001 2440 5054 Vas
2470 5009 2651 5054 autem
2707 4999 2896 5061 fictile,
2946 4997 2999 5051 in
3048 4997 3192 5065 quod
3245 4996 3464 5052 horum
3515 4999 3815 5069 quidquam

2189 5096 2334 5148 intro
2391 5092 2691 5160 ceciderit,
2754 5090 3045 5161 polluetur,
3087 5099 3143 5144 et
3182 5088 3401 5147 idcirco
3445 5091 3817 5164 frangendum

2187 5196 2291 5243 est.
2325 5187 2510 5242 Omnis
2558 5186 2710 5242 cibus
2767 5201 2928 5257 quem
2977 5185 3317 5251 comedetis,
3370 5187 3423 5241 si
3481 5191 3602 5243 fusa
3653 5185 3819 5242 fuerit

2185 5294 2351 5346 super
2381 5294 2502 5334 eum
2535 5294 2693 5350 aqua,
2744 5279 3054 5334 immundus
3085 5279 3188 5334 erit
3229 5294 3245 5333 ε
3288 5287 3351 5331 et
3385 5294 3562 5335 omne
3593 5281 3818 5352 liquens

2184 5371 2329 5443 quod
2364 5371 2564 5426 bibitur
2593 5370 2662 5426 de
2705 5373 2962 5428 universo
2996 5386 3142 5436 vase,
3186 5372 3554 5427 imtnundum
3589 5375 3718 5430 erit.
3753 5373 3816 5427 Et

2185 5465 2442 5537 quidquid
2477 5465 2544 5520 de
2583 5466 2889 5521 morticinis
2917 5465 3074 5520 istius
3107 5464 3254 5518 modi
3310 5465 3605 5522 ceciderit
3656 5481 3819 5538 super

2183 5558 2339 5625 illud,
2381 5559 2721 5614 immundum
2760 5559 2887 5627 erit,
2931 5559 3046 5614 sive
3075 5557 3309 5624 clibani,
3350 5560 3478 5616 sive
3509 5561 3818 5633 chytropo-

2179 5652 2302 5721 des,
2362 5653 2714 5710 destruentur
2760 5665 2814 5711 et
2865 5653 3124 5710 immundi
3172 5662 3369 5710 erunt.
3417 5653 3645 5714 Fontes
3690 5669 3821 5715 vero
