4044 6360
273 327 406 390 515,

1628 320 1827 380 LIBER
1867 320 2026 377 LEVI
2046 320 2186 378 l‘lCl.

3452 317 3556 375 δη

266 455 328 501 ει
359 446 628 511 cisternsr,
660 455 716 501 et
754 444 938 500 omnis
970 457 1233 514 aquarum
1270 441 1622 514 congregatio
1662 441 1861 497 munda
1889 444 1946 505 Α
1968 440 2134 510 lepra:
2163 438 2506 494 humiliorem
2533 445 2654 494 cute
2675 446 2732 494 et
2757 451 2921 494 carne
2943 438 3180 509 reliqua,
3207 437 3362 509 plaga
3385 437 3553 506 lepra:

264 542 398 595 erit.
432 539 531 609 Qui
566 540 911 595 morticinum
950 554 1141 594 eorum
1181 538 1444 609 tetigerit,
1481 538 1773 608 polluetur.
1808 535 1863 593 Si

263 633 571 688 ceciderint
620 648 787 703 super
837 643 1157 696 sementem,
1201 648 1308 686 non
1350 631 1598 701 polluent
1629 645 1771 685 eam.
1807 628 1864 685 Si

260 733 447 780 autem
479 725 749 795 quiSpiam
778 741 915 796 aqua
943 736 1245 781 sementem
1271 725 1593 795 perfuderit,
1623 735 1677 779 et
1709 732 1859 792 post-

258 834 328 872 ea
387 820 691 875 morticinis
747 829 885 875 tacta
948 819 1157 885 fuerit,
1226 819 1374 874 illico
1433 819 1725 888 polluetur.
1807 817 1862 874 Si

259 922 544 966 mortuum
573 913 732 968 fuerit
764 913 984 979 animal,
1021 912 1165 983 quod
1195 913 1326 969 licet
1353 914 1509 970 vobis
1547 912 1857 982 comedere,

258 1004 359 1074 qni
403 1004 639 1060 cadaver
667 1005 787 1074 ejus
829 1005 1089 1075 tetigerit,
1132 1005 1444 1060 immundus
1476 1007 1576 1061 erit
1603 1021 1771 1077 usque
1795 993 1889 1060 ad,

259 1110 581 1165 vesperum,
627 1106 683 1152 et
729 1097 821 1168 qui
854 1097 1158 1153 comederit
1203 1112 1268 1153 ex
1315 1111 1380 1153 eo
1419 1096 1719 1167 quidpiam,
1747 1097 1862 1153 sive

252 1190 592 1259 portaverit,
639 1190 840 1248 lavabit
885 1193 1213 1247 vestimenta
1267 1205 1396 1256 sua,
1444 1201 1498 1246 et
1554 1191 1862 1246 immundus

251 1282 369 1337 erit
419 1296 594 1353 usque
642 1283 708 1337 ad
759 1297 1071 1353 vesperum.
1121 1282 1215 1354 [Ο.
1269 1282 1446 1355 XIX.]
1493 1282 1666 1339 Omne
1718 1283 1861 1354 quod

247 1384 444 1444 reptat
472 1390 640 1446 super
669 1385 892 1442 terram,
933 1375 1302 1432 abontinabile
1333 1376 1460 1442 erit,
1492 1391 1590 1432 nec
1621 1390 1865 1432 assume-

246 1476 346 1521 tur
410 1468 468 1523 in
515 1469 718 1524 cibum.
790 1468 1061 1537 Quidquid
1111 1483 1274 1539 super
1317 1477 1505 1540 pectus
1553 1469 1862 1540 quadrupes

250 1562 532 1632 graditur,
593 1572 649 1617 ct
698 1563 901 1616 multos
949 1562 1107 1618 habet
1137 1563 1333 1634 pedes,
1370 1564 1483 1619 sive
1515 1579 1610 1634 per
1637 1563 1861 1619 humum

251 1655 531 1726 trahitur,
581 1671 690 1711 non
752 1655 1098 1725 comedetis,
1153 1657 1276 1727 quia
1334 1656 1700 1714 abominabile
1755 1665 1857 1713 est.

248 1746 447 1803 Nolite
496 1748 875 1804 contaminare
928 1748 1140 1802 animas
1195 1757 1433 1817 vestras,
1482 1763 1584 1804 nec
1629 1750 1862 1819 tangatis

1971 543 2074 597 est,
2093 532 2223 589 etad
2245 531 2528 588 arbitrium
2552 532 2668 601 ejus
2683 531 3048 604 separabitur.
3062 530 3157 614 Sin
3173 537 3350 584 autem
3373 529 3561 588 lucens

1969 628 2176 683 candor
2207 627 2372 683 fuerit
2411 628 2462 682 in
2495 637 2638 696 cute,
2695 643 2793 683 nec
2824 627 3080 682 humilior
3109 641 3272 692 carne
3319 626 3561 696 reliqua,

1965 729 2025 774 et
2059 719 2150 789 pili
2178 719 2381 774 coloris
2412 719 2661 789 pristini,
2695 720 2940 774 recludet
2983 734 3104 775 eum
3154 718 3413 774 sacerdos
3441 733 3566 790 sep-

1969 821 2079 867 tem
2105 812 2298 867 diebus
2317 854 2328 875 ,
2350 821 2405 867 et
2423 811 2798 866 considerabit
2816 811 2904 867 die
2934 813 3166 882 septimo
3185 854 3198 877 ,
3219 819 3274 865 et
3296 809 3561 881 siquidem

1971 905 2118 975 lepra
2153 905 2297 960 ultra
2327 919 2432 961 non
2463 905 2731 972 creverit,
2758 918 2859 961 nec
2888 904 3170 960 transierit
3190 904 3241 958 in
3268 910 3392 957 cute
3419 902 3562 972 prio-

1967 1014 2058 1055 res
2091 998 2388 1067 terminos,
2445 1015 2660 1055 rursum
2690 998 2934 1054 ineludet
2982 997 3170 1071 [Vulg.
3218 996 3562 1067 reclaudet],

1967 1109 2089 1149 eum
2119 1103 2330 1163 septem
2360 1094 2554 1150 diebus
2578 1094 2718 1149 aliis.
2754 1093 2823 1148 Et
2848 1092 2937 1149 die
2961 1095 3196 1165 septimo
3220 1092 3564 1160 contempla-

1969 1187 2145 1242 bitur:
2181 1187 2225 1242 si
2254 1187 2537 1242 obscurior
2568 1185 2733 1242 fuerit
2765 1186 2944 1258 lepra,
2987 1195 3040 1240 et
3090 1201 3194 1240 non
3226 1184 3460 1240 creverit
3507 1183 3560 1237 in

1967 1289 2122 1348 cute,
2157 1281 2441 1337 mundahit
2492 1297 2649 1348 eum,
2683 1282 2813 1352 quia
2863 1280 3076 1335 scabies
3103 1288 3216 1344 est;
3251 1277 3563 1346 lavabitque

1966 1372 2130 1428 homo
2155 1375 2480 1430 vestimenta
2508 1389 2602 1428 sua
2622 1417 2635 1440 ,
2663 1380 2721 1427 et
2752 1372 2984 1427 mundus
3007 1372 3133 1428 erit.
3163 1370 3317 1439 Quod
3345 1370 3390 1424 si
3416 1377 3563 1438 post--

1966 1481 2126 1536 quam
2160 1482 2188 1520 a
2218 1467 2507 1523 sacerdote
2537 1467 2686 1521 visus
2716 1473 2801 1521 est
2824 1507 2838 1529 ,
2871 1473 2926 1520 et
2952 1465 3200 1520 redditus
3229 1462 3510 1518 munditiae
3537 1504 3551 1526 ,

1967 1559 2162 1614 iterum
2213 1561 2364 1630 lepra
2404 1559 2671 1626 creverit,
2723 1558 3024 1614 adducetur
3051 1557 3115 1612 ad
3138 1572 3262 1613 eum
3288 1599 3302 1624 ,
3356 1567 3412 1611 et
3453 1557 3558 1612 im-

1965 1651 2244 1708 mnntlitire
2302 1652 2777 1707 eondemnabitur.
2830 1650 2994 1721 Plaga
3062 1650 3228 1718 lepra:
3283 1648 3327 1703 si
3400 1647 3564 1703 fuerit

1966 1746 2018 1799 in
2077 1744 2336 1811 homine,
2387 1744 2688 1799 adducetur
2717 1742 2786 1798 ad
2838 1741 3219 1807 sacerdotem,
3251 1749 3303 1795 et
3357 1739 3561 1794 videbit

245 1841 555 1912 quidquam
585 1857 802 1908 eorum,
839 1857 906 1895 ne
946 1840 1210 1896 immundi
1251 1842 1392 1896 sitis.
1424 1841 1535 1912 Ego
1565 1843 1710 1897 enim
1739 1857 1858 1897 sum
1893 1845 1940 1905 Β
1967 1854 2115 1894 cum.
2148 1839 2394 1907 Cumque
2423 1837 2577 1892 color
2606 1835 2761 1891 albus
2787 1836 2838 1890 in
2871 1845 2995 1891 cute
3020 1834 3215 1900 fuerit,
3249 1841 3305 1888 et
3330 1832 3559 1904 capillo—

248 1934 524 1989 Dominus
554 1935 694 1990 Deus
721 1943 903 1990 vester
949 1953 961 1989 :
1009 1936 1184 1991 sancti
1211 1945 1409 2002 estote,
1443 1937 1567 2007 quia
1600 1951 1700 2005 ego
1731 1952 1858 1990 san-

247 2037 378 2082 ctus
436 2044 578 2082 sum.
637 2027 714 2082 Ne
769 2027 1024 2098 polluatis
1085 2029 1295 2084 animas
1347 2037 1557 2083 vestras
1607 2029 1658 2082 in
1713 2029 1859 2083 omni

245 2123 473 2193 reptili,
504 2123 649 2194 quod
683 2131 937 2178 movetur
967 2138 1131 2193 super
1162 2133 1386 2178 terram.
1419 2122 1532 2193 Ego
1563 2123 1708 2178 enim
1740 2137 1858 2177 sum

248 2216 528 2270 Dominus
569 2216 661 2287 qui
689 2214 849 2271 eduxi
883 2231 978 2270 vos
1022 2216 1089 2270 de
1129 2223 1270 2271 terra
1300 2214 1542 2286 Egypti,
1593 2222 1653 2270 ut
1681 2230 1857 2272 essem

245 2311 416 2365 vobis
455 2311 510 2364 in
549 2310 735 2365 Deum.
778 2309 963 2365 Sancti
1000 2309 1177 2378 eritis,
1220 2312 1476 2380 quoniam
1510 2325 1610 2380 ego
1637 2319 1858 2366 sanctus

246 2416 405 2456 sum.
441 2403 547 2458 Ista
577 2413 659 2458 est
689 2403 769 2459 lex
802 2403 1158 2458 animantium
1187 2419 1248 2459 ac
1272 2403 1573 2470 volucrum,
1598 2413 1651 2458 et
1679 2404 1858 2458 omnis

245 2498 459 2553 anima:
488 2499 744 2564 viventis,
774 2516 893 2569 qurc
934 2510 1185 2555 movetur
1216 2500 1268 2554 in
1301 2514 1460 2570 aqua,
1504 2508 1558 2554 ct
1597 2508 1773 2569 reptat.
1803 2498 1855 2553 in

243 2599 433 2659 terra,
465 2601 531 2647 ut
557 2592 896 2652 differentias
946 2595 1209 2649 noveritis
1238 2593 1423 2648 mundi
1469 2603 1519 2647 et
1564 2593 1853 2662 immundi,

241 2691 298 2738 et
329 2684 529 2739 sciatis
557 2684 687 2755 quid
720 2685 1008 2741 comedere
1039 2696 1092 2742 et
1132 2685 1259 2755 quid
1293 2701 1549 2756 reSpuere
1587 2685 1853 2742 debeatis.

269 2801 274 2806 -
317 2777 413 2846 lB.
449 2776 566 2845 VII,
592 2775 654 2831 C.
690 2777 810 2844 XX,
841 2776 970 2850 Cap.
1007 2777 1144 2850 Xll.]
1179 2777 1526 2847 Locutusque
1560 2788 1645 2833 est
1675 2777 1860 2833 Domi-

242 2884 350 2924 nus
375 2870 447 2924 ad
478 2869 663 2924 Mosen
688 2911 702 2934 ,
728 2870 947 2926 dicens:
970 2870 1218 2942 Loquere
1245 2871 1374 2924 filiis
1396 2871 1562 2926 Israel
1587 2911 1604 2937 ,
1627 2879 1682 2926 et
1706 2870 1856 2925 dices

241 2962 310 3016 ad
344 2977 481 3018 eos:
519 2961 732 3028 Mulier,
766 2963 810 3016 si
841 2973 1096 3033 suscepto
1126 2964 1338 3020 semine
1368 2961 1446 3035 [11.
1477 2963 1596 3018 fuso
1623 2965 1853 3037 semine]

243 3055 536 3126 pepererit
584 3051 882 3112 masculum
907 3098 920 3121 ,
950 3056 1226 3112 immunda
1252 3059 1359 3113 erit
1385 3066 1592 3128 septem
1627 3058 1816 3116 diebus
1839 3100 1852 3124 ,

236 3147 404 3216 juxta
448 3147 567 3202 dies
615 3148 974 3217 scparationis
1020 3157 1334 3204 menstruze.
1391 3150 1454 3204 Et
1502 3150 1590 3204 die
1659 3159 1854 3204 octavo

1965 1949 2084 1988 rum
2114 1931 2408 1987 mutaverit
2431 1937 2710 2000 aspectum
2734 1971 2750 1997 ,
2775 1932 2888 2001 ipsa
2921 1943 3134 1999 quoque
3162 1941 3294 1984 caro
3315 1926 3439 1981 viva
3467 1939 3560 1996 ap-

1964 2029 2238 2100 paruerit:
2273 2027 2429 2096 lepra
2467 2025 2840 2081 vetustissima
2863 2021 3223 2093 judicabitur,
3255 2028 3419 2089 atque
3444 2019 3563 2074 iuo-

1963 2124 2056 2179 lita
2097 2122 2234 2178 cuti.
2297 2119 2702 2176 Contaminabit
2748 2119 2932 2190 itaque
2980 2131 3105 2173 eum
3165 2114 3454 2180 sacerdos,
3505 2119 3563 2168 et

1965 2232 2074 2271 non
2100 2214 2375 2279 recludet,
2406 2223 2431 2250 ⁸
2454 2215 2583 2285 quia
2619 2213 2923 2284 perspicua:
2948 2209 3309 2266 immunditim
3333 2217 3438 2264 est.
3463 2206 3559 2263 Sin

1963 2319 2143 2365 autem
2177 2307 2484 2365 ellloruerit
2513 2307 2832 2362 discurrens
2860 2306 3012 2376 lepra
3044 2305 3096 2359 in
3125 2313 3248 2359 cute
3273 2345 3287 2370 ,
3317 2312 3370 2358 et
3419 2315 3552 2370 ope-

1963 2403 2134 2459 ruerit
2154 2416 2370 2456 otunem
2401 2410 2579 2455 cutem
2604 2415 2635 2454 a
2665 2400 2843 2470 capite
2867 2412 3040 2466 usque
3069 2395 3135 2450 ad
3166 2393 3334 2465 pedes
3359 2410 3373 2448 :
3401 2391 3556 2463 quid-

1961 2497 2089 2567 quid
2114 2495 2213 2551 sub
2235 2503 2514 2566 aspectum
2538 2492 2821 2549 oculorum
2846 2491 3020 2556 cadit,
3042 2487 3408 2544 considerabit
3434 2501 3555 2541 eum

1961 2590 2216 2647 sacerdos
2249 2590 2329 2662 Ui.
2363 2591 2462 2645 sub
2494 2597 2719 2657 aSpectu
2774 2585 3058 2641 oculorum
3090 2580 3448 2654 sacerdotis],
3502 2590 3558 2636 et

1963 2684 2135 2740 teneri
2180 2684 2325 2754 lepra
2357 2681 2716 2737 mundissima
2744 2679 3039 2748 iudicabit:
3090 2692 3156 2733 eo
3178 2677 3322 2747 quod
3369 2675 3549 2730 omnis

1962 2777 2015 2833 in
2047 2777 2341 2833 candorem
2395 2791 2550 2831 versa
2595 2775 2695 2843 sit,
2735 2779 2791 2829 et
2846 2772 3046 2828 idcirco
3096 2771 3259 2825 homo
3314 2769 3552 2824 mundus

1960 2873 2085 2928 erit.
2118 2871 2344 2940 Quando
2397 2885 2531 2926 vero
2580 2884 2711 2925 caro
2758 2867 2945 2923 vivens
2974 2867 3034 2922 in
3084 2881 3151 2923 eo
3200 2864 3549 2937 apparuerit,

1961 2975 2086 3021 tunc
2113 2964 2414 3020 sacerdotis
2430 2963 2636 3034 judicio
2665 2963 2964 3033 polluetur,
2991 2969 3048 3016 et
3073 2962 3213 3015 inter
3235 2958 3543 3014 immundos

1958 3058 2325 3128 reputabitur.
2382 3057 2524 3112 Caro
2582 3057 2729 3111 enim
2781 3055 2900 3111 viva
2932 3055 2978 3109 si
3015 3053 3164 3124 lepra
3207 3062 3547 3123 aspergatur,

1960 3152 2237 3206 immunda
2267 3159 2369 3208 est.
2394 3149 2547 3216 Quod
2577 3150 2620 3203 si
2658 3163 2872 3204 rursum
2905 3162 3064 3202 versa
3097 3146 3260 3201 fuerit
3310 3145 3360 3200 iu
3389 3144 3544 3198 albo-

241 3240 678 3294 circttmcidetur
710 3239 1038 3296 infantulus:
1074 3242 1190 3311 ipsa
1233 3257 1365 3297 vero
1418 3243 1636 3313 triginta
1681 3243 1851 3298 tribus
1880 3244 1924 3306 C
1957 3259 2108 3309 rem,
2156 3252 2211 3299 et
2266 3252 2438 3298 totum
2482 3243 2758 3296 hominem
2814 3239 3127 3311 operuerit,
3187 3235 3552 3292 considerabit

243 3332 446 3388 diebus
474 3332 714 3387 manebit
742 3332 793 3387 in
814 3334 1070 3404 sanguine
1103 3336 1494 3404 puriﬁcationis
1518 3351 1652 3390 suae.
1680 3336 1854 3392 Omne

241 3436 506 3479 sanctum
531 3440 638 3479 non
671 3433 872 3495 tanget,
900 3441 997 3480 nec
1024 3425 1360 3496 ingredietur
1382 3429 1435 3482 in
1459 3430 1851 3498 sanctuarium,

240 3518 431 3575 donec
463 3519 796 3588 impleantur
823 3519 942 3574 dies
975 3520 1371 3590 purificationis
1400 3522 1517 3592 ejus
1563 3521 1647 3595 [(3.
1682 3523 1851 3594 XXI].

237 3614 345 3671 Sin
385 3623 566 3668 autem
604 3613 856 3670 feminam
888 3616 1192 3684 pepererit,
1226 3616 1502 3687 immunda
1529 3617 1856 3673 eritduabus

239 3705 865 3774 hebdomadibusjnxta
898 3709 1061 3761 ritum
1094 3707 1272 3763 ﬂuxus
1301 3710 1589 3776 menstrui,
1623 3719 1676 3764 et
1699 3724 1851 3765 sexa‘

239 3803 404 3873 ginta
437 3818 500 3857 ac
546 3818 641 3858 sex
678 3803 873 3858 diebus
917 3805 1162 3860 manebit
1206 3805 1258 3859 in
1305 3806 1573 3875 sanguine
1600 3806 1856 3875 puriﬁca-

242 3898 420 3951 tionis
453 3911 589 3951 suae.
616 3896 859 3968 Cumque
892 3899 1093 3962 expleti
1129 3897 1329 3954 fuerint
1372 3899 1490 3956 dies
1523 3900 1856 3969 puriticatio—

239 3986 336 4042 nis
366 3988 516 4057 ejus,
547 4006 642 4060 pro
671 3991 784 4045 filio
809 4031 825 4056 ,
852 3991 970 4046 sive
1001 4007 1100 4060 pro
1127 3993 1231 4047 tilia
1252 4034 1266 4059 ,
1294 3992 1509 4047 deferet
1537 4008 1736 4060 agnum
1759 4007 1855 4046 an~

240 4083 496 4138 niculum
530 4085 582 4139 in
614 4085 991 4141 holocaustum
1012 4129 1026 4154 ,
1059 4097 1114 4142 et
1146 4088 1350 4157 pullum
1401 4088 1704 4152 columbae,
1738 4087 1855 4142 sive

240 4185 529 4232 turturem
559 4193 658 4247 pro
685 4179 993 4248 peccatoad
1025 4179 1221 4233 ostium
1255 4178 1854 4234 tabernaculitestimo-

237 4272 322 4326 ιιἰί
353 4311 372 4335 ,
401 4281 458 4325 ει
489 4273 663 4327 tradet
703 4273 1010 4339 sacerdoti,
1044 4272 1137 4342 qui
1166 4273 1359 4328 offeret
1385 4273 1475 4327 illa
1525 4288 1707 4328 coram
1743 4273 1854 4327 Do-

239 4366 437 4432 mino,
467 4375 521 4420 et
544 4368 750 4437 rogabit
779 4383 876 4438 pro
907 4381 968 4422 ea
990 4409 1004 4434 ,
1035 4376 1089 4422 et
1114 4368 1192 4423 sic
1225 4367 1624 4423 mundabitura
1650 4368 1855 4438 proflu-

237 4459 341 4514 vio
373 4461 649 4530 sanguinis
680 4459 785 4514 sui.
838 4462 941 4516 Ista
973 4470 1058 4515 est
1110 4460 1196 4516 lex
1228 4461 1492 4530 parientis
1548 4462 1852 4516 masculum

238 4559 352 4607 aut
381 4550 658 4607 feminam.
683 4553 842 4622 Quod
870 4554 914 4608 si
944 4567 1049 4608 non
1077 4553 1345 4609 invenerit
1367 4569 1561 4609 manus
1585 4557 1731 4624 ejus,
1756 4570 1856 4610 nec

239 4738 395 4794 duos
428 4739 603 4808 pullos
631 4741 930 4806 columbae,
965 4756 1128 4794 unum
1159 4740 1212 4794 in
1242 4739 1622 4796 holocaustum
1653 4787 1665 4809 ,
1696 4750 1751 4796 et
1776 4741 1854 4796 al-

241 4841 436 4888 terum
476 4847 570 4902 pro
595 4842 842 4904 peccato.
875 4832 1179 4904 Orabitque
1233 4849 1332 4905 pro
1375 4850 1438 4889 ea
1469 4836 1724 4890 sacerdos
1749 4876 1763 4903 ,
1798 4847 1855 4892 et

242 4928 340 4983 sic
375 4927 749 4983 mundabitur.

327 5019 417 5094 [Β.
449 5020 567 5088 VII,
597 5021 658 5076 (Σ.
692 5021 871 5087 XXII,
916 5019 1045 5094 Cap.
1073 5021 1236 5095 Xlll.]
1264 5022 1610 5094 Loentusque
1637 5031 1721 5079 est
1750 5023 1856 5079 Do-

243 5111 442 5168 minus
468 5112 532 5168 ad
578 5113 762 5170 Mosen
806 5126 860 5170 et
891 5123 1093 5184 Aaron,
1125 5115 1346 5171 dicens:
1375 5116 1582 5183 llomo,
1617 5116 1668 5171 in
1697 5117 1852 5185 cujus

242 5215 382 5261 cute
403 5215 457 5261 et
476 5222 640 5263 carne
664 5218 820 5264 ortus
847 5209 1275 5265 fueritdiversus
1295 5210 1448 5266 color
1462 5212 1577 5266 sive
1597 5211 1814 5281 pustula
1833 5254 1849 5279 ,

245 5308 351 5352 aut
407 5301 562 5368 quasi
593 5301 784 5357 lucens
833 5301 1107 5372 quidpiam
1131 5344 1146 5370 ,
1199 5303 1250 5358 id
1293 5312 1417 5367 est,
1452 5303 1606 5375 plaga
1640 5305 1844 5376 leprae,

245 5391 559 5447 adducetur
583 5393 649 5448 ad
674 5395 852 5449 Aaron
880 5396 1219 5452 sacerdotem
1238 5438 1253 5464 ,
1271 5399 1356 5452 vel
1379 5398 1444 5453 ad
1471 5415 1635 5452 unum
1658 5415 1848 5470 quem-

247 5484 390 5540 libet
411 5473 641 5542 tiliorum
661 5488 920 5558 ejus.Qui
947 5505 1071 5546 cum
1085 5491 1285 5546 viderit
1305 5492 1515 5562 lepram
1541 5495 1590 5548 in
1616 5503 1771 5563 cute,
1797 5504 1850 5550 et

249 5578 402 5651 pilos
434 5579 481 5634 in
517 5581 701 5636 album
728 5592 970 5640 mutatos
997 5584 1237 5640 colorem
1268 5626 1281 5646 .
1307 5585 1586 5656 ipsamque
1608 5587 1847 5657 speciem

329 5720 355 5746 '1
390 5719 721 5796 Legietiam
749 5721 838 5777 hic
867 5732 1084 5793 potest,
1135 5732 1195 5779 ut
1239 5725 1291 5779 in
1323 5739 1532 5780 canone
1559 5733 1614 5779 et
1639 5724 1848 5796 aliquot

248 5803 393 5865 mss1
427 5791 598 5865 libris,
629 5794 756 5865 quia
788 5791 1051 5865 perspicue
1082 5796 1410 5850 immunditia
1440 5806 1533 5851 est.
1563 5791 1744 5852 Mam:

251 5889 328 5907 --
350 5862 503 5921 Unus
527 5862 756 5922 Palatia.
777 5862 1135 5924 condemnabit
1159 5885 1176 5922 :
1200 5877 1253 5924 et
1276 5869 1432 5940 paulo
1461 5879 1579 5940 post
1601 5883 1723 5926 cum
1754 5868 1853 5925 Ur-

1960 3352 2083 3394 eum
2116 3335 2404 3402 sacerdos,
2455 3345 2508 3390 et
2536 3334 2795 3389 mundum
2837 3347 2957 3387 esse
3004 3332 3283 3387 decernet.
3313 3328 3453 3384 Caro
3499 3335 3554 3383 et

1959 3431 2098 3486 cutis
2121 3471 2135 3495 ,
2160 3429 2214 3483 in
2237 3443 2345 3498 qua
2375 3428 2530 3483 ulcus
2564 3437 2749 3482 natum
2778 3435 2863 3482 est
2888 3435 2942 3480 et
2961 3436 3209 3481 sanatum
3231 3465 3246 3489 ,
3270 3433 3322 3477 et
3353 3422 3405 3475 in
3434 3422 3554 3475 loco

1960 3522 2159 3578 ulceris
2189 3521 2416 3576 cicatrix
2441 3521 2753 3591 apparuerit
2782 3518 2931 3583 alba,
2955 3519 3070 3574 sive
3097 3515 3325 3571 subrufa
3350 3559 3363 3581 ,
3385 3515 3551 3570 addu-

1958 3623 2114 3672 cetur
2151 3613 2317 3669 homo
2366 3613 2432 3668 ad
2491 3612 2872 3668 sacerdotem:
2904 3611 2994 3682 qui
3042 3625 3163 3665 cum
3209 3608 3406 3663 viderit
3459 3607 3548 3662 lo-

1928 3695 1932 3700 ’
1958 3724 2080 3766 cum
2111 3708 2274 3779 lepra:
2307 3707 2647 3763 humiliorem
2672 3723 2834 3762 carne
2885 3707 3090 3776 reliqua
3111 3749 3125 3773 ,
3157 3715 3212 3760 et
3242 3704 3382 3775 pilos
3428 3718 3552 3758 ver-

1958 3817 2050 3859 sos
2076 3804 2126 3858 in
2166 3803 2491 3870 candorem,
2539 3802 2932 3858 contaminabit
2984 3816 3144 3867 eum,
3203 3800 3354 3879 plaga
3394 3799 3542 3853 enim

1959 3896 2124 3966 leprae
2153 3905 2272 3952 orta
2324 3905 2408 3950 est
2441 3898 2493 3950 in
2549 3897 2754 3952 ulcere.
2785 3893 2939 3963 Quod
2970 3894 3015 3948 si
3050 3893 3191 3963 pilus
3223 3891 3428 3947 coloris
3474 3899 3558 3946 est

1961 3994 2205 4064 pristini,
2232 4002 2287 4048 et
2315 3993 2539 4048 cicatrix
2565 3991 2907 4046 subobscura
2927 4035 2939 4058 ,
2971 3998 3026 4046 et
3046 3989 3221 4044 vicina
3249 4002 3416 4044 carne
3448 4001 3553 4040 non

1960 4101 2044 4148 est
2068 4091 2349 4159 humilior,
2379 4089 2626 4147 recludet
2654 4105 2778 4145 eum
2807 4096 3012 4159 septem
3045 4087 3257 4142 diebus.
3287 4085 3357 4140 Et
3378 4083 3552 4154 siqui-

1959 4183 2081 4238 dem
2132 4185 2400 4251 ereverit,
2459 4183 2797 4252 adjudicabit
2851 4197 2973 4236 eum
3007 4180 3196 4249 leprre.
3231 4177 3328 4234 Sin
3374 4184 3553 4231 autem

1959 4276 2174 4331 steterit
2201 4276 2254 4330 iu
2289 4277 2407 4331 loco
2438 4291 2569 4342 suo,
2603 4276 2802 4331 ulceris
2840 4284 2924 4330 cst
2979 4272 3204 4327 cicatrix
3229 4313 3242 4338 ,
3277 4279 3332 4325 et
3391 4269 3555 4322 homo

1961 4369 2193 4424 mundus
2221 4370 2346 4424 erit.
2372 4369 2514 4423 Caro
2536 4377 2588 4423 et
2618 4367 2758 4422 cutis
2780 4407 2793 4432 ,
2843 4381 3001 4437 quam
3051 4365 3192 4435 ignis
3241 4361 3511 4417 exusserit
3538 4400 3554 4424 ,

1961 4471 2017 4516 et
2044 4471 2230 4516 sanata
2279 4461 2459 4516 albam
2495 4461 2610 4516 sive
2661 4459 2836 4514 rufam
2892 4459 3143 4514 habuerit
3197 4455 3550 4520 cicatricem,

3603 490 3650 528 ΩΙ

1960 4554 2338 4610 considerabit
2387 4570 2504 4609 eam
2533 4554 2792 4610 sacerdos
2815 4595 2829 4618 ,
2856 4562 2911 4608 et
2941 4567 3070 4607 ecce
3099 4565 3254 4606 versa
3284 4557 3365 4603 est
3399 4548 3450 4602 in
3483 4548 3561 4601 al-
3635 4545 3640 4548 ’

236 4647 498 4717 potuerit
546 4646 741 4702 offerre
795 4662 1022 4716 agnum.
1087 4657 1267 4702 sumet
1299 4648 1436 4701 duos
1482 4656 1724 4704 turtures
1769 4647 1851 4703 vel
1881 4643 1930 4702 Ι)
1957 4647 2145 4702 borem
2174 4647 2253 4719 [h.
2287 4647 2356 4702 Et
2385 4661 2515 4703 ecce
2548 4648 2687 4717 pilus
2717 4661 2910 4701 versus
2941 4653 3024 4700 est
3075 4644 3127 4698 in
3170 4638 3472 4712 alltorem],
3506 4647 3559 4694 et

1957 4738 2111 4795 locus
2135 4741 2254 4808 ejus
2278 4740 2482 4809 reliqua
2508 4750 2636 4796 cute
2666 4739 2923 4794 humilior
2941 4754 2955 4793 :
2975 4733 3368 4791 contaminabit
3391 4747 3513 4787 eum
3543 4773 3557 4798 ,

1956 4829 2081 4901 quia
2117 4831 2273 4901 plaga
2308 4832 2470 4901 leprm
2501 4833 2552 4885 in
2582 4830 2847 4886 cicatrice
2879 4840 2996 4884 orta
3030 4839 3134 4885 est.
3185 4825 3340 4894 Quod
3396 4827 3439 4881 si
3475 4827 3554 4896 pi-

1959 4923 2135 4979 lorum
2179 4925 2332 4978 color
2363 4938 2470 4978 non
2531 4924 2695 4979 fuerit
2745 4923 3094 4986 immutatus,
3148 4935 3250 4975 nec
3303 4919 3562 4974 humilior

1960 5019 2114 5089 plaga
2170 5032 2334 5075 carne
2389 5018 2599 5090 reliqua
2626 5063 2639 5087 ,
2674 5028 2729 5073 ct
2783 5019 2904 5088 ipsa
2933 5018 3100 5087 lepra:
3129 5014 3342 5085 species
3394 5012 3560 5068 fuerit

1957 5111 2299 5167 subobscura
2325 5153 2340 5180 ,
2377 5112 2624 5167 recludet
2668 5127 2792 5166 eum
2844 5120 3052 5180 septem
3094 5109 3323 5174 diebus,
3365 5118 3419 5162 et
3464 5105 3556 5160 die

1959 5211 2193 5281 septimo
2226 5210 2723 5281 contemplabitur:
2753 5209 2797 5263 si
2831 5207 3071 5264 creverit
3122 5207 3174 5261 in
3221 5215 3342 5260 cute
3371 5203 3555 5273 lepra,

1956 5305 2352 5359 contaminabit
2401 5319 2546 5359 eum.
2603 5303 2698 5359 Sin
2754 5311 2938 5357 autem
2973 5301 3024 5355 in
3058 5301 3178 5354 loco
3211 5311 3310 5353 suo
3349 5295 3555 5352 candor

1959 5399 2174 5452 steterit
2205 5412 2311 5452 nou
2346 5399 2479 5452 satis
2508 5397 2721 5461 clarus,
2755 5397 2913 5467 plaga
2969 5392 3371 5450 combustiouis
3425 5400 3510 5444 est
3538 5431 3552 5453 ,

1955 5501 2009 5549 et
2040 5493 2243 5549 ideirco
2277 5493 2649 5559 inundabitur,
2683 5493 2807 5562 quia
2847 5490 3074 5548 cicatrix
3129 5497 3209 5544 est
3238 5485 3556 5542 combustu—

1955 5603 2048 5643 rae.
2080 5587 2202 5655 Vir,
2227 5587 2344 5643 sive
2371 5587 2588 5655 mulier,
2620 5586 2673 5641 in
2702 5587 2857 5657 cujus
2882 5585 3062 5656 capite
3087 5624 3102 5649 ,
3131 5581 3221 5636 vel
3249 5579 3414 5633 barba
3438 5592 3557 5648 ger-

1957 5726 2351 5800 binate,atqne
2379 5727 2498 5784 aliis
2522 5726 2664 5800 apud
2697 5726 2967 5794 Martian.,
2999 5724 3119 5795 quia
3159 5717 3430 5791 perspicue
3461 5717 3556 5770 fm-

1958 5799 2228 5854 mtmdt'tt'te
2249 5808 2343 5856 est.
