3912 6348
389 298 496 357 315

1399 302 1437 359 S
1489 300 1868 359 HIERONYMI
1908 300 2133 360 DIVINA
2177 301 2655 364 BIBLIOTHECA.

3576 309 3691 369 310

390 412 1498 485 tuinavcritlepra,videbiteossacerdos.
1527 413 1873 485 Etsiqnidem
1891 414 1989 470 bu.
2017 417 2064 477 Α
2094 414 2160 471 ad
2210 416 2431 484 Mosen,
2479 418 2701 474 dicens:
2752 418 2850 475 llic
2902 428 2988 475 est
3032 421 3169 475 ritus
3214 418 3440 490 leprosi,
3472 421 3695 492 quando

391 509 573 565 milior
591 508 752 563 fuerit
771 504 1108 563 locnsearne
1128 508 1356 580 reliqua,
1371 518 1428 564 et
1442 507 1671 576 capillus
1688 506 1881 578 ﬂavus,
1898 522 1992 563 so-

389 600 597 673 litoque
617 600 889 667 subtilior,
913 601 1418 657 contaminabiteos
1434 642 1450 667 ,
1471 604 1593 672 quin
1620 601 1771 668 lepra
1801 603 1992 674 capitis

389 708 455 749 ac
470 692 651 749 barbae
665 703 769 750 est.
787 693 882 750 Sin
902 706 1079 749 autem
1094 693 1285 750 viderit
1300 694 1473 749 locum
1488 698 1713 750 maculae
1731 696 1990 766 aaqualem

389 784 581 841 vicina:
597 786 771 853 carni,
786 797 838 841 ct
858 786 1114 856 capillum
1136 786 1366 860 nigrum,
1383 788 1626 844 recludet
1643 804 1765 844 eum
1786 799 1991 859 septem

390 877 606 945 diebus,
621 879 775 937 etdie
788 881 1021 949 septimo
1039 880 1352 936 intuebitur.
1366 881 1423 938 Si
1442 898 1551 938 non
1565 885 1803 940 creverit
1820 899 1996 941 macu-

392 973 474 1043 la,
501 983 554 1031 et
573 976 801 1046 capillus
828 975 910 1031 sui
928 975 1127 1031 coloris
1151 989 1263 1045 est,
1288 986 1343 1033 et
1364 977 1517 1034 locus
1540 979 1710 1051 plaga:
1724 980 1875 1035 carni
1899 994 1991 1037 re-

394 1067 552 1140 liqua:
567 1069 809 1140 aequalis,
825 1067 1043 1124 radetur
1054 1074 1215 1125 homo
1229 1070 1435 1141 absque
1449 1071 1570 1128 loco
1586 1073 1832 1141 macula},
1848 1082 1903 1129 et
1914 1074 1996 1128 in-

396 1164 648 1221 cludetur
670 1176 876 1235 septem
902 1163 1093 1219 diebus
1121 1165 1334 1222 aliis.Si
1362 1164 1452 1221 die
1475 1167 1709 1237 septimo
1733 1167 1844 1221 visa
1875 1164 1997 1223 fue-

396 1256 466 1312 rit
485 1258 705 1313 stetisse
736 1259 889 1329 plaga
921 1259 977 1315 in
1010 1260 1129 1315 loco
1148 1276 1272 1328 suo,
1289 1276 1389 1316 nec
1411 1262 1842 1319 tiumiliorcarne
1862 1260 1993 1318 reli-

397 1365 500 1422 qua
522 1391 537 1418 ,
563 1352 854 1408 mundabit
878 1370 1003 1411 eum
1021 1397 1036 1420 ,
1059 1355 1295 1427 totisque
1320 1342 1564 1412 vestibus
1592 1356 1734 1425 suis,
1759 1355 1996 1411 mundus

395 1445 517 1501 erit.
547 1445 642 1503 Sin
670 1456 850 1504 autem
877 1460 1003 1520 post
1030 1452 1471 1508 emuudationem
1508 1467 1699 1509 rursus
1742 1454 1980 1510 creverit

400 1538 611 1595 macula
652 1539 705 1595 in
731 1552 856 1596 cute
876 1580 892 1608 ,
919 1557 1026 1598 non
1052 1553 1257 1614 quaeret
1285 1545 1518 1614 amplius
1546 1559 1730 1600 utrum
1760 1546 1990 1615 capillus

402 1631 453 1687 in
486 1630 686 1688 ﬂavum
713 1635 952 1690 colorem
986 1636 1057 1691 sit
1084 1646 1456 1693 commutatus
1477 1672 1494 1702 ν
1515 1639 1643 1709 quia
1677 1637 1997 1710 apertejntv

400 1726 634 1779 mundus
657 1734 764 1781 cst.
791 1726 962 1781 Porro
991 1728 1035 1781 si
1062 1728 1281 1784 steterit
1309 1732 1520 1784 macula
1536 1771 1550 1796 ,
1574 1738 1633 1785 et
1652 1729 1832 1800 capilli
1857 1730 1994 1801 nigri

2099 508 2443 564 mundandus
2499 521 2627 566 est:
2684 511 2995 569 Adducetur
3045 512 3113 567 ad
3170 512 3542 580 sacerdotem,
3594 513 3697 585 qui

2096 616 2353 671 egressus
2400 610 2552 658 extra
2582 614 2794 671 castra,
2840 620 2964 661 cum
2998 606 3262 661 invenerit
3314 605 3517 677 lepram
3562 620 3692 663 esse

2099 692 2410 749 mundatam
2434 735 2449 761 ,
2499 696 2782 767 praecipiet
2818 699 2869 753 ei
2917 698 3007 769 qui
3041 697 3378 770 puriﬁcatur,
3411 707 3470 754 ut
3495 697 3697 756 oﬂ'erat

2097 803 2196 859 pro
2221 803 2283 844 se
2302 789 2438 845 duos
2463 804 2719 861 passeres
2745 792 2897 848 vivos
2914 833 2929 859 ,
2951 792 3147 862 quibus
3175 793 3319 849 vesci
3342 793 3548 849 licitum
3569 801 3657 849 est
3672 833 3695 863 ,

2098 890 2156 941 et
2187 883 2396 955 lignum
2428 884 2742 953 cedrinum,
2777 885 3237 955 vermiculumque
3281 894 3339 941 et
3365 885 3694 958 bysmpum.

2100 978 2165 1033 Et
2196 994 2359 1034 unum
2390 994 2456 1034 ex
2489 966 2805 1050 passeribus
2833 980 3098 1035 immolari
3123 980 3337 1050 jnbebit
3360 981 3412 1035 in
3435 996 3561 1035 vase
3594 980 3700 1036 ﬁc-

2099 1068 2180 1125 tili
2225 1085 2391 1142 super
2417 1086 2585 1143 aquas
2610 1072 2894 1131 viventes;
2928 1072 3096 1129 alium
3136 1081 3316 1129 autem
3346 1073 3525 1129 vivum
3565 1089 3698 1130 eum

2098 1163 2243 1235 ligno
2271 1164 2528 1231 cedrino,
2561 1177 2616 1221 et
2657 1181 2823 1222 cocco
2863 1175 2918 1222 et
2960 1166 3232 1239 hyssopo,
3263 1168 3433 1239 tinget
3457 1168 3508 1222 in
3560 1182 3701 1224 san-

2095 1260 2261 1330 guine
2314 1260 2557 1331 passeris
2608 1261 2912 1327 immolati,
2941 1276 3050 1332 quo
3079 1269 3337 1332 asperget
3366 1260 3549 1330 illum,
3600 1261 3703 1333 qui

2100 1355 2444 1411 mundandus
2471 1366 2555 1410 est
2575 1392 2591 1419 .
2621 1356 2827 1426 septies
2849 1396 2864 1422 ,
2897 1365 2956 1410 ut
2974 1355 3100 1426 jure
3132 1363 3413 1427 purgetur,
3441 1366 3495 1412 et
3514 1355 3706 1412 dimit-

2098 1460 2179 1506 tet
2235 1464 2512 1520 passerem
2544 1448 2723 1503 vivum
2748 1492 2763 1518 ,
2818 1457 2875 1502 ut
2915 1449 2968 1502 in
2997 1463 3187 1519 agrum
3221 1448 3426 1505 avolet.
3453 1448 3705 1518 Cumque

2098 1541 2292 1598 laverit
2321 1544 2484 1597 homo
2511 1541 2829 1597 vestimenta
2853 1555 2949 1596 sua
2965 1583 2980 1606 ,
3009 1540 3171 1596 radet
3188 1554 3378 1595 omnes
3404 1540 3546 1610 pilos
3570 1553 3704 1596 cor-

2099 1635 2282 1706 poris,
2311 1646 2368 1690 et
2397 1632 2668 1689 lavabitur
2693 1647 2828 1703 aqua
2852 1649 2866 1687 :
2892 1630 3311 1704 puriﬁcatusque
3342 1631 3689 1704 ingredietur

2097 1736 2307 1794 castra,
2342 1727 2415 1782 ita
2435 1726 2722 1782 dumtaxat
2754 1733 2811 1781 ut
2855 1732 3072 1782 maneat
3096 1736 3249 1783 extra
3272 1725 3693 1782 tabernaculum

406 1815 635 1884 fuerint,
660 1820 874 1876 noverit
895 1820 1170 1877 hominem
1192 1837 1319 1879 esse
1339 1832 1585 1878 sanatum
1603 1866 1619 1891 ,
1644 1834 1699 1879 et
1719 1822 1998 1880 eonﬁden-
2030 1813 2073 1869 Β
2103 1836 2265 1876 suum
2296 1828 2504 1890 septem
2536 1817 2761 1885 diebus,
2792 1827 2850 1874 et
2878 1819 2930 1873 iu
2958 1817 3050 1874 die
3075 1820 3312 1889 septimo
3341 1819 3497 1874 radat
3519 1819 3706 1891 capil-

403 1919 486 1967 ter
513 1927 636 1968 eum
669 1913 987 1983 pronuntiet
1036 1915 1320 1972 mundum.
1350 1916 1470 1986 Vir,
1523 1917 1641 1974 sive
1690 1918 1905 1986 mulier,
1941 1920 1995 1975 in

402 2006 555 2075 cujus
582 2016 707 2062 cute
734 2009 940 2063 candor
966 2012 1311 2080 apparuerit,
1342 2011 1640 2067 intuebitur
1663 2027 1760 2068 eos
1810 2026 1998 2070 sacer—

400 2097 522 2153 dos.
553 2098 608 2154 Si
641 2098 1069 2171 deprehenderit
1092 2102 1486 2180 suliobscurum
1516 2103 1758 2160 alborem
1814 2104 1997 2161 lucere

411 2190 466 2246 in
495 2199 619 2247 cute
638 2232 653 2259 ,
676 2194 813 2249 sciat
844 2209 954 2249 non
986 2210 1110 2250 esse
1142 2195 1350 2266 lepram
1374 2238 1390 2263 ,
1417 2197 1512 2255 sed
1546 2200 1810 2255 maculam
1838 2201 1995 2257 colo-

407 2285 485 2338 ris
520 2284 772 2353 candidi,
795 2293 850 2341 et
872 2284 1149 2343 hominem
1182 2288 1462 2344 mundum.
1492 2290 1605 2355 Vir,
1627 2290 1696 2346 de
1723 2291 1879 2360 cujus
1905 2308 1999 2349 ca-

403 2375 516 2447 pite
544 2379 730 2448 capilli
759 2378 975 2446 ﬂuunt,
1006 2382 1197 2437 calvus
1243 2397 1306 2436 ac
1363 2383 1597 2439 mundus
1624 2392 1747 2452 est;
1795 2394 1852 2442 et
1888 2386 1996 2443 sia

406 2468 585 2523 l‘route
608 2469 914 2525 ceciderint
939 2471 1065 2541 pili,
1090 2473 1419 2529 recalvaster
1438 2485 1495 2530 et
1518 2476 1750 2533 mundus
1774 2487 1878 2534 est.
1899 2478 1994 2536 Sin

402 2568 582 2615 autem
618 2562 670 2616 in
705 2561 927 2619 calvitio
948 2567 1066 2621 sive
1095 2567 1148 2621 in
1174 2568 1545 2625 recalvatione
1575 2570 1758 2638 albus,
1789 2572 1873 2628 vel
1906 2589 1998 2629 ru-

402 2650 491 2707 fus
520 2653 674 2709 color
704 2653 868 2712 fuerit
907 2669 1172 2726 exortus,
1218 2671 1272 2715 et
1326 2660 1429 2717 hoc
1478 2664 1732 2719 sacerdos
1762 2665 1995 2733 viderit,

404 2748 794 2807 condemnabit
817 2766 940 2808 eum
971 2752 1112 2809 haud
1168 2755 1332 2813 dubie
1381 2757 1547 2829 lepra;
1572 2800 1586 2825 ,
1617 2774 1739 2830 qua:
1766 2767 1884 2813 orta
1915 2764 2001 2815 est

407 2841 461 2896 in
492 2843 730 2901 calvitio.
763 2844 1104 2918 Quicumque
1133 2864 1266 2922 ergo
1290 2852 1590 2908 maculatus
1618 2852 1781 2908 fuerit
1807 2853 1955 2923 lepra
1977 2891 1995 2922 ,

406 2945 464 2992 et
492 2947 778 3006 separatus
805 2939 871 2994 ad
899 2940 1185 2996 arbitrium
1219 2944 1560 3014 sacerdotis,
1618 2945 1840 3002 habebit
1876 2960 1999 3002 ves-

409 3030 632 3087 timenta
661 3031 867 3088 dissuta
898 3034 978 3107 [h.
1010 3034 1205 3109 scissa]
1229 3077 1245 3104 ,
1270 3049 1431 3109 caput
1480 3039 1679 3095 nttdum
1703 3078 1718 3106 ,
1746 3055 1810 3097 os
1842 3050 1995 3099 veste

400 3130 714 3179 contectum
733 3167 750 3193 ,
781 3127 1207 3183 contaminatum
1233 3145 1297 3185 ac
1328 3130 1612 3187 sordidum
1641 3148 1701 3188 se
1728 3133 1988 3191 clamabit

2101 1914 2184 1970 los
2214 1913 2444 1985 capitis,
2481 1910 2821 1983 barbamque
2845 1920 2901 1967 et
2928 1911 3215 1983 supercilia
3236 1952 3249 1976 ,
3290 1928 3358 1969 ac
3384 1914 3551 1968 totius
3573 1926 3706 1968 cor-

2099 2008 2248 2077 poris
2279 2005 2440 2076 pilos.
2465 2003 2534 2059 Et
2563 2003 2685 2060 lotis
2711 2019 2930 2060 rursum
2964 2004 3209 2060 vestibus
3240 2013 3298 2060 et
3322 2018 3584 2075 corpore,
3609 2003 3705 2061 die

2099 2112 2297 2157 octavo
2328 2109 2570 2161 assumat
2597 2098 2738 2154 duos
2784 2113 2958 2170 agnos
2997 2099 3406 2169 immaculatos,
3455 2108 3513 2154 et
3537 2115 3704 2156 ovem

2099 2194 2411 2249 anniculam
2444 2192 2655 2263 absque
2685 2192 2893 2248 macula
2914 2231 2929 2258 ,
2981 2201 3039 2248 et
3090 2201 3202 2249 tres
3230 2192 3470 2249 decimas
3499 2193 3706 2250 simila:

2098 2286 2152 2341 in
2182 2284 2515 2341 sacriﬁcium
2535 2325 2548 2350 ,
2602 2300 2724 2355 quae
2753 2299 3050 2355 conspersa
3076 2285 3153 2340 sit
3176 2285 3331 2351 oleo.
3361 2296 3413 2341 et
3443 2299 3704 2343 seorsum

2102 2381 2208 2437 olei
2243 2381 2568 2437 sextarium.
2602 2379 2848 2451 Cumque
2899 2380 3160 2437 sacerdos
3189 2381 3485 2451 puriﬁeans
3517 2382 3705 2440 homi-

2101 2490 2224 2530 ncm
2244 2510 2259 2540 ,
2297 2472 2547 2529 statuerit
2577 2488 2736 2539 eum,
2767 2481 2822 2527 et
2864 2472 2983 2530 haec
3008 2475 3187 2529 omnia
3211 2490 3398 2530 coram
3450 2475 3693 2533 Domino

2101 2571 2151 2622 in
2180 2568 2321 2623 ostio
2345 2567 2678 2623 tabernaculi
2704 2567 3030 2635 testimonii,
3058 2567 3211 2624 tollet
3228 2584 3425 2639 agnum
3449 2612 3464 2639 ,
3501 2569 3704 2629 oﬂ‘eret

2098 2676 2224 2716 cum
2254 2675 2354 2730 pro
2380 2658 2616 2725 delicto,
2641 2659 2859 2728 oleique
2887 2659 3205 2715 sextarium.
3239 2661 3303 2715 Et
3329 2662 3524 2717 oblatis
3562 2672 3703 2720 ante

2102 2754 2392 2811 Dominum
2455 2754 2746 2820 omnibus,
2804 2753 3106 2810 immolabit
3156 2769 3387 2825 agnum,
3435 2756 3521 2811 ubi
3582 2757 3699 2813 im-

2100 2846 2288 2901 molari
2336 2845 2471 2901 solet
2524 2844 2699 2901 hostia
2754 2862 2848 2915 pro
2880 2855 3135 2917 peccato,
3181 2857 3237 2903 et
3280 2848 3695 2921 holocaustum,

2097 2930 2150 2994 id
2182 2948 2298 3004 est,
2325 2939 2377 2994 in
2419 2939 2540 2994 loco
2565 2948 2774 2994 sancto.
2815 2940 2969 2994 Sicut
2996 2941 3141 2995 enim
3173 2955 3271 3011 pro
3314 2952 3568 3011 peccato,
3604 2944 3688 3001 ita

2096 3040 2155 3089 et
2185 3047 2282 3103 pro
2310 3032 2512 3089 delicto
2538 3032 2604 3087 ad
2635 3032 2981 3090 sacerdotem
3012 3034 3248 3105 pertinet
3268 3035 3443 3091 hostia
3466 3046 3698 3093 :saneta

2098 3137 2417 3183 sanctorum
2449 3137 2558 3182 est.
2592 3129 3000 3199 Assumensque
3039 3128 3299 3186 sacerdos
3324 3129 3395 3185 de
3423 3131 3703 3203 sanguine

400 3214 478 3288 [h.
501 3218 929 3273 contaminatum
956 3235 1020 3276 ac
1046 3221 1327 3278 sordidum
1356 3239 1481 3279 eum
1504 3224 1806 3298 clamabit].
1827 3226 1991 3283 Omni
2024 3205 2069 3268 Ο
2104 3219 2296 3275 hostia!
2316 3260 2331 3285 ι
2362 3234 2486 3291 (tum
2511 3219 2789 3275 immolata
2819 3231 2899 3276 εει
2933 3237 3029 3291 ιντο
3056 3220 3263 3277 deﬁnio
3281 3264 3296 3290 ,
3330 3230 3495 3293 Ponet
3522 3237 3703 3293 super

401 3319 681 3381 tempore,
710 3328 816 3381 quo
847 3312 1093 3382 leprosos
1142 3329 1225 3372 est
1266 3327 1321 3373 et
1352 3319 1692 3384 immundus,
1713 3321 1872 3376 .solus
1896 3321 1992 3377 ba-

402 3402 597 3459 bitabit
664 3414 820 3460 extra
848 3416 1046 3462 castra.
1081 3407 1257 3465 Vestis
1301 3411 1452 3467 lanea
1478 3448 1494 3481 ,
1527 3412 1639 3469 sive
1662 3413 1835 3481 linea,
1868 3430 1992 3485 qua!

403 3496 609 3564 lepratn
645 3497 891 3555 habuerit
921 3501 975 3555 in
1000 3503 1231 3558 stamine
1269 3513 1433 3575 atque
1475 3507 1859 3578 subtegmine,
1892 3518 1988 3564 aut

401 3600 553 3645 certe
583 3590 744 3660 pellis
770 3638 785 3662 ,
817 3595 902 3648 vel
934 3593 1194 3664 quidquid
1220 3612 1286 3652 ex
1341 3598 1483 3665 pelle
1528 3599 1838 3655 ronfectnm
1866 3610 1952 3656 est
1975 3646 1991 3672 ,

401 3679 447 3735 si
473 3680 595 3735 alba
638 3683 719 3738 vel
754 3686 868 3739 rufa
911 3689 1124 3742 macula
1170 3688 1340 3745 fuerit
1369 3691 1599 3759 infecta,
1633 3693 1781 3762 lepra
1830 3708 1996 3764 repu—

403 3771 626 3840 tabitur,
660 3776 1088 3848 ostendetnrqne
1111 3781 1406 3838 sacerdoti.
1436 3784 1538 3851 Qui
1591 3785 1992 3843 consideratam

404 3867 647 3922 recludet
678 3878 886 3941 septem
919 3872 1146 3941 diebus,
1178 3886 1234 3931 et
1262 3875 1352 3931 die
1384 3878 1619 3948 septimo
1671 3894 1858 3935 rursus
1904 3895 1989 3936 as-

406 3957 611 4028 piciens
641 3960 685 4014 si
711 3962 950 4019 crevisse
980 3964 1437 4036 deprehenderit,
1460 3969 1607 4039 lepra
1641 3986 1996 4042 perseverans

402 4059 525 4107 est:
558 4052 822 4124 pollutum
871 4056 1139 4126 judicabit
1178 4061 1600 4129 vestimentum,
1652 4072 1709 4120 et
1746 4079 1909 4120 onme
1938 4066 1993 4121 in

402 4159 510 4215 quo
556 4142 726 4202 fuerit
753 4148 1015 4210 inventa:
1046 4165 1100 4207 et
1128 4153 1331 4210 idcirco
1356 4157 1704 4213 eomburetur
1740 4157 1993 4215 ﬂannnis.

404 4236 557 4303 Quod
591 4237 638 4292 si
668 4253 787 4294 eam
822 4240 1020 4297 viderit
1043 4258 1152 4299 non
1180 4246 1453 4312 crevisse,
1484 4249 1803 4319 praecipiet,
1831 4261 1886 4306 et
1918 4252 1997 4306 la-

401 4329 602 4385 vabunt
629 4329 682 4385 id
712 4335 764 4386 in
787 4348 893 4405 quo
922 4334 1070 4406 lepra
1094 4345 1179 4392 est
1201 4376 1219 4405 ,
1248 4340 1602 4412 recludetque
1631 4340 1760 4397 illud
1781 4353 1995 4415 septem

400 4420 597 4478 diebus
617 4424 760 4480 aliis.
787 4425 856 4482 Et
884 4442 1009 4483 eum
1031 4428 1231 4486 viderit
1252 4430 1443 4488 faciem
1468 4433 1686 4503 quidem
1712 4435 1994 4505 pristinam

404 4534 511 4574 non
540 4535 817 4577 reversam
838 4563 855 4589 ,
883 4539 982 4579 nec
1011 4533 1192 4580 tamen
1220 4526 1459 4583 crevisse
1489 4527 1727 4599 lepram,
1754 4530 1992 4588 immun-

400 4610 529 4667 dum
552 4612 815 4682 judicabit
838 4655 855 4683 ,
878 4624 936 4670 et
963 4618 1086 4687 igne
1107 4618 1395 4675 comburet
1413 4661 1429 4687 ,
1454 4633 1521 4676 eo
1543 4621 1684 4691 quod
1713 4621 1890 4677 infusa
1920 4624 1994 4681 sit
2021 4601 2070 4662 Ῑ)

401 4704 455 4759 in
488 4707 774 4777 superﬁcie
802 4712 1149 4783 vestimenti,
1193 4713 1276 4769 vel
1309 4730 1405 4784 per
1434 4723 1639 4782 totum,
1692 4716 1863 4788 lepra.
1896 4717 1993 4775 Sin

403 4805 581 4854 autem
604 4801 891 4858 obscurior
910 4803 1073 4860 fuerit
1108 4806 1258 4863 locus
1289 4808 1487 4878 leprre,
1516 4818 1801 4882 postquam
1824 4813 1995 4870 vestis

400 4899 487 4945 est
515 4890 654 4958 lota,
691 4895 978 4967 abrumpet
1009 4913 1132 4954 eum
1162 4939 1176 4965 ,
1208 4912 1264 4956 et
1300 4916 1330 4956 a
1362 4901 1541 4957 solido
1581 4901 1807 4958 dividet.
1838 4903 1993 4973 Quod

399 4983 444 5039 si
473 4983 609 5039 ultra
633 4991 949 5057 apparuerit
970 4991 1023 5046 in
1049 4991 1135 5048 his
1162 4992 1297 5050 locis
1318 5010 1441 5064 qua:
1466 4994 1615 5064 prius
1642 4995 1990 5056 immaculata

402 5084 594 5145 erant,
627 5077 777 5149 lepra
822 5081 1056 5140 volatilis
1085 5092 1141 5139 et
1190 5099 1320 5155 vago
1340 5124 1354 5150 ,
1385 5085 1545 5141 debet
1576 5086 1700 5157 igne
1719 5086 1990 5146 comburi.

403 5169 460 5226 Si
486 5172 816 5239 cessaverit,
842 5172 1047 5231 lavabit
1076 5185 1098 5211 δ
1131 5192 1191 5233 ea
1220 5194 1341 5249 quae
1368 5194 1497 5250 pura
1530 5189 1656 5237 sunt
1680 5222 1696 5248 ,
1717 5181 1990 5252 secundo,

401 5273 457 5320 et
478 5264 677 5321 munda
699 5276 879 5323 erunt.
905 5267 1010 5324 Ista
1032 5281 1119 5326 est
1143 5273 1224 5327 lex
1249 5273 1420 5343 leprze
1440 5275 1751 5331 vestimenti
1773 5276 1914 5332 lanei
1939 5284 1998 5334 et

406 5358 535 5416 linei
564 5360 855 5429 staminis,
878 5372 1044 5433 atque
1075 5362 1435 5438 subtegminis
1455 5411 1471 5433 ,
1499 5371 1784 5441 omnisque
1811 5370 1995 5441 supel-

400 5453 629 5522 lectilis,
658 5453 920 5525 pellieiaa,
943 5458 1216 5528 quomodo
1239 5459 1487 5516 mundari
1512 5460 1738 5529 debeat,
1755 5463 1837 5518 vel
1862 5479 1995 5519 con-

401 5547 675 5602 taminari.

472 5624 556 5710 [C.
596 5637 798 5709 XXIII,
826 5641 953 5715 Cap.
1009 5641 1172 5716 XIV].
1233 5642 1578 5718 Locutusque
1606 5655 1693 5704 est
1721 5645 1991 5707 Dominus

2098 3324 2407 3368 extremum
2428 3312 2688 3368 auricula:
2725 3313 2932 3368 dextra:
2971 3314 3112 3382 ejus,
3154 3315 3245 3384 qui
3292 3315 3604 3383 mandatur,
3638 3323 3706 3373 et

2096 3422 2261 3477 super
2290 3407 2514 3477 pollices
2544 3420 2737 3462 manus
2761 3404 2967 3460 dextrae
2992 3415 3046 3461 et
3075 3404 3250 3476 pedis,
3275 3414 3332 3461 et
3356 3406 3422 3460 de
3439 3407 3542 3462 olei
3568 3422 3707 3463 sex-

2098 3504 2233 3559 tario
2262 3501 2439 3557 mittet
2466 3502 2517 3557 in
2545 3516 2762 3558 manum
2795 3515 2945 3556 suam
2971 3500 3270 3568 sinistram,
3299 3502 3579 3572 tingetque
3608 3500 3707 3557 di-

2098 3597 2261 3667 gitum
2289 3593 2550 3650 dextrum
2578 3595 2630 3649 in
2661 3609 2749 3661 eo,
2782 3604 2835 3648 et
2854 3602 3108 3666 asperget
3138 3594 3344 3663 septies
3368 3603 3555 3648 contra
3582 3593 3705 3650 Do—

2100 3688 2300 3743 minum
2323 3686 2512 3759 [Vulg].
2535 3700 2719 3741 coram
2751 3684 3023 3757 Domino].
3045 3684 3199 3753 Quod
3220 3692 3399 3739 autem
3422 3683 3703 3756 reliquum

2098 3794 2184 3841 est
2213 3783 2315 3838 olei
2349 3782 2400 3836 in
2432 3781 2564 3836 laeva
2597 3796 2778 3845 manu,
2807 3778 3001 3834 fundet
3027 3793 3193 3849 super
3219 3788 3519 3834 extremum
3543 3778 3707 3834 auri-

2096 3876 2231 3932 eulae
2259 3876 2467 3930 dtxtra:
2506 3873 2646 3944 ejus,
2678 3874 2769 3943 qui
2818 3870 3129 3938 mundatur,
3161 3880 3218 3926 et
3258 3885 3422 3942 super
3461 3868 3709 3940 pollices

2099 3985 2290 4025 manus
2310 3984 2372 4023 ac
2396 3967 2551 4039 pedis
2570 3966 2768 4034 dextri,
2789 3974 2846 4022 et
2873 3980 3046 4034 super
3072 3963 3390 4035 sanguinem
3420 3963 3511 4035 qui
3541 3961 3710 4021 fusus

2098 4073 2185 4120 est
2214 4078 2312 4135 pro
2337 4062 2555 4128 delicto,
2588 4070 2642 4116 et
2667 4074 2833 4129 super
2860 4064 3023 4127 caput
3057 4056 3192 4127 ejus.
3230 4055 3562 4127 Rogabitqtte
3593 4070 3710 4125 pro

2097 4170 2164 4212 eo
2192 4170 2374 4211 coram
2405 4153 2659 4218 Domino,
2695 4160 2753 4206 et
2781 4149 2940 4205 faciet
2965 4147 3291 4205 sacriﬁcium
3320 4162 3417 4219 pro
3444 4155 3705 4218 peccato.

2097 4247 2250 4304 Tunc
2280 4244 2580 4302 immolabit
2609 4243 3002 4309 holocaustum,
3030 4248 3087 4296 et
3100 4250 3264 4311 ponet
3296 4239 3426 4295 illud
3455 4239 3507 4294 in
3536 4239 3716 4299 altari

2097 4357 2219 4396 eum
2235 4338 2689 4404 'ibamentissuis,
2712 4345 2769 4391 et
2786 4334 2950 4390 homo
2976 4333 3078 4389 rite
3091 4331 3461 4389 mandabitur.
3482 4331 3717 4400 Quodsi

2099 4445 2306 4501 pauper
2321 4437 2485 4494 est,et
2505 4444 2609 4482 non
2627 4436 2808 4495 potest
2827 4440 3019 4480 manus
3039 4424 3157 4495 ejus
3169 4422 3412 4479 invenire
3422 4438 3539 4511 qua:
3552 4422 3717 4479 dicta

2101 4531 2436 4591 sunt,snmet
2454 4535 2651 4592 agnum
2676 4536 2772 4591 pro
2799 4519 2997 4574 delicto
3019 4516 3086 4572 ad
3108 4516 3441 4573 oblationem
3462 4524 3522 4571 ut
3543 4525 3718 4586 roget

2099 4634 2196 4689 pro
2225 4632 2292 4674 eo
2323 4614 2576 4673 sacerdos
2597 4659 2613 4686 ,
2658 4614 3036 4683 decimamque
3067 4619 3280 4680 partem
3321 4608 3513 4664 simila:
3564 4624 3718 4666 con-

2100 4726 2300 4784 spersa:
2318 4710 2442 4765 oleo
2470 4710 2521 4764 in
2539 4707 2889 4773 sacriﬁcium,
2911 4716 2959 4761 et
2983 4704 3092 4761 olei
3117 4701 3717 4775 sextarium,duosqitc

2101 4814 2384 4874 turtures,
2426 4804 2541 4859 sive
2589 4801 2729 4857 duos
2776 4799 2958 4870 pullos
3008 4798 3296 4862 columbae,
3345 4812 3579 4869 quorum
3628 4798 3719 4856 sit.

2101 4916 2239 4955 unus
2268 4915 2367 4971 pro
2390 4906 2634 4968 peccato,
2666 4902 2722 4952 et
2749 4894 2890 4950 alter
2919 4894 2971 4949 in
3016 4892 3391 4948 holocaustum
3424 4910 3440 4949 :
3474 4891 3715 4949 oﬂ'errt-

2098 5007 2204 5063 que
2232 5007 2294 5048 ea
2335 4991 2424 5047 die
2453 5000 2644 5046 octavo
2687 4987 3081 5059 puriﬁeationis
3126 5001 3238 5041 sua:
3286 4985 3554 5041 saCerdoti
3582 5027 3601 5052 ,
3633 4986 3716 5044 ad

2102 5087 2300 5142 ostium
2333 5083 2668 5141 tabernaculi
2714 5082 3009 5137 testimonii
3056 5094 3240 5136 coram
3294 5079 3543 5145 Domino.
3596 5078 3717 5147 Qui

2101 5179 2403 5250 suscipiens
2438 5192 2635 5248 agnum
2660 5190 2779 5248 ιρι-ο
2806 5172 3005 5231 delicto
3032 5181 3088 5228 et
3118 5171 3415 5228 sextarium
3447 5171 3571 5231 olei.
3624 5172 3717 5227 le—

2100 5271 2246 5327 vabit
2277 5269 2435 5326 simul
2466 5288 2479 5325 :
2530 5268 2914 5338 immolatoqne
2952 5280 3116 5336 agno,
3174 5263 3240 5319 de
3271 5264 3530 5335 sanguine
3580 5264 3719 5335 ejus

2103 5375 2265 5438 ponet
2309 5378 2470 5435 super
2499 5374 2801 5420 extremum
2843 5359 3098 5416 auricula:
3148 5358 3355 5415 dextrae
3406 5358 3548 5414 illius
3605 5360 3716 5430 qui

2103 5460 2419 5524 mundatnr,
2463 5466 2519 5513 ct
2567 5472 2731 5527 super
2777 5455 3006 5526 pollices
3052 5467 3245 5508 manus
3295 5452 3414 5525 ejus
3442 5467 3505 5509 ac
3547 5453 3721 5523 pedis

2099 5553 2277 5611 dextri
2313 5570 2327 5608 :
2358 5551 2464 5608 olei
2496 5566 2627 5607 vero
2654 5556 2863 5620 partem
2910 5548 3092 5602 mittet
3120 5543 3172 5601 in
3203 5529 3419 5602 manum
3444 5559 3596 5600 suam
3628 5546 3717 5602 si-

2100 5649 2363 5713 nistram,
2424 5645 2475 5701 in
2524 5660 2633 5717 quo
2683 5644 2899 5715 tingens
2952 5640 3182 5712 digitum
3250 5639 3453 5695 dextrae
3505 5654 3715 5697 manus

473 5782 754 5877 :‘jjdie‘tor
776 5800 841 5841 ex
876 5788 1098 5844 vocibus
1138 5804 1197 5844 ea
1227 5804 1342 5858 qua:
1378 5788 1662 5862 nonnemo;
1687 5788 1979 5860 scripsisse
2014 5805 2181 5863 aqua,
2223 5804 2288 5846 ex
2328 5796 2438 5859 qtm
2488 5785 2726 5851 factum,
2765 5792 2826 5841 ut
2852 5792 3145 5877 utrumque
3189 5778 3351 5839 sitnul
3399 5781 3716 5852 proderem

397 5849 596 5926 vulgati
622 5854 768 5914 libri.
822 5930 833 5937 α
