4044 6360
245 286 370 344 317

1609 283 1813 342 LIBER
1851 285 2172 344 LEVITICI.

3441 286 3546 346 518

238 414 504 476 aspergat
555 405 760 476 septies
805 420 988 462 coram
1027 403 1258 457 Domino
1305 420 1315 455 :
1360 410 1651 472 tangetque
1675 411 1853 458 extre-
1880 405 1928 465 Α
1959 405 2082 460 [iliis
2113 407 2304 474 israel,
2350 417 2405 462 et
2448 407 2607 461 dicite
2635 409 2755 463 eis:
2796 408 2902 472 Vir,
2949 411 3040 478 qui
3095 406 3294 478 patitur
3334 403 3546 460 ﬂuxum

235 513 396 551 mum
426 497 635 552 dextrtc
681 497 936 552 auricula:
968 494 1108 550 illius
1135 495 1226 564 qui
1269 493 1580 563 muntlatnr,
1612 504 1664 549 et
1695 493 1851 564 polli~

232 605 337 646 eos
385 605 577 645 manus
605 605 669 645 ac
699 589 852 660 pedis
879 590 1080 653 dextri,
1134 587 1187 642 in
1242 587 1364 643 loco
1416 587 1712 658 sanguinis,
1759 588 1848 658 qui

233 683 450 739 eﬂ'usus
480 693 561 739 est
589 698 687 754 pro
711 682 913 739 delicto
946 701 958 736 :
989 681 1249 752 reliquam
1278 689 1456 735 autem
1491 689 1698 750 partem
1717 679 1846 746 olei,

231 793 368 848 quae
393 787 482 833 est
511 778 564 833 in
593 778 814 834 sinistra
845 791 1027 843 manu,
1083 777 1262 831 mittet
1293 790 1456 845 super
1476 783 1638 844 caput
1666 774 1851 844 parili-

225 872 372 937 cati,
401 880 462 926 ut
503 871 683 942 placet
734 886 832 942 pro
880 887 949 926 eo
979 870 1306 934 Dominum;
1340 878 1395 922 et
1426 878 1687 923 tortorem
1733 868 1850 923 sive

228 966 447 1036 pullum
477 967 748 1022 columbae
773 965 984 1032 oﬂeret,
1036 980 1200 1019 unum
1252 977 1347 1033 pro
1376 962 1598 1025 delicto,
1629 972 1682 1015 et
1713 961 1848 1016 alte-

228 1075 360 1116 rum
388 1061 446 1116 in
474 1061 850 1116 holocaustum
894 1075 1018 1116 cum
1068 1056 1375 1114 libamentis
1424 1058 1556 1111 suis.
1609 1056 1721 1109 Hoc
1767 1063 1852 1110 est

226 1152 569 1209 sacrificium
598 1153 823 1221 leprosi,
867 1152 957 1222 qui
1003 1150 1203 1205 habere
1237 1167 1341 1204 non
1376 1155 1557 1220 potest
1583 1149 1763 1202 omnia
1797 1149 1848 1204 in

224 1244 683 1300 emundationem
708 1246 813 1300 sui.
844 1243 930 1316 [Ο.
947 1242 1166 1316 XXIV.]
1192 1243 1536 1312 Locutusque
1560 1252 1644 1296 est
1667 1241 1848 1296 Domi-

228 1338 422 1394 nusad
441 1340 625 1394 Mosen
648 1348 704 1395 et
728 1338 934 1405 Aaron,
964 1339 1152 1394 dicens
1181 1357 1193 1390 :
1222 1338 1358 1392 Cum
1389 1337 1616 1405 ingrcssi
1642 1334 1851 1390 fueritis

231 1443 446 1488 terram
476 1432 761 1497 Chanaan,
791 1447 951 1502 quam
983 1446 1084 1503 ego
1113 1430 1253 1486 dabo
1283 1430 1437 1485 vobis
1470 1432 1518 1505 in
1553 1429 1849 1499 possessio-

227 1541 382 1592 nem,
421 1527 469 1580 si
499 1525 665 1581 fuerit
695 1525 848 1596 plaga
878 1527 1042 1596 lepra:
1075 1528 1126 1578 in
1171 1523 1400 1587 aedibus,
1458 1522 1553 1576 ibit
1579 1522 1734 1591 cojus
1766 1531 1850 1577 cst

226 1619 460 1683 domus,
491 1620 746 1674 nuntians
771 1619 1060 1682 sacerdoti,
1087 1627 1139 1672 et
1168 1617 1310 1672 dicet
1337 1633 1351 1672 :
1391 1617 1552 1684 Quasi
1587 1616 1738 1686 plaga
1773 1615 1849 1671 lc-

226 1726 343 1782 prze
365 1711 590 1766 videtur
609 1711 741 1766 mihi
767 1726 890 1767 esse
913 1713 964 1765 in
985 1710 1146 1766 domo
1169 1725 1306 1765 mea.
1334 1710 1403 1764 At
1434 1709 1522 1764 ille
1546 1709 1842 1779 prtecipict,

1951 504 2196 565 seminis,
2245 503 2550 558 immundus
2598 501 2721 559 erit.
2775 503 2844 558 Et
2893 515 3020 559 tunc
3059 500 3390 574 judicabitur
3418 498 3546 554 huic

1953 595 2082 652 vitio
2107 597 2412 667 subiacere,
2443 609 2566 651 cum
2601 611 2696 664 per
2722 605 2993 650 momenta
3021 595 3232 666 singula
3255 591 3548 648 adhaeserit

1950 691 2100 744 carni
2131 690 2298 756 illius,
2331 699 2493 759 atque
2519 689 2862 743 concreverit
2905 688 3078 744 foedus
3127 689 3339 741 humor.
3371 684 3547 740 Omne

1952 792 2201 848 stratum,
2252 784 2304 837 in
2331 797 2438 854 quo
2464 782 2769 851 dormierit,
2809 780 3142 836 immundum
3174 779 3296 847 erit,
3343 785 3399 833 et
3427 775 3545 832 ultio

1951 889 2182 947 cumque
2209 875 2430 931 sederit.
2462 876 2525 930 Et
2553 877 2595 929 si
2627 874 2746 946 quis
2773 875 3051 930 hominum
3084 871 3317 943 tetigerit
3342 870 3543 925 lectum

1951 971 2088 1040 eius,
2123 969 2324 1024 lavabit
2355 969 2668 1024 vestimenta
2698 983 2816 1029 sua.
2845 976 2899 1024 et
2926 968 3040 1036 ipse
3085 967 3226 1021 lotus
3257 977 3415 1034 aqua,
3444 963 3546 1017 im-

1951 1063 2186 1117 mundus
2211 1061 2309 1115 erit
2345 1077 2516 1129 usque
2542 1060 2606 1114 ad
2635 1075 2938 1130 vesperum.
2991 1059 3046 1114 Si
3093 1056 3296 1114 sederit
3321 1055 3413 1110 ubi
3455 1053 3547 1111 ille

1949 1157 2186 1219 sederat,
2236 1163 2290 1209 et
2333 1156 2446 1225 ipse
2505 1155 2702 1208 Iuvabit
2746 1153 3062 1209 vestimenta
3117 1167 3249 1218 sua,
3298 1159 3352 1206 et
3399 1150 3545 1206 lotus

1950 1265 2104 1320 aqua,
2141 1248 2450 1304 immundus
2481 1248 2581 1304 erit
2615 1263 2786 1318 usque
2812 1247 2879 1302 ad
2915 1259 3222 1316 vesperum.
3273 1243 3376 1312 Qui
3420 1242 3545 1298 toti-

1951 1347 2090 1415 gerit
2111 1358 2328 1400 carnem
2361 1344 2478 1413 ejus
2501 1341 2700 1397 lavabit
2728 1341 3049 1396 vestimenta
3077 1353 3196 1405 sua,
3232 1348 3288 1394 et
3320 1338 3436 1410 ipse
3463 1336 3546 1391 lo-

1952 1445 2034 1494 tus
2059 1453 2194 1508 aqua
2230 1437 2539 1491 immundus
2566 1435 2670 1490 erit
2700 1449 2866 1504 usque
2891 1435 2956 1488 ad
2987 1447 3291 1504 vesperum.
3328 1432 3382 1489 Si
3409 1430 3543 1487 sali-

1950 1548 2068 1586 vam
2100 1529 2468 1601 hujuscemodi
2500 1529 2660 1583 homo
2685 1527 2877 1597 jccerit
2903 1541 3067 1596 super
3094 1540 3238 1591 eum,
3268 1523 3355 1592 qui
3384 1536 3544 1578 mttu‘

1949 1625 2050 1678 dus
2073 1632 2181 1690 est,
2210 1621 2408 1678 lavabit
2434 1622 2750 1676 vestimenta
2791 1633 2908 1689 sua,
2963 1625 3018 1674 et
3066 1617 3208 1672 lotus
3240 1629 3400 1687 aqua,
3451 1614 3544 1671 int-

1950 1719 2180 1774 mundus
2207 1718 2310 1772 erit
2341 1727 2511 1786 usque
2533 1715 2600 1770 ad
2627 1727 2940 1784 vesperum.
2991 1709 3182 1781 Sngma
3211 1725 3372 1780 super
3398 1709 3543 1780 quod

226 1814 282 1858 ut
313 1803 556 1860 eﬂ‘erant
585 1805 838 1861 universa
869 1805 936 1860 de
964 1806 1145 1868 domo,
1173 1804 1482 1874 priusquam
1517 1801 1846 1872 ingrediatur
1880 1799 1922 1857 Β
1952 1813 2175 1878 manu,
2208 1809 2546 1864 immundum
2577 1809 2702 1874 erit,
2751 1815 2807 1861 et
2852 1803 3109 1876 quidquid
3141 1802 3243 1858 sub
3269 1815 3335 1857 eo
3382 1801 3544 1857 fuerit

227 1913 378 1963 eam,
417 1907 474 1952 et
521 1897 707 1954 videat
736 1906 914 1952 utrum
948 1899 1098 1968 lepra
1127 1895 1312 1970 [Vulg.
1346 1893 1603 1967 lcprosa]
1634 1894 1741 1960 sit,
1777 1908 1847 1950 ue

229 1989 517 2044 immunda
549 1989 680 2044 ﬁant
703 1990 886 2046 omnia
913 2005 1035 2060 qute
1064 1989 1116 2043 in
1147 1989 1309 2044 domo
1334 1998 1474 2042 sunt.
1513 1986 1848 2056 lntrabitqne

229 2093 454 2152 postea,
496 2092 559 2137 ut
586 2083 900 2138 consideret
926 2083 1120 2139 domus
1148 2083 1348 2154 lepram
1377 2099 1389 2134 :
1424 2092 1476 2136 et
1503 2096 1624 2136 cum
1653 2081 1850 2136 viderit

229 2179 285 2231 in
313 2177 627 2247 parietibus
644 2178 788 2234 illius
810 2179 959 2248 quasi
985 2178 1263 2232 vallicnlas
1287 2177 1490 2246 pallore
1515 2175 1632 2230 sive
1649 2174 1849 2230 rubore

229 2269 542 2337 deformes,
574 2278 631 2325 et
661 2270 985 2325 humiliores
1021 2270 1308 2340 superﬁcie
1337 2270 1570 2339 reliqua,
1604 2269 1850 2340 egredie-

232 2373 322 2418 tur
351 2364 562 2418 ostinm
607 2365 843 2430 domus,
893 2374 948 2420 et
988 2366 1168 2418 statim
1214 2363 1430 2418 claudet
1477 2377 1597 2418 eam
1641 2371 1848 2432 septem

231 2456 460 2512 diebus.
498 2455 878 2527 “eversosque
907 2456 997 2511 die
1019 2457 1282 2526 septimo,
1314 2454 1682 2511 considerabit
1706 2467 1848 2508 eam.

231 2551 290 2605 Si
333 2550 614 2607 invenerit
642 2551 882 2607 crevisse
909 2550 1135 2621 lepram,
1178 2551 1388 2620 jubebit
1413 2550 1528 2605 erui
1559 2547 1767 2617 lapides
1799 2549 1852 2601 in

234 2642 445 2714 quibus
491 2644 640 2714 lepra
687 2655 795 2711 est,
846 2653 901 2698 et
955 2642 1144 2714 projici
1186 2657 1282 2697 eos
1310 2650 1462 2698 extra
1491 2641 1763 2696 civitatem
1798 2638 1848 2694 in

239 2738 426 2790 locum
461 2735 804 2792 imtnundum
839 2753 851 2788 :
886 2735 1104 2789 domum
1132 2742 1310 2790 autem
1340 2737 1506 2802 ipsam
1529 2731 1639 2786 radi
1665 2731 1855 2786 intrin-

237 2843 410 2883 secus
434 2844 534 2898 per
563 2829 868 2895 circuitum,
896 2840 953 2884 et
983 2829 1159 2898 spargi
1194 2829 1472 2898 pulverem
1506 2842 1708 2882 rasurae
1754 2841 1853 2880 ex-

237 2935 321 2980 tra
359 2926 554 2981 urbem
589 2929 642 2980 in
671 2926 846 2980 locum
876 2925 1232 2985 immundum.
1261 2925 1578 2994 lapidesque
1607 2924 1743 2980 alios
1777 2937 1856 2977 re-

238 3020 375 3088 poni
409 3033 509 3090 pro
531 3017 617 3073 his
642 3019 735 3090 qui
767 3019 930 3073 ablati
963 3019 1179 3084 fuerint,
1210 3027 1263 3072 et
1308 3019 1418 3072 luto
1447 3017 1553 3070 alio
1583 3017 1723 3070 liniri
1757 3015 1856 3070 do-

237 3127 419 3166 mum.
442 3111 537 3167 Sin
564 3122 744 3167 autem
779 3121 1060 3180 postquam
1090 3110 1229 3166 eruti
1261 3119 1388 3164 sunt
1413 3110 1635 3178 lapides,
1659 3117 1714 3163 et
1737 3108 1856 3178 pul-

1949 1904 2040 1978 qui
2081 1906 2289 1960 ﬂuxum
2321 1903 2544 1959 seminis
2573 1901 2792 1972 patitur,
2849 1899 3113 1969 pollutum
3144 1897 3248 1951 erit
3275 1907 3446 1966 usque
3475 1891 3546 1950 ad

1949 2012 2256 2069 vesperum.
2309 1995 2408 2065 Qui
2465 1995 2762 2067 portaverit
2817 1992 3011 2048 horum
3067 1988 3294 2058 aliquid,
3351 1986 3551 2043 lavabit

1952 2094 2271 2150 vestimenta
2311 2107 2428 2156 sua,
2477 2101 2532 2146 et
2576 2091 2691 2161 ipse
2743 2091 2883 2144 lotus
2914 2101 3078 2155 aqua,
3113 2083 3418 2140 immundus
3447 2079 3551 2138 erit

1952 2201 2121 2258 usque
2161 2186 2228 2242 ad
2262 2199 2568 2257 vesperum.
2617 2183 2806 2239 Omnis
2833 2197 2992 2254 quem
3022 2178 3262 2250 tetigerit
3293 2176 3382 2246 qui
3429 2174 3549 2230 talis

1953 2293 2053 2346 εει,
2090 2293 2194 2336 non
2228 2279 2352 2336 lotis
2382 2287 2506 2332 ante
2540 2276 2806 2337 manibus,
2841 2269 3041 2328 lavabit
3073 2271 3390 2327 vestimenta
3421 2281 3545 2336 sua,

1953 2384 2007 2431 et
2038 2376 2180 2428 lotus
2208 2387 2367 2445 aqua,
2418 2372 2725 2442 immundus
2769 2369 2876 2424 erit
2919 2381 3090 2437 usque
3137 2365 3201 2420 ad
3234 2377 3547 2434 vesperum.

1955 2469 2058 2524 Vas
2093 2469 2255 2523 ﬁctile
2283 2466 2426 2536 quod
2462 2465 2740 2536 tetigerit,
2794 2459 3162 2532 Confringctur
3202 2458 3294 2531 [Ιι.
3343 2456 3549 2512 ﬂuxum

1955 2561 2176 2615 seminis
2206 2560 2438 2630 patiens,
2469 2554 2879 2627 confringetur]
2911 2572 2922 2608 :
2961 2568 3055 2608 vas
3084 2561 3262 2606 autem
3310 2549 3552 2620 ligneum

1955 2654 2224 2709 lavabitur
2266 2667 2425 2724 aqua.
2473 2651 2528 2708 Si
2580 2659 2802 2706 sanatus
2844 2647 3004 2703 fuerit
3034 2645 3126 2716 qnl
3177 2639 3552 2714 hujuscemodi

1955 2751 2187 2806 sustinet
2245 2749 2580 2819 passionem,
2641 2742 2949 2800 numerabit
2997 2751 3202 2810 septem
3260 2737 3375 2793 dies
3431 2741 3554 2805 post

1964 2843 2400 2900 emundationem
2429 2841 2532 2906 sui,-
2579 2849 2630 2894 et
2662 2838 2784 2893 lotis
2814 2835 3058 2891 vestibus
3089 2848 3150 2887 ac
3181 2840 3294 2887 toto
3322 2841 3553 2897 corpore

1956 2939 2009 2992 in
2036 2938 2188 3007 aquis
2222 2935 2543 2999 viventibus,
2569 2932 2674 2987 erit
2702 2929 2958 2985 mundus.
3008 2927 3107 2983 Die
3146 2934 3322 2980 autem
3357 2931 3554 2978 octavo

1958 3039 2136 3084 sumet
2160 3027 2296 3082 duos
2317 3033 2577 3087 turtures,
2605 3023 2846 3077 autduos
2865 3021 3041 3092 pullos
3065 3016 3353 3081 columbae,
3381 3022 3437 3070 et
3461 3029 3555 3070 ve-

1960 3121 2070 3176 niet.
2098 3121 2149 3175 in
2176 3129 2523 3189 conspectum
2557 3116 2764 3170 Domini
2794 3113 2859 3169 ad
2887 3115 3082 3168 ostium
3115 3109 3445 3166 tabernaculi
3473 3118 3553 3164 ιεο

237 3204 323 3257 τῖε
355 3218 572 3269 erasus.
605 3215 654 3260 el
687 3203 788 3258 illi“
838 3213 978 3259 lel‘l‘a
1023 3205 1134 3268 “la.
1191 3204 1467 3269 ἰιικνθδευε
1497 3200 1748 3258 Sacerdos
1775 3201 1854 3255 "i-
1880 3189 1927 3252 (λ
1959 3214 2232 3281 stimonii,
2269 3213 2524 3281 dabitque
2566 3225 2662 3265 eos
2705 3209 2973 3263 sacerdoti
2996 3248 3010 3273 ,
3055 3208 3145 3278 qui
3197 3206 3348 3259 faciet
3380 3215 3549 3258 unum

237 3295 397 3350 derit
421 3312 698 3353 reversam
728 3297 960 3367 lepram,
1006 3305 1062 3352 et
1109 3299 1343 3366 parietes
1368 3311 1621 3366 asper-Sos
1653 3293 1849 3367 [Vn/g.

237 3389 567 3463 respersos]
605 3391 858 3456 maculis,
893 3392 1040 3461 lepra
1082 3399 1165 3445 est
1211 3403 1568 3461 perseverans
1594 3431 1606 3449 .
1653 3399 1706 3442 et
1754 3390 1852 3442 im-

236 3485 451 3539 munda
482 3485 676 3539 domus
716 3503 729 3539 :
776 3499 937 3556 quam
980 3487 1166 3541 statim
1213 3487 1525 3549 destruent,
1559 3495 1614 3539 et
1647 3484 1852 3554 lapides

233 3580 371 3647 ejus
402 3593 463 3632 ac
497 3578 661 3649 ligna,
707 3590 870 3650 atque
917 3580 1225 3635 universum
1261 3578 1534 3650 pulverem
1569 3579 1853 3648 projicient

235 3682 404 3728 cura
431 3673 686 3742 oppidum
723 3675 775 3728 in
810 3674 986 3729 locum
1016 3674 1372 3729 immundum.
1423 3675 1523 3742 Qui
1573 3670 1853 3726 intraverit

235 3766 476 3820 domum
507 3767 717 3836 quando
741 3768 924 3822 clausa
954 3777 1058 3831 est,
1105 3767 1414 3822 immundus
1454 3768 1557 3820 erit
1584 3781 1753 3837 usque
1783 3765 1850 3821 ad

234 3875 576 3930 veSperum;
605 3869 660 3917 et
687 3861 778 3932 qui
809 3861 1090 3917 dormierit
1118 3865 1170 3915 in
1197 3875 1281 3927 ea,
1309 3858 1674 3916 etcomederit
1694 3859 1852 3930 quip-

237 3955 422 4023 piam,
455 3952 654 4009 lavabit
683 3954 1002 4010 vestimenta
1043 3970 1163 4009 sua.
1203 3954 1357 4020 Quod
1387 3955 1430 4007 si
1463 3953 1732 4007 introierit
1761 3967 1850 4006 sa-

234 4045 471 4112 cerdos,
518 4057 574 4102 et
619 4047 812 4104 viderit
865 4049 1074 4118 lepram
1122 4062 1227 4102 non
1273 4049 1512 4103 crevisse
1564 4051 1615 4100 in
1661 4048 1846 4115 domo,

235 4149 540 4210 postquam
573 4141 752 4198 denuo
775 4143 867 4197 lita
897 4142 1079 4207 fuerit,
1113 4143 1418 4213 puriﬁcabit
1469 4156 1609 4209 eam,
1642 4141 1852 4198 reddita

233 4234 506 4301 sanitate,
536 4245 592 4292 et
630 4236 681 4291 in
727 4237 1159 4307 puriﬁcationem
1189 4237 1308 4307 ejus
1339 4245 1516 4291 sumet
1545 4235 1680 4290 duos
1730 4249 1854 4305 pas-

233 4344 427 4395 seres,
462 4330 768 4402 lignumque
814 4331 1134 4397 cedrinum,
1187 4341 1242 4386 et
1287 4329 1641 4385 vermiculum
1688 4336 1851 4398 atque

234 4425 571 4496 hyssopum,
619 4435 673 4480 et
721 4425 1000 4481 immolato
1049 4441 1156 4480 uno
1206 4437 1422 4495 passere
1461 4424 1512 4477 in
1543 4438 1668 4478 vase
1701 4415 1851 4476 lietili

232 4535 298 4574 sn
313 4535 417 4590 per
445 4535 611 4590 aquas
634 4520 804 4586 vivas,
829 4521 978 4576 tollet
1007 4520 1207 4591 lignum
1238 4518 1542 4585 cedrinum,
1575 4527 1629 4571 et
1658 4517 1850 4588 hysso-

232 4625 401 4682 pum,
426 4620 483 4666 ιιι
510 4625 749 4683 coccum,
778 4623 834 4669 et
859 4628 1132 4682 passerem
1152 4613 1357 4679 vivum,
1389 4621 1442 4666 et
1473 4613 1643 4682 tinget
1666 4612 1846 4666 omnia

234 4704 292 4757 in
333 4708 597 4774 sanguine
620 4706 853 4776 passeris
887 4706 1169 4772 immolati,
1206 4713 1368 4775 atque
1395 4705 1445 4758 in
1479 4707 1633 4775 aquis
1659 4699 1857 4759 viven;

237 4797 418 4864 tibus,
441 4801 496 4851 et
515 4809 766 4869 aspcrgct
793 4798 1012 4853 domum
1037 4801 1258 4868 septies,
1287 4795 1698 4868 pnriﬂcabitqnc
1727 4809 1846 4851 eam

237 4902 360 4946 tam
392 4893 447 4945 in
499 4891 764 4974 sanguine
792 4891 1028 4964 passeris
1052 4908 1213 4963 quam
1249 4894 1300 4947 in
1333 4892 1487 4962 aquis
1518 4891 1849 4957 viventibus,

235 4996 299 5042 et
335 4986 387 5041 in
413 5001 630 5057 passere
655 4989 799 5054 vivo,
835 4987 1085 5060 lignoque
1104 4987 1327 5044 cedrino
1347 4997 1402 5042 et
1424 4987 1662 5057 byssopo
1687 4994 1850 5057 atque

235 5081 570 5135 vermiculo.
621 5080 868 5150 Cumque
914 5081 1176 5138 dimiserit
1225 5096 1502 5152 passerem
1535 5081 1751 5136 avolare
1795 5081 1848 5136 in

235 5189 441 5246 agrum
469 5171 654 5244 libere,
691 5174 871 5229 orabit
898 5191 998 5245 pro
1029 5174 1212 5240 domo,
1242 5186 1289 5230 el
1320 5175 1439 5244 jure
1476 5161 1866 5229 mandabitur.”

239 5267 352 5322 ista
385 5275 470 5322 est
511 5266 594 5322 lex
641 5267 820 5321 omnis
852 5269 1016 5338 lepra:
1045 5277 1101 5322 et
1131 5281 1490 5339 percussum,
1547 5267 1712 5339 leprac
1756 5281 1851 5321 ve-

241 5364 442 5430 stium,
493 5373 548 5418 et
591 5362 901 5430 domorum,
946 5363 1216 5419 cicatricis
1241 5371 1295 5419 ct
1322 5363 1717 5432 erumpen:ium
1752 5376 1847 5431 pa-

245 5457 526 5528 pularum,
555 5457 790 5513 lucentis
816 5458 1062 5524 maculae,
1087 5465 1143 5514 et
1173 5457 1226 5512 in
1255 5457 1435 5512 varias
1466 5455 1676 5526 species
1703 5456 1852 5511 colo-

241 5552 402 5607 ribus
432 5551 750 5617 immutatis,
784 5559 844 5606 ut
885 5549 1058 5620 possit
1096 5551 1222 5605 sciri
1263 5565 1370 5620 quo
1418 5559 1662 5619 tempore
1697 5561 1854 5603 mnu-

241 5645 376 5699 dum
411 5644 536 5714 quid
568 5645 652 5700 vel
687 5643 1023 5700 immundum
1051 5644 1141 5699 sit.

317 5736 406 5811 [τ.
439 5737 574 5808 Vill,
600 5738 662 5794 Β.
695 5737 833 5808 Vill,
867 5739 928 5794 (Ξ.
958 5735 1128 5804 XXV,
1159 5735 1286 5811 Cap.
1316 5735 1474 5809 XV.]
1505 5735 1850 5808 Locutusquc

248 5845 333 5890 est
359 5833 620 5889 Dominus
648 5832 714 5888 ad
745 5832 927 5890 Mosen
959 5841 1014 5889 et
1040 5833 1249 5900 Aaron,
1273 5832 1462 5889 dicens
1493 5849 1506 5886 :
1551 5827 1856 5902 Loquimini

1958 3324 2056 3379 pro
2082 3315 2326 3376 peccato.
2361 3316 2415 3362 et
2441 3305 2672 3361 alterum
2699 3304 2750 3357 in
2779 3301 3154 3356 holocaustum
3188 3317 3200 3354 :
3231 3296 3553 3368 rogabitque

1955 3417 2051 3474 pro
2078 3416 2144 3456 eo
2173 3414 2352 3453 coram
2383 3397 2633 3465 Domino,
2668 3404 2725 3449 ut
2753 3392 3074 3449 emundetur
3094 3405 3122 3444 a
3149 3390 3294 3444 ﬂuxu
3326 3388 3554 3444 seminis

1953 3493 2059 3550 sui.
2118 3492 2242 3557 Vir,
2297 3489 2364 3544 de
2416 3502 2521 3557 quo
2571 3487 2854 3556 egreditur
2883 3499 3070 3540 semen
3103 3483 3300 3547 coitus,
3353 3479 3554 3536 lavabit

1955 3601 2088 3656 aqua
2121 3597 2282 3637 omne
2308 3585 2508 3648 corpus
2552 3593 2708 3632 suum
2744 3595 2756 3630 :
2807 3586 2862 3630 et
2892 3574 3200 3631 immundus
3228 3574 3337 3628 erit
3381 3585 3553 3642 usque

1954 3682 2020 3736 ad
2048 3689 2353 3748 vesperum.
2394 3675 2610 3730 Vestem
2641 3683 2694 3726 et
2727 3672 2944 3742 pellem,
2975 3685 3138 3741 quam
3170 3665 3441 3732 habuerit,
3469 3666 3552 3720 Ia-

1953 3774 2100 3828 vabit
2144 3786 2304 3840 aqua,
2349 3779 2402 3824 et
2453 3765 2741 3822 immunda
2777 3765 2882 3820 erit
2912 3778 3084 3834 usque
3137 3760 3202 3815 ad
3235 3773 3547 3828 vesperum.

1953 3865 2166 3930 Mulier,
2197 3877 2318 3919 cum
2347 3877 2449 3933 qua
2474 3862 2686 3926 coierit,
2711 3859 2980 3914 lavabitur
3000 3869 3157 3926 aqua,
3191 3861 3248 3908 et
3275 3848 3553 3907 immunda

1954 3961 2058 4015 erit
2085 3973 2254 4028 usque
2301 3957 2369 4010 ad
2405 3967 2712 4024 vesperum.
2756 3947 3116 4024 [C.XXVI.]
3163 3945 3355 4001 Mulier
3401 3956 3550 4013 quae,

1956 4053 2213 4107 redeunte
2240 4061 2448 4115 mense,
2473 4047 2676 4118 patitur
2703 4043 2904 4098 ﬂuxum
2936 4039 3220 4108 sanguinis
3249 4036 3328 4110 [h.
3362 4034 3553 4089 Mulier

1954 4161 2074 4212 quae
2105 4143 2307 4214 patitur
2334 4141 2532 4196 ﬂuxum
2561 4135 2885 4208 sanguinis],
2935 4142 3140 4204 septem
3171 4131 3364 4186 diebus
3391 4142 3554 4198 sepa-

1955 4239 2181 4294 rabitur.
2232 4237 2420 4291 Omnis
2469 4236 2564 4306 qui
2611 4231 2849 4303 tetigerit
2897 4244 3038 4294 eam,
3083 4223 3394 4280 immundus
3443 4221 3552 4278 erit

1955 4346 2126 4403 nsque
2157 4329 2221 4385 ad
2251 4344 2572 4400 vesperum:
2602 4335 2655 4380 et
2687 4326 2740 4379 in
2767 4338 2875 4395 quo
2902 4319 3208 4384 dormierit,
3237 4316 3321 4372 vel
3353 4313 3554 4369 sederit

1954 4425 2146 4480 diebus
2196 4419 2556 4492 separationis
2609 4435 2756 4486 suae,
2808 4415 3101 4486 polluetur.
3163 4409 3266 4478 Qui
3318 4405 3556 4476 tetigerit

1955 4519 2150 4574 lectum
2183 4515 2323 4586 ejus,
2367 4513 2570 4569 lavabit
2618 4509 2940 4566 vestimenta
2980 4520 3079 4562 sua
3112 4523 3125 4560 :
3178 4512 3229 4557 et
3261 4499 3378 4570 ipse
3407 4499 3552 4553 lotus

1879 4579 1930 4640 D
1955 4627 2116 4683 aqua,
2149 4607 2456 4664 immundus
2485 4607 2587 4663 erit
2614 4615 2788 4676 usque
2811 4602 2877 4658 ad
2899 4614 3206 4672 vesperum.
3233 4597 3408 4652 Omne
3432 4608 3551 4662 vas,

1958 4719 2119 4774 super
2149 4700 2293 4773 quod
2349 4700 2436 4754 illa
2469 4699 2693 4762 sederit,
2743 4695 2988 4767 quisquis
3041 4691 3300 4762 attigerit,
3352 4689 3555 4745 lavabit

1957 4800 2272 4855 vestimenta
2322 4810 2419 4850 sua
2462 4813 2476 4849 :
2524 4802 2579 4851 et
2609 4794 2630 4867 [
2661 4792 2813 4864 Vulg.
2846 4793 2972 4846 add.
3005 4787 3154 4861 ipse]
3203 4787 3344 4842 loms
3392 4799 3555 4856 aqua,

1959 4891 2198 4963 pollutus
2225 4889 2331 4946 erit
2373 4902 2544 4960 usque
2569 4887 2637 4942 ad
2665 4899 2971 4956 vesperum.
3019 4883 3078 4940 Si
3120 4880 3313 4937 coierit
3343 4894 3464 4936 cum
3491 4891 3558 4935 ea

1958 4988 2039 5041 vir
2073 4993 2318 5055 tempore
2365 4981 2640 5053 sanguinis
2689 4977 3069 5042 menstrualis,
3113 4973 3424 5030 immundus
3451 4971 3560 5028 erit

1952 5087 2158 5150 septem
2193 5079 2385 5132 diebus
2421 5093 2433 5129 :
2467 5086 2524 5131 et
2553 5088 2713 5129 omne
2737 5080 2993 5137 stratum,
3026 5069 3078 5124 in
3111 5083 3220 5139 quo
3246 5066 3556 5132 dormierit,

1953 5173 2248 5245 polluetur.
2277 5171 2489 5236 Mulier,
2519 5184 2640 5240 qua:
2669 5167 2869 5237 patitur
2899 5161 3082 5218 multis
3112 5161 3304 5217 diebus
3348 5160 3558 5215 ﬂuxum

1954 5267 2230 5340 sanguinis
2260 5281 2364 5320 non
2398 5265 2451 5319 in
2482 5273 2727 5330 tempore.
2758 5255 3097 5323 menstruali,
3148 5253 3230 5312 vel
3280 5271 3398 5325 qua:
3433 5259 3556 5324 post

1957 5369 2290 5416 menstruum
2318 5356 2636 5428 sanguinem
2673 5351 2842 5408 ﬂuere
2890 5366 2997 5406 non
3033 5357 3256 5413 cessat,
3303 5344 3559 5416 quamdiu

1958 5454 2079 5510 huic
2109 5453 2352 5523 subjaect
2381 5448 2657 5520 passiam,
2709 5445 2986 5502 imnnmda
3035 5442 3140 5499 erit
3190 5439 3342 5511 quasi
3383 5441 3456 5494 sit
3505 5439 3561 5496 in

1955 5555 2197 5618 tempore
2229 5556 2528 5602 menSIrno.
2553 5541 2724 5599 Omne
2753 5549 2982 5597 stratum
3017 5538 3071 5593 ih
3099 5551 3205 5608 quo
3238 5532 3556 5599 dormierit,

1957 5651 2008 5696 et
2040 5653 2132 5694 vas
2158 5639 2210 5694 in
2241 5651 2350 5710 quo
2377 5635 2599 5699 sederit,
2629 5635 2895 5706 pollutum
2938 5630 3064 5687 erit.
3108 5628 3452 5697 QniCumque
3481 5629 3560 5680 ιε-

1959 5733 2138 5810 tigerit
2164 5752 2249 5803 ea,
2280 5733 2484 5790 lavabit
2515 5731 2835 5788 vestimenta
2862 5738 2980 5794 sua,
3014 5734 3069 5782 et
3094 5723 3211 5796 ipse
3235 5721 3377 5778 lotus
3399 5735 3562 5792 aqua,

1963 5831 2275 5889 immundus
2301 5830 2408 5887 erit
2439 5835 2608 5900 usque
2638 5825 2702 5881 ad
2737 5835 3043 5895 vesperum.
3092 5817 3152 5875 Si
3179 5815 3396 5874 steterit
3435 5825 3567 5872 sau-
