4044 6360
482 261 588 319 519

1480 259 1540 316 S.
1581 256 1965 317 HIERONYMI
2002 255 2237 316 DIVINA
2274 257 2755 317 BIBLIO'I‘IIECA.

3674 257 3788 317 520

478 379 619 452 guis,
644 386 698 435 et
727 376 895 436 fluere
916 375 1238 446 cessaverit,
1271 375 1578 432 numerabit
1597 384 1810 447 septem
1837 373 1956 431 dies
1976 388 2077 446 pu-
2100 375 2155 439 Α
2181 373 2324 432 tibus
2350 389 2533 431 coram
2557 375 2810 444 Domino,
2842 372 3039 432 nebula
3067 388 3259 434 eorum
3298 382 3356 433 et
3374 389 3545 448 vapor
3571 377 3795 448 operiat

479 471 804 530 riﬂcationis
828 486 941 528 suae
966 488 982 527 :
1013 479 1071 528 et
1109 479 1300 526 octavo
1338 468 1425 524 die
1451 467 1644 524 otferet
1671 481 1767 538 pro
1796 480 1859 523 se
1900 481 2085 524 sacer-

478 563 594 621 doti
642 563 781 620 duos
827 573 1067 619 turtures
1120 560 1208 618 vel
1253 559 1390 616 duos
1440 558 1616 629 pullos
1672 557 1947 614 columba)
2014 557 2083 613 ad

480 660 679 715 ostium
706 658 1043 715 tabernaculi
1073 655 1366 713 testimonii
1414 670 1431 712 :
1476 654 1569 725 qui
1596 668 1763 709 unum
1806 651 1965 709 faciet
1986 667 2084 721 pro

482 760 724 823 peccato,
756 759 813 807 et
841 751 1071 807 alterum
1100 748 1156 805 in
1202 747 1603 813 holocaustum,
1635 744 1958 816 rogabitque
1987 760 2083 816 pro

483 859 545 900 ea
586 859 771 901 coram
819 843 1082 910 Domino,
1132 850 1188 896 et
1216 854 1316 912 pro
1357 837 1502 894 lluxu
1543 837 1899 894 immunditiae
1939 836 2080 908 ejus.

483 937 756 995 Docebitis
780 953 908 1009 ergo
937 936 1083 992 ﬁlios
1104 934 1294 1002 Israel,
1319 944 1377 989 ut
1402 940 1634 990 caveant
1658 930 2080 1001 immunditiam,

483 1040 539 1089 et
567 1047 676 1088 non
720 1031 1023 1088 moriantur
1050 1029 1104 1085 in
1146 1027 1400 1086 sordibus
1440 1026 1592 1094 suis,
1637 1041 1761 1082 cum
1791 1025 2086 1097 polluerint

482 1124 895 1183 tabernaculum
926 1138 1128 1190 meum,
1155 1120 1303 1194 quod
1330 1130 1417 1178 est
1442 1121 1584 1177 inter
1610 1136 1727 1176 eos.
1760 1119 1864 1175 Ista
1891 1129 1973 1175 est
1995 1118 2082 1175 lex

482 1219 621 1289 ejus,
665 1217 773 1290 qui'
793 1217 992 1286 patitur
1037 1216 1241 1272 ﬂuxum
1289 1213 1536 1278 seminis.
1584 1221 1639 1270 et
1680 1210 1775 1285 qui
1820 1211 2084 1284 polluitur

480 1310 651 1378 coitu,
696 1318 752 1365 et
794 1324 916 1381 quas
947 1308 1239 1365 menstruis
1281 1305 1616 1377 temporibus
1656 1313 1966 1376 separatur,
1996 1303 2084 1358 vel

481 1416 603 1474 quae
641 1401 753 1474 jugi
780 1402 898 1458 ﬂuit
936 1402 1228 1474 sanguine,
1274 1408 1329 1456 et
1385 1397 1621 1455 hominis
1661 1397 1752 1469 qui
1802 1394 2084 1452 dormierit

486 1509 609 1550 cum
638 1509 725 1550 ea.

554 1586 575 1660 [
579 1587 641 1644 Τ.
667 1585 761 1652 IX,
795 1586 854 1642 Β.
880 1585 968 1654 IX,
1000 1586 1062 1643 C.
1088 1585 1356 1654 XXXVII,
1386 1584 1518 1658 Cap.
1540 1584 1709 1658 Ἆγι]
1739 1584 2082 1654 Locutusque

482 1690 567 1737 est
600 1680 857 1736 Dominus
886 1679 954 1735 ad
980 1680 1164 1736 Mosen
1194 1689 1315 1752 post
1340 1688 1569 1736 mortem
1583 1677 1810 1734 duorum
1844 1676 2079 1732 filiorum

2186 466 2319 541 [11s.
2348 467 2577 541 aperiet]
2605 468 2905 537 oraculum,
2930 467 3078 539 quod
3104 478 3187 525 est
3208 483 3372 540 super
3390 467 3791 536 testimonium,

2183 569 2242 618 et
2271 576 2397 618 norr
2416 564 2698 619 moriatur.
2746 562 2927 619 Tollet
2951 578 3168 635 quoque
3209 562 3277 620 de
3306 562 3570 634 sanguine
3607 562 3790 630 vituli,

2182 665 2239 713 et
2263 664 2519 728 asperget
2543 655 2712 729 digito
2730 656 2940 727 septies
2965 654 2992 694 ἀ
3018 655 3097 730 [Ιι.
3125 657 3305 713 Tollet
3331 672 3547 729 quoque
3574 655 3644 712 de
3664 671 3793 712 san-

2182 747 2347 819 guine
2392 748 2572 818 vituli,
2621 758 2677 805 et
2719 758 2973 821 asperget
3016 764 3181 821 super
3220 748 3665 821 propitiatorium
3719 747 3789 804 ad

2183 840 2483 913 Orientem,
2536 850 2594 898 et
2633 855 2816 897 coram
2859 842 3238 914 pr0pitiatorio
3282 849 3534 915 aspcrget
3563 838 3790 913 septies]

2184 945 2375 994 contra
2428 935 2861 1008 propitiatorium
2918 936 2986 992 ad
3030 936 3333 992 Orientem.
3383 934 3626 1006 Cumque
3674 948 3790 990 ma-

2183 1030 2410 1086 ctaverit
2448 1028 2656 1085 hircum
2689 1043 2787 1100 pro
2815 1037 3037 1100 peccato
3068 1028 3271 1099 populi,
3325 1027 3522 1083 inferet
3568 1027 3788 1096 sanguiv

2183 1138 2307 1179 nem
2329 1122 2450 1195 ejus
2478 1122 2619 1179 intra
2650 1121 2857 1188 velum,
2905 1121 3407 1191 sicutepraeceptum
3436 1128 3522 1175 est
3544 1119 3616 1175 de
3661 1133 3789 1175 san-

2183 1216 2345 1289 guine
2382 1214 2561 1282 vituli,
2609 1222 2669 1269 ut
2717 1220 2974 1284 aspergat
3013 1228 3045 1270 e
3089 1213 3313 1286 regione
3342 1211 3551 1269 oraculi
3601 1211 3700 1285 [b.
3731 1221 3788 1267 ut

2183 1315 2440 1381 aspergat
2463 1322 2532 1364 eo
2557 1321 2724 1378 super
2751 1306 3184 1378 propitiatorium
3211 1315 3268 1364 et
3308 1320 3491 1362 coram
3529 1305 3790 1376 prepitia-

2185 1400 2370 1473 torio],
2416 1412 2472 1458 et
2507 1401 2691 1472 expiet
2718 1400 3083 1457 sanctuarium
3129 1401 3201 1457 ab
3236 1399 3598 1457 immunditiis
3647 1400 3789 1456 ﬁlio-

2184 1509 2305 1552 rum
2353 1494 2542 1562 Israel,
2574 1504 2630 1551 et
2660 1492 3198 1565 prtevaricationibus
3217 1507 3431 1563 eorum,
3463 1492 3787 1565 cunctisque

2191 1589 2452 1660 peccatis.
2479 1588 2641 1645 Juxta
2669 1587 2815 1645 hunc
2837 1590 3001 1645 ritum
3033 1588 3197 1645 faciet
3220 1598 3244 1626 θ
3271 1587 3620 1644 tabernaculo
3641 1587 3794 1645 testi-

2185 1679 2375 1745 monii,
2393 1679 2536 1751 quod
2562 1679 2725 1735 lixum
2740 1687 2824 1747 est
2844 1679 2988 1735 inter
2997 1693 3092 1735 eos
3109 1678 3164 1734 in
3178 1676 3358 1734 medio
3374 1677 3618 1735 sordium
3637 1676 3790 1733 habi-

485 1772 693 1839 Aaron,
726 1772 944 1843 quando
984 1771 1274 1829 otl'erentes
1303 1772 1484 1844 ignem
1524 1771 1762 1827 alienum
1808 1768 2081 1826 interfecti
2115 1768 2158 1828 Β
2188 1770 3691 1828 tationiseorum.Nullushominumsitintabernaculot
3710 1780 3790 1828 tc—

485 1872 651 1922 sant:
680 1874 735 1921 et
766 1866 1023 1937 praecepit
1051 1866 1124 1933 ei,
1153 1865 1380 1922 dicens:
1407 1864 1658 1936 Loquere
1677 1862 1744 1920 ad
1773 1864 1955 1919 Aaron
1975 1861 2084 1918 fra-

487 1967 622 2015 trem
665 1968 836 2027 tuum,
887 1974 958 2015 ne
1001 1959 1148 2015 omni
1180 1967 1424 2031 tempore
1452 1957 1788 2029 ingrediatur
1834 1963 2084 2013 sanctua-

486 2050 652 2120 rium,
682 2050 828 2124 quod
872 2062 955 2108 est
991 2051 1044 2107 in
1091 2051 1272 2108 velum
1314 2066 1495 2108 coram
1530 2049 1925 2122 propitiatorio,
1975 2063 2085 2122 quo

488 2144 689 2214 tegitur
716 2157 864 2211 arca,
898 2152 955 2199 ut
982 2159 1090 2199 non
1119 2146 1382 2200 moriatur
1405 2143 1553 2216 (quia
1578 2144 1633 2199 in
1654 2143 1798 2200 nube
1814 2143 2086 2216 apparebo

487 2248 654 2306 Super
682 2234 1014 2308 oraculum),
1045 2235 1156 2291 nisi
1185 2235 1302 2292 haec
1330 2245 1458 2292 ante
1488 2236 1697 2293 fecerit.
1736 2235 1976 2292 Vitulum
2007 2234 2088 2291 of-

488 2329 625 2387 feret
648 2347 751 2402 pro
773 2340 1015 2402 peccato,
1043 2340 1099 2388 et
1126 2332 1350 2389 arietem
1376 2332 1429 2387 in
1458 2331 1858 2388 holocaustum.
1881 2330 2086 2388 Tunica

488 2421 631 2482 linea
680 2424 973 2491 vestietur,
1007 2422 1350 2481 feminalibus
1378 2424 1537 2481 lineis
1565 2424 1798 2482 verenda
1839 2424 2038 2481 celabit
2071 2442 2086 2480 :

489 2518 805 2588 accingetur
829 2532 964 2573 zona
993 2518 1162 2586 linea,
1211 2516 1440 2574 cidarim
1471 2518 1669 2575 lineam
1711 2519 1956 2588 imponet
1999 2531 2088 2573 ea.

491 2609 626 2682 pili:
661 2610 777 2666 base
804 2611 949 2667 enim
973 2612 1293 2668 vestimenta
1321 2619 1448 2669 sunt
1475 2622 1658 2669 sancta
1686 2630 1698 2668 :
1731 2612 1928 2683 quibus
1955 2626 2091 2668 cun-

492 2701 618 2769 ctis,
644 2718 766 2759 cum
792 2704 935 2760 lotus
961 2702 1143 2771 fuerit,
1172 2704 1445 2762 induetur.
1473 2705 1851 2778 Suscipietque
1874 2706 1944 2763 ab
1970 2706 2090 2762 uni-

493 2811 652 2854 versa
693 2798 1038 2856 multitudine
1091 2799 1324 2856 filiorum
1363 2796 1540 2858 'lsrael
1589 2800 1725 2857 duos
1773 2801 1954 2857 hircos
1993 2816 2091 2873 pro

492 2905 740 2963 peccato,
772 2902 828 2949 et
858 2909 1027 2950 unum
1059 2895 1284 2951 arietem
1314 2896 1367 2951 in
1398 2896 1793 2953 holocaustum.
1848 2894 2093 2967 Cumque

492 2984 758 3041 obtulerit
793 2986 1045 3055 vitulum,
1094 2995 1150 3045 et
1193 2991 1438 3046 oraverit
1466 3006 1566 3061 pro
1596 3004 1656 3046 se
1696 2998 1751 3046 et
1801 3003 1899 3061 pro
1930 2988 2093 3045 domo

491 3094 613 3147 sua,
638 3080 776 3136 duos
801 3079 982 3137 hircos
1011 3090 1158 3138 stare
1186 3082 1345 3138 faciet
1369 3097 1552 3139 coram
1580 3082 1807 3139 Domino
1823 3083 1876 3138 in
1901 3090 1928 3120 ι
1951 3082 2094 3137 ostio

2185 1865 2447 1935 stimonii,
2476 1866 2693 1938 quando
2721 1866 2962 1937 pontifex
2991 1866 3292 1939 ingreditur
3318 1867 3370 1922 in
3396 1867 3786 1934 sanctuarium,

2185 1971 2244 2017 ut
2273 1971 2427 2033 roget
2453 1977 2553 2032 pro
2601 1975 2663 2018 se
2693 1970 2746 2017 et
2777 1976 2877 2033 pro
2921 1959 3087 2017 domo
3135 1974 3256 2026 sua,
3306 1968 3362 2017 et
3386 1976 3487 2032 pro
3533 1959 3791 2017 universo

2186 2062 2331 2111 emtu
2380 2053 2573 2123 Israel,
2622 2053 2799 2109 donec
2844 2052 3177 2125 egrediatur.
3205 2051 3341 2109 Cum
3369 2058 3551 2107 autem
3598 2051 3813 2109 exierit.

2187 2146 2256 2202 ad
2285 2147 2479 2214 altare,
2507 2145 2652 2217 quod
2679 2159 2863 2202 coram
2897 2144 3130 2200 Domino
3158 2154 3264 2211 est,
3294 2152 3417 2199 oret
3444 2157 3544 2214 pro
3575 2157 3635 2199 se
3661 2152 3708 2208 κ,
3735 2150 3793 2200 et

2187 2248 2468 2309 sumptum
2496 2237 2817 2309 sanguinem
2843 2237 3002 2293 vituli
3036 2244 3199 2308 atque
3227 2235 3364 2293 hirci
3401 2235 3593 2292 fundat
3626 2250 3791 2308 super

2188 2346 2395 2389 cornua
2426 2333 2546 2403 ejus
2570 2347 2666 2403 per
2691 2347 2884 2405 gyrum
2920 2348 2935 2385 :
2968 2341 3327 2403 aspergatque
3354 2330 3525 2402 digito
3565 2331 3789 2402 septies,

2188 2435 2242 2484 et
2260 2425 2506 2497 puritlcet
2521 2434 2577 2482 et
2597 2424 2898 2481 sanetiticet
2911 2423 3049 2480 illud
3067 2424 3138 2480 ab
3163 2422 3526 2479 immunditiis
3552 2423 3788 2479 ﬁliorum

2190 2519 2380 2577 Israel.
2410 2518 2704 2589 Postquam
2735 2516 3120 2574 emundaverit
3168 2516 3537 2573 sanctuarium
3563 2556 3578 2581 ,
3619 2524 3677 2571 et
3706 2523 3789 2570 ta-

2192 2612 2577 2680 bernaculum,
2608 2622 2665 2668 ct
2702 2612 2875 2668 altare
2900 2653 2915 2679 ,
2948 2620 3077 2668 tunc
3117 2610 3312 2668 oderat
3358 2610 3569 2667 hircum
3600 2609 3789 2667 viven-

2192 2714 2326 2772 tem,
2360 2711 2417 2762 et
2438 2706 2613 2778 posita
2641 2712 2871 2774 utraque
2898 2719 3060 2759 manu
3089 2718 3253 2775 super
3279 2712 3441 2774 caput
3470 2702 3613 2773 ejus,
3659 2716 3792 2757 con-

2194 2799 2414 2856 titeatur
2435 2813 2626 2854 omnes
2650 2797 2965 2870 iniquitates
2988 2796 3224 2853 ﬁliorum
3249 2795 3438 2862 Israel,
3462 2804 3519 2851 et
3538 2795 3792 2851 universa

2194 2892 2394 2949 delicta
2423 2899 2587 2963 atque
2617 2897 2839 2962 peccata
2870 2906 3064 2947 eorum
3098 2908 3112 2944 :
3141 2905 3263 2962 quae
3293 2890 3603 2961 imprecans
3627 2888 3791 2960 capiti

2195 2984 2336 3056 ejus,
2369 2984 2759 3040 emittet'illum
2793 2999 2889 3054 per
2911 2984 3190 3039 hominem
3221 2993 3494 3053 paratum,
3526 2987 3579 3038 in
3605 2983 3794 3039 desero

2198 3087 2333 3134 tum.
2377 3077 2620 3148 Cumque
2666 3077 2965 3147 portaverit
3007 3077 3193 3134 hircus
3239 3091 3434 3133 omnes
3479 3076 3794 3146 iniquitates

494 3175 829 3232 tabernaculi
862 3176 1159 3234 testimonii
1184 3194 1198 3233 :
1227 3178 1452 3234 mittens
1481 3192 1644 3250 super
1665 3187 1956 3248 utrumque
1980 3191 2099 3233 sor-
2124 3175 2173 3242 C
2201 3186 2394 3249 eorum
2416 3172 2469 3226 in
2494 3178 2696 3227 terram
2725 3170 3052 3236 solitariam,
3075 3178 3133 3226 et
3156 3168 3408 3226 dimissus
3430 3169 3594 3225 fuerit
3619 3170 3673 3224 in
3700 3168 3797 3224 de-

492 3275 575 3326 tes
604 3285 618 3336 ;
648 3279 852 3325 sortem
882 3285 1043 3325 unam
1073 3270 1322 3340 Domino,
1349 3278 1406 3327 et
1431 3272 1657 3327 alteram
1684 3272 1763 3337 [ιι.
1790 3279 1848 3327 et
1872 3270 2098 3326 alteram

492 3361 702 3420 crudeli
736 3361 873 3437 Dei]
913 3362 943 3401 ι)
971 3378 1136 3434 capro
1179 3363 1485 3431 emissario,
1534 3364 1690 3433 cujus
1731 3378 1852 3419 sors
1896 3363 2098 3420 exierit

494 3455 757 3526 Domino,
796 3455 992 3512 olferet
1020 3456 1172 3511 illum
1203 3472 1303 3527 pro
1332 3464 1553 3527 peccato
1596 3473 1611 3515 :
1641 3457 1796 3526 cujus
1821 3464 2004 3512 autem
2043 3456 2097 3512 in

494 3562 719 3619 caprum
767 3549 1138 3618 emissarium,
1186 3558 1388 3606 statuet
1416 3564 1541 3606 eum
1568 3550 1747 3604 vivum
1777 3564 1960 3605 coram
1992 3549 2097 3604 Do.

493 3642 666 3708 mino,
700 3650 759 3696 ut
787 3640 976 3697 fundat
1006 3655 1195 3712 preces
1215 3656 1380 3713 super
1406 3656 1551 3711 eum,
1584 3650 1639 3697 et
1675 3642 1891 3698 emittat
1937 3640 2090 3696 illum

496 3733 552 3789 in
590 3731 938 3789 solitudinem
965 3733 985 3806 [
1008 3734 1063 3788 h.
1089 3732 1309 3790 Lazazei
1338 3732 1395 3789 in
1422 3733 1835 3807 solitudinem].
1869 3735 1965 3791 His
1991 3736 2095 3792 rite

494 3825 804 3895 celebratis,
838 3824 1030 3883 otl‘eret
1058 3826 1281 3883 vitulum
1302 3870 1317 3897 ,
1348 3835 1405 3884 et
1433 3842 1629 3899 rogans
1658 3842 1757 3899 pro
1798 3843 1861 3885 se
1909 3839 1967 3885 et
1995 3844 2094 3900 pro

494 3920 656 3979 domo
682 3935 801 3989 sua,
847 3922 1143 3978 immolabit
1173 3938 1317 3979 eum.
1362 3923 1763 3995 Assumptoque
1794 3924 2092 3997 thuribulo,

495 4014 640 4086 quod
686 4015 753 4070 de
786 4015 972 4086 prunis
1015 4015 1201 4072 altaris
1231 4016 1557 4088 impleverit,
1604 4026 1660 4073 et
1684 4017 1941 4075 hauriens
1980 4032 2097 4073 ma-

497 4123 571 4165 nu
596 4108 958 4180 compositum
990 4108 1285 4182 thymiama
1317 4110 1373 4165 in
1405 4111 1707 4179 incensum,
1740 4111 1879 4168 ultra
1909 4111 2092 4167 velum

497 4202 723 4261 intrabit
752 4203 808 4259 in
838 4213 1025 4260 sancta
1057 4221 1070 4259 :
1103 4215 1124 4244 ο
1152 4213 1211 4259 ut
1241 4204 1430 4277 positis
1458 4219 1623 4277 super
1654 4205 1834 4278 ignem
1880 4219 2099 4263 aroma-

571 4345 1021 4419 a‘Vetustissimte
1047 4347 1293 4418 quaedam
1324 4347 1678 4417 membranae,
1727 4361 1847 4419 quae
1885 4364 1954 4405 ex
2002 4346 2099 4403 de-

495 4417 710 4490 perdita
740 4416 1176 4475 Veronensi'ms.
1223 4430 1505 4491 superant,
1551 4416 1874 4491 quibus—cum
1912 4419 2015 4475 hoc
2044 4426 2100 4474 ct

2203 3274 2372 3331 serto,
2404 3273 2721 3322 revertetur
2741 3264 2926 3322 Aaron
2956 3266 3010 3321 in
3039 3266 3446 3322 tabernaculum
3472 3263 3793 3331 testimonii,

2200 3368 2256 3415 et
2307 3358 2574 3431 depositis
2624 3359 2882 3424 vestibus,
2933 3357 3135 3428 quibus
3182 3357 3330 3428 prius
3378 3357 3601 3413 indutus
3654 3364 3800 3425 erat,

2199 3465 2326 3508 cum
2376 3451 2605 3507 intraret
2653 3450 3048 3520 sanctuarium,
3093 3450 3406 3522 relictisque
3455 3450 3549 3514 ibi,
3597 3448 3802 3504 lavabit

2200 3560 2418 3603 carnem
2453 3560 2612 3602 suam
2646 3545 2698 3601 in
2729 3545 2850 3601 loco
2871 3552 3083 3611 sancto,
3112 3545 3477 3615 indueturque
3504 3543 3801 3599 vestimen—

2197 3639 2268 3694 tis
2287 3636 2422 3693 suis.
2448 3637 2829 3708 Etpostquam
2853 3652 3109 3708 egressus
3128 3637 3396 3693 obtulerit
3421 3636 3800 3692 holocaustum

2194 3749 2354 3790 suum
2378 3748 2441 3787 ac
2469 3732 2666 3803 plebis,
2715 3732 2929 3805 rogabit
2961 3741 3070 3788 tam
3120 3747 3220 3803 pro
3263 3746 3322 3788 se
3351 3746 3513 3803 quam
3558 3746 3656 3802 pro
3696 3746 3801 3801 po-

2198 3827 2325 3899 pulo
2356 3843 2370 3881 :
2403 3835 2458 3883 et
2488 3825 2725 3898 adipem,
2754 3827 2846 3896 qui
2879 3825 3095 3883 oblatus
3118 3822 3208 3883 est
3246 3840 3346 3897 pro
3364 3825 3637 3900 peccatis,
3666 3824 3806 3880 ado-

2197 3923 2329 3980 lehit
2383 3940 2549 3996 super
2587 3924 2782 3981 altare.
2828 3923 2923 3980 Ille
2954 3938 3084 3980 vero
3126 3923 3216 3995 qui
3254 3922 3531 3981 dimiserit
3575 3937 3803 3993 caprum

2200 4020 2542 4076 emissarium
2590 4019 2684 4093 [in
2732 4018 2926 4075 Latino
2968 4018 3169 4089 habet,
3219 4018 3539 4075 emissarios
3570 4035 3585 4073 :
3612 4017 3664 4072 in
3694 4016 3809 4073 lle-

2201 4113 2352 4171 brteo
2379 4113 2560 4179 habet,
2592 4113 2659 4169 ad
2700 4114 2892 4170 Azazel
2914 4114 3059 4185 quod
3084 4113 3475 4185 interpretatur
3503 4110 3805 4184 crudelis],

2206 4208 2408 4264 lavabit
2433 4208 2758 4265 vestimenta
2791 4224 2886 4265 sua
2918 4216 2973 4264 et
2991 4222 3192 4279 corpus
3222 4222 3363 4279 aqua
3383 4247 3398 4273 ,
3427 4215 3483 4262 et
3508 4207 3588 4262 sic
3615 4207 3811 4276 ingre-

2201 4347 2480 4405 desertum
2513 4348 2721 4405 emissi.
2754 4348 2826 4405 At
2856 4349 2924 4405 de
2954 4347 3120 4404 Hirco
3165 4346 3435 4402 emissario
3484 4344 3608 4401 vide
3649 4345 3807 4411 plura

2201 4420 2343 4490 apud
2385 4420 2656 4476 eruditum
2690 4421 3019 4477 Boehartum
3045 4420 3139 4474 lib.
3170 4434 3207 4474 ιι
3238 4419 3306 4475 de
3331 4416 3567 4476 Animal.
3613 4415 3807 4486 Serip-

495 4483 834 4562 subsequens
878 4490 1196 4562 capitulum,
1253 4483 1369 4547 tum
1415 4483 1516 4547 alia
1565 4483 1793 4547 inferius
1834 4492 2092 4547 nonnulla
2127 4483 2175 4544 D
2202 4483 2337 4548 tura:
2367 4506 2491 4562 cap.
2524 4494 2616 4549 54.
2650 4492 2827 4548 Mm.

495 4561 845 4634 Contulimus,
884 4561 976 4634 hic
1007 4562 1302 4634 praeferunt
1326 4564 1380 4618 in
1411 4565 1567 4619 ostia.

570 4633 599 4672 ιι
640 4633 846 4706 Nomen
877 4632 970 4706 hic
1009 4632 1318 4705 expositum
1363 4636 1547 4706 posuit
1576 4633 1935 4701 Seboliastes,
1964 4649 2088 4689 cum

498 4704 551 4760 in
581 4704 812 4761 Hebrteo
840 4705 914 4760 sit
952 4704 1106 4768 nth
1121 4719 1163 4768 ).
1195 4704 1447 4774 laazazel,
1485 4707 1538 4762 id
1569 4715 1677 4768 est,
1710 4707 1924 4761 azazeli.
1959 4707 2096 4762 Aza-

501 4776 583 4831 zel
615 4786 793 4831 autem
829 4776 998 4844 infra,
1026 4794 1079 4831 v.
1112 4777 1207 4841 26.
1241 4781 1308 4831 ab
1332 4779 1524 4835 eodem
1551 4779 1867 4836 Scholiaste
1902 4787 2093 4833 nostro

498 4848 892 4917 interpretatur
920 4849 1116 4905 iterum
1149 4849 1379 4905 crudelis
1414 4850 1549 4919 Dei,
1582 4852 1712 4922 quia
1743 4860 1892 4922 putat
1915 4847 2092 4905 azasel

499 4959 625 5002 esse
668 4959 856 5000 vocem
904 4946 1265 5016 compositam
1292 4961 1359 5002 ex
1385 4956 1499 5014 rm,
1535 4961 1684 5012 azaz,
1718 4954 1776 5001 et
1800 4928 1897 5011 5N,
1930 4945 1994 5010 el,
2035 4952 2093 5000 ut

498 5020 665 5098 51m:
688 5035 863 5090 asazct
892 5036 1100 5108 legatur
1129 5052 1230 5108 pro
1260 5020 1444 5103 Sum,
1472 5036 1850 5108 azazel._quod
1878 5034 2097 5105 preprie

500 5118 679 5174 sonat,
704 5105 969 5181 asperum,
993 5105 1209 5187 saevum,
1233 5110 1349 5164 sive
1373 5108 1633 5163 crudelem
1652 5105 1775 5162 Dei.
1802 5107 1949 5187 Idem
1973 5122 2099 5187 seu-

500 5201 639 5258 sisse
665 5200 879 5257 videtur
905 5201 1078 5271 Syrus
1107 5183 1400 5271 interpres,
1428 5200 1519 5270 qui
1550 5199 1637 5255 hic
1664 5183 2095 5271 habetﬁtmwlh

505 5272 777 5341 lazozojel,
805 5272 856 5327 id
884 5268 991 5338 est,
1016 5273 1307 5343 fortissimo
1330 5268 1465 5337 Deo,
1490 5270 1572 5326 vel
1598 5270 1800 5326 crudeli
1826 5268 1924 5343 Dei
1941 5273 2097 5343 juxta

503 5348 908 5400 annotationem
938 5342 1316 5414 margiualcm.
1361 5343 1710 5414 IIancivocis,
1744 5342 1953 5409 azazel,
1984 5343 2098 5414 ori:

501 5418 834 5488 ginationem
881 5414 1380 5488 probatlsimilitcr
1410 5414 1478 5469 II.
1515 5413 1739 5488 Saadias
1774 5415 1927 5488 Gaon
1954 5432 1969 5481 ;
2001 5413 2099 5469 sed

503 5486 627 5546 eam
655 5488 747 5544 alii
774 5488 1026 5545 doctores
1073 5486 1425 5543 Hebraeorum
1465 5486 1741 5557 rejiciuut,
1771 5488 1864 5559 qui
1894 5487 2102 5543 littera-

503 5598 625 5641 rum
656 5582 847 5638 ordine
876 5589 1112 5645 servato,
1147 5581 1372 5637 verbum
1414 5565 1581 5647 Sum
1604 5622 1635 5649 ν,
1673 5584 1851 5637 azazel
1894 5580 2099 5638 conﬂa-

505 5638 620 5710 tum
646 5669 766 5710 esse
787 5654 980 5710 dicunt
1005 5668 1068 5709 ex
1100 5638 1191 5719 ἦν,
1219 5668 1296 5716 es,
1324 5638 1747 5723 caperrt'st'L/TN,
1773 5655 1912 5720 azal,
1936 5654 2096 5710 abiit:

504 5741 614 5796 quo
657 5740 819 5782 sensu
873 5726 1011 5782 hanc
1056 5739 1249 5781 vocem
1297 5727 1575 5794 accipiunt
1603 5734 1716 5781 tum
1745 5725 1943 5794 Graeci,
1979 5736 2097 5783 tum

504 5797 704 5868 Latini,
726 5806 989 5870 quotquot
1017 5798 1214 5855 volunt
1243 5796 1418 5853 αωιεί
1445 5796 1614 5855 fuisse
1643 5813 1839 5854 nomen
1872 5799 2006 5856 hirci
2043 5798 2096 5854 in

2271 4564 2580 4620 —-Palatin.
2608 4573 2772 4633 atque
2796 4563 3027 4620 Urbinas
3044 4577 3202 4630 mss.,
3226 4579 3382 4631 super
3402 4570 3676 4633 utrumque
3691 4576 3814 4615 sor-

2196 4643 2317 4702 tcm,
2348 4651 2536 4703 unum,
2561 4643 2668 4692 etc.
2714 4635 2869 4704 Quod
2912 4650 3011 4706 pro
3038 4652 3200 4706 capro
3254 4634 3523 4690 emissario
3553 4632 3811 4689 Scholia-

2196 4738 2312 4783 stes
2333 4729 2496 4784 vertit
2527 4727 2737 4783 Crudeti
2762 4726 2880 4782 Dei.
2918 4727 3160 4782 llebrtem
3188 4727 3339 4783 vocis
3376 4708 3575 4786 Βτκτιή
3621 4724 3812 4779 laaza-

2196 4800 2276 4854 κει
2304 4800 2572 4865 expositio
2600 4810 2705 4854 est.
2739 4799 2899 4853 Adito
2926 4798 3085 4866 hujus
3115 4798 3220 4853 loci
3251 4800 3599 4866 interpretes.

2275 4882 2298 4910 ε
2333 4870 2673 4926 Veronenses
2702 4870 3061 4933 membranae,
3086 4880 3131 4924 et
3161 4871 3364 4940 positis.
3398 4865 3525 4923 Mox
3551 4869 3601 4922 in
3625 4865 3812 4923 eodic.

2198 4942 2393 4999 Urbin.
2421 4942 2590 4999 verba
2619 4957 2794 4997 coram
2817 4940 3043 4996 Domino
3067 4941 3459 4996 desiderantur.

2270 5012 2296 5051 ά
2323 5013 2492 5068 Palat.
2531 5029 2635 5068 ms.
2665 5013 2753 5069 hic
2802 5029 3019 5084 quoque
3043 5013 3326 5069 interserit
3352 5027 3529 5067 coram
3554 5009 3811 5084 Domino.

2182 5116 2199 5139 .
2272 5084 2547 5140 °Urbinas
2578 5100 2707 5153 ms.,
2737 5085 2793 5139 in
2812 5081 3167 5148 tabernaculo,
3195 5084 3334 5139 haud
3357 5084 3498 5140 bene
3522 5099 3534 5135 :
3561 5081 3656 5137 sed
3682 5096 3812 5136 mox

2200 5164 2407 5212 temere
2454 5157 2624 5225 magis
2670 5156 3014 5212 Veronenses
3047 5155 3374 5212 membranae
3419 5154 3654 5219 sortium,
3707 5167 3817 5223 pro

2199 5228 2431 5284 sordium
2451 5237 2639 5284 contra
2671 5230 2810 5283 sacri
2837 5239 3023 5285 tenus
3040 5227 3202 5283 fidem
3234 5227 3554 5283 obtrudunt.

2277 5297 2295 5337 ί
2338 5299 2539 5355 Vocem
2588 5301 2867 5356 testimonii
2913 5299 3000 5355 hic
3043 5300 3274 5355 reticent
3306 5299 3478 5355 nostri
3522 5312 3656 5352 mss.
3694 5296 3820 5351 vul-

2200 5372 2417 5444 gatique
2443 5372 2589 5439 libri,
2620 5383 2961 5444 quastamen]
2987 5372 3043 5444 in
3076 5370 3307 5427 Hehrzco
3337 5381 3420 5444 est
3449 5373 3620 5436 ππ).

2284 5452 2310 5490 ις
2328 5442 2444 5515 llic
2465 5442 2684 5515 quoque
2704 5442 2855 5515 addit
2874 5442 3129 5515 Palatin.,
3154 5450 3205 5515 et
3229 5460 3325 5515 pro
3356 5443 3512 5497 domo
3535 5458 3650 5509 sua,
3678 5455 3817 5515 con-

2206 5522 2288 5570 tra
2323 5513 2536 5569 Hebrazi
2566 5525 2745 5571 textus
2775 5514 2962 5571 fidem.
2993 5514 3130 5570 Tum
3156 5513 3504 5569 veronenses
3538 5514 3819 5570 Membra—

2204 5596 2384 5660 nat,“
2411 5598 2620 5656 sumpto
2642 5588 2897 5660 sanguine
2916 5586 3088 5660 vituli,
3117 5596 3248 5660 etc_.,
3269 5596 3616 5660 Aaspergetque
3642 5585 3814 5657 digito

2203 5659 2413 5728 septies,
2445 5667 2492 5712 et
2518 5660 2690 5730 expiet
2714 5657 2806 5725 {et
2837 5659 3156 5728 sanctiﬁcat.
3191 5657 3423 5730 Palatin.
3454 5674 3557 5715 ms.
3579 5699 3592 5724 ,
3632 5673 3818 5724 asper—

2204 5747 2520 5859 ﬁensque....
2551 5729 2719 5804 expiet
2746 5740 2801 5786 et
2834 5731 3203 5815 sancti/iretur
3225 5770 3241 5795 ,
3263 5729 3506 5789 Urbinas
3532 5737 3815 5802 postremo

2246 5817 2309 5858 oe
2340 5818 2447 5859 uno
2474 5803 2641 5859 verbo
2662 5802 2895 5859 abludit.
2928 5802 3240 5859 sanctiﬁcet.

2246 5817 2309 5858 oc
2340 5818 2447 5860 uno
2474 5802 2641 5861 verbo
2662 5802 2895 5872 abludit,
2928 5802 3240 5872 sancti/iret.
