4044 6360
206 325 313 379 321

1566 323 1770 381 LIBER
1811 323 2133 382 LEVITICI.

3397 330 3503 387 3‘22

207 435 465 491 dieturin
520 442 724 491 castra.
756 435 993 493 Vitulum
1018 435 1284 493 autem'et
1318 437 1551 505 hircum,
1584 439 1673 507 qui
1706 437 2027 508 proAguis
2085 451 2183 507 pro
2249 435 2443 491 animre
2512 436 2725 507 piaculo
2790 438 2882 493 sit.
2938 440 3147 497 Idcirco
3210 441 3316 495 dixi
3379 442 3503 498 ﬁliis

207 542 429 601 peccato
457 532 674 585 fuerant
705 531 994 599 immolati,
1015 541 1067 587 et
1085 548 1316 603 quorum
1339 533 1556 605 sanguis
1577 542 1600 570 α
1623 533 1805 588 illatus

206 633 310 685 est,
330 633 385 677 ut
404 622 456 677 in
471 626 789 679 sanctuario
803 623 1042 694 expiatio
1055 626 1809 696 compleretur,asportabunt
1834 694 1845 706 _

207 714 351 771 foras
386 725 588 782 castra,
612 726 665 773 et
685 717 1005 774 comburent
1029 718 1138 789 igni
1161 726 1268 773 tam
1314 718 1483 789 pelles
1514 734 1671 789 quam
1690 733 1810 774 car-

208 822 304 862 nes
328 823 517 863 eorum
551 816 607 863 et
638 808 821 863 ﬁmum
851 829 862 862 :
894 817 948 864 et
973 809 1298 879 quicumque
1327 809 1693 865 combusserit
1720 826 1806 876 ea,

206 900 414 956 lavabit
440 903 767 958 vestimenta
799 917 897 957 sua
924 912 978 959 et
1001 919 1221 960 carnem
1251 920 1411 975 aqua,
1445 913 1499 960 et
1527 905 1605 960 sic
1632 904 1807 974 ingres

203 992 386 1048 dietur
417 994 468 1049 in
498 1005 699 1049 castra.
735 994 967 1066 Eritque
1001 996 1156 1051 vobis
1202 998 1303 1052 hoc
1332 998 1634 1068 legitimum
1669 1012 1812 1052 sem-

202 1088 527 1158 piternum:
574 1087 668 1159 IC.
722 1088 1000 1162 XXVIIH
1054 1089 1239 1145 Mense
1287 1091 1551 1162 septimo,
1599 1089 1809 1145 decima

203 1181 291 1236 die
341 1183 588 1250 mensis,
642 1183 897 1253 atﬁigetis
949 1184 1159 1238 animas
1202 1194 1449 1251 vestras,
1495 1184 1811 1253 nullumque

204 1275 425 1331 facietis
453 1290 589 1345 opus
614 1318 628 1341 ,
662 1275 779 1331 sive
826 1276 1077 1348 indigena
1102 1319 1117 1345 ,
1160 1277 1275 1332 sive
1314 1276 1544 1343 advena,
1594 1275 1685 1344 qui
1719 1290 1813 1346 pe-

205 1370 522 1440 regrinatur
558 1370 699 1425 inter
736 1384 853 1425 vos.
880 1370 939 1424 In
965 1370 1066 1424 hac
1089 1369 1177 1425 die
1217 1369 1462 1440 expiatio
1487 1369 1591 1424 erit
1619 1369 1808 1435 vestri,

198 1470 365 1532 atque
400 1462 686 1517 mundatio
713 1463 783 1516 ab
813 1462 1070 1517 omnibus
1099 1463 1333 1531 peccatis
1364 1462 1564 1517 vestris
1595 1478 1607 1515 :
1651 1460 1677 1499 δ
1719 1476 1810 1517 co-

208 1573 325 1612 ram
363 1556 606 1613 Domino
635 1556 1051 1612 mundabimini.
1098 1556 1393 1612 Sabbatum
1422 1556 1565 1611 enim
1595 1557 1812 1627 requie-

200 1652 375 1707 tionis
399 1663 506 1719 est,
539 1662 594 1708 et
628 1652 883 1722 aflligetis
911 1651 1123 1706 animas
1149 1661 1360 1707 vestras
1389 1651 1658 1722 religione
1690 1665 1813 1720 per-

202 1758 389 1817 petua.
425 1745 684 1816 Expiahit
711 1756 892 1799 autem
925 1746 1207 1811 sacerdos,
1241 1744 1331 1813 qui
1382 1752 1578 1799 unctus
1626 1742 1811 1809 fuerit,

1913 530 2079 585 Israel
2118 549 2130 585 :
2163 530 2351 586 Omnis
2374 530 2552 585 anima
2582 546 2651 586 ex
2678 532 2835 586 vobis
2866 549 2970 589 non
3008 534 3262 590 eotucdet
3288 536 3507 605 sangui-

1911 638 2057 687 nem,
2074 637 2173 679 nee
2184 639 2250 678 ex
2262 622 2487 678 advenis
2505 624 2592 694 qui
2610 624 3029 695 peregrinantur
3044 625 3184 680 inter
3196 641 3310 681 vos.
3331 625 3506 681 Homo

1910 716 2236 786 quicumque
2267 716 2333 770 de
2367 716 2490 770 ﬁliis
2540 716 2704 771 lsraei
2737 726 2790 771 et
2834 717 2903 773 de
2934 718 3158 773 advenis
3209 718 3302 788 qui
3345 734 3505 789 pere-

1911 809 2198 879 grinantur
2227 808 2368 879 apud
2401 824 2518 876 vos,
2551 810 2595 865 si
2626 809 2914 865 venatione
2940 820 3104 882 atque
3144 812 3375 882 aucupio
3420 826 3511 866 ce-

1912 900 2049 971 perit
2076 900 2246 956 feram
2268 902 2351 957 vel
2378 917 2560 971 avem,
2585 902 2779 972 quibus
2805 903 2950 958 vesci
2970 903 3177 961 licitum
3200 913 3304 970 est,
3325 904 3513 960 fundat

1910 995 2229 1065 sanguinem
2262 995 2403 1065 ejus,
2437 1006 2492 1051 et
2523 996 2734 1066 operiat
2762 996 2911 1051 illum
2942 1006 3085 1053 terra
3120 997 3198 1071 [h.
3234 997 3507 1070 pulvere].

1912 1086 2107 1142 Anima
2130 1090 2275 1143 enim
2296 1089 2473 1143 omnis
2500 1088 2679 1145 carnis
2703 1088 2755 1144 in
2785 1091 3047 1161 sanguine
3077 1102 3162 1147 est
3190 1109 3204 1145 :
3229 1092 3372 1147 unde
3398 1091 3510 1146 dixi

1912 1179 2043 1234 ﬁliis
2073 1179 2240 1236 Israel
2268 1199 2278 1233 :
2312 1180 2641 1253 Sanguinem
2672 1182 2939 1238 universae
2969 1184 3150 1241 carnis
3182 1199 3288 1240 non
3328 1200 3513 1242 conte-

1912 1272 2074 1341 detis,
2104 1274 2228 1344 quia
2272 1274 2453 1329 anima
2506 1276 2685 1330 carnis
2740 1276 2792 1329 in
2844 1276 3106 1347 sanguine
3154 1285 3358 1332 estzet
3389 1277 3511 1347 qui«

1913 1381 2145 1436 cumque
2167 1366 2469 1422 comederit
2494 1368 2670 1434 illum,
2695 1368 2956 1423 interibit.
2986 1368 3066 1440 [C.
3087 1369 3303 1444 XXXI.]
3321 1368 3513 1426 Anima

1912 1473 2032 1527 quae
2054 1457 2353 1513 comederit
2378 1459 2747 1526 morticinunt,
2773 1460 2857 1514 vel
2884 1470 3098 1530 captum
3123 1477 3151 1515 a
3174 1462 3366 1529 bestia,
3402 1472 3513 1519 tam

1914 1550 1981 1605 de
2012 1550 2303 1621 indigenis,
2335 1568 2494 1622 quam
2538 1551 2610 1607 de
2649 1552 2899 1622 advenis,
2946 1554 3144 1609 lavabit
3184 1555 3512 1611 vestimenta

1914 1658 2012 1698 sua
2045 1652 2098 1698 et
2126 1646 2477 1716 semetipsum
2507 1660 2667 1716 aqua,
2697 1656 2749 1701 et
2776 1649 3174 1704 contaminatus
3201 1650 3302 1705 erit
3343 1666 3514 1722 usque

1917 1736 1982 1790 ad
2012 1751 2300 1807 vestierunt
2338 1756 2351 1794 :
2384 1747 2440 1793 et
2489 1738 2593 1793 hoc
2621 1738 2813 1795 ordine
2863 1741 3095 1796 mundus
3140 1742 3251 1798 ﬁet.
3283 1742 3435 1811 Quod
3467 1744 3514 1801 si

200 1848 253 1895 et
278 1840 446 1907 cujus
474 1837 705 1893 initiata:
744 1852 958 1904 manus,
992 1846 1050 1891 ut
1080 1836 1391 1892 sacerdotio
1423 1835 1678 1906 fungatur
1708 1849 1808 1904 pro
1838 1836 1887 1895 B
1915 1845 2021 1884 non
2054 1830 2251 1885 laverit
2278 1830 2599 1887 vesﬁmenta
2632 1847 2749 1901 sua,
2778 1848 2880 1890 nec
2910 1849 3112 1906 corpus
3140 1835 3383 1907 portabit
3410 1836 3515 1891 ini-

202 1942 356 2001 patre
376 1946 480 1986 suo
506 1948 519 1984 :
546 1929 909 2000 indueturque
931 1929 1069 1985 stola
1095 1929 1238 1984 linea
1254 1928 1562 1985 etvestibus
1582 1929 1805 1990 sanctis,

203 2032 256 2078 et
284 2022 547 2093 expiabit
576 2022 943 2076 sanetuarium
976 2029 1030 2077 et
1071 2020 1485 2076 tabernaculum
1516 2016 1816 2075 testimonii

205 2124 372 2185 atque
406 2117 602 2181 altare,
644 2114 960 2170 sacerdotes
1001 2128 1218 2184 quoque
1274 2122 1330 2168 et
1375 2113 1688 2167 universum
1722 2125 1819 2182 po-

207 2211 427 2281 pulum.
460 2210 689 2280 Eritque
721 2209 823 2265 hoc
856 2208 1015 2262 vobis
1056 2208 1354 2277 legitimum
1400 2206 1815 2276 sempiternum,

204 2312 259 2355 ut
282 2300 460 2355 oretis
477 2315 577 2369 pro
599 2299 725 2353 ﬁliis
750 2298 937 2364 Israel,
964 2308 1017 2353 et
1039 2312 1137 2367 pro
1149 2298 1357 2352 cunctis
1373 2298 1609 2368 peccatis
1629 2311 1819 2351 eorum

202 2392 382 2448 semel
415 2392 469 2447 in
503 2406 669 2447 anno.
702 2390 855 2447 Fecit
883 2392 1046 2462 igitur
1082 2391 1225 2446 sicut
1258 2399 1598 2462 prmceperat
1640 2390 1811 2446 Domi-

201 2501 303 2541 nus
338 2486 508 2541 Mosi.

276 2581 291 2653 [
324 2580 398 2635 Τ.
430 2580 504 2647 χ,
532 2578 594 2636 c.
641 2580 837 2647 χχιχ,
868 2578 996 2653 Cap.
1044 2578 1333 2652 xvu.];t«:i
1363 2579 1580 2634 locutus
1603 2587 1686 2635 est
1720 2579 1819 2633 Do-

204 2677 397 2732 minus
438 2675 506 2731 ad
562 2677 788 2740 Mosen,
837 2674 1027 2730 dicens
1063 2693 1075 2728 :
1112 2674 1361 2744 Loquere
1401 2673 1583 2729 Aaron
1611 2679 1667 2726 et
1693 2671 1819 2727 ﬁliis

202 2771 349 2842 ejus,
383 2780 441 2826 et
471 2770 686 2826 eunetis
716 2770 841 2823 ﬁliis
872 2768 1058 2833 lsrael,
1091 2776 1145 2822 et
1168 2767 1317 2822 dices
1337 2766 1403 2820 ad
1435 2780 1569 2825 eos;
1603 2764 1709 2820 Iste
1730 2772 1815 2819 est

199 2880 418 2930 sermo,
468 2879 633 2935 quem
688 2861 969 2917 mandavit
1019 2861 1320 2924 Dominus,
1370 2860 1597 2914 dicens:
1646 2858 1821 2916 Ilomo

199 2960 442 3030 quilibet
492 2957 562 3013 de
611 2956 777 3012 domo
831 2954 1024 3024 Israel,
1083 2954 1129 3010 si
1185 2950 1449 3011 occiderit
1493 2952 1686 3007 bovem
1730 2959 1822 3007 aut

201 3070 400 3120 ovem,
429 3055 549 3110 sive
580 3068 825 3124 capram,
859 3052 913 3107 in
946 3051 1164 3114 castris,
1213 3050 1300 3105 vel
1342 3057 1494 3105 extra
1526 3048 1725 3114 castra,
1765 3054 1821 3102 et

200 3163 314 3202 non
350 3146 620 3202 obtulerit
645 3145 712 3200 ad
739 3144 938 3199 ostium
970 3141 1313 3199 tabernaculi
1343 3142 1674 3197 oblationem
1712 3140 1821 3195 Do-

1917 1926 2181 1996 quitatem
2210 1938 2383 1981 suam.

1990 2016 2073 2090 [Β.
2104 2018 2182 2086 χ,
2214 2018 2277 2074 e.
2310 2019 2534 2087 χχχιι,
2566 2020 2694 2094 Cap.
2731 2022 2947 2095 χχιιι]
2993 2023 3231 2079 Locutus
3275 2032 3358 2080 est
3405 2025 3512 2080 Do.

1919 2111 2099 2166 minus
2131 2112 2195 2165 ad
2228 2112 2437 2181 Mosen,
2469 2114 2657 2169 dicens
2684 2132 2696 2168 :
2722 2116 2968 2186 Loquere
2995 2117 3123 2172 ﬁliis
3144 2116 3329 2185 Israel,
3355 2127 3407 2172 et
3429 2117 3512 2173 di-

1918 2218 2009 2258 ces
2040 2204 2103 2257 ad
2125 2217 2219 2259 eos
2246 2221 2259 2258 :
2290 2205 2400 2275 Ego
2422 2205 2689 2261 Dominus
2715 2207 2855 2262 Deus
2874 2218 3077 2277 vester,
3103 2208 3257 2278 juxta
3280 2224 3515 2266 consue—

1920 2298 2161 2354 tudinem
2187 2298 2265 2370 [h.
2298 2299 2484 2372 opera]
2508 2308 2669 2357 terrae
2687 2300 2930 2374 Egypti,
2962 2304 3013 2358 in
3048 2318 3155 2373 qua
3183 2303 3473 2360 habitastis
3496 2348 3510 2373 ,

1920 2405 2027 2446 non
2056 2390 2264 2447 iacietis
2296 2408 2311 2448 :
2345 2392 2558 2463 etjuxta
2577 2408 2782 2449 morem
2810 2393 2887 2466 [h.
2908 2394 3099 2468 Opera]
3121 2395 3516 2467 regionisCha-

1921 2499 2098 2549 naan,
2128 2484 2195 2539 ad
2243 2500 2404 2556 quam
2452 2501 2554 2557 ego
2600 2487 3007 2543 introducturus
3055 2505 3172 2544 sum
3229 2504 3349 2557 vos,
3404 2505 3513 2546 non

1921 2577 2116 2648 agetis,
2151 2593 2251 2633 nec
2283 2578 2337 2633 in
2372 2579 2630 2651 legitimis
2661 2596 2848 2637 eorum
2881 2582 3252 2638 ambulabitis.
3282 2582 3516 2639 Facietis

1917 2669 2119 2739 judicia
2150 2686 2292 2737 mea,
2334 2681 2388 2727 et
2418 2684 2686 2743 prrccepta
2717 2690 2834 2730 mea
2877 2675 3163 2730 servabitis
3185 2718 3200 2743 ,
3236 2685 3288 2730 et
3327 2675 3516 2730 ambu-

1922 2760 2104 2818 labitis
2146 2764 2199 2818 in
2228 2763 2308 2818 eis
2340 2763 2418 2836 [h.
2453 2772 2512 2819 ut
2539 2766 2827 2821 ambuletis
2857 2767 2913 2821 in
2949 2766 3076 2838 his].
3112 2767 3224 2838 Ego
3254 2766 3515 2823 Dominus

1923 2855 2066 2911 Deus
2116 2866 2319 2912 vester.
2362 2856 2647 2916 Custodite
2704 2861 2853 2931 leges
2881 2875 3032 2915 meas
3071 2869 3234 2931 atque
3274 2860 3512 2930 judicia,

1923 2965 2044 3017 quae
2074 2950 2281 3007 faciens
2302 2950 2491 3017 homo,
2521 2951 2671 3008 vivet
2702 2953 2755 3007 in
2781 2952 2880 3008 eis.
2908 2953 3021 3024 Ego
3049 2952 3332 3009 Dominus.
3389 2954 3521 3009 0m-

1924 3046 2009 3100 nis
2056 3043 2220 3100 homo
2266 3045 2332 3099 ad
2385 3046 2691 3117 proximam
2754 3048 3034 3117 sanguinis
3082 3047 3165 3103 sui
3221 3046 3300 3121 [h.
3338 3048 3522 3105 carnis

1922 3138 2061 3211 sure]
2094 3154 2199 3193 non
2224 3139 2468 3205 accedet,
2502 3149 2560 3195 ιιι
2588 3141 2794 3196 revelet
2819 3141 3206 3212 turpitudinem
3239 3143 3376 3212 ejus.
3406 3143 3520 3215 Ego

201 3242 381 3305 mino,
414 3239 700 3310 sanguinis
730 3254 856 3293 reus
887 3236 990 3293 erit
1026 3255 1038 3291 :
1071 3235 1224 3308 quasi
1249 3235 1567 3305 sanguinem
1592 3232 1814 3295 fuderit,
1845 3225 1889 3289 C
1928 3230 2208 3286 Dominus.
2243 3230 2661 3302 Turpitudinem
2694 3235 2865 3304 patris
2901 3234 2976 3288 tui
3027 3241 3081 3289 et
3127 3235 3520 3305 turpitudinem

201 3336 284 3391 sic
318 3335 528 3403 peribit
552 3332 623 3387 de
656 3331 835 3387 medio
862 3330 1045 3400 pepuli
1077 3329 1182 3384 sui.
1231 3328 1357 3384 Ideo
1385 3327 1585 3382 olferre
1624 3325 1843 3389 debent

201 3425 498 3482 sacerdoti
522 3424 622 3482 lilii
638 3422 803 3478 Israel
825 3422 1027 3476 hostias
1040 3417 1819 3489 suas,quasocciduntinagro,
1856 3451 1871 3462 ε

212 3529 233 3555 τ
270 3528 329 3573 ιιι
361 3516 781 3572 sanctiﬁcentur
812 3514 1042 3570 Domino
1087 3520 1212 3567 ante
1248 3512 1448 3566 ostium
1489 3507 1823 3564 tabernaculi

206 3608 545 3677 testimonii,
592 3617 649 3663 et
698 3606 980 3662 immolent
1016 3620 1112 3662 eas
1154 3604 1360 3659 hostias
1402 3602 1658 3674 paciﬁeas
1705 3601 1815 3656 Do-

206 3706 387 3759 mino.
432 3702 760 3772 Fundetque
801 3699 1059 3756 sacerdos
1101 3698 1420 3769 sanguinem
1453 3712 1615 3766 super
1654 3696 1825 3751 altare

204 3797 430 3853 Domini
455 3797 524 3851 ad
550 3795 750 3851 ostium
782 3793 1124 3850 tabernaculi
1152 3792 1472 3857 testimonii,
1507 3800 1561 3847 et
1584 3788 1826 3845 adolebit

203 3896 435 3961 adipem
466 3892 517 3945 in
542 3890 768 3946 odorem
787 3889 1075 3944 suavitatis
1100 3888 1328 3942 Domino
1358 3904 1372 3941 :
1403 3896 1458 3941 et
1485 3899 1823 3954 nequaquam

209 3988 362 4040 ultra
400 3983 762 4039 immolabuut
784 3982 991 4038 hostias
1022 3996 1149 4037 suas
1165 3979 1526 4046 daemonibus,
1553 3993 1675 4034 cum
1703 3978 1824 4048 qui-

205 4079 313 4134 bus
352 4077 606 4133 fornicati
638 4082 788 4133 sunt.
820 4075 1150 4147 Legitimum
1173 4072 1564 4143 sempiternum
1590 4071 1689 4127 erit
1719 4069 1825 4127 illis

206 4184 262 4227 et
298 4174 543 4243 posteris
565 4185 779 4228 eorum.
809 4170 873 4224 Et
898 4169 964 4224 ad
990 4170 1136 4240 ipsos
1160 4167 1311 4223 dices
1337 4186 1348 4221 :
1375 4166 1550 4222 Homo
1574 4165 1641 4221 de
1662 4164 1826 4220 domo

208 4264 391 4319 Israel
417 4274 471 4318 et
502 4263 569 4319 de
598 4262 822 4318 advenis
848 4261 940 4333 qui
969 4259 1386 4332 peregrinantur
1414 4258 1558 4330 apud
1587 4271 1704 4323 vos,
1736 4256 1827 4328 qui

202 4356 482 4412 obtulerit
518 4356 897 4412 holocaustum
943 4356 1060 4410 sive
1090 4355 1392 4419 victimam,
1424 4362 1479 4409 et
1526 4352 1594 4407 ad
1625 4351 1825 4407 ostium

204 4448 562 4503 tabernaculi
586 4447 883 4504 testimonii
915 4462 1021 4503 non
1046 4445 1338 4501 adduxerit
1360 4460 1505 4514 eam,
1544 4454 1599 4499 ut
1627 4443 1828 4499 olIera-

205 4551 295 4597 tur
353 4541 608 4610 Domino,
657 4540 897 4597 interibit
946 4542 1016 4597 de
1066 4540 1265 4610 pepulo
1313 4555 1432 4595 suo.
1482 4537 1563 4611 [Ο.
1625 4536 1829 4611 ΧΧΧ.]

1924 3323 2113 3377 matris
2145 3332 2253 3378 tuac
2285 3338 2392 3378 non
2434 3324 2851 3396 discooperies:
2898 3334 3070 3381 mater
3108 3335 3200 3383 tua
3245 3338 3354 3383 est.
3400 3328 3520 3384 Non

1924 3415 2195 3472 revelabis
2246 3417 2639 3486 turpitudinem
2686 3418 2823 3487 ejus.
2873 3418 3289 3489 Turpitudinem
3337 3421 3520 3478 uxoris

1925 3508 2094 3578 patris
2118 3508 2194 3564 tui
2223 3525 2331 3564 non
2361 3509 2738 3581 disc00peries
2768 3531 2782 3567 :
2828 3512 3105 3581 turpitudo
3154 3513 3299 3569 enim
3349 3515 3521 3585 patris

1927 3604 2001 3658 tui
2033 3612 2136 3659 est.
2165 3603 2579 3676 Turpitudinem
2617 3605 2822 3662 sororis
2852 3616 2954 3661 tua:
2984 3623 3051 3662 ex
3097 3616 3272 3678 patre,
3308 3609 3423 3665 sive
3455 3624 3521 3664 ex

1927 3705 2123 3766 matre,
2152 3714 2274 3769 quae
2297 3699 2441 3754 domi
2473 3700 2558 3755 vel
2591 3700 2717 3755 foris
2745 3699 2932 3771 genita
2954 3709 3066 3770 est,
3098 3718 3205 3757 non
3233 3702 3523 3758 revelabis.

1927 3789 2336 3859 Turpitudinem
2390 3792 2516 3848 ﬁlia:
2560 3791 2656 3847 ﬁlii
2691 3793 2765 3848 tui
2806 3793 2893 3850 vel
2926 3794 3103 3865 neptis
3138 3810 3203 3850 ex
3258 3795 3364 3850 ﬁlia
3416 3810 3525 3851 non

1926 3883 2194 3939 revelabis
2236 3905 2250 3940 :
2310 3886 2440 3956 quia
2484 3886 2762 3957 turpitudo
2811 3895 2897 3943 tua
2948 3897 3051 3944 est.
3108 3889 3522 3961 Turpitudinem

1928 3974 2053 4030 ﬁliae
2080 3976 2269 4032 uxoris
2300 3978 2471 4045 patris
2502 3978 2602 4045 tui,
2626 3994 2784 4049 quam
2811 3981 3027 4051 peperit
3055 3981 3192 4051 patri
3224 3991 3337 4052 tuo,
3367 3991 3528 4038 etest

1927 4083 2085 4124 soror
2115 4078 2202 4124 tua
2235 4073 2310 4136 [h.
2337 4086 2500 4143 quam
2534 4073 2744 4142 peperit
2778 4074 2918 4143 patri
2950 4082 3061 4140 tuo,
3095 4090 3201 4129 non
3230 4074 3525 4140 revelabis,

1925 4176 2085 4217 soror
2113 4171 2203 4217 tua
2235 4160 2355 4233 est]
2388 4179 2495 4218 non
2526 4165 2823 4220 revelabis.
2860 4165 3280 4237 Turpitudinem
3317 4168 3523 4224 sororis

1928 4256 2099 4325 patris
2127 4257 2203 4311 tui
2234 4272 2341 4312 non
2385 4256 2760 4329 disc00peries
2792 4276 2807 4315 :
2839 4259 2964 4331 quia
2995 4275 3123 4317 caro
3168 4260 3246 4333 [h.
3300 4263 3523 4334 propin-

1929 4349 2055 4421 qua]
2081 4359 2162 4405 est
2194 4350 2366 4420 patris
2393 4351 2491 4405 tui.
2516 4350 2932 4422 Turpitudinem
2966 4354 3171 4409 sororis
3198 4355 3389 4410 matris
3420 4364 3526 4409 tute

1930 4459 2038 4497 non
2063 4442 2351 4511 revelabis,
2378 4458 2444 4498 eo
2466 4444 2612 4514 quod
2634 4459 2762 4499 caro
2779 4444 2861 4518 [h.
2888 4445 3217 4519 propinqua]
3238 4448 3311 4501 sit
3334 4450 3526 4505 matris

1930 4541 2058 4589 tute.
2083 4534 2496 4606 Turpitudinem
2520 4537 2700 4607 patrui
2729 4538 2802 4592 tui
2836 4536 3023 4609 [ναις.
3056 4548 3153 4593 (ac.
3185 4539 3282 4612 tui]
3302 4555 3410 4595 non
3433 4557 3525 4597 re-

203 4633 400 4689 Homo
455 4633 685 4704 quilibet
736 4635 806 4689 de
841 4634 1006 4689 domo
1049 4633 1217 4688 Israel
1266 4640 1321 4687 ct
1368 4632 1434 4687 de
1476 4631 1701 4686 advenis
1732 4631 1822 4700 qui
1852 4617 1908 4677 D
1933 4627 2156 4693 velabis,
2192 4644 2292 4683 nec
2321 4627 2553 4683 accedes
2584 4628 2651 4682 ad
2700 4644 2927 4684 uxorem
2959 4629 3097 4700 ejus,
3128 4646 3249 4701 quae
3281 4632 3378 4688 tibi
3410 4633 3527 4689 afﬁ-

204 4730 645 4800 peregrinantur
684 4729 826 4785 inter
856 4726 881 4765 ά
911 4743 1032 4795 vos,
1065 4728 1110 4783 si
1141 4727 1443 4784 comederit
1481 4726 1824 4799 sanguinem,

206 4820 526 4876 ohﬁrmabo
577 4819 771 4877 faciem
814 4834 990 4875 meam
1037 4830 1230 4874 contra
1272 4818 1512 4873 animam
1556 4817 1725 4884 illius,
1772 4826 1827 4873 et

205 4913 538 4984 disperdam
569 4927 687 4968 eam
714 4912 783 4968 de
825 4912 1024 4983 populo
1054 4926 1175 4980 suo,
1202 4911 1337 4983 quia
1358 4910 1537 4966 anima
1565 4910 1744 4966 carnis
1770 4910 1823 4965 in

204 5007 493 5077 sanguine
517 5015 599 5062 est
627 5025 637 5059 :
679 5014 734 5060 et
756 5019 857 5076 ego
885 5004 1009 5060 dedi
1055 5005 1211 5059 illum
1240 5003 1427 5070 vobis,
1457 5012 1513 5059 ut
1541 5019 1705 5073 super
1749 5003 1829 5057 al-

207 5110 338 5156 tare
383 5098 438 5154 in
479 5113 545 5155 co
576 5098 817 5171 expietis
858 5112 959 5169 pro
1005 5097 1292 5154 animabus
1339 5095 1556 5165 vestris,
1603 5104 1659 5153 et
1702 5110 1828 5153 san-

284 5291 316 5320 ι
352 5282 645 5349 Perperam
672 5277 901 5335 Palatio.
936 5290 1063 5343 ms.,
1089 5276 1304 5349 sanguis
1330 5276 1533 5331 oblatus
1556 5282 1653 5329 est.
1688 5274 1817 5349 Vul-

208 5366 381 5425 gatus
411 5347 706 5421 interpres,
734 5349 913 5404 illatus
942 5358 1017 5403 est
1049 5352 1101 5403 in
1132 5347 1516 5415 saitctuariunt,
1553 5356 1607 5401 ut
1634 5347 1817 5417 expia-

210 5429 288 5480 tio
323 5425 690 5495 compleretur,
714 5432 820 5477 etc.

287 5498 319 5535 ι)
356 5490 523 5550 Tacet
548 5493 781 5549 Urbinas
812 5508 918 5547 ms.
947 5491 1115 5547 verba
1145 5508 1319 5546 coram
1351 5490 1596 5545 Domino.

288 5579 315 5608 ε
352 5566 536 5622 Codex
575 5581 681 5621 ms.
723 5565 895 5621 sancti
932 5563 1208 5627 Germani,
1244 5578 1392 5617 num.
1440 5565 1495 5629 5,
1522 5571 1577 5615 ut
1605 5562 1821 5629 sacri/i-

210 5650 335 5696 rent
367 5637 594 5692 Domino
615 5680 630 5705 ,
661 5647 769 5692 etc.
803 5636 862 5690 In
896 5636 1123 5690 Hebraao
1156 5635 1384 5704 legimus
1412 5632 1821 5705 DR‘:ﬁt,_veIte-

210 5713 384 5776 bium,
408 5718 455 5764 et
484 5703 748 5763 adducant
776 5724 857 5763 ea.
889 5706 1091 5762 Sensus
1113 5703 1512 5774 est,’adducaut
1535 5706 1628 5759 ﬁlii
1656 5703 1821 5760 Israel

207 5783 475 5838 victimas
505 5797 633 5837 suas
669 5780 735 5835 ad
764 5780 962 5834 ostium
996 5778 1350 5846 tabernaculi,
1386 5786 1443 5832 ut
1491 5776 1563 5831 ibi
1594 5777 1824 5844 sancti/i-

208 5864 400 5911 centur
444 5852 691 5920 Domino,
728 5851 841 5907 sive
875 5849 1166 5917 olferantur
1204 5865 1304 5920 per
1344 5863 1535 5906 manus
1564 5848 1820 5905 sacerdo-

1930 4719 2102 4774 nitate
2131 4719 2480 4790 conjungitur
2505 4719 2585 4791 [h.
2619 4719 2763 4775 Uxor
2788 4722 2960 4792 patrui
2997 4722 3072 4775 tui
3108 4721 3228 4795 est].
3272 4723 3526 4795 Turpitu-

1932 4814 2114 4871 dinem
2142 4831 2312 4873 nurus
2341 4824 2447 4871 tua:
2477 4833 2583 4874 nou
2628 4817 2919 4885 revelabis,
2961 4820 3085 4891 quia
3128 4836 3268 4878 uxor
3305 4822 3400 4877 ﬁlii
3450 4821 3525 4877 tui

1933 4918 2058 4975 est,
2092 4924 2191 4965 nec
2219 4909 2597 4979 disc00peries
2646 4910 2997 4981 ignominiam
3031 4913 3170 4984 ejus.
3210 4914 3527 4985 Turpitudi-

1934 5016 2058 5057 nem
2090 5002 2281 5057 uxoris
2313 5001 2501 5057 fratris
2534 5003 2609 5058 tui
2638 5019 2749 5059 non
2778 5005 3079 5063 revelabis:
3107 5008 3230 5079 quia
3253 5010 3526 5080 turpitudo

1932 5092 2119 5150 fratris
2148 5095 2224 5151 tui
2257 5104 2362 5151 est.
2386 5094 2806 5168 Turpitudinem
2832 5100 3019 5156 uxoris
3049 5109 3157 5157 tuae
3183 5110 3237 5159 et
3260 5103 3383 5162 ﬁlite
3409 5104 3527 5176 ejus

1926 5285 2060 5333 tum.
2095 5277 2275 5333 MART.

1994 5346 2021 5386 ά
2054 5348 2129 5403 ita
2169 5364 2342 5405 canon
2385 5357 2442 5406 et
2480 5365 2583 5406 ms.
2612 5350 2750 5407 alter
2780 5352 2838 5410 S.
2873 5353 3130 5414 Germani
3165 5377 3177 5415 :
3211 5363 3392 5417 cazleri
3426 5361 3524 5419 ha-

1925 5419 2053 5497 bent
2085 5430 2139 5497 ιιι
2173 5424 2226 5476 in
2253 5423 2728 5497 editis,_ir_t_ter_eos.
2748 5424 2993 5497 Utraque
3023 5430 3186 5487 lectio
3216 5448 3345 5489 suos
3369 5436 3531 5490 habet

1925 5492 2310 5572 astipulatores
2347 5493 2558 5572 :__L_XX_,
2588 5494 2780 5572 Chaid.
2809 5508 2863 5554 et
2891 5492 3017 5572 Syr.
3051 5501 3303 5572 legebant
3332 5504 3384 5560 in
3413 5506 3527 5560 suis

1926 5564 2887 5642 exemplaribusIlebraicisnng'lnn,
2911 5564 3324 5642 b'ethocltcchem,
3348 5578 3399 5628 in
3424 5593 3527 5631 me-

1928 5636 2029 5714 dio_
2056 5636 2228 5690 vestri.
2262 5636 2370 5691 Alii
2408 5636 2593 5714 legunt
2634 5639 2795 5714 hodie
2829 5642 2983 5711 juxta
3016 5636 3527 5714 exetnplar'Masso—

1928 5706 2207 5779 retharutn
2235 5716 2415 5767 D3111:
2447 5710 2733 5779 belhocam,
2764 5706 3014 5768 in'medio
3041 5706 3237 5770 eorum.
3271 5716 3448 5772 MART.

1932 5808 2001 5860 7—
2018 5778 2242 5860 ifalatin.
2272 5795 2376 5834 ms.
2400 5782 2690 5860 pluresque
2710 5778 2799 5860 alii
2827 5786 2971 5854 apud
2993 5786 3243 5844 Martian.
3266 5788 3395 5844 inter
3416 5806 3524 5860 eos,

1928 5850 2081 5922 juxta
2113 5850 2278 5908 Hebr.
2311 5862 2491 5913 nam:
2521 5854 2575 5908 in
2600 5850 2776 5911 inedia
2799 5850 2995 5912 eorum.
