3912 6348
489 335 600 396 δῖἰδ

1517 329 1574 384 S.
1621 326 1996 387 IIIERONYMI
2040 326 2270 385 DIVINA
2313 327 2786 385 BIBLIOTHECA.

3678 331 3767 394 8N

495 448 576 522 [h.
610 445 852 503 mulieris
877 454 928 503 et
955 445 1078 501 filiae
1109 444 1249 518 ejus]
1279 460 1386 501 non
1425 443 1718 500 revelabis.
1761 443 1953 502 Filiam
2003 443 2094 497 lilii
2127 449 2172 506 Α
2204 445 2285 517 [C.
2321 444 2464 501 XXX
2479 444 2587 517 VL]
2617 443 2736 498 Non
2771 441 2977 498 facietis
3016 441 3237 496 furtum.
3271 439 3389 496 Non
3436 445 3764 514 mentiemini,

497 540 638 608 ejus,
663 549 716 596 et
745 540 906 598 filiam
941 539 1070 602 filia:
1098 539 1242 595 illius
1267 554 1371 594 non
1402 553 1607 604 sumes,
1631 547 1688 592 ut
1715 538 1922 593 reveles
1947 536 2099 607 igno-

497 633 723 690 miniam
758 632 876 703 ejus
909 650 921 686 :
956 633 1080 701 quia
1110 647 1238 688 caro
1269 630 1347 704 [h.
1386 627 1728 702 propinqua]
1757 628 1905 685 illius
1949 638 2096 696 sunt,

497 737 552 782 et
595 726 716 782 talis
745 726 921 782 coitus
954 727 1194 780 incestus
1241 734 1340 778 est.
1392 721 1646 779 Sororem
1692 721 1876 776 uxoris
1907 729 2014 776 tuac
2046 721 2098 774 in

499 819 815 890 pellicatum
844 818 992 874 illius
1024 831 1132 872 non
1160 815 1420 885 accipies.
1451 829 1550 870 nec
1577 813 1847 872 revelatus
1873 813 2103 884 turpitu-

495 913 680 974 dinem
713 913 856 984 ejus,
895 912 1074 968 adhuc
1113 911 1205 966 illa
1249 911 1489 966 vivente.
1524 908 1606 964 Ad
1653 908 1932 963 mulierem
1979 919 2104 978 quas

497 1008 703 1078 patitur
742 1013 1042 1070 menstrua,
1076 1020 1184 1059 non
1215 1002 1468 1071 accedes,
1502 1017 1606 1058 nec
1637 999 1906 1056 revelabis
1945 998 2104 1055 foedi-

503 1108 670 1160 tatem
704 1095 846 1166 eius.
875 1096 1010 1152 Cum
1038 1111 1208 1164 uxore
1246 1095 1478 1166 proximi
1515 1095 1589 1150 tui
1621 1110 1729 1149 non
1760 1093 1955 1158 coibis,
2004 1106 2105 1146 nec

500 1191 724 1250 seminis
745 1189 1136 1246 commixtione
1159 1189 1542 1245 maculaberis.
1565 1187 1639 1248 De
1660 1186 1870 1242 semine
1885 1193 1977 1240 tuo
1996 1200 2102 1239 non

501 1282 680 1346 dabis,
697 1292 751 1340 ut
772 1292 1125 1339 consecretur
1141 1281 1287 1338 idolo
1303 1280 1533 1344 Mnloch,
1563 1295 1664 1336 nec
1679 1279 1890 1350 pollues
1906 1293 2103 1333 nomen

502 1378 599 1435 Dei
626 1377 723 1436 tui.
743 1377 860 1449 Ego
875 1376 1160 1435 Dominus.
1177 1377 1258 1448 [ϐ.
1287 1373 1551 1445 XXXIII]
1572 1373 1711 1430 Cum
1730 1373 1974 1428 masculo
1998 1387 2103 1426 non

505 1471 957 1530 commiseeberis
1001 1474 1147 1533 coitu
1186 1469 1442 1536 femineo,
1484 1467 1610 1539 quia
1639 1466 1971 1522 abominatio
2001 1475 2103 1519 est.

501 1565 640 1623 Cum
663 1565 810 1621 omni
845 1579 1045 1635 pecore
1087 1579 1193 1619 non
1224 1562 1420 1629 coibis,
1453 1575 1552 1616 nec
1598 1559 1956 1623 maculaberis
1985 1573 2106 1613 cum

502 1672 592 1719 eo.
628 1656 821 1714 Mulier
851 1673 958 1712 non
999 1654 1318 1712 succumbet
1349 1655 1618 1722 jttmento,
1662 1666 1763 1707 nec
1792 1650 2110 1705 miscebitur

503 1752 554 1810 ei
579 1751 736 1821 :quia
766 1750 948 1805 scelus
978 1757 1084 1805 est.
1120 1746 1230 1802 Nec
1265 1743 1584 1816 polluamini
1617 1744 1669 1797 in
1705 1742 1960 1797 omnibus
2000 1738 2106 1806 his,

2206 551 2306 592 nec
2337 544 2363 573 ι
2398 535 2637 606 decipiat
2667 535 3041 607 unusquisque
3093 534 3399 604 proximum
3451 549 3623 592 suum.
3665 539 3771 597 Non

2177 631 2513 704 .perjurahis
2542 631 2592 685 iu
2626 631 2846 686 nomine
2879 644 3023 694 meo,
3057 645 3156 684 nec
3198 628 3406 698 pollues
3433 628 3510 700 [h.
3543 631 3771 706 violabis]

2205 739 2402 780 nomen
2451 725 2547 779 Dei
2590 724 2689 778 tui.
2745 725 2856 794 Ego
2905 709 3313 794 Dominus.‘[C.
3358 721 3774 797 XXXVII.]N0n

2205 817 2374 872 facies
2442 817 2771 872 calumniam
2824 816 3077 887 proximo
3132 824 3250 882 tuo,
3319 830 3417 870 nec
3462 816 3512 870 vi
3563 816 3634 888 [h.
3690 834 3777 876 nec

2206 910 2414 983 fraude]
2445 913 2723 984 opprimes
2755 927 2901 966 eum.
2951 910 3030 983 [(1.
3060 907 3371 981 XXXVIII]
3421 909 3538 965 Non
3567 912 3779 967 morabi-

2208 1014 2294 1059 tur
2320 1019 2456 1074 Opus
2487 1004 2806 1060 mercenarii
2850 1001 3037 1076 [ναις.
3062 1001 3185 1055 add.
3223 1001 3321 1072 tui]
3358 1001 3497 1072 apud
3527 1014 3578 1058 te
3617 1018 3769 1074 usque

2210 1112 2386 1150 mane.
2433 1094 2513 1166 [ϐ.
2550 1095 2819 1167 XXXIX]
2851 1095 2966 1150 Non
2999 1093 3294 1149 maledicos
3325 1092 3521 1161 surdo,
3548 1093 3629 1165 [Ο.
3659 1094 3783 1168 XL]

2209 1203 2312 1244 nec
2341 1202 2523 1243 coram
2555 1203 2700 1242 caeco
2733 1202 2902 1256 pones
2930 1185 3334 1242 ostendiculum
3361 1202 3374 1238 :
3407 1183 3488 1257 [C.
3518 1184 3669 1257 XLI.]
3701 1187 3782 1242 sed

2209 1280 2424 1335 timebis
2469 1281 2636 1336 Deum
2669 1290 2847 1341 tuum,
2895 1281 3016 1347 quia
3069 1277 3162 1352 [h.
3198 1293 3304 1332 non
3337 1275 3534 1348 habet]
3563 1292 3658 1349 ego
3687 1295 3785 1332 sunt

2209 1372 2290 1446 [h.
2321 1391 2427 1429 non
2461 1373 2649 1448 habet]
2683 1374 2963 1429 Dominus.
2999 1372 3080 1445 [Ο.
3117 1369 3305 1443 XLII]
3331 1369 3448 1425 Non
3480 1370 3638 1426 facies
3659 1372 3788 1442 quod

2210 1471 2452 1541 iniquum
2488 1480 2590 1536 est,
2625 1485 2726 1525 nec
2760 1469 2958 1539 injuste
2981 1467 3253 1540 iudicabis
3285 1465 3363 1540 [h.
3391 1465 3535 1536 quod
3567 1467 3788 1538 iniquum

2213 1576 2294 1621 est
2325 1565 2376 1620 in
2399 1564 2647 1637 judicio].
2679 1564 2765 1637 [ιι.
2799 1561 3010 1636 XLIII]
3038 1562 3146 1620 Nec
3173 1561 3493 1617 consideres
3522 1575 3790 1634 personam

2213 1661 2487 1731 pauperis,
2518 1675 2618 1715 nec
2649 1660 2886 1714 honores
2917 1657 3122 1712 vultum
3153 1657 3416 1728 potentis.
3448 1654 3598 1711 Juste
3625 1655 3789 1726 iudica

2215 1755 2466 1824 proximo
2509 1763 2623 1808 tuo.
2660 1752 2754 1826 [Ο.
2800 1751 3022 1824 XLIV.]
3053 1751 3170 1805 Non
3199 1750 3307 1805 eris
3338 1749 3680 1816 criminator,
3712 1765 3797 1804 nec

505 1843 706 1916 quibus
749 1841 1136 1898 contaminata;
1184 1848 1311 1894 sunt
1353 1838 1605 1892 uniuersa
1647 1835 1727 1907 [h.
1765 1852 1870 1890 non
1925 1831 2109 1904 habet]
2141 1848 2190 1908 Β
2219 1862 2441 1902 ςυδυιιιιο
2487 1848 2539 1901 in
2591 1846 2823 1919 popuns_
2879 1845 2963 1918 [ο.
3014 1843 3204 1916 χειν]
3247 1842 3369 1899 Non
3412 1843 3584 1898 sumis
3629 1851 3798 1898 contra

509 1945 723 2008 gentes,
756 1949 891 2005 quas
915 1949 1016 2004 ego
1049 1933 1266 2002 ejiciant
1300 1943 1427 1986 ante
1463 1940 1816 1997 conSpectnm
1846 1937 2109 1995 vestrum,

509 2040 566 2088 et
605 2030 806 2102 quibus
833 2027 1038 2100 polluta
1073 2035 1156 2083 est
1188 2037 1330 2082 terra
1362 2043 1374 2076 :
1424 2022 1581 2094 cujus
1610 2037 1714 2094 ego
1739 2022 1944 2076 scelera
1984 2018 2116 2074 visi-

511 2122 664 2189 tabo,
690 2129 750 2180 ut
793 2130 1012 2178 evomat
1057 2119 1396 2176 habitatores
1446 2131 1593 2172 suos.
1646 2114 1932 2171 Custodite
1981 2114 2115 2182 legi-

512 2215 646 2273 tima
670 2229 786 2270 mea
813 2222 976 2282 atque
1002 2211 1229 2281 judicia,
1261 2219 1316 2266 et
1341 2226 1450 2265 non
1478 2208 1692 2263 faciatis
1748 2221 1812 2262 ex
1864 2205 2118 2260 omnibus

512 2305 1013 2368 abominationibus
1061 2305 1215 2371 istis,
1300 2313 1408 2360 tam
1472 2301 1724 2370 indigena
1766 2315 1926 2370 quam
1971 2298 2122 2354 colo-

517 2419 662 2470 nus,
723 2403 817 2473 qui
880 2402 1298 2471 peregrinantur
1333 2397 1474 2468 apud
1539 2411 1652 2451 vos.
1703 2395 1905 2451 Omnes
1973 2392 2118 2448 enim

517 2495 927 2558 exsecrationes
983 2495 1115 2548 istas
1190 2492 1438 2547 fecerunt
1507 2491 1712 2561 accola:
1770 2498 1965 2553 terrai,
2027 2487 2120 2556 qui

517 2587 738 2649 fuerunt
781 2597 908 2646 ante
948 2602 1066 2652 vos,
1107 2595 1158 2641 et
1210 2585 1523 2656 polluerunt
1557 2598 1698 2646 eam.
1742 2580 1944 2637 Cavete
1991 2593 2124 2649 ergo

521 2697 594 2741 ne
662 2692 714 2738 et
784 2695 882 2738 vos
933 2680 1188 2735 similiter
1241 2685 1504 2742 evomat,
1558 2690 1680 2729 cum
1733 2673 1881 2743 paria
1939 2671 2128 2729 fecerie

522 2773 614 2841 tis,
647 2774 790 2831 sicut
819 2771 1319 2840 evomuitgentem,
1347 2783 1469 2837 quae
1497 2766 1600 2821 fuit
1621 2775 1750 2821 ante
1787 2779 1904 2820 vos.
1936 2763 2127 2819 Omnis

525 2867 730 2932 anima,
761 2879 880 2931 qua:
910 2863 1103 2919 fecerit
1150 2861 1218 2916 de
1264 2857 1761 2917 abominationibus
1811 2857 1929 2910 istis
1966 2855 2124 2925 quid-

527 2962 698 3031 piam,
736 2958 935 3026 peribit
967 2957 1034 3011 de
1063 2953 1243 3011 medio
1277 2952 1461 3024 pepuli
1511 2950 1614 3008 sui.
1657 2948 1942 3004 Cusmdite
1977 2963 2130 3031 man-

528 3054 656 3112 data
688 3068 828 3110 mea.
862 3050 1044 3107 Nolite
1074 3051 1254 3104 facere
1279 3061 1400 3117 qua:
1432 3046 1672 3102 fecerunt
1698 3044 1756 3113 ii,
1782 3042 1871 3113 qui
1906 3025 2131 3097 fuerunt

529 3155 658 3206 ante
689 3161 808 3211 vos,
841 3153 898 3202 et
921 3158 992 3200 ne
1019 3141 1335 3213 polluamini
1360 3142 1410 3194 in
1438 3140 1538 3195 eis.
1567 3137 1680 3209 Ego
1707 3137 1963 3192 Dominus
1989 3136 2130 3190 Deus

419 3275 436 3288 κ
533 3248 740 3300 νεειθν.

606 3333 693 3404 [Τ.
740 3330 836 3397 XI,
867 3329 931 3390 C.
973 3328 1220 3393 XXXIV,
1267 3326 1397 3397 Cap.
1444 3325 1611 3398 XIX]
1658 3326 2004 3394 Loculusque
2053 3330 2138 3376 est.

535 3428 797 3486 Dominus
824 3426 890 3481 ad
923 3426 1124 3495 Mosen,
1162 3423 1351 3478 dicens
1385 3439 1398 3478 :
1428 3421 1677 3491 Loquere
1699 3420 1765 3475 ad
1788 3435 2006 3475 omnem
2029 3432 2138 3474 ρω-

536 3531 650 3578 tunt
681 3519 913 3594 filiorum
943 3518 1133 3580 Israel,
1167 3527 1225 3572 et
1265 3515 1414 3572 dices
1445 3515 1513 3568 ad
1539 3529 1632 3569 cos
1659 3531 1671 3566 :
1700 3513 1883 3568 Sancti
1911 3520 2087 3566 estote
2117 3551 2133 3576 ,

539 3616 665 3686 quia
691 3629 792 3685 ego
822 3619 1042 3670 sanctus
1073 3627 1214 3674 sum,
1248 3609 1510 3663 Dominus
1550 3609 1691 3662 Deus
1719 3615 1920 3661 vester.
1959 3605 2138 3660 Unus-

537 3709 765 3778 quisque
791 3714 1019 3759 matrem
1049 3702 1234 3774 [γαίῃ.
1269 3700 1392 3755 add.
1425 3699 1601 3771 suam]
1634 3707 1694 3754 ct
1734 3706 1946 3768 patrem
1977 3711 2135 3752 suum

543 3800 749 3861 timeat.
777 3795 1014 3857 Sabbata
1046 3810 1168 3849 utea
1209 3791 1500 3848 custodite.
1534 3792 1646 3860 Ego
1690 3790 1950 3845 Dominus
1994 3788 2137 3842 Deus

541 3899 744 3948 vester.
779 3888 954 3946 Nolite
978 3887 1229 3943 converti
1255 3884 1322 3940 ad
1347 3884 1514 3950 idola,
1546 3899 1646 3939 nec
1671 3882 1802 3938 deos
1832 3881 2136 3938 conﬂatiles

544 3984 754 4048 faciatis
785 3981 960 4038 vobis.
993 3981 1105 4051 Ego
1135 3979 1395 4035 Dominus
1435 3978 1574 4032 Deus
1615 3987 1815 4031 vester.
1852 3975 1910 4031 Si
1945 3975 2138 4029 immo-

543 4075 788 4132 laveritis
815 4073 1050 4130 hostiam
1083 4071 1435 4141 pacificorum
1469 4069 1718 4134 Domino,
1755 4079 1814 4123 ut
1853 4067 1923 4122 sit
1958 4067 2136 4137 placa-

540 4167 688 4233 bilis,
718 4181 786 4228 eo
817 4166 903 4222 die
920 4179 1027 4236 quo
1059 4162 1227 4232 fuerit
1257 4163 1554 4226 immolata,
1588 4159 1888 4215 comedetis
1915 4174 2057 4225 eam,
2086 4166 2140 4214 et

541 4259 631 4326 die
682 4259 862 4320 altero
915 4257 1004 4330 [h.
1049 4256 1096 4311 si
1149 4254 1562 4311 immolaveritis
1609 4253 1837 4308 hostiam
1879 4251 2136 4322 paciﬁco-

542 4369 687 4423 rum,
702 4351 1019 4416 voluntarie
1041 4350 1340 4414 immolate,
1361 4357 1416 4404 et
1437 4364 1501 4404 eo
1525 4348 1614 4402 die
1637 4362 1744 4416 quo
1767 4346 1931 4402 fuerit
1950 4346 2140 4423 immo-

541 4448 652 4511 lata
675 4456 926 4508 Vescetur
957 4452 1013 4502 et
1038 4443 1126 4500 die
1157 4441 1348 4512 altero]
1403 4459 1416 4494 :
1463 4440 1723 4510 quidquid
1775 4449 1956 4495 autem
2002 4438 2140 4493 resi-

540 4541 708 4604 duum
737 4539 900 4603 fuerit
927 4540 982 4596 in
1011 4539 1153 4594 diem
1202 4537 1422 4602 tertium
1443 4577 1458 4602 ,
1508 4536 1630 4606 igne
1652 4533 2025 4590 comburetis.
2079 4531 2139 4587 Si

2217 1942 2532 2013 sanguinem
2575 1941 2806 2010 proximi
2837 1940 2932 1993 tui.
2979 1939 3096 2009 Ego
3127 1937 3420 1991 Dominus.
3464 1934 3564 2007 [ϐ.
3601 1932 3802 2004 XLVI]

2217 2036 2297 2092 Ne
2335 2036 2514 2092 oderis
2554 2035 2779 2090 fratrem
2829 2045 2980 2089 tuum
3012 2035 3066 2089 in
3113 2030 3282 2088 corde
3319 2041 3446 2098 tuo,
3480 2028 3575 2084 sed
3615 2029 3804 2100 publice

2219 2133 2385 2200 argue
2430 2144 2574 2196 eum,
2629 2145 2695 2199 ne
2749 2127 2949 2182 habeas
2997 2141 3160 2196 super
3203 2124 3298 2180 illo
3345 2132 3658 2194 peccatum.
3703 2120 3805 2176 Non

2220 2239 2434 2296 quaeres
2467 2225 2728 2278 ultionem
2757 2265 2771 2287 ,
2821 2237 2920 2278 nec
2965 2237 3175 2276 memor
3206 2219 3316 2274 eris
3371 2218 3587 2289 injuriae
3630 2217 3807 2272 civium

2224 2325 2457 2371 tuorum.
2495 2315 2574 2389 [Ο.
2609 2314 2842 2387 XLVII]
2877 2315 3081 2383 Diliges
3110 2312 3347 2367 amicum
3384 2311 3468 2385 [h.
3499 2308 3812 2382 proximum]

2225 2415 2372 2461 tuum
2424 2406 2563 2460 sicut
2611 2415 2660 2461 te
2709 2407 2904 2474 ipsum.
2950 2403 3065 2474 Ego
3119 2403 3415 2457 Dominus.
3465 2401 3638 2472 Leges
3683 2413 3812 2455 meas

2226 2499 2313 2572 [h.
2345 2499 2579 2569 legitima
2616 2496 2780 2570 mea]
2813 2495 3105 2552 custodite.
3140 2495 3233 2568 [C.
3263 2492 3507 2549 XLVIII.
3530 2475 3815 2564 ]'Jumenta

2230 2600 2316 2645 tua
2352 2608 2456 2644 non
2493 2590 2661 2646 facies
2688 2590 2836 2644 coire
2866 2604 2990 2644 cum
3025 2588 3249 2643 alterius
3283 2586 3508 2657 generis
3546 2583 3816 2638 animanti-

2229 2683 2349 2738 bus.
2385 2683 2592 2753 Agrum
2634 2692 2781 2737 tuum
2815 2695 2920 2736 non
2965 2694 3119 2734 seres
3148 2677 3368 2734 diverso
3403 2677 3633 2733 semine.
3676 2675 3818 2730 Veste

2228 2792 2349 2846 qua:
2372 2791 2434 2829 ex
2463 2774 2673 2829 duobus
2699 2782 2842 2828 texta
2868 2781 2973 2839 est,
2998 2788 3105 2826 non
3129 2769 3513 2842 inducris.'[C.
3538 2766 3722 2834 XLIX,
3741 2764 3818 2837 L.]

2231 2869 2405 2923 llomo
2443 2867 2488 2921 si
2516 2867 2799 2922 dormierit
2825 2881 2947 2921 cum
2985 2864 3216 2920 muliere
3245 2864 3400 2918 coitu
3432 2861 3691 2923 seminis,
3719 2873 3824 2929 quze

2233 2964 2301 3017 sit
2335 2964 2526 3017 ancilla
2550 2963 2718 3017 etiam
2752 2960 2954 3015 nubilis
2977 2957 3197 3032 [h.qure
3212 2957 3289 3012 sit
3313 2957 3515 3013 ancilla
3542 2964 3597 3010 et
3628 2953 3823 3023 alligata

2233 3054 2372 3128 viro]
2401 3100 2413 3122 ,
2445 3065 2500 3109 et
2529 3066 2707 3110 tamen
2742 3055 2915 3124 pretio
2945 3068 3052 3108 non
3085 3053 3372 3121 redempta
3403 3093 3419 3119 ,
3457 3067 3557 3107 nec
3593 3049 3829 3105 libertate

2234 3150 2429 3204 donata
2463 3167 2474 3200 :
2511 3149 2845 3216 vapulahunt
2873 3147 3034 3202 ambo
3062 3191 3074 3212 ,
3123 3155 3176 3202 et
3209 3163 3316 3200 non
3353 3147 3682 3209 morientur,
3719 3142 3826 3212 quia

2161 3251 2206 3314 ρ
2241 3261 2346 3298 non
2379 3244 2478 3298 fuit
2506 3243 2696 3298 libera.
2733 3241 2839 3296 Pro
2882 3241 3084 3297 delicto
3128 3248 3310 3296 autem
3364 3255 3472 3295 suo
3503 3238 3692 3294 offeret
3732 3236 3829 3290 Do-

2239 3339 2387 3392 mino
2435 3337 2503 3392 ad
2550 3336 2748 3391 ostium
2803 3334 3136 3390 tabernaculi
3191 3334 3500 3389 testimonii
3553 3333 3770 3386 arietem
3819 3345 3826 3377 :

2239 3431 2524 3498 orabitque
2579 3444 2677 3499 pro
2728 3444 2795 3483 eo
2851 3427 3150 3492 sacerdos,
3211 3438 3265 3482 ct
3319 3443 3426 3499 pro
3480 3427 3682 3481 delicto
3731 3422 3836 3492 ejus

2239 3538 2421 3577 coram
2455 3522 2706 3586 Domino,
2741 3530 2796 3575 et
2828 3520 3276 3591 repropitiabitur
3307 3520 3360 3574 ei
3389 3563 3400 3582 ,
3434 3519 3836 3584 dimittctnrque

2239 3627 2542 3686 peccatum.
2567 3614 2795 3683 Quando
2828 3615 3060 3684 ingressi
3091 3612 3312 3668 fueritis
3348 3623 3588 3681 terram,
3619 3620 3674 3666 et
3702 3609 3840 3678 plan—

2240 3709 2480 3764 taveritis
2528 3709 2579 3762 in
2622 3723 2682 3762 ea
2726 3704 2866 3778 ligna
2914 3705 3179 3776 pomifera
3208 3747 3222 3771 ,
3269 3707 3546 3761 auferetis
3595 3702 3836 3776 praeputia

2238 3820 2426 3859 eorum
2455 3820 2468 3858 :
2495 3819 2651 3874 poma
2684 3819 2803 3873 qum
2832 3802 3160 3873 germinant,
3185 3802 3478 3857 immundi
3511 3807 3675 3856 erunt
3703 3794 3844 3852 vobis

2241 3896 2330 3970 [h.
2362 3897 2532 3952 tribus
2564 3895 2749 3967 annis]
2778 3943 2790 3965 ,
2837 3911 2937 3951 nec
2968 3896 3143 3951 edetis
3171 3911 3237 3950 ex
3283 3896 3397 3952 eis.
3427 3896 3642 3962 Quarto
3675 3898 3842 3946 autem

2240 4005 2384 4043 anno
2417 3990 2595 4044 omnis
2629 3989 2832 4043 fructus
2863 4003 3050 4042 eorum
3085 3987 3537 4042 sanctiﬁcabitur
3567 3981 3847 4041 laudabilis

2243 4083 2491 4138 Domino.
2549 4081 2750 4149 Quinto
2796 4089 2975 4136 autent
3033 4095 3178 4135 anno
3225 4080 3552 4135 comedetis
3602 4078 3845 4138 fructus,

2241 4185 2635 4245 congregantes
2687 4188 2842 4242 poma
2889 4189 3007 4242 quae
3059 4171 3372 4242 proferunt.
3430 4173 3550 4242 Ego
3603 4169 3851 4226 Dominus

2244 4267 2384 4321 Deus
2416 4275 2618 4321 vester.
2665 4265 2780 4320 Non
2821 4265 3124 4321 comedetis
3153 4281 3276 4320 cum
3321 4266 3609 4337 sanguine
3640 4263 3730 4336 [h.
3771 4276 3850 4314 su-

2245 4373 2341 4428 per
2366 4355 2728 4429 sanguinem].
2763 4356 2847 4430 [Ο.
2880 4356 2994 4429 LL]
3024 4356 3139 4412 Non
3164 4358 3616 4427 augurabimini,
3650 4370 3745 4411 nec
3767 4352 3854 4407 ob-

2243 4451 2535 4506 servabitis
2567 4451 2797 4506 somnia.
2839 4451 3024 4522 Neque
3067 4452 3120 4507 in
3164 4452 3475 4508 rotundum
3511 4447 3855 4509 attondcbitis

2245 4558 2454 4598 comam
2487 4560 2501 4596 :
2536 4559 2636 4602 nec
2666 4543 2866 4599 radetis
2911 4545 3157 4600 barbam.
3191 4543 3257 4599 Et
3291 4561 3474 4616 super
3509 4556 3729 4620 mortuo
3759 4556 3857 4595 non

539 4635 660 4706 quis
693 4643 816 4705 post
836 4632 1056 4690 biduum
1086 4629 1386 4688 comederil
1417 4645 1488 4685 8!
1517 4644 1603 4694 ea.
1631 4627 1892 4697 Ρτθῖειίιιιδ
1927 4627 2054 4691 erit.
2083 4634 2138 4680 et
2169 4641 2212 4700 ι)
2242 4634 2498 4690 incidetis
2542 4650 2763 4690 carnem
2797 4643 3060 4705 vestram,
3090 4652 3268 4706 neque
3312 4637 3532 4708 figuras
3577 4637 3784 4707 aliquas
3812 4640 3860 4686 et

505 4761 511 4767 -
542 4727 840 4797 impietatis
861 4739 1006 4782 reus.
1033 4724 1279 4786 Portabit
1297 4723 1638 4792 iniquitatem
1659 4733 1836 4784 suam,
1859 4718 1982 4789 quia
2013 4733 2136 4772 san-

542 4827 690 4874 ctum
716 4815 932 4882 Domini
963 4815 1178 4886 polluit,
1207 4823 1262 4872 et
1291 4812 1497 4885 peribit
1525 4811 1704 4870 anima
1729 4810 1820 4865 illa
1847 4808 1916 4865 de
1940 4808 2136 4878 populo

543 4926 663 4968 suo.
699 4910 779 4984 [0.
812 4909 1059 4982 XXXV]
1091 4911 1225 4968 Cum
1255 4909 1548 4964 messueris
1577 4916 1794 4976 segetes
1816 4914 1976 4960 teme
2006 4914 2133 4972 tuae,

543 5020 652 5060 non
695 5003 948 5062 tondebis
991 5019 1164 5074 usque
1210 5001 1278 5059 ad
1304 5001 1484 5059 solum
1533 4998 1877 5069 superficiem
1925 5007 2134 5053 terrae:

540 5116 642 5165 nec
661 5109 1009 5166 remanentes
1029 5097 1209 5169 spicas
1231 5097 1456 5167 colliges
1483 5096 1560 5168 [h.
1575 5112 1696 5150 cum
1728 5095 2023 5150 messueris
2049 5108 2138 5148 se-

539 5201 694 5264 getes
722 5200 884 5248 terra:
914 5203 1042 5259 tute,
1075 5200 1182 5243 nun
1215 5199 1389 5244 metes
1411 5197 1583 5242 totum
1614 5203 1824 5258 agrum,
1874 5186 1968 5241 sed
2017 5200 2139 5254 par-

535 5293 646 5341 tem
681 5281 1004 5355 relinques].
1045 5282 1232 5352 Neque
1262 5285 1317 5336 in
1337 5281 1492 5336 vinea
1519 5291 1605 5334 tua
1631 5293 1875 5333 racemos
1895 5288 1951 5333 et
1970 5292 2136 5347 grana

541 5379 850 5438 decidentia
882 5365 1262 5448 congregabis,
1320 5375 1414 5451 sed
1441 5373 1770 5452 pauperibus
1798 5381 1854 5448 et
1897 5371 2136 5444 peregri;

537 5475 624 5550 nis
645 5471 917 5546 carpenda
967 5469 1230 5541 dimittes.
1282 5469 1390 5540 Ego
1439 5467 1703 5540 Dozpinus
1755 5466 1898 5532 Deus
1929 5475 2133 5524 vester.

541 5646 635 5722 Ha
668 5635 1021 5722 Canopucum
1068 5631 1270 5701 aliquot
1309 5644 1468 5696 mss.,
1519 5627 1642 5696 Non
1685 5625 1958 5700 pejgrabis,
1988 5624 2130 5696 quod

539 5709 683 5766 idem
741 5716 818 5778 st.
854 5708 1031 5774 MART.

540 5779 673 5862 ...-'
707 5724 938 5862 ﬁrmitas
1133 5792 1235 5862 tce.
1258 5771 2140 5862 saepemaecenas?

539 5841 958 5923 Hieronymiana
997 5847 1351 5915 translatione
1387 5841 1476 5902 est
1525 5841 1832 5913 Hesychius
1864 5841 1935 5897 in
1999 5842 2142 5898 hunc

2241 4725 2490 4798 stigmata
2536 4725 2745 4782 facietis
2769 4727 2946 4783 vobis.
2992 4728 3106 4800 Ego
3150 4719 3446 4786 Dominus.
3486 4729 3582 4804 [α.
3619 4727 3756 4801 LII.]
3793 4723 3864 4780 Ne

2244 4822 2536 4889 prostituas
2585 4821 2751 4876 tiliam
2803 4833 2970 4887 tuam,
3024 4839 3093 4877 ne
3136 4815 3572 4879 contaminet‘ur
3612 4833 3782 4888 terra,
3815 4827 3864 4874 et

2242 4911 2534 4982 impleatur
2562 4913 2798 4982 piaculo.
2841 4914 3075 4970 Sabbata
3111 4930 3230 4970 mea
3260 4917 3561 4973 custodite
3585 4959 3604 4985 ,
3648 4926 3706 4972 et
3744 4929 3859 4970 san-

2243 5009 2511 5062 ctuarium
2545 5023 2725 5063 meum
2761 5009 3007 5064 metuite.
3060 5010 3174 5079 Ego
3208 5011 3514 5068 Dominus.
3566 5011 3665 5084 [ϐ.
3701 5004 3864 5077 Llll.]

2242 5098 2320 5152 Ne
2348 5098 2633 5155 declinetis
2663 5099 2728 5154 ad
2759 5116 2944 5170 magos
2968 5101 3046 5172 [h.
3084 5101 3407 5175 Pithnnes],
3445 5119 3556 5160 nec
3585 5104 3658 5159 ab
3689 5088 3869 5158 ariolis

2242 5189 2446 5258 aliquid
2476 5191 2854 5258 sciscitemini,
2884 5203 2939 5247 ut
2973 5193 3298 5263 polluamini
3336 5210 3446 5264 per
3470 5212 3596 5253 eos.
3625 5196 3740 5267 Ego
3770 5195 3868 5248 Do-

2242 5281 2420 5336 minus
2468 5281 2611 5336 Deus
2652 5291 2852 5338 vester.
2903 5282 2987 5356 [Ο.
3029 5283 3190 5359 LIV.]
3237 5283 3452 5361 Coram
3506 5303 3655 5362 cano
3702 5288 3871 5364 capite

2242 5386 2531 5443 consurge,
2563 5382 2619 5427 et
2641 5373 2847 5430 honora
2872 5390 3160 5446 personam
3191 5377 3347 5442 senis
3381 5395 3396 5431 :
3435 5388 3496 5450 et
3524 5381 3664 5454 time
3695 5376 3874 5450 Domi-

2243 5482 2371 5522 num
2410 5467 2575 5528 Deum
2607 5479 2774 5528 tuum.
2817 5468 2926 5539 Ego
2974 5485 3092 5526 sum
3125 5467 3433 5531 Domitius.
3471 5471 3576 5546 [(6.
3623 5470 3783 5546 LV.]
3822 5468 3874 5525 Si

2240 5623 2473 5680 Levitici
2499 5619 2678 5678 locum
2713 5641 2722 5674 :
2756 5622 2878 5685 Non

2242 5696 2420 5761 vestri,
2450 5694 2610 5765 quod,
2643 5693 2837 5765 inquit,

2247 5766 2445 5840 pollues
2464 5763 2572 5819 Dei
2593 5767 2688 5821 tui.

2939 5624 3258 5706 arofanabjtis
3287 5641 3495 5706 nomen
3533 5630 3756 5685 Domini
3788 5627 3877 5682 Dei

2933 5696 3182 5767 ieronymi
3209 5699 3508 5755 translatio
3534 5703 3732 5771 edidit,
3761 5700 3879 5757 Non
