4044 6360
220 293 332 359 53.5

1583 284 1786 344 LIBER
1825 281 2140 352 LEVITICI.

3420 290 3527 349 89.6

218 406 546 462 habitaverit
577 405 788 462 advena
823 405 876 462 in
911 414 1054 460 terra
1089 413 1290 469 vestra,
1323 414 1367 458 et
1408 412 1638 460 moratus
1667 402 1821 467 fuerit
1849 401 1900 463 Α
1926 415 2049 471 qua:
2099 399 2452 456 succubuerit
2508 401 2732 457 cuilibet
2774 400 3052 472 jmnento,
3096 403 3269 460 simul'
3311 402 3525 461 interti-

216 499 352 554 intcr
395 515 480 554 ros
534 499 612 570 [ὴ.
655 509 763 555 non
802 496 1026 571 habet],
1077 512 1144 552 ue
1177 494 1521 565 exprobretis
1550 494 1602 549 ei
1647 491 1723 564 [b.
1758 508 1826 548 ne
1927 494 2106 550 cietur
2157 511 2277 550 cum
2332 510 2399 564 eo
2458 513 2470 549 :

215 594 663 652 circumveniatis
692 592 842 666 eum]
875 609 889 650 :
934 592 1030 651 sed
1071 591 1142 648 sit
1187 592 1330 647 inter
1364 604 1459 646 vos
1503 589 1652 659 quasi
1685 587 1826 642 indi-

216 702 354 758 gena
388 704 403 742 :
445 697 505 749 et
532 685 777 756 diligatis
819 701 947 742 eum
990 683 1146 754 quasi
1191 682 1564 750 vosmetipsos
1598 697 1612 736 :
1648 679 1825 734 fuistis

215 781 363 836 enim
393 791 446 840 et
491 796 592 837 vos
622 781 848 836 advenae
877 781 932 836 in
963 789 1106 839 terra
1141 777 1380 850 ngypti.
1423 777 1534 845 Ego
1570 773 1828 830 Dominus

216 873 361 929 Deus
390 881 597 929 vester.
633 871 716 946 [Ο.
748 872 912 945 LVI]
933 872 1116 928 Nolite
1140 871 1322 938 facere
1355 870 1595 939 iniquum
1628 867 1828 937 aliquid

215 967 269 1022 in
298 967 513 1037 judicio
536 1009 552 1035 ,
586 967 640 1023 in
673 967 892 1038 regula,
924 967 977 1024 in
1007 965 1288 1037 pondere,
1319 963 1371 1019 in
1399 976 1673 1018 mensura.
1709 960 1829 1016 Sta-

215 1068 331 1116 tera
357 1060 506 1130 justa
530 1103 544 1128 ,
573 1069 628 1120 et
657 1076 810 1131 aequa
841 1062 945 1114 sint
975 1059 1055 1132 [ιι.
1091 1075 1198 1113 non
1227 1056 1413 1128 habet]
1445 1055 1715 1125 pondera,
1744 1053 1832 1123 ju-

216 1162 336 1210 stus
380 1153 630 1220 modius,
679 1168 974 1223 aequusque
1017 1152 1288 1208 sextarius
1339 1150 1416 1221 |b.
1465 1159 1591 1204 sunt
1629 1147 1826 1217 vobis].

213 1245 335 1316 Ego
377 1246 647 1303 Dominus
680 1247 826 1304 Deus
855 1255 1058 1313 vester,
1101 1246 1192 1315 qui
1232 1244 1393 1300 eduxi
1433 1259 1532 1298 vos
1575 1242 1644 1298 de
1685 1252 1828 1298 terra

213 1339 468 1412 Egypti.
499 1340 785 1399 Custodite
815 1339 996 1396 omnia
1025 1348 1294 1408 praecepta
1319 1352 1461 1404 mea,
1495 1347 1549 1392 et
1575 1336 1828 1391 universa

210 1432 448 1503 judicia,
481 1445 538 1488 et
567 1432 726 1492 facite
755 1447 842 1488 ea.
870 1431 985 1503 Ego
1015 1431 1293 1488 Dominus.

290 1529 384 1601 [Τ.
418 1528 538 1594 XII,
562 1528 623 1584 C.
649 1527 808 1596 LVII,
837 1528 965 1600 Cap.
991 1527 1136 1599 XL]
1166 1528 1517 1597 Locutusque
1539 1534 1624 1582 est
1643 1525 1825 1584 Domi-

218 1637 324 1678 nus
353 1621 428 1678 ad
459 1621 647 1677 Mosen
676 1666 691 1690 ,
725 1621 914 1677 dicens
946 1640 958 1673 :
1011 1621 1139 1678 Ilaec
1185 1621 1422 1689 loqueris
1455 1619 1580 1674 filiis
1617 1617 1786 1673 Israel
1818 1634 1830 1670 :

219 1714 406 1774 Homo
433 1714 503 1772 de
531 1714 658 1772 [iliis
692 1713 890 1779 Israel,
922 1723 980 1769 et
1010 1713 1078 1769 de
1118 1713 1348 1769 advenis
1381 1713 1473 1784 qui
1503 1711 1747 1767 habitant
1779 1711 1830 1765 in

2531 497 2754 563 sanguis
2820 514 3008 552 eorum
3079 499 3150 552 sit
3199 513 3361 567 super
3409 513 3524 552 eos.

1929 585 2011 658 [Ο.
2045 586 2280 659 LXVII.]
2308 587 2408 655 Qtti
2441 589 2712 658 acceperit
2748 604 2992 644 sororem
3027 605 3204 655 suam,
3243 589 3403 644 tiliam
3437 603 3528 658 pa-

1930 681 2029 735 tris
2076 679 2183 744 sni,
2219 681 2300 735 vel
2334 681 2498 736 filiam
2540 683 2728 737 matris
2761 698 2894 752 suae,
2927 693 2980 739 et
3019 683 3217 739 viderit
3246 683 3534 753 turpitudi-

1930 790 2056 832 nem
2088 776 2207 846 ejus
2232 821 2246 844 ,
2291 777 2493 849 illaque
2535 779 3097 852 conspexerit_fratris
3136 778 3484 850 ignominiam
3518 796 3530 833 ε

1931 869 2193 925 nefariam
2224 887 2336 926 rem
2366 875 2576 942 operati
2612 884 2736 928 sunt
2763 895 2773 927 ;
2807 874 3126 930 occidentur
3158 874 3210 929 in
3242 883 3535 947 conspectu

1931 965 2115 1034 populi
2150 967 2256 1033 sui,
2291 982 2357 1022 eo
2386 968 2529 1037 quod
2563 969 2952 1040 turpitudinem
2979 985 3133 1042 suam
3165 980 3352 1025 mutuo
3384 985 3540 1044 reve-

1933 1057 2184 1124 laverint,
2205 1071 2256 1114 et
2281 1062 2571 1130 portabunt
2600 1062 2936 1132 iniquitatem
2961 1078 3137 1118 suam.
3167 1059 3250 1136 [C.
3277 1061 3540 1136 LXV/HL]

1931 1153 2036 1218 Qui
2067 1155 2259 1208 coierit
2289 1169 2413 1209 cum
2447 1155 2676 1210 muliere
2703 1156 2755 1211 in
2787 1158 2934 1210 ﬂuxu
2967 1169 3271 1226 menstruo,
3303 1165 3360 1211 et
3385 1171 3540 1210 reve-

1933 1243 2125 1300 Iaverit
2157 1247 2550 1316 turpitudinem
2583 1249 2724 1318 ejus,
2762 1250 2988 1322 ipsaque
3019 1251 3300 1324 aperuerit
3329 1248 3535 1304 fontem

1932 1341 2214 1409 sanguinis
2245 1342 2326 1396 sui
2355 1381 2370 1407 ,
2421 1343 2820 1399 interficientur
2848 1345 3006 1399 ambo
3036 1344 3104 1401 de
3137 1345 3317 1401 medio
3352 1345 3539 1416 populi

1932 1432 2038 1485 sui.
2071 1431 2489 1503 Turpitudinem
2519 1446 2829 1491 matertera:
2856 1447 2913 1492 et
2943 1438 3126 1492 amita:
3153 1449 3258 1493 tua:
3290 1454 3395 1493 non
3423 1438 3534 1493 dis-

1935 1526 2220 1594 cooperies
2273 1543 2288 1580 :
2343 1528 2431 1596 qtti
2493 1527 2596 1583 hoc
2647 1527 2887 1593 fecerit,
2948 1529 3299 1599 ignominiam
3356 1529 3538 1584 carnis

1936 1613 2012 1688 [Ιι.
2051 1617 2392 1690 prepinquae]
2421 1635 2535 1674 suae
2560 1621 2807 1686 nudavit,
2835 1617 3128 1692 portabunt
3151 1620 3312 1676 ambo
3343 1621 3539 1692 iniqui-

1939 1718 2102 1765 tatem
2133 1725 2308 1766 suam.
2339 1712 2437 1779 Qui
2472 1713 2663 1768 coierit
2689 1729 2811 1767 cum
2839 1729 3009 1770 uxore
3039 1715 3238 1783 patrui,
3263 1713 3344 1770 vel
3373 1729 3538 1768 avun-

220 1807 431 1874 Israel,
465 1808 513 1863 si
543 1808 666 1877 quis
696 1806 911 1863 dederit
940 1807 1010 1863 de
1040 1807 1250 1864 semine
1281 1821 1380 1860 suo
1409 1805 1558 1860 idolo
1584 1804 1791 1862 Moloeh
1818 1846 1833 1870 ,
1870 1800 1916 1876 B_
1941 1804 2047 1858 culi
2077 1804 2183 1870 sui,
2215 1814 2267 1859 et
2297 1806 2620 1863 revelaverit
2651 1807 2996 1879 ignominiam
3027 1809 3372 1880 cognationis
3399 1824 3534 1886 suae,

220 1915 410 1959 morte
441 1901 707 1964 moriatur
755 1919 768 1954 :
817 1901 1052 1972 populus
1090 1911 1256 1956 terrae
1297 1900 1557 1970 lapidabit
1585 1916 1729 1954 eum.
1773 1899 1839 1953 Et

221 2011 322 2065 ego
352 2011 554 2066 ponam
587 1995 782 2055 faciem
806 2011 982 2056 meam
1013 2006 1202 2050 contra
1234 1995 1384 2050 illum
1415 2013 1428 2050 :
1459 1995 1842 2061 succidamque

222 2106 349 2147 eum
375 2089 447 2145 de
475 2089 661 2144 medio
689 2088 871 2158 populi
901 2089 1009 2155 sui,
1038 2104 1104 2144 eo
1129 2089 1275 2160 quod
1298 2087 1512 2144 dederit
1541 2087 1608 2143 de
1634 2087 1845 2142 semine

226 2199 328 2241 suo
361 2183 581 2239 MoIoch
603 2225 617 2248 ,
651 2193 704 2241 et
739 2184 1200 2238 contaminaverit
1229 2182 1597 2238 sanctuarium
1632 2197 1841 2248 meum,

226 2291 291 2332 ac
328 2277 590 2347 polluerit
623 2275 714 2348 μ).
747 2276 1062 2346 violaverit|
1107 2292 1304 2332 nomen
1332 2285 1582 2333 sanctum
1613 2291 1794 2332 meum
1830 2293 1844 2331 :

227 2370 396 2439 Quod
429 2370 476 2425 si
509 2371 800 2441 negligens
850 2369 1086 2439 pOpqus
1137 2381 1336 2436 terrae,
1378 2379 1432 2426 et
1472 2370 1626 2438 quasi
1668 2369 1847 2439 parvi-

228 2462 492 2534 pendens
541 2462 831 2532 imperium
887 2477 1084 2528 meum,
1119 2460 1388 2517 dimiserit
1438 2461 1713 2517 hominem
1759 2461 1847 2531 qui

229 2554 393 2611 dedit
423 2555 494 2612 de
525 2559 739 2612 semine
779 2570 879 2610 suo
910 2554 1124 2616 Molocb
1150 2595 1163 2618 ,
1207 2569 1309 2608 nec
1340 2554 1574 2608 voluerit
1603 2569 1728 2608 eum
1761 2569 1852 2607 0c—

231 2645 428 2702 cidere
456 2662 472 2699 :
509 2660 709 2716 ponam
739 2645 933 2702 faciem
966 2659 1144 2703 meant
1175 2659 1340 2714 super
1371 2645 1643 2699 hominem
1678 2644 1850 2708 illum,

228 2747 285 2794 et
330 2737 722 2807 cognationem
768 2735 887 2805 ejus
920 2777 934 2801 ,
986 2734 1372 2805 succidamque
1428 2745 1482 2790 et
1534 2734 1756 2805 ipsum,
1799 2744 1855 2792 et

232 2846 438 2888 omnes
470 2824 993 2902 qut'consenserunt
1021 2831 1068 2885 ei
1103 2837 1161 2886 ut
1197 2831 1564 2886 fornicaretur
1587 2846 1711 2886 cum
1746 2832 1857 2888 Mo-

234 2923 397 2992 Ioch,
424 2923 498 2984 de
525 2923 705 2979 medio
730 2922 911 2993 populi
935 2925 1040 2980 sui.
1071 2922 1155 2993 |B.
1186 2921 1280 2990 XI,
1311 2920 1372 2977 C.
1401 2922 1611 2995 LXIII]
1634 2923 1850 2991 Anima,

234 3032 372 3089 quae
403 3016 768 3081 declinaverit
797 3017 864 3078 ad
894 3031 1085 3087 magos
1114 3017 1192 3087 [ιι.
1224 3016 1523 3088 Pythones]
1550 3026 1608 3073 et
1629 3017 1854 3084 ariolus,

239 3123 296 3166 et
336 3110 614 3174 fornicata
658 3109 824 3166 fuerit
871 3124 998 3174 cum
1049 3110 1151 3177 eis,
1205 3125 1402 3180 ponam
1447 3108 1642 3166 faciem
1681 3126 1856 3166 meam

1945 1901 2242 1969 portabunt
2289 1901 2452 1956 ambo
2492 1913 2777 1972 peccatum
2834 1919 2990 1957 suum
3040 1921 3054 1957 :
3102 1904 3307 1971 absque
3360 1902 3544 1957 liberis

1943 1995 2247 2049 morientur
2287 1994 2365 2068 Ut.
2401 1995 2507 2072 Qui
2534 1996 2724 2051 coierit
2765 2013 2886 2051 cum
2939 2012 3108 2052 uxore
3137 1996 3315 2068 patrui
3345 1996 3460 2072 sui,
3493 2008 3548 2053 et

1945 2085 2267 2141 revelaverit
2296 2071 2650 2157 ignominiam
2683 2087 2821 2164 ejus,
2859 2082 3152 2158 portabunt
3177 2088 3336 2144 ambo
3360 2103 3548 2158 pecca-

1945 2188 2060 2233 tum
2089 2195 2247 2234 suum
2274 2220 2286 2241 .
2322 2181 2529 2248 absque
2574 2181 2758 2236 liberis
2799 2181 3148 2253 morientur].
3191 2181 3292 2250 Qui
3334 2173 3551 2236 duxerit

1951 2285 2174 2326 uxorem
2207 2271 2390 2325 fratris
2419 2273 2524 2334 sui,
2561 2286 2672 2326 rem
2703 2271 2828 2326 facit
2855 2271 3124 2336 illicitam,
3161 2273 3548 2342 turpitudinem

1951 2365 2131 2420 fratris
2157 2367 2240 2421 sui
2269 2365 2532 2420 revelavit
2561 2382 2574 2420 :
2604 2366 2812 2437 absque
2844 2367 3031 2422 liberis
3056 2377 3238 2422 erunt.
3263 2366 3554 2422 Custodite

1953 2460 2098 2529 leges
2127 2475 2277 2515 meas
2303 2457 2383 2531 [Ιι.
2410 2461 2651 2530 legitima
2677 2459 2839 2531 mea],
2874 2469 3035 2531 atque
3054 2459 3281 2529 judicia,
3309 2469 3365 2515 et
3392 2460 3552 2516 facite

1954 2567 2016 2607 ea
2051 2569 2064 2606 :
2095 2568 2162 2607 ne
2189 2562 2246 2609 et
2277 2568 2372 2608 vos
2400 2561 2618 2608 evomat
2650 2561 2793 2607 terra
2850 2568 3012 2622 quam
3047 2553 3300 2608 intraturi
3331 2554 3466 2608 estis
3499 2560 3556 2626 ct

1955 2646 2266 2702 habitaturi.
2316 2647 2493 2702 Nolite
2525 2645 2806 2702 ambulare
2840 2649 2889 2701 in
2928 2648 3183 2718 legitimis
3225 2646 3508 2720 nationum
3536 2687 3552 2713 ,

1955 2755 2091 2810 quas
2112 2754 2212 2809 ego
2243 2739 2569 2810 expulsurus
2592 2754 2710 2794 sum
2739 2747 2867 2795 ante
2891 2755 3010 2795 vos.
3042 2739 3235 2814 Omnia
3264 2741 3407 2815 enim
3439 2738 3557 2794 brec

1957 2832 2206 2890 fecerunt
2233 2879 2246 2903 ,
2284 2842 2342 2889 et
2373 2833 2718 2889 abominatus
2748 2849 2869 2888 sum
2901 2822 3013 2889 eas.
3054 2833 3216 2888 Vobis
3257 2843 3440 2889 autem
3473 2833 3555 2886 lo.

1958 2942 2098 2997 quor
2128 2943 2140 2980 :
2176 2925 2459 2982 Possidete
2485 2933 2687 2980 terram
2719 2940 2932 2989 eorum,
2967 2939 3127 2994 quam
3149 2924 3291 2980 dabo
3320 2925 3478 2979 vobis
3507 2924 3560 2980 in

1961 3019 2362 3085 haereditatem,
2403 3028 2603 3074 terram
2641 3017 2901 3074 fluentem
2947 3017 3088 3072 lacte
3118 3027 3174 3072 et
3219 3017 3404 3073 melle.
3450 3017 3562 3087 Ego

1967 3113 2228 3169 Dominus
2276 3113 2418 3168 Deus
2463 3120 2666 3180 vester,
2713 3111 2804 3182 qui
2849 3111 3101 3180 separavi
3143 3124 3240 3174 vos
3279 3125 3310 3165 a
3347 3110 3564 3166 caeteris

239 3213 443 3261 contra
484 3218 606 3268 eam
634 3245 649 3269 ,
693 3213 745 3262 et
797 3203 1121 3270 iuterliciam
1153 3203 1299 3260 illam
1347 3203 1414 3259 de
1461 3202 1640 3258 medio
1671 3203 1857 3273 populi
1889 3192 1934 3256 C
1967 3204 2207 3274 populis.
2251 3203 2514 3273 Separate
2542 3216 2686 3272 ,ergo
2718 3193 2774 3256 et
2812 3216 2910 3256 vos
2949 3201 3257 3270 jumentum
3302 3201 3564 3256 mundum

241 3303 364 3356 sui.
393 3297 819 3364 Sanctiﬁcamini
843 3307 898 3356 et
923 3307 1102 3354 estote
1130 3299 1327 3366 sancti,
1361 3307 1385 3338 α
1413 3299 1538 3368 quia
1569 3308 1617 3351 et
1637 3296 1717 3370 [ιι.
1753 3312 1860 3353 non

246 3390 458 3462 habet]
508 3407 610 3462 ego
653 3374 913 3461 (sanctus
953 3390 1105 3461 sum)
1156 3389 1419 3452 Dominus
1472 3390 1613 3444 Deus
1661 3399 1859 3444 vester.

247 3488 552 3554 Custodite
575 3501 849 3560 praecepta
879 3504 1020 3555 mea,
1053 3496 1107 3544 et
1136 3487 1301 3544 facite
1327 3471 1390 3542 ea
1423 3504 1436 3542 :
1468 3487 1580 3557 Ego
1604 3487 1867 3542 Dominus

248 3586 352 3656 qui
397 3583 677 3640 sanctifico
717 3598 833 3639 vos.
876 3583 972 3655 [(3.
999 3582 1172 3653 LIX]
1211 3582 1315 3650 Qui
1345 3581 1700 3638 maledixerit
1731 3580 1867 3650 patri

248 3694 364 3734 suo
388 3720 403 3743 ,
431 3689 487 3734 et
519 3679 713 3742 matri,
743 3687 919 3733 morte
950 3677 1212 3740 moriatur
1247 3693 1259 3730 :
1294 3676 1432 3747 patri
1463 3674 1734 3745 matrique
1759 3689 1872 3728 ma-

255 3772 488 3839 ledixit,
518 3773 736 3842 sanguis
759 3771 880 3842 ejus
906 3773 978 3827 sit
1005 3787 1172 3841 super
1198 3787 1344 3827 eum.
1371 3769 1454 3842 [Ο.
1482 3770 1623 3842 LX.]
1654 3770 1708 3827 Si
1734 3785 1870 3826 mte-

252 3863 468 3918 cbatus
499 3864 617 3934 quis
649 3863 815 3920 fuerit
840 3879 960 3920 cum
991 3879 1163 3920 uxore
1183 3864 1432 3928 alterius,
1461 3872 1517 3918 et
1542 3863 1873 3918 adulterium

255 3957 672 4028 perpetraverit
699 3971 824 4012 cum
853 3957 1082 4028 conjuge
1125 3957 1361 4028 proximi
1395 3957 1512 4023 sui,
1549 3965 1726 4012 morte
1761 3971 1878 4012 mo-

258 4049 493 4105 riantur
524 4049 768 4110 mamlius
803 4062 858 4120 et
888 4049 1162 4108 adultera.
1193 4049 1279 4122 [Β.
1312 4048 1476 4122 LXI.]
1509 4049 1608 4118 Qui
1639 4050 1878 4107 dormie-

257 4142 343 4198 rit
378 4156 504 4196 cum
536 4157 767 4199 noverca
795 4152 1009 4210 sua,‘et
1038 4142 1370 4199 revelaverit
1398 4142 1754 4214 ignominiam
1787 4158 1880 4213 pa-

262 4238 381 4294 tris
407 4239 490 4296 sui
517 4278 532 4302 ,
563 4247 740 4296 morte
773 4241 1074 4295 moriantur
1103 4237 1264 4293 ambo
1298 4254 1313 4289 :
1345 4238 1564 4306 sanguis
1593 4253 1784 4293 eorum
1811 4237 1882 4292 sit

262 4345 453 4402 super
482 4345 600 4392 eos.
635 4329 718 4403 [ϐ.
760 4329 949 4403 LXII.]
997 4331 1056 4388 Si
1106 4331 1229 4402 quis
1269 4329 1557 4386 dormiet-it
1589 4346 1714 4387 cum
1745 4345 1885 4386 nuru

262 4441 422 4494 sua,
473 4436 700 4497 uterque
742 4427 1026 4493 moriatur,
1073 4426 1197 4498 quia
1244 4426 1422 4481 scelus
1464 4426 1669 4496 operati
1706 4434 1881 4481 sunt:

1965 3297 2034 3352 ab
2083 3296 2364 3356 immundo
2387 3339 2400 3359 ,
2445 3306 2498 3352 et
2548 3310 2706 3350 avem
2739 3295 2994 3350 mundam
3027 3295 3097 3352 ab
3129 3295 3410 3351 immunda
3447 3312 3460 3350 :
3498 3312 3567 3352 ne

1969 3390 2222 3460 polluatis
2254 3389 2463 3444 animas
2493 3399 2705 3444 vestras
2736 3389 2787 3443 in
2824 3405 3054 3458 pecore,
3089 3399 3145 3445 et
3178 3391 3229 3446 in
3258 3390 3483 3458 avibus,
3514 3401 3569 3447 et

1967 3483 2182 3540 cunctis
2203 3497 2323 3552 (ιιιω
2352 3492 2642 3538 moventur
2663 3481 2715 3535 in
2740 3489 2910 3544 terra,
2941 3492 2997 3540 et
3021 3497 3142 3550 qua:
3170 3482 3332 3537 vobis
3353 3483 3570 3539 ostendi

1971 3589 2094 3632 esse
2126 3574 2359 3646 polluta.
2394 3575 2458 3628 Et
2488 3572 2676 3646 [Vulg.
2720 3582 2822 3626 tac.
2873 3571 2976 3644 Et]
3007 3574 3164 3628 eritis
3192 3574 3322 3628 mibi
3355 3575 3571 3642 sancti,

1971 3668 2096 3738 quia
2135 3676 2357 3722 sanctus
2397 3680 2497 3736 ego
2535 3680 2657 3721 sum
2687 3664 2992 3733 Dominus,
3038 3674 3093 3721 et
3129 3667 3375 3736 separavi
3419 3683 3516 3723 vos
3543 3684 3572 3722 a

1973 3761 2187 3816 caeteris
2234 3760 2474 3830 populis,
2520 3769 2583 3820 ut
2625 3762 2825 3815 essetis
2878 3761 3004 3814 mei.
3055 3759 3138 3832 ιϐ.
3186 3759 3404 3834 LXIX]
3456 3761 3570 3830 Vir,

1975 3855 2093 3910 sive
2124 3853 2342 3918 titulier,
2374 3855 2427 3908 in
2458 3853 2656 3924 quibus
2698 3853 3053 3924 pythonicus,
3087 3854 3171 3924 vel
3216 3855 3571 3912 divinationis

1978 3947 2146 4003 fuerit
2172 3947 2419 4018 spiritus,
2453 3956 2629 4002 morte
2659 3947 2980 4002 moriantur.
3011 3946 3310 4017 Lapidibus
3339 3951 3575 4006 obruent

1978 4055 2075 4096 eos
2104 4057 2118 4093 :
2149 4041 2371 4111 sanguis
2401 4054 2591 4096 eorum
2616 4041 2688 4095 sit
2711 4055 2879 4110 super
2908 4041 3050 4096 illos.

2053 4135 2154 4208 [Τ.
2200 4133 2349 4203 XIII,
2381 4135 2444 4189 (Ξ.
2483 4133 2649 4200 LXX,
2679 4133 2808 4205 Cap.
2839 4134 3024 4210 XX|.]
3057 4137 3196 4191 Dixit
3226 4153 3449 4210 quoque
3473 4139 3582 4195 Do-

1983 4227 2164 4283 minus
2215 4225 2282 4282 ad
2333 4227 2518 4283 Mosen
2572 4247 2584 4280 :
2642 4224 2896 4297 Loquere
2946 4227 3014 4282 ad
3070 4221 3384 4286 sacerdOtes
3437 4230 3582 4288 ﬁlios

1983 4321 2166 4376 Aaron
2194 4361 2208 4385 ,
2251 4328 2307 4374 et
2332 4319 2484 4375 dices
2509 4319 2578 4374 ad
2612 4333 2709 4374 eos
2741 4337 2754 4374 :
2786 4319 2864 4376 Ne
2894 4323 3300 4382 contaminatur
3325 4322 3586 4380 sacerdos

1985 4413 2041 4468 in
2071 4411 2341 4476 mortibus
2368 4410 2568 4468 civium
2601 4426 2826 4467 suorum
2847 4453 2864 4480 ,
2898 4412 3001 4479 nisi
3033 4421 3240 4468 tantum
3277 4414 3332 4468 in
3355 4429 3587 4477 consan-

264 4520 506 4591 sanguis
526 4535 710 4576 eorum
736 4521 804 4588 sit
835 4535 999 4591 super
1024 4533 1139 4575 eos.
1169 4517 1252 4592 [Β.
1279 4517 1492 4590 LXIII.]
1519 4517 1619 4586 Qui
1650 4516 1862 4573 dormie

1987 4505 2202 4577 guineis
2240 4519 2304 4561 ac
2360 4505 2701 4576 propinquis,
2735 4504 2784 4560 id
2826 4515 2940 4570 est,
2974 4521 3136 4576 super
3172 4517 3382 4574 matre,
3413 4515 3468 4562 et
3495 4522 3590 4578 pa-

267 4616 352 4672 rit
407 4627 533 4669 cum
558 4615 800 4670 mascqu
825 4653 840 4679 ,
872 4614 1020 4668 coitu
1056 4611 1290 4667 femineo
1319 4655 1334 4679 ,
1367 4621 1593 4682 uterque
1631 4619 1862 4680 cperatu:

1965 4602 1968 4628 ⁵
1995 4611 2110 4668 tre,
2142 4610 2197 4658 et
2226 4599 2359 4666 filio,
2393 4614 2456 4656 ac
2499 4598 2630 4666 tilia,
2663 4598 2834 4654 fratre
2863 4613 3105 4670 quoque,
3156 4608 3214 4656 et
3251 4615 3442 4655 sorore
3471 4602 3586 4656 vir-

272 4716 378 4764 cst
407 4704 592 4774 nefas,
622 4714 800 4762 morte
832 4707 1136 4761 moriantur
1164 4721 1180 4758 :
1220 4705 1290 4760 sit
1319 4705 1538 4774 sanguis
1576 4719 1762 4759 eorum
1793 4718 1885 4762 su-

276 4817 394 4873 per
420 4816 536 4856 eos.
567 4799 648 4872 [(3.
681 4798 894 4872 LXIV]
923 4800 1022 4867 Qui
1048 4813 1209 4868 supra
1237 4813 1459 4853 uxorem
1493 4795 1682 4865 ﬁliam,
1715 4796 1885 4852 duxe-

279 4897 367 4952 rit
396 4906 622 4962 matrem
652 4896 767 4965 ejus
788 4935 805 4962 ,
837 4894 1017 4964 scelus
1045 4901 1301 4964 operatus
1328 4900 1415 4947 est
1449 4909 1460 4942 :
1495 4892 1652 4944 vivus
1679 4888 1889 4946 ardebit

278 5004 419 5045 cum
443 4989 524 5048 eis
554 4987 652 5060 [h.
687 4987 796 5058 igni
823 4986 1210 5042 eomburentur
1239 4999 1346 5039 tam
1377 4984 1493 5056 ipse
1530 4998 1694 5055 quam
1731 4980 1843 5054 ille]
1873 5025 1888 5051 ,

280 5098 400 5150 nec
430 5082 770 5153 permanebit
815 5089 1024 5138 tantum
1057 5080 1212 5137 nefas
1251 5080 1302 5134 in
1341 5079 1522 5135 medio
1551 5079 1737 5134 vestri.
1786 5076 1896 5150 [ϐ.

282 5174 490 5247 LXV.]
534 5175 637 5246 Qui
681 5191 803 5231 cum
842 5175 1086 5243 iumento
1121 5183 1177 5230 et
1219 5187 1414 5244 pecore
1461 5173 1672 5238 coierit,
1723 5181 1898 5226 morte

286 5269 595 5326 moriatur:
629 5282 797 5338 pecus
827 5282 1043 5338 quoque
1071 5264 1325 5322 occidite.
1360 5262 1676 5335 [C.LXVI.]
1708 5262 1900 5318 Mulier

375 5487 402 5516 ‘
456 5478 802 5549 Septuaginta
831 5519 847 5542 ,
897 5492 1034 5549 quos
1078 5481 1380 5549 sequuntur
1421 5473 1813 5549 Samaritanus,
1848 5481 1903 5527 et

296 5551 503 5610 Arabs.
530 5545 712 5620 legunt
732 5549 847 5620 hoc
873 5545 1036 5602 modo
1052 5563 1070 5601 :
1086 5545 1149 5600 Et
1172 5546 1318 5620 eritis
1345 5545 1531 5620 sancti:
1556 5545 1680 5620 quia
1698 5551 1904 5620 sargus

297 5642 400 5696 ego
433 5613 685 5676 Domiims
719 5619 855 5673 Deus
876 5627 1068 5696 prater,
1101 5619 1204 5678 vel,
1234 5618 1353 5696 quia
1376 5633 1466 5689 rgo
1492 5614 1743 5696 Dominus
1769 5613 1904 5696 Dfus

301 5685 470 5760 vista
489 5703 850 5766 ignauum-
875 5691 930 5748 ιη
955 5691 1180 5766 Ilithyia}
1205 5685 1580 5766 εώδυμιῐγςιιίκι
1607 5702 1724 5766 qua:
1747 5685 1903 5766 syllo-

307 5755 876 5834 Iion'nidnet'abessc,
903 5755 1038 5834 ωιίὶιὰ
1072 5755 1516 5834 γυιεξιέιλ-ιιιςιξμε
1545 5761 1746 5834 optima
1777 5756 1905 5826 legi-

310 5853 456 5908 mus,
489 5828 646 5906 estote
676 5828 1010 5906 sancti,quia
1037 5847 1128 5904 ego
1150 5828 1265 5902 sum
1289 5828 1544 5888 Dominus
1565 5828 1704 5886 Deus
1725 5838 1901 5898 restet.

1989 4695 2144 4766 giae.
2175 4709 2297 4762 quae
2328 4707 2435 4749 non
2462 4701 2544 4748 est
2575 4699 2742 4762 nupta
2772 4690 2894 4748 viro
2927 4710 2938 4746 :
2975 4693 3070 4748 sed
3104 4707 3208 4750 nec
3251 4694 3305 4748 in
3339 4694 3586 4766 principe

1997 4788 2178 4859 populi
2226 4788 2310 4841 sui
2335 4785 2824 4843 contaminabitur.
2866 4785 2986 4842 Non
3028 4787 3222 4847 radent
3258 4799 3450 4858 caput,
3489 4804 3591 4847 nec

1995 4882 2220 4940 barbam
2252 4880 2349 4954 [b.
2383 4896 2490 4936 non
2522 4880 2716 4936 radeut
2749 4882 2802 4935 in
2835 4881 3012 4952 capite
3048 4897 3140 4935 suo
3171 4881 3470 4953 calvitium,
3503 4869 3595 4941 nec

2001 4975 2228 5032 barbam
2255 4973 2525 5047 tondent],
2560 4988 2734 5045 neque
2765 4975 2824 5030 in
2855 4974 3116 5031 carnibus
3142 4975 3258 5030 suis
3286 4977 3488 5033 facient
3516 4980 3600 5033 in-

1997 5069 2230 5125 cisuras.
2288 5066 2478 5123 Sancti
2526 5077 2692 5122 erunt
2754 5067 2866 5122 Deo
2911 5082 3044 5134 suo,
3096 5074 3152 5123 et
3197 5084 3303 5125 non
3359 5069 3600 5138 polluent

2001 5160 2082 5234 [ιι.
2114 5157 2415 5232 violabant]
2447 5173 2648 5214 nomen
2673 5160 2793 5230 ejus
2823 5177 2838 5213 :
2871 5160 3151 5216 incensum
3181 5161 3325 5221 enim
3360 5160 3600 5230 Domini,

2000 5266 2048 5311 et
2077 5254 2158 5328 [h.
2215 5269 2320 5322 non
2351 5251 2536 5322 habet]
2582 5265 2750 5321 panes
2782 5253 2878 5308 Dei
2922 5253 3005 5309 sui
3049 5252 3290 5310 oﬂ'ertmt
3316 5294 3331 5319 ,
3378 5267 3433 5310 et
3479 5254 3604 5316 ideo

2012 5467 2212 5524 Verum
2238 5478 2306 5517 ne
2330 5462 2381 5516 in
2407 5462 2588 5536 aliquo
2609 5460 2962 5529 offendamus,
2989 5474 3045 5520 et
3070 5465 3354 5536 meliorum
3381 5467 3603 5522 obtentu

2011 5539 2146 5598 fides
2184 5533 2620 5606 nostra_vaci|let
2644 5577 2658 5601 ,
2723 5549 2812 5591 res
2849 5546 3008 5606 prout
3047 5547 3265 5593 exstant
3291 5533 3432 5591 "suis
3474 5539 3608 5595 locis

2013 5608 2350 5665 exhibemus.
2383 5603 2560 5659 Mser.

2085 5678 2343 5745 —Vcrb_a
2375 5676 2590 5744 uncinis
2630 5679 2858 5743 inclusa,
2895 5691 2940 5740 et
2974 5689 3182 5740 sanctus
3212 5695 3344 5744 sum,
3379 5679 3610 5738 Drbinas

2017 5770 2119 5812 tns.
2155 5767 2278 5808 cum
2307 5747 2540 5810 Ileblwo
2567 5759 2622 5816 et
2648 5749 2874 5821 Vulgata
2905 5753 3111 5811 rectius
3141 5752 3372 5821 ignorat.
