3912 6348
471 287 576 346 327

1472 286 1530 345 S.
1576 285 1954 345 IIIERONVMI
1995 286 2224 347 DIVINA
2272 291 2748 350 BIBLIOTIIECA.

3634 297 3726 360 39.8

473 404 645 462 sancti
679 409 858 461 erunt.
885 401 1136 460 Scortum
1177 408 1233 458 et
1261 401 1371 459 vile
1399 403 1756 474 prostibulum
1785 412 1808 438 τι
1840 419 1946 458 nnn
1978 403 2076 458 du-
2101 415 2153 475 Α
2181 412 2511 466 sanctiﬁcata
2549 421 2676 468 sunt
2726 408 2888 477 mihi,
2921 406 3093 465 donec
3121 413 3366 466 sanetur.
3395 410 3490 479 Qui
3520 415 3728 486 tetigerit

474 508 561 554 cet
598 497 785 571 [Va/9.
829 496 1030 552 docent
1056 536 1070 562 ,
1109 505 1153 551 et
1195 497 1502 552 consecrati
1529 503 1658 552 sunt
1682 536 1698 563 ,
1733 505 1778 550 et
1809 496 2065 551 offerunt.

474 591 592 650 Sint
613 607 742 662 ergo
767 590 968 663 sancti]
995 606 1246 657 uxorem,
1274 605 1374 646 nec
1396 606 1512 644 eam
1539 605 1657 660 quae
1681 589 1967 660 repudiata
1987 600 2072 644 est

472 703 502 742 a
535 688 732 742 marito
768 703 781 738 :
829 686 952 756 quia
989 693 1338 740 consecratus
1369 693 1452 738 est
1487 684 1595 738 Deo
1639 697 1739 737 suo
1764 723 1780 750 ,
1815 691 1869 738 et
1903 697 2070 752 panes

478 779 869 852 propositionis
898 778 1058 834 oﬂcrt
1093 777 1188 850 [h.
1218 776 1498 832 sanctiﬁca
1531 777 1712 848 itaque
1746 791 1868 832 eum
1889 821 1903 845 ,
1951 777 2072 847 quia

474 887 648 943 panes
679 871 1070 941 prepositionis
1099 866 1194 924 Dei
1229 869 1302 923 tui
1335 866 1548 938 offert].
1585 867 1666 924 Sit
1693 883 1824 938 ergo
1853 877 2072 922 sanctus

473 967 595 1038 quia
621 973 845 1022 sanctus
870 980 973 1034 ego
1013 978 1164 1030 sum,
1198 961 1499 1028 Dominus,
1535 962 1626 1034 qui
1660 961 1948 1016 sanctilico
1975 975 2072 1016 vos

475 1061 663 1133 [Vulg.
710 1058 846 1132 eos].
888 1056 970 1130 [(2.
1000 1054 1216 1128 LXXI.]
1245 1056 1566 1112 Sacerdotis
1609 1055 1738 1122 lilia,
1785 1055 1831 1110 si
1872 1054 2072 1124 depre-

475 1154 646 1210 hensa
682 1153 842 1208 fuerit
872 1151 926 1206 in
970 1161 1164 1220 stupro
1192 1191 1206 1216 ,
1255 1160 1309 1206 et
1338 1149 1628 1205 violaverit
1667 1163 1864 1204 nomen
1897 1148 2074 1217 patris

475 1247 592 1312 sui,
626 1245 859 1300 flammis
910 1251 1192 1298 exuretur.
1228 1241 1477 1296 Pontifex
1503 1282 1518 1307 ,
1570 1240 1622 1295 id
1653 1249 1772 1307 est,
1811 1239 2072 1294 sacerdos

476 1341 750 1396 maximus
779 1339 922 1394 inter
951 1336 1153 1392 fratres
1175 1351 1325 1404 suos,
1353 1351 1519 1406 super
1537 1335 1693 1405 cujus
1714 1342 1876 1404 caput
1895 1333 2073 1388 fusum

477 1444 561 1492 est
591 1433 870 1489 unctionis
897 1431 1105 1496 oleum,
1138 1441 1191 1486 et
1216 1429 1372 1500 cujus
1401 1443 1596 1484 manus
1627 1427 1681 1483 in
1707 1425 2074 1482 sacerdOtium

475 1536 810 1586 consecrata:
848 1533 1010 1593 sunt,
1055 1528 1395 1593 vestitusque
1434 1530 1519 1576 est
1547 1520 1754 1576 sanctis
1787 1518 2032 1574 vestibus
2056 1559 2071 1582 ,

475 1631 640 1694 caput
657 1635 814 1676 suum
831 1634 936 1673 non
956 1615 1343 1686 disc00periet,
1364 1613 1690 1669 vestimenta
1713 1628 1818 1666 non
1843 1611 2072 1666 scindet:

475 1730 528 1776 et
559 1719 625 1773 ad
653 1732 870 1772 omnem
896 1724 1167 1771 mortuum
1197 1727 1302 1767 non
1331 1709 1666 1781 ingredietur
1695 1709 1938 1763 omnino.
1974 1707 2076 1762 Su-

2175 503 2512 556 immtmdum
2543 517 2706 573 super
2736 512 2955 556 mortuo
2985 500 3062 572 [h.
3095 499 3272 557 donec
3299 516 3526 566 curetur.
3566 508 3730 565 Anima

2173 611 2286 664 qua:
2333 597 2566 665 tetigerit
2600 594 2938 648 immundum
2978 608 3140 664 super
3196 595 3450 665 mortuo],
3479 606 3530 652 et
3555 613 3616 653 ex
3639 617 3731 668 quo

2174 687 2448 758 egreditur
2491 703 2676 744 semen
2721 688 2873 758 quasi
2905 686 3102 756 enitus,
3138 694 3192 741 et
3220 686 3313 756 qui
3343 689 3507 759 tangit
3534 693 3728 761 reptile,

2175 791 2226 834 et
2254 779 2535 850 quodlibet
2569 779 2935 844 immundum,
2981 781 3136 848 cujus
3166 787 3340 833 tactus
3371 791 3451 834 est
3488 783 3732 851 sordidus,

2177 873 2488 928 immundus
2519 873 2624 928 erit
2653 888 2818 944 usque
2847 873 2911 927 ad
2940 887 3254 943 vesperum,
3287 881 3341 927 ct
3375 888 3477 927 non
3510 887 3736 932 veseetur

2178 969 2262 1022 his
2291 985 2410 1040 qua:
2442 968 2772 1024 sanctiﬁcata
2819 978 2981 1034 sunt,
3028 968 3123 1024 sed
3163 983 3285 1022 cum
3327 968 3511 1024 laverit
3539 985 3737 1029 carnem

2177 1077 2329 1117 suam
2358 1078 2524 1133 aqua,
2556 1073 2612 1119 et
2653 1063 2972 1119 occubuerit
3011 1064 3125 1130 sol,
3159 1074 3289 1116 tunc
3321 1062 3603 1119 mundatus
3629 1081 3736 1122 vcs-

2176 1164 2329 1210 cetur
2361 1154 2431 1210 de
2473 1154 2846 1223 sanetiﬁcatis,
2879 1156 3004 1226 quia
3039 1153 3192 1210 cibus
3221 1153 3362 1208 illius
3388 1164 3488 1209 est.
3527 1155 3744 1213 Mortici-

2178 1262 2305 1300 num
2339 1255 2395 1302 et
2439 1255 2655 1317 captum
2696 1262 2726 1302 a
2774 1247 2944 1303 bestia
2993 1262 3101 1301 non
3143 1245 3473 1313 comedent,
3504 1263 3601 1302 nec
3641 1251 3743 1318 pol-

2179 1341 2396 1396 luentur
2427 1342 2479 1396 in
2511 1343 2610 1397 eis.
2656 1343 2768 1412 Ego
2798 1357 2918 1396 sum
2960 1341 3242 1395 Dominus.
3276 1339 3594 1396 Custodiant
3620 1359 3746 1412 prcc-

2178 1443 2335 1502 cepla
2371 1447 2486 1488 mea
2531 1432 2610 1505 [h.
2659 1433 2971 1488 Observent
3003 1432 3281 1487 custodias
3311 1431 3505 1502 meas],
3555 1442 3610 1487 ut
3650 1449 3742 1488 non

2179 1525 2496 1594 subjaceant
2524 1534 2765 1593 peccato,
2788 1536 2843 1581 et
2874 1527 3182 1580 moriantur
3211 1525 3262 1579 in
3286 1525 3617 1592 sanctuario,
3640 1540 3747 1581 cuin

2180 1617 2469 1688 polluerint
2500 1616 2579 1690 [h.
2630 1616 2978 1688 violaverim]
3031 1617 3186 1672 illud.
3237 1617 3352 1684 Ego
3388 1615 3642 1672 Dominus
3669 1618 3750 1688 qui

2179 1711 2460 1766 sanctilico
2505 1726 2600 1767 eos
2644 1712 2658 1781 |'
2676 1710 2832 1784 Vulg.
2879 1711 3024 1783 vos].
3069 1711 3257 1767 Omnis
3305 1711 3606 1783 alienigena
3657 1730 3754 1768 nnn

480 1827 576 1883 per
604 1817 755 1882 patre
783 1822 996 1879 quoque
1020 1821 1122 1861 suo
1150 1814 1204 1860 et
1249 1812 1424 1859 matre
1455 1819 1561 1858 non
1586 1798 2072 1857 contaminabilur.
2107 1823 2154 1884 Β
2180 1807 2434 1863 comedet
2471 1807 2544 1862 de
2593 1807 2967 1873 sanctiﬁcatis,
3028 1807 3324 1879 inquilinus
3376 1808 3671 1863 sacerdotis
3710 1817 3757 1863 ct

480 1907 592 1963 Nec
625 1902 932 1975 egredietur
962 1901 1032 1956 de
1076 1898 1280 1955 sanctis
1306 1938 1321 1963 ,
1372 1912 1443 1953 ne
1475 1895 1681 1967 polluat
1730 1895 1751 1967 [
1779 1895 1832 1948 h.
1867 1891 2072 1964 violet]

479 1996 850 2055 sanctuarium
884 1993 978 2049 Dei
1022 1993 1104 2047 sui
1135 2035 1150 2060 ,
1193 1991 1316 2062 quia
1346 1990 1526 2045 oleum
1567 1997 1772 2044 sanctae
1805 1985 2076 2042 unctionis

481 2090 576 2145 Dei
604 2090 687 2144 sui
724 2086 817 2160 [h.
851 2086 976 2156 quia
1004 2098 1211 2140 corona
1237 2083 1342 2139 olei
1373 2079 1646 2137 unctionis
1674 2078 1770 2134 Dei
1801 2079 1883 2133 sui
1912 2092 2077 2148 super

481 2197 606 2239 eum
636 2179 743 2251 est]
770 2193 936 2247 super
963 2191 1086 2232 eum
1123 2183 1206 2230 est
1234 2173 1424 2246 [ναις.
1455 2172 1667 2228 Domini
1693 2213 1708 2239 ,
1736 2181 1784 2226 et
1811 2179 1915 2225 lac.
1944 2168 2076 2240 sui].

481 2277 597 2348 Ego
644 2274 924 2329 Dominus.
973 2269 1249 2341 Virginem
1291 2268 1454 2323 ducet
1501 2281 1732 2322 uxorem
1784 2283 1795 2317 ε
1849 2263 2078 2319 Viduam

478 2378 660 2426 autem
691 2377 748 2424 et
775 2365 1115 2436 repudiatam
1138 2405 1153 2430 ,
1189 2371 1245 2418 et
1273 2361 1554 2418 sordidam
1579 2404 1593 2428 ,
1627 2372 1792 2431 atque
1824 2359 2081 2414 meretri-

483 2476 602 2517 cem
633 2476 739 2516 non
767 2457 1042 2526 accipiet,
1076 2454 1171 2511 sed
1203 2455 1437 2524 puellam
1469 2453 1538 2508 de
1565 2452 1764 2523 populo
1789 2467 1890 2507 suo
1922 2469 1933 2503 :
1979 2465 2081 2506 nec

485 2555 841 2612 commiscent
885 2556 1108 2624 stirpem
1154 2548 1375 2622 generis
1416 2549 1497 2604 sui
1543 2547 1706 2618 vulgo
1747 2544 1928 2618 gentis
1967 2560 2080 2600 sua:

487 2648 567 2720 [h.
598 2663 700 2704 nec
725 2645 1080 2703 commiscent
1108 2658 1294 2700 semen
1325 2657 1480 2696 suum
1513 2639 1655 2695 sicut
1679 2639 1874 2705 vulgus
1903 2637 2081 2708 gentis

481 2720 643 2813 sure]
702 2759 714 2793 ε
777 2744 903 2812 quia
958 2753 1059 2808 ego
1128 2736 1386 2791 Dominus
1443 2733 1536 2803 qui
1594 2729 1877 2785 sanctiﬁco
1929 2744 2080 2784 eum.

485 2834 570 2908 [Β.
602 2833 721 2901 XII,
743 2834 806 2889 C.
837 2830 1079 2903 LXXll.]
1106 2830 1459 2898 Locutusque
1491 2834 1575 2882 est
1604 2824 1865 2880 Dominus
1882 2823 1948 2878 ad
1971 2823 2084 2878 Mo-

482 2945 605 2998 sen,
637 2929 825 2984 dicens
858 2945 873 2982 :
905 2927 1155 2997 Loquere
1180 2923 1248 2978 ad
1289 2923 1470 2978 Aaron
1503 2936 1518 2974 :
1552 2920 1726 2976 Homo
1770 2919 1840 2974 de
1873 2920 2082 2974 semine

486 3034 578 3078 tuo
621 3037 718 3092 per
748 3019 982 3075 familias
1023 3033 1152 3074 suas
1199 3016 1289 3088 qui
1331 3015 1584 3071 habuerit
1617 3014 1886 3068 maculam
1917 3054 1932 3079 ,
1973 3028 2084 3067 non

485 3117 682 3173 oll'eret
721 3129 888 3184 panes
928 3114 1038 3168 Deo
1066 3127 1196 3181 suo,
1231 3126 1334 3167 nec
1357 3109 1581 3167 accedet
1611 3107 1677 3164 ad
1720 3107 2083 3164 ministerium

2184 1902 2556 1957 mercenarius
2589 1918 2698 1958 non
2733 1913 3026 1960 vescentur
3057 1919 3124 1958 ex
3154 1906 3255 1958 eis.
3284 1902 3458 1970 Quem
3485 1913 3660 1959 autem
3685 1918 3761 1958 sa-

2183 1995 2376 2050 cerdos
2405 1995 2601 2050 emerit
2630 2005 2684 2052 et
2725 1998 2816 2061 qui
2858 1995 3185 2052 vernaculus
3211 1996 3408 2050 domus
3437 1996 3554 2065 ejus
3582 1994 3759 2063 fuerit,

2184 2088 2240 2142 hi
2278 2088 2565 2144 comedent
2612 2103 2681 2144 ex
2727 2090 2826 2145 eis.
2880 2090 2938 2145 Si
2981 2089 3089 2144 ﬁlia
3115 2090 3422 2145 sacerdotis
3452 2089 3668 2144 cuilibet
3705 2104 3764 2143 ex

2184 2181 2389 2252 popqu
2429 2193 2592 2251 nupta
2635 2181 2832 2249 fuerit,
2868 2183 2936 2238 de
2967 2182 3050 2236 his
3077 2198 3200 2253 qum
3243 2182 3584 2239 sanctiﬁcata
3614 2191 3763 2246 sunt,

2183 2283 2239 2328 ct
2277 2273 2346 2328 de
2387 2273 2642 2344 primitiis
2683 2290 2790 2329 non
2820 2284 3110 2341 vescetur;
3142 2274 3226 2328 sin
3275 2283 3462 2329 autem
3502 2273 3678 2339 vidua,
3723 2281 3771 2328 ct

2186 2365 2503 2436 repudiata,
2553 2374 2611 2422 et
2655 2365 2862 2436 absque
2902 2366 3092 2422 liberis
3133 2381 3364 2422 reversa
3401 2365 3653 2421 lueritad
3679 2365 3770 2420 do-

2186 2475 2332 2513 mum
2384 2459 2554 2529 patris
2603 2458 2688 2514 sui
2724 2477 2736 2512 :
2767 2460 2908 2515 sicut
2954 2460 3129 2530 puella
3177 2468 3582 2527 consueverat,
3615 2460 3774 2516 aletur

2183 2553 2322 2608 cibis
2352 2554 2520 2623 patris
2549 2555 2655 2608 sui.
2697 2552 2887 2608 Omnis
2916 2553 3223 2625 alienigena
3255 2554 3586 2610 comedendi
3618 2571 3678 2610 ex
3705 2557 3775 2610 eis

2187 2663 2293 2700 non
2319 2646 2480 2701 habet
2507 2656 2854 2716 potestatem.
2881 2647 2979 2714 Qui
3001 2646 3308 2704 comederit
3337 2648 3408 2704 de
3437 2648 3779 2704 sanctiﬁcatis

2187 2753 2285 2809 per
2333 2740 2726 2810 ignorantiam,
2777 2739 2940 2796 addet
2989 2741 3234 2810 quintam
3289 2750 3506 2811 partem
3554 2757 3674 2798 cum
3720 2755 3779 2795 eo

2186 2831 2330 2900 quod
2377 2831 2647 2896 comedit,
2695 2841 2750 2886 et
2781 2831 2934 2886 dabit
2976 2831 3247 2888 sacerdoti
3288 2833 3346 2887 in
3394 2832 3780 2889 sanctuarium.

2186 2921 2297 2978 Nec
2323 2923 2772 2979 contamiuabunt
2799 2925 3136 2980 sanctiﬁcata
3173 2926 3418 2982 ﬁliorum
3447 2927 3645 2994 Israel,
3673 2941 3784 2996 qua:

2189 3018 2431 3074 ofTerunt
2472 3019 2741 3075 Domino:
2777 3035 2845 3076 ne
2902 3020 3042 3076 forte
3087 3021 3404 3075 sustineant
3457 3021 3786 3092 iniquitatem

2189 3111 2376 3166 delicti
2407 3112 2528 3180 sui,
2561 3126 2684 3167 cum
2717 3113 3054 3168 sanctiﬁcata
3101 3113 3473 3170 comederint.
3533 3115 3643 3185 Ego
3691 3115 3787 3168 Do-

485 3212 606 3280 ejus
643 3228 654 3261 :
685 3210 730 3264 si
756 3222 935 3263 caecus
956 3205 1156 3273 fuerit,
1189 3206 1236 3261 si
1261 3205 1494 3282 claudus
1519 3247 1533 3273 ,
1562 3204 1612 3259 si
1643 3203 1730 3260 vel
1761 3219 1962 3274 parvo,
1998 3205 2082 3260 vel
2111 3203 2156 3268 C
2190 3204 2373 3258 minus
2403 3203 2496 3275 qui
2536 3205 2816 3260 sanctilico
2846 3219 2964 3260 eos.
3007 3203 3093 3277 [T.
3127 3205 3272 3272 XIV,
3303 3204 3371 3261 C.
3399 3205 3668 3279 LXXIV.]
3696 3205 3792 3261 Lo-

485 3305 706 3377 grandi,
737 3305 824 3361 vel
847 3313 1015 3369 torto,
1047 3303 1095 3358 si
1125 3304 1300 3359 fracto
1330 3302 1488 3373 pede,
1520 3302 1565 3356 si
1592 3316 1779 3367 manu,
1803 3301 1846 3356 si
1867 3299 2083 3370 gibbus,

483 3402 531 3456 si
561 3401 774 3471 lippus,
816 3401 861 3455 si
891 3397 1202 3470 albuginem
1246 3397 1454 3453 habens
1495 3396 1549 3452 in
1589 3395 1784 3460 oculo,
1823 3393 1873 3450 si
1902 3393 2085 3464 jugem

488 3496 762 3561 scabiem,
793 3493 841 3550 si
871 3493 1251 3563 impetiginem
1283 3491 1335 3546 in
1365 3505 1632 3562 corpore,
1665 3490 1748 3545 vel
1775 3489 2086 3544 herniosus.

487 3588 678 3646 Omnis
707 3589 796 3658 qui
831 3587 1090 3643 habuerit
1118 3585 1387 3641 maculam
1428 3585 1497 3640 de
1538 3585 1749 3640 semine
1783 3587 1964 3638 Aaron
2002 3598 2091 3638 sa-

490 3681 765 3747 cerdotis,
796 3694 907 3735 non
935 3679 1160 3734 accedet
1200 3677 1398 3733 offerre
1426 3677 1635 3732 hostias
1675 3674 1939 3741 Domino,
1989 3689 2090 3730 nec

494 3790 660 3846 panes
683 3773 798 3828 Deo
817 3788 918 3828 suo
946 3789 960 3826 :
984 3780 1234 3828 vescetur
1255 3779 1435 3827 tamen
1463 3771 1716 3842 panibus,
1740 3770 1830 3840 qui
1855 3768 2090 3824 offerun-

499 3877 584 3924 tur
607 3867 663 3922 in
693 3865 1005 3942 sanctuarjo
1041 3883 1054 3920 :
1079 3864 1153 3920 ita
1183 3863 1491 3929 dumtaxat,
1523 3874 1579 3918 nt
1609 3862 1746 3917 intra
1777 3861 1956 3918 velum
1982 3876 2088 3914 non

495 3959 856 4032 ingrediatur,
899 3974 1002 4016 nec
1031 3959 1256 4015 accedat
1300 3958 1366 4014 ad
1396 3959 1605 4024 altare,
1653 3957 1780 4028 quia
1821 3956 2086 4011 maculam

496 4053 714 4120 habet,
770 4063 826 4109 et
878 4053 1255 4109 contaminare
1313 4067 1421 4106 non
1487 4051 1655 4106 debet
1717 4049 2088 4104 sanctuarium

495 4163 698 4204 meum.
728 4147 842 4218 Ego
870 4146 1132 4202 Dominus
1161 4147 1253 4218 qui
1281 4146 1564 4201 sanctiﬁco
1595 4159 1712 4202 eos.
1744 4144 1984 4199 Locutus
2006 4152 2091 4199 est

493 4256 627 4312 ergo
654 4242 832 4296 Moses
873 4239 940 4296 ad
970 4240 1152 4296 Aaron
1175 4283 1190 4309 ,
1235 4247 1293 4295 et
1321 4239 1461 4294 ﬁlios
1489 4238 1608 4309 ejus
1629 4279 1644 4305 ,
1687 4248 1741 4294 et
1771 4237 1838 4294 ad
1869 4252 2088 4294 omnem

496 4333 695 4405 Israel,
721 4341 918 4390 cuncta
945 4348 1067 4405 quae
1097 4332 1314 4390 fuerant
1339 4332 1444 4388 sibi
1475 4333 1766 4403 imperata.

569 4429 652 4504 [Ο.
681 4429 929 4498 LXXIII,
974 4428 1106 4501 Cap.
1141 4427 1336 4502 XXII.]
1365 4427 1603 4484 Locutus
1633 4442 1848 4498 quoque
1875 4435 1959 4482 est
1984 4426 2091 4481 Do-

495 4525 678 4581 minus
718 4523 782 4580 ad
807 4525 995 4580 Mosen
1016 4564 1032 4591 ,
1059 4522 1247 4579 dicens
1281 4540 1294 4576 :
1326 4522 1576 4594 Loquere
1603 4521 1670 4578 ad
1711 4524 1892 4578 Aaron
1931 4530 1986 4578 et
2022 4522 2090 4577 ad

2189 3307 2455 3368 cutusque
2492 3307 2574 3353 est
2626 3298 2885 3354 Dominus
2912 3299 2979 3354 ad
3009 3299 3228 3376 Mosen,
3275 3301 3478 3357 dicens
3510 3319 3522 3356 :
3556 3301 3794 3372 Loquere

2189 3390 2254 3445 ad
2277 3390 2456 3446 Aaron
2485 3401 2538 3446 et
2570 3391 2709 3448 ﬁlios
2740 3393 2880 3462 ejus,
2913 3404 2965 3448 et
2994 3394 3060 3449 ad
3087 3409 3282 3451 omnes
3311 3395 3462 3452 ﬁlios
3489 3397 3692 3460 Israel.
3723 3395 3795 3451 di-

2188 3501 2388 3555 cesque
2417 3485 2484 3540 ad
2515 3501 2610 3541 eos
2639 3503 2652 3539 :
2686 3486 2861 3542 Ilomo
2891 3487 2960 3543 de
2993 3487 3154 3544 domo
3185 3488 3364 3545 Israel
3422 3499 3480 3546 et
3519 3491 3591 3546 de
3641 3490 3796 3546 adve-

2191 3577 2276 3632 nis
2302 3577 2392 3648 qui
2425 3577 2672 3632 habitant
2698 3577 2842 3648 apud
2873 3593 2991 3645 vos,
3023 3579 3116 3650 qui
3147 3581 3422 3636 obtulerit
3469 3581 3798 3637 oblationem

2189 3686 2375 3738 suam,
2421 3671 2506 3727 vel
2549 3681 2673 3727 vota
2715 3673 2953 3740 solvens,
2985 3673 3070 3729 vel
3105 3683 3302 3744 sponte
3353 3674 3628 3742 offerens,
3657 3675 3802 3745 quid-

2190 3764 2320 3834 quid
2353 3763 2484 3819 illud
2515 3764 2776 3820 obtulerit
2823 3764 2876 3820 in
2927 3765 3320 3822 holocaustum
3352 3766 3612 3832 Domini,
3643 3775 3701 3822 ut
3728 3765 3804 3821 of-

2189 3858 2394 3914 feratur
2441 3874 2538 3929 per
2577 3874 2696 3926 vos,
2729 3860 3004 3915 masculus
3042 3861 3440 3918 immaculatus
3475 3864 3587 3920 erit
3617 3879 3686 3919 ex
3718 3862 3807 3917 bo-

2193 3951 2311 4016 bus,
2345 3962 2398 4007 et
2429 3966 2493 4007 ex
2527 3952 2739 4018 ovibus,
2768 3963 2824 4008 et
2848 3967 2914 4008 ex
2943 3953 3123 4024 capris
3156 3971 3169 4008 :
3204 3955 3249 4008 si
3285 3956 3579 4012 maculam
3611 3955 3809 4011 habue-

2193 4045 2294 4112 rit,
2329 4060 2435 4101 non
2464 4046 2728 4115 olferetis,
2758 4062 2933 4118 neque
2958 4047 3064 4104 erit
3089 4051 3449 4120 acceptabile
3481 4069 3492 4104 :
3532 4051 3699 4106 homo
3725 4050 3811 4121 qui

2192 4138 2454 4194 obtulerit
2500 4139 2772 4195 victimam
2823 4140 3177 4209 paciﬁcorum
3233 4141 3511 4210 Domino,
3557 4144 3644 4199 vel
3692 4153 3813 4198 vota

2192 4234 2436 4302 solvens,
2474 4233 2559 4289 vel
2609 4243 2806 4306 sponte
2858 4233 3116 4302 offerens,
3152 4243 3261 4290 tam
3309 4237 3385 4292 de
3445 4237 3630 4293 bobus
3659 4252 3814 4308 quam

2192 4327 2259 4383 de
2285 4328 2500 4395 ovibus,
2533 4327 2936 4382 immaculatum
2963 4327 3191 4393 offeret,
3228 4337 3294 4384 ut
3321 4331 3685 4401 acceptabile
3705 4329 3776 4384 sit
3799 4343 3814 4382 :

2194 4420 2371 4475 omnis
2413 4419 2621 4475 macula
2668 4433 2775 4474 non
2826 4420 2930 4476 erit
2967 4419 3022 4474 in
3059 4435 3146 4476 eo.
3179 4419 3239 4475 Si
3275 4435 3507 4477 caecum
3551 4421 3748 4484 fuerit,
3778 4419 3820 4474 si

2197 4511 2421 4568 fractum
2441 4552 2456 4578 ,
2486 4511 2532 4567 si
2561 4512 2869 4568 cicatricem
2899 4511 3129 4576 habens,
3159 4512 3205 4566 si
3237 4513 3517 4584 papulas,
3569 4522 3668 4568 aut
3706 4525 3822 4568 sca-

496 4617 638 4674 ﬁlios
665 4617 785 4688 ejus
807 4658 822 4685 ,
860 4626 918 4673 ut
953 4623 1181 4673 caveant
1223 4616 1293 4672 ab
1329 4605 1414 4670 his
1455 4630 1579 4686 qua:
1619 4623 1936 4671 consecrata
1965 4622 2092 4670 sunt
2117 4597 2171 4660 Ῑ)
2196 4606 2358 4674 hiem,
2391 4606 2476 4662 vel
2502 4606 2898 4677 impetiginem,
2919 4621 3027 4661 non
3055 4603 3306 4661 offeretis
3328 4623 3398 4662 ea
3430 4607 3704 4672 Domino,
3736 4618 3826 4659 ne-

494 4709 731 4765 ﬁliorum
761 4707 959 4776 Israel,
989 4718 1044 4764 et
1071 4723 1180 4764 non
1211 4707 1592 4763 contaminent
1621 4721 1816 4762 nomen
1849 4707 2092 4763 sanctiﬁ-

494 4810 738 4857 catorum
792 4801 968 4870 mihi,
1019 4816 1142 4872 quas
1199 4799 1304 4871 ipsi
1347 4799 1598 4855 offerunt.
1654 4800 1769 4872 Ego
1830 4799 2090 4855 Dominus

495 4891 576 4965 [h.
601 4901 661 4948 ut
680 4908 785 4949 non
807 4895 1190 4950 contaminent
1213 4907 1413 4949 nomen
1436 4901 1680 4948 sanctum
1710 4907 1891 4948 meum
1919 4892 1973 4946 in
2008 4890 2093 4947 his

491 5001 616 5056 quae
655 4987 986 5042 sanctiﬁcata
1017 4996 1144 5042 sunt
1174 4987 1329 5042 mihi.
1364 4986 1480 5057 Ego
1510 4983 1833 5056 Dominus].
1885 4985 1980 5040 Dic
2019 4983 2091 5039 ad

493 5093 588 5134 eos
619 5087 674 5134 et
701 5077 769 5133 ad
801 5088 1050 5148 posteros
1072 5095 1262 5136 eorum
1291 5099 1302 5132 :
1331 5078 1521 5135 Omnis
1553 5078 1716 5132 homo
1768 5077 1858 5148 qui
1909 5091 2094 5133 acces-

491 5175 628 5230 serit
655 5173 723 5230 de
745 5174 913 5244 stirpe
943 5183 1132 5230 vestra
1161 5174 1228 5230 ad
1257 5189 1319 5230 ea
1349 5189 1470 5244 qua:
1496 5181 1815 5234 consecrata
1849 5179 1998 5238 sunt,
2032 5180 2090 5227 et

491 5282 612 5339 qua:
645 5266 961 5322 obtulerunt
988 5266 1080 5322 ﬁlii
1124 5267 1286 5324 Israel
1319 5267 1550 5322 Domino
1571 5309 1592 5332 ,
1631 5265 1684 5320 in
1723 5280 1834 5336 quo
1863 5272 1946 5319 est
1981 5264 2084 5319 im-

496 5360 784 5428 munditia,
817 5361 1016 5432 peribit
1035 5376 1217 5418 coram
1248 5360 1497 5417 Domino.
1519 5359 1636 5431 Ego
1658 5374 1778 5414 sum
1803 5357 2082 5413 Dominus.

490 5454 667 5510 Ilomo
711 5453 780 5510 de
809 5453 1017 5510 semine
1069 5455 1274 5521 Aaron,
1324 5453 1419 5524 qui
1467 5451 1628 5508 fuerit
1678 5451 1946 5521 leprosos,
1995 5460 2088 5506 aut

489 5548 701 5619 patiens
751 5546 956 5603 fluxum
1001 5546 1246 5616 seminis,
1301 5560 1408 5602 non
1438 5553 1690 5603 vescetur
1735 5545 1803 5600 de
1837 5544 1923 5599 his
1965 5559 2085 5616 quae

563 5714 587 5742 α
621 5703 898 5770 Ilebrteus,
922 5703 1070 5761 Sam.
1091 5712 1146 5760 et
1175 5702 1318 5760 LXX
1343 5703 1527 5776 legunt
1557 5703 1608 5758 in
1635 5703 1847 5775 plurali,
1873 5703 2078 5772 ducent,

487 5776 762 5845 accipient,
785 5786 840 5832 et
864 5775 1006 5847 quod
1030 5776 1346 5832 immediate
1366 5775 1632 5847 sequitur,
1664 5777 1784 5845 quia
1815 5793 2084 5831 consecra-

489 5858 571 5906 tus
593 5858 663 5904 est
688 5848 798 5905 Deo
819 5865 935 5919 suo,
960 5851 1012 5905 in
1033 5849 1324 5922 singulari;
1355 5848 1480 5906 licet
1499 5848 1680 5905 omnia
1704 5847 1822 5905 haec
1842 5849 1912 5904 ad
1932 5863 2084 5906 eum~

2197 4715 2303 4770 que
2330 4699 2612 4755 adnlebitis
2641 4713 2706 4753 ex
2732 4699 2813 4754 eis
2838 4714 3005 4769 super
3033 4699 3208 4754 altare
3239 4699 3500 4757 Domini.
3538 4701 3746 4756 Bovem
3773 4706 3825 4751 et

2195 4807 2352 4847 ovem
2387 4807 2518 4847 aure
2557 4801 2613 4846 et
2657 4791 2829 4847 cauda
2877 4792 3196 4862 amputatis,
3238 4792 3588 4850 voluntarie
3636 4792 3829 4849 offerre

2197 4896 2350 4957 potes
2375 4886 2456 4959 [h.
2486 4887 2682 4942 bovem
2719 4896 2774 4942 et
2797 4901 2986 4952 ovem,
3020 4902 3142 4956 qua:
3169 4887 3536 4956 generaliter
3568 4888 3698 4960 plus
3735 4885 3831 4940 mi-

2197 4995 2366 5036 nusve
2417 4980 2698 5045 habuerit,
2745 4979 3049 5035 voluntarie
3103 4978 3310 5035 offerre
3365 4981 3594 5053 potes],
3650 4987 3831 5035 votum

2197 5084 2378 5130 autem
2407 5082 2499 5130 ex'
2521 5073 2604 5128 his
2649 5071 2791 5129 solvi
2821 5089 2930 5128 non
2951 5082 3153 5143 potest.
3198 5070 3396 5130 Omne
3430 5075 3650 5129 animal
3692 5069 3834 5144 quod

2191 5167 2277 5222 vel
2307 5167 2578 5233 contritis,
2611 5167 2696 5222 vel
2725 5166 2925 5233 tunsis,
2968 5167 3052 5223 vel
3100 5165 3277 5222 sectis
3313 5168 3655 5239 ablatisque
3683 5166 3835 5223 testi—

2191 5257 2332 5313 culis
2377 5267 2481 5323 est,
2531 5273 2637 5314 non
2684 5258 2924 5315 ofl'eretis
2972 5258 3222 5325 Domino,
3266 5260 3422 5316 etin
3459 5271 3617 5317 terra
3654 5269 3837 5316 vestra

2195 5350 2298 5406 hoc
2338 5351 2562 5408 omnino
2605 5367 2673 5408 ne
2718 5352 2950 5408 faciatis.
3004 5353 3080 5408 De
3121 5367 3292 5408 manu
3339 5355 3699 5428 alienigena:
3733 5371 3840 5410 non

2194 5445 2433 5502 oﬁ‘eretis
2464 5461 2631 5518 panes
2676 5447 2788 5504 Deo
2822 5457 3034 5514 vestro,
3081 5457 3137 5504 et
3171 5445 3467 5519 quidquid
3510 5451 3674 5507 aliud
3705 5450 3839 5506 dare

2196 5539 2426 5597 voluerit
2473 5560 2483 5594 :
2533 5543 2662 5613 quia
2716 5548 2969 5612 corrupta
3008 5549 3059 5597 et
3095 5539 3389 5597 maculata
3425 5555 3564 5600 sunt
3608 5543 3840 5613 omnia,

2191 5704 2312 5761 dem
2343 5705 2685 5781 sacerdotem
2704 5703 3044 5781 referantur.
3076 5700 3517 5781 MeliusAitaqu‘e
3549 5708 3763 5781 legitur
3792 5708 3844 5764 in

2189 5792 2397 5834 canone
2426 5778 2564 5833 Hel).
2598 5777 2762 5832 verit.
2795 5791 2858 5831 ac
2888 5777 2942 5830 in
2975 5789 3107 5831 mss.
3142 5776 3430 5834 omnibus
3459 5776 3710 5843 Latinis,
3738 5781 3841 5834 du-

2190 5861 2290 5920 cet,
2319 5849 2490 5919 offert,
2523 5858 2849 5906 consecratus
2876 5857 2974 5918 est,
3007 5848 3073 5903 sit
3105 5856 3357 5920 sanctus,
3397 5861 3520 5908 etc.
3550 5853 3744 5913 ΜΑιιτ.
