3912 6348
193 268 267 327 ὅξθ

1452 252 1652 311 LIBER
1689 255 2022 315 LEVITICI-

3284 260 3389 317 530

189 389 267 430 non
291 364 537 436 suscipietis
562 378 623 421 ea
652 362 729 440 ]h.
760 364 837 420 De
863 377 1024 419 manu
1046 364 1364 436 alienigena:
1400 382 1506 422 non
1546 368 1680 423 ofTe-
1709 379 1761 438 Α
1789 369 1941 424 mitti.
1970 368 2324 439 Offeretisque
2351 382 2471 424 cum
2503 367 2734 440 panibus
2763 375 2971 441 septem
3002 386 3170 441 agnos
3202 373 3393 428 imma-

189 468 282 523 retis
313 476 443 534 panes
473 460 573 514 Deo
596 468 776 515 vestro
803 458 871 515 de
895 460 1142 515 omnibus
1168 461 1305 527 istis,
1337 462 1459 530 quia
1498 477 1683 517 corru-

186 572 248 632 pta
280 568 321 612 et
355 554 583 611 maculata
633 564 759 607 sunt
804 554 1019 619 omnia;
1068 568 1174 608 non
1220 553 1526 623 suscipietis
1573 553 1681 625 ea].

187 655 445 722 Locutusque
468 657 540 705 est
569 648 823 703 Dominus
845 648 911 703 ad
939 648 1148 714 Mosen,
1172 648 1388 704 dicens:
1418 649 1541 714 Bos,
1567 648 1685 704 ovis

183 758 377 815 eteapra,
403 758 507 797 cum
536 742 711 813 genita
760 740 980 806 fuerint,
1024 751 1234 812 septem
1280 742 1472 798 diebus
1522 752 1685 798 erunt

185 840 254 896 sub
272 838 402 893 ubere
428 835 595 890 matris
621 850 734 890 sua:
760 851 773 888 :
804 834 890 891 die
915 846 1095 890 autem
1118 845 1331 902 octavo,
1356 844 1409 891 et
1430 834 1686 905 deinceps

181 932 314 989 offerri
336 940 555 1001 poterunt
585 929 837 985 Domino.
870 930 995 986 Sive
1021 930 1110 985 illa
1141 930 1259 994 bos,
1285 931 1400 986 sive
1428 930 1517 985 illa
1541 929 1681 995 ovis,

183 1043 255 1080 non
293 1024 667 1079 immolabantur
717 1038 820 1078 una
870 1022 957 1079 die
1001 1038 1122 1078 cum
1178 1022 1375 1078 fetibus
1424 1023 1557 1077 suis.
1603 1021 1686 1094 [(1.

179 1116 357 1189 LXXII]
405 1116 456 1172 Si
508 1115 919 1172 immolaveritis
969 1115 1201 1171 hostiam
1247 1130 1345 1186 pro
1396 1116 1689 1187 gratiarum

178 1216 332 1269 actione
360 1212 581 1278 Domino,
617 1223 674 1266 ιιι
704 1212 875 1283 possit
905 1204 1027 1267 esse
1056 1210 1353 1282 placabilis,
1384 1210 1575 1266 eodem
1603 1208 1692 1264 die

179 1309 402 1365 comedetis
424 1324 531 1363 cam
556 1308 633 1378 ]h.
663 1308 851 1363 eodem
877 1307 967 1362 die
992 1306 1351 1376 comedetnr],
1380 1322 1485 1361 non
1517 1321 1693 1359 rema-

180 1401 370 1473 nebit]h.
402 1416 495 1457 non
528 1401 829 1455 remanebit
860 1417 925 1455 ex
955 1415 1016 1455 ea
1067 1398 1358 1470 quidquam
1408 1397 1461 1452 in
1515 1397 1693 1468 mane]

175 1497 395 1567 quidquam
423 1496 471 1550 in
504 1510 663 1550 mane
692 1494 912 1549 alterius
941 1493 1069 1549 diei.
1109 1494 1217 1564 Ego
1260 1492 1553 1547 Dominus:
1585 1492 1693 1545 Cu-

176 1590 321 1646 stodite
341 1588 568 1642 mandata
601 1603 746 1652 mea,
778 1596 833 1642 et
860 1588 1018 1642 facile
1046 1601 1127 1642 ea.
1163 1584 1278 1657 Ego
1304 1585 1582 1640 Dominus.
1617 1583 1696 1639 Ne

174 1684 367 1757 pullttatis
403 1698 590 1739 nomen
638 1698 818 1738 meum
868 1692 1135 1746 sanctum,
1184 1690 1243 1735 ut
1288 1681 1594 1735 sanctificer
1642 1678 1694 1733 in

1787 462 1993 517 culatos
2036 460 2337 525 anniculos.
2381 470 2438 517 et
2479 461 2707 517 vitulum
2749 462 2817 518 de
2845 474 3091 519 armento
3123 482 3307 533 unum,
3342 481 3396 523 et.

1787 554 1983 610 arietes
2011 554 2165 620 duos,
2200 563 2256 609 et
2278 553 2512 610 eruntin
2535 554 2910 611 holocaustum
2930 572 3053 612 cum
3082 557 3393 615 libamentis

1788 649 1923 714 suis,
1970 648 2021 702 in
2067 648 2289 703 odorem
2337 647 2715 703 suavissimum
2769 649 3015 705 Domino.
3065 649 3297 706 Facietis
3340 662 3397 706 et

1790 738 1998 796 hircum
2030 740 2105 811 ]h.
2131 740 2436 812 caprarum]
2484 757 2581 811 pro
2631 753 2886 812 peccato,
2939 744 3183 815 duosque
3224 762 3392 817 agnos

1791 834 2073 889 anniculos
2094 835 2295 889 hostias
2319 833 2689 903 paeificorum.
2714 834 2961 904 Cumque
2982 838 3279 893 elevaverit
3301 855 3397 896 eos

1792 927 2046 985 sacerdos
2072 942 2192 982 cum
2237 928 2463 996 panibus
2503 928 2863 997 primitiarum
2908 946 3091 985 coram
3138 932 3394 1000 Domino,

1793 1021 1989 1078 cedent
2017 1022 2069 1077 in
2103 1037 2256 1078 usum
2287 1022 2405 1093 ejus
2445 1022 2520 1093 ]h.
2567 1024 2815 1078 sanctitas
2858 1034 3007 1079 erunt
3057 1025 3283 1082 Domino
3328 1030 3399 1082 ad

1794 1117 2177 1187 sacerdotem].
2208 1118 2275 1173 Et
2304 1118 2571 1174 vocabitis
2604 1118 2748 1173 hunc
2784 1118 2928 1174 diem
2977 1119 3393 1177 celeberrimum

1796 1220 1958 1283 atque
1986 1212 2387 1267 sanctissimum
2413 1230 2424 1266 :
2453 1228 2617 1268 omne
2644 1228 2783 1283 opus
2810 1214 3009 1270 servile
3039 1230 3145 1270 non
3184 1216 3399 1272 facietis

1797 1308 1850 1363 in
1878 1323 1963 1363 eo.
1998 1308 2321 1378 Legitimum
2349 1310 2738 1380 sempiternum
2771 1311 2872 1366 erit
2912 1312 2962 1366 in
2992 1315 3203 1369 cunctis
3242 1315 3398 1371 habi-

1800 1402 2027 1468 taculis,
2079 1410 2135 1456 et
2159 1404 2600 1472 generationibus
2630 1403 2843 1459 vestris.
2886 1404 3174 1476 Postquam
3216 1420 3397 1463 autem

1800 1493 2134 1548 messueritis
2164 1503 2400 1565 segetem
2435 1494 2511 1564 ]h.
2544 1494 2609 1549 Et
2637 1511 2751 1549 cum
2784 1499 3097 1552 messueritis
3137 1502 3398 1571 segetem]

1802 1596 1962 1644 terra:
1988 1598 2204 1655 vestrae,
2235 1605 2341 1645 non
2381 1590 2638 1645 secabitis
2687 1606 2807 1645 eam
2855 1607 3025 1664 usque
3070 1595 3138 1648 ad
3183 1596 3400 1651 solum:

1801 1697 1903 1738 nec
1927 1692 2271 1740 remanentes
2296 1684 2474 1755 spicas
2504 1685 2796 1754 colligetis,
2835 1686 2929 1741 sed
2982 1689 3305 1757 pauperibus
3351 1698 3407 1745 et

173 1778 302 1834 taedio
338 1778 549 1832 filiorum
602 1776 791 1831 Israel.
842 1775 956 1845 Ego
1008 1775 1265 1829 Dominus
1302 1776 1391 1844 qui
1421 1772 1699 1829 sanctifico
1739 1783 1779 1846 Β
1806 1777 2107 1846 peregrinis
2148 1777 2431 1832 dimittatis
2482 1792 2598 1832 eas.
2650 1778 2763 1847 Ego
2811 1793 2930 1833 sum
2976 1780 3233 1837 Dominus
3264 1782 3408 1838 Deus

172 1888 250 1940 vos,
278 1882 321 1927 et
342 1871 487 1927 eduxi
519 1872 591 1927 de
644 1881 786 1926 terra
822 1868 1075 1940 Egypti,
1127 1878 1185 1924 ut
1229 1882 1405 1923 essent
1448 1867 1599 1923 vobis
1647 1866 1700 1921 in

172 1964 310 2021 Deum.
335 1965 434 2033 Ego
465 1963 751 2019 Dominus.

218 2059 279 2129 [Β.
310 2058 429 2124 XIII,
460 2058 519 2115 Ο.
549 2056 790 2124 LXXVI,
819 2056 945 2126 Cap.
980 2054 1192 2126 XXIII.]
1234 2055 1578 2124 Locutusque
1621 2063 1704 2109 est

169 2151 370 2207 Dominus
396 2152 457 2207 ad
497 2151 707 2217 Mosen,
737 2149 963 2206 dicens:
997 2149 1243 2219 Loquere
1274 2148 1393 2202 filiis
1426 2146 1615 2210 Israel.
1650 2156 1705 2201 et

168 2243 274 2300 dices
292 2245 346 2299 ad
375 2261 464 2300 eos
484 2262 503 2299 :
537 2245 635 2299 Ila:
663 2253 785 2299 sunt
814 2242 967 2298 ferite
996 2240 1230 2307 Domini,
1262 2256 1395 2312 quas
1444 2240 1703 2295 vocabitis

167 2339 481 2396 sanctas:Scx
524 2339 719 2395 diebus
770 2336 980 2393 facietis
1029 2351 1204 2406 opus:
1254 2334 1371 2390 dies
1416 2334 1701 2404 septimus,

164 2436 252 2504 quia
287 2434 475 2491 sabbati
527 2433 750 2506 requies
796 2441 901 2501 est,
951 2432 1231 2488 vocabitur
1261 2439 1504 2485 sanctus.
1533 2427 1707 2483 Omne

164 2542 369 2595 apusnon
392 2529 602 2586 facietis
628 2528 683 2583 itt
713 2543 814 2584 eo:
846 2527 1127 2583 sabbatum
1156 2524 1369 2580 Domini
1397 2531 1483 2579 est
1503 2522 1555 2577 in
1576 2536 1707 2576 cun-

163 2621 235 2676 ctis
275 2620 687 2679 habitationibus
726 2623 941 2678 vestris.
992 2618 1074 2693 ]C.
1125 2618 1410 2689 LXXVII.]
1462 2617 1554 2671 lla:
1584 2623 1710 2671 sunt

160 2726 257 2785 ergo
297 2718 429 2772 feria:
476 2716 694 2771 Domini
745 2723 967 2783 sanctae,
1018 2728 1153 2785 quas
1194 2713 1471 2767 celebrare
1496 2708 1708 2765 debetis

163 2810 438 2877 temporibus
488 2810 629 2866 suis.
664 2808 850 2864 Mense
892 2808 1096 2877 primo,
1147 2815 1336 2878 quarta
1366 2804 1576 2860 decima
1622 2804 1710 2859 die

160 2903 318 2955 mensis
343 2904 403 2959 ad
433 2920 725 2975 vesperum
753 2903 925 2959 Phase
955 2901 1166 2957 Domini
1194 2911 1298 2968 est,
1327 2909 1381 2956 ct
1406 2905 1588 2971 quinta
1617 2899 1712 2956 de-

163 2994 267 3048 cima
286 2995 362 3052 die
390 2999 597 3053 mensis
622 2997 803 3069 hujus,
826 2995 1143 3052 solemnitas
1164 3008 1476 3065 azymorum
1502 2992 1712 3048 Domini

163 3099 240 3144 est.
264 3091 463 3159 Septem
494 3092 694 3149 diebus
738 3106 924 3165 azyma
973 3088 1289 3147 comedetis.
1339 3088 1462 3143 Dies
1510 3087 1715 3158 primus

1806 1881 1989 1926 vester
2016 1872 2101 1940 ]'I‘.
2133 1870 2251 1938 XV,
2288 1872 2349 1926 Ο.
2398 1869 2658 1941 LXXIV.|
2700 1871 3043 1943 Loeutusque
3092 1884 3176 1929 est
3226 1874 3411 1931 Domi-

1806 1980 1909 2020 nus
1948 1965 2013 2019 ad
2057 1965 2260 2031 Mosen,
2297 1964 2524 2020 dicens:
2554 1964 2801 2035 Loquere
2831 1966 2955 2021 filiis
2987 1967 3149 2023 Israel
3176 1985 3190 2021 :
3223 1967 3410 2025 Mense

1807 2059 2057 2129 septimo,
2092 2060 2262 2129 prima
2291 2058 2381 2114 die
2412 2059 2651 2127 mensis,
2681 2060 2785 2113 erit
2806 2059 2959 2114 vobis
2986 2060 3266 2115 sabbatum
3297 2079 3413 2119 me-

1807 2153 2055 2220 moriale,
2089 2153 2468 2223 clangentibus
2500 2152 2666 2218 tubis,
2701 2162 2754 2206 et
2791 2153 3074 2207 vocabitur
3113 2166 3363 2211 sanctum
3394 2175 3408 2212 :

1796 2262 1971 2302 omne
1996 2262 2132 2317 opus
2162 2246 2361 2302 servile
2388 2262 2496 2301 non
2524 2245 2733 2301 facietis
2763 2246 2814 2299 in
2843 2263 2899 2301 eo
2933 2246 3008 2318 ]h.
3044 2264 3150 2302 non
3181 2248 3365 2321 habet]
3392 2292 3407 2317 ,

1810 2352 1865 2399 et
1911 2340 2150 2397 offerctis
2201 2341 2574 2395 holocaustum
2637 2340 2884 2395 Domino.
2938 2340 3283 2411 Locutusque
3331 2354 3413 2398 est

1810 2438 2071 2493 Dominus
2108 2436 2173 2491 ad
2218 2437 2427 2505 Mosen,
2458 2436 2677 2491 dicens:
2708 2435 2931 2491 Decimo
2959 2437 3047 2491 die
3082 2439 3285 2491 mensis
3314 2440 3415 2491 hu-

1804 2530 1895 2601 jus
1940 2529 2176 2600 septimi,
2224 2528 2343 2584 dies
2388 2527 2753 2597 expiationum
2782 2528 2886 2583 erit
2917 2528 3327 2597 celeberrimus,
3364 2540 3418 2585 et

1812 2623 2091 2680 vocabitur
2116 2630 2366 2677 sanctus:
2392 2620 2752 2691 affligetisque
2774 2622 2988 2675 animas
3016 2630 3225 2676 vestras
3251 2622 3301 2675 iu
3326 2636 3415 2684 eo,

1812 2729 1869 2775 et
1893 2717 2134 2773 offeretis
2177 2716 2553 2771 holocaustum
2587 2715 2837 2770 Domino.
2870 2714 3041 2769 Omne
3064 2730 3199 2785 opus
3229 2714 3416 2787 [γαίῃ.

1811 2813 1939 2868 add.
1964 2810 2183 2882 servile]
2208 2824 2312 2865 non
2334 2808 2541 2865 facietis
2563 2808 2617 2863 in
2650 2818 2894 2878 tempore
2925 2809 3029 2864 diei
3066 2810 3223 2878 hujus
3250 2828 3262 2864 :
3295 2809 3421 2880 quia

1813 2907 1932 2963 dies
1957 2904 2355 2978 prOpitiationis
2383 2913 2485 2969 est,
2517 2911 2576 2959 ut
2602 2904 2930 2974 propitietur
2965 2904 3115 2959 vobis
3158 2904 3423 2959 Dominus

1814 3001 1958 3057 Deus
1988 3008 2190 3055 vester.
2215 2997 2405 3053 Omnis
2434 2996 2636 3061 anima,
2668 3011 2789 3066 quae
2813 2996 3009 3051 afflicta
3044 3010 3147 3050 non
3172 2995 3333 3051 fuerit
3370 2996 3423 3051 in

1815 3094 1903 3150 die
1921 3094 2043 3159 hoc,
2062 3092 2259 3163 peribit
2277 3091 2342 3146 de
2360 3092 2576 3161 populis
2597 3090 2729 3155 suis,
2747 3098 2801 3143 et
2818 3106 2936 3160 qua:
2954 3090 3135 3159 operis
3148 3089 3421 3160 quidpiam

160 3179 237 3234 erit
285 3184 423 3239 vobis
483 3184 883 3241 celeberrimus
936 3192 1308 3252 sanctusque:
1367 3195 1530 3236 omne
1578 3194 1713 3247 opus

1820 3188 2031 3255 fecerit,
2056 3186 2250 3242 delebo
2290 3200 2409 3241 eam
2442 3185 2509 3240 de
2542 3185 2739 3255 populo
2768 3198 2886 3239 suo.
2919 3184 3058 3239 Nihil
3089 3200 3218 3255 ergo
3246 3186 3426 3253 aperis

155 3277 307 3333 servile
343 3295 445 3335 non
497 3278 712 3335 facietis
747 3279 801 3332 in
838 3294 895 3332 eo
941 3276 1018 3349 ]h.
1072 3293 1178 3331 non
1212 3275 1414 3347 habet],
1457 3273 1551 3329 sed
1580 3272 1714 3328 offe-

155 3371 255 3423 rctis
279 3373 596 3429 sacrificium
645 3373 698 3427 in
737 3373 857 3442 igne
887 3370 1118 3426 Domino
1148 3377 1354 3439 septem
1386 3366 1594 3423 diebus.
1629 3364 1712 3437 ]C.

153 3461 433 3538 LXXVIII.].
486 3467 620 3522 Dies
656 3474 838 3520 autem
878 3464 1140 3535 septimus
1187 3463 1295 3517 erit
1340 3459 1611 3515 celebrior
1660 3468 1716 3513 et

152 3558 365 3625 sanctior,
394 3560 723 3630 nullumque
750 3557 952 3614 servile
979 3572 1114 3626 opus
1142 3556 1355 3611 facietis
1387 3552 1712 3626 ]Vulg.add.

151 3649 189 3703 in
209 3652 298 3721 eo].
326 3652 677 3725 Locutusque
708 3661 792 3708 est
816 3650 1076 3706 Dominus
1118 3648 1184 3704 ad
1227 3647 1436 3712 Mosen,
1486 3645 1713 3701 dicens;

151 3738 355 3814 Loquere
398 3747 530 3803 filiis
583 3745 776 3813 Israel,
821 3753 876 3799 et
898 3744 1046 3799 dices
1073 3742 1138 3796 ad
1170 3755 1301 3797 eos:
1333 3739 1469 3795 Cum
1492 3736 1718 3810 ingressi

148 3838 318 3896 fueritis
340 3852 575 3910 terram,
604 3856 767 3912 quam
788 3855 888 3911 ego
918 3839 1057 3895 dabo
1098 3837 1271 3903 vobis,
1302 3845 1355 3891 et
1386 3833 1719 3890 messueritis

149 3943 368 4005 segetem,
403 3936 604 3993 feretis
638 3934 943 4004 manipulos
964 3932 1259 4002 spicarum.
1286 3927 1552 3999 primitias
1579 3940 1721 3982 mes-

146 4026 202 4079 sis
223 4041 425 4094 vestras,
452 4030 527 4086 ad
558 4028 942 4085 sacerdotem:
994 4025 1086 4096 qui
1128 4024 1361 4081 elevabit
1408 4021 1721 4078 fasciculum

148 4136 294 4178 coram
348 4127 614 4192 Domino,
665 4135 723 4181 ut
750 4122 1085 4193 acceptabile
1112 4122 1182 4177 sit
1216 4136 1313 4192 pro
1344 4119 1520 4187 vobis,
1552 4118 1723 4174 altero

145 4213 209 4270 die
231 4218 453 4287 sabbati,
488 4229 553 4275 et
578 4216 939 4274 sanctificabit
970 4215 1117 4270 illum
1148 4232 1160 4269 :
1204 4216 1381 4284 Atque
1432 4213 1486 4267 in
1532 4210 1725 4267 eodem

147 4305 213 4363 the
245 4327 345 4383 quo
385 4310 711 4384 manipulus
746 4318 1116 4374 consecratur,
1150 4306 1389 4363 caedetur
1418 4320 1589 4375 agnus
1621 4302 1727 4358 im-

143 4404 449 4472 maculatus,
503 4401 796 4457 anniculus
846 4401 899 4455 itt
952 4399 1321 4455 holocaustum
1375 4395 1605 4452 Domini.
1663 4396 1730 4449 Et

145 4489 401 4550 libamenta
444 4496 759 4553 offerantur
791 4511 913 4551 cum
961 4510 1045 4560 eo,
1100 4493 1223 4548 duae
1269 4492 1494 4549 decima:
1538 4489 1731 4545 sitnilm

1818 3282 2026 3339 facietis
2055 3282 2108 3335 in
2129 3298 2185 3336 eo
2216 3281 2293 3351 ]h.
2321 3293 2427 3334 non
2452 3278 2631 3350 habet]
2654 3296 2667 3333 :
2706 3278 3004 3346 legitimum
3031 3282 3425 3346 sempiternum

1820 3376 1926 3431 erit
1967 3374 2123 3430 vobis
2156 3374 2207 3427 in
2226 3372 2437 3427 cunctis
2457 3370 2897 3442 generationibus
2923 3379 2978 3425 et
3006 3370 3429 3427 habitationibus

1819 3468 2036 3524 vestris.
2062 3465 2355 3522 Sabhatum
2379 3464 2732 3535 requietionis
2754 3473 2855 3528 est,
2876 3471 2931 3519 et
2947 3464 3197 3534 affligens
3218 3469 3429 3521 animas

1821 3569 2031 3617 vestras
2053 3560 2139 3615 die
2165 3574 2307 3614 nono
2330 3548 2531 3614 menSis
2563 3571 2590 3611 a
2620 3571 2844 3628 vespera
2868 3572 3038 3628 usque
3057 3556 3135 3630 [h.
3166 3558 3430 3628 Affligetis

1823 3652 2030 3707 animas
2050 3660 2239 3706 vestras
2256 3650 2342 3705 die
2368 3664 2505 3705 nona
2526 3650 2713 3703 mensis
2732 3648 2799 3703 ad
2818 3663 3124 3718 vesperam,
3149 3664 3179 3703 a
3202 3666 3430 3721 vespera

1825 3745 2005 3816 usque]
2030 3744 2095 3799 ad
2117 3758 2398 3814 vesperam
2418 3741 2760 3798 celebrabitis
2785 3742 3007 3796 sabbata
3039 3751 3242 3800 vestra.
3268 3744 3331 3798 Et
3356 3743 3435 3799 lo-

1824 3850 1981 3897 eutus
2015 3848 2099 3894 est
2133 3838 2388 3891 Dominus
2426 3836 2491 3891 ad
2530 3834 2736 3901 Mosen,
2767 3835 2996 3891 dicens:
3032 3835 3281 3907 Loquere
3314 3836 3436 3893 filiis

1827 3932 1991 3988 Israel
2010 3949 2024 3988 :
2044 3932 2088 3986 A
2106 3930 2293 3997 quinto
2305 3929 2517 3985 decimo
2534 3928 2623 3984 die
2648 3928 2852 3984 mensis
2868 3928 3025 3997 hujus
3043 3927 3260 3998 septimi
3274 3940 3438 3985 erunt

1831 4025 1982 4081 feriae
2027 4023 2502 4080 tabernaculorum
2552 4032 2761 4092 septem
2793 4022 2984 4077 diebus
3016 4022 3265 4079 Domino.
3312 4025 3436 4080 Dies

1830 4117 2039 4189 primus
2066 4117 2345 4172 vocabitur
2373 4115 2761 4172 celeberrimus
2810 4127 2972 4188 atque
3018 4116 3393 4173 sanctissimus
3424 4135 3434 4171 :

1832 4226 1994 4267 omne
2023 4226 2156 4281 opus
2180 4210 2379 4266 servile
2402 4225 2510 4265 non
2534 4209 2743 4265 facietis
2776 4211 2827 4264 in
2859 4226 2916 4264 eo
2950 4211 3038 4283 ]h.
3065 4227 3172 4267 non
3224 4212 3430 4283 habet].

1835 4307 1904 4362 Et
1931 4313 2142 4375 septem
2172 4304 2366 4360 diebus
2395 4303 2638 4360 offeretis
2669 4303 2985 4359 holocausta
3021 4305 3280 4370 Domino;
3315 4304 3433 4361 dies

1834 4417 2050 4475 quoque
2077 4410 2302 4457 octavus
2351 4400 2456 4455 erit
2504 4399 2895 4455 celeberrimus
2934 4408 3097 4469 atque
3151 4398 3433 4454 sanctissi-

1837 4512 1979 4562 tnns,
2000 4505 2055 4551 et
2082 4494 2327 4550 offeretis
2350 4492 2723 4547 holocaustum
2753 4490 2983 4545 Domino
3010 4508 3023 4545 :
3047 4499 3129 4546 est
3149 4493 3295 4545 enim
3320 4507 3434 4548 cm-

139 4602 420 4660 wuspersze
447 4593 587 4649 oleo
614 4592 667 4645 itt
694 4592 969 4646 incensum
1002 4589 1231 4654 Domini,
1258 4587 1589 4656 odoremque
1610 4599 1734 4639 sua-
1760 4623 1814 4684 Ι)
1840 4598 1927 4643 tus
1950 4598 2113 4653 atque
2143 4587 2384 4643 collectae
2416 4604 2430 4641 :
2466 4600 2629 4639 omne
2662 4598 2798 4653 opus
2822 4583 3021 4638 servile
3066 4600 3172 4637 non
3220 4583 3435 4640 facietis

142 4683 419 4741 rissimum:
454 4688 573 4742 liba
596 4702 811 4759 quoque
838 4685 968 4753 vini,
996 4692 1185 4755 quarta
1212 4698 1335 4754 pars
1364 4681 1477 4735 ltiti.
1507 4680 1730 4745 Panem,

139 4784 181 4828 et
205 4780 476 4845 polentam
499 4821 517 4845 ,
558 4790 613 4835 et
644 4780 819 4849 pultes
852 4777 939 4847 ]h.
971 4779 1166 4845 spicam
1205 4774 1449 4846 teneram]
1496 4789 1601 4829 non
1640 4788 1734 4829 co-

140 4871 340 4928 medelis
372 4890 443 4929 ex
492 4881 707 4944 segete,
750 4888 919 4944 usque
957 4871 1025 4927 ad
1064 4872 1228 4938 diem,
1275 4886 1378 4940 qua
1405 4869 1641 4926 offeretis
1673 4885 1738 4924 ex

138 4982 189 5021 ea
208 4970 310 5027 Deo
336 4982 567 5027 vestro.
598 4970 933 5039 Praeceptum
960 4976 1046 5023 est
1072 4965 1462 5038 sempiternum
1496 4966 1548 5020 in
1577 4978 1739 5035 gene-

138 5065 439 5135 rationibus,
476 5064 805 5132 eunctisque
852 5062 1171 5117 habitaculis
1217 5059 1432 5116 vestris.
1479 5058 1742 5114 Numera-

1842 4682 1897 4736 in
1921 4698 1979 4735 eo
2002 4679 2083 4752 ]h.
2109 4694 2215 4733 non
2242 4676 2450 4748 habet].
2477 4678 2572 4731 Ila:
2596 4684 2724 4732 sunt
2748 4676 2897 4731 ferite
2922 4675 3157 4744 Domini,
3184 4692 3317 4747 quas
3340 4693 3440 4733 vo-

1844 4775 2042 4830 eabitis
2100 4769 2488 4827 celeberrimas
2554 4778 2719 4839 atque
2780 4769 3195 4836 sanctissimas,
3244 4770 3439 4828 offere-

1847 4869 2025 4939 tisque
2056 4866 2111 4921 itt
2142 4867 2223 4921 eis
2260 4864 2570 4920 oblationes
2600 4862 2868 4930 Domino,
2914 4862 3225 4918 holocausta
3275 4874 3330 4920 et
3378 4864 3443 4920 Ii-

1847 4963 2101 5019 hamenta
2167 4959 2318 5030 juxta
2359 4958 2523 5014 ritum
2577 4957 3003 5026 uniuscujusque
3042 4957 3149 5013 diei
3204 4976 3217 5011 :
3277 4975 3439 5015 exce-

1850 5057 1958 5124 ptis
2016 5053 2258 5109 sabbatis
2307 5050 2556 5115 Domini,
2618 5047 2883 5119 donisque
2928 5049 3170 5116 vestris,
3232 5058 3444 5122 etquae

1845 5148 2088 5205 offeretis
2112 5161 2178 5203 ex
2205 5154 2354 5213 voto,
2388 5144 2471 5201 vel
2493 5158 2614 5216 qua:
2640 5151 2838 5213 Sponte
2884 5142 3138 5200 tribuetis
3188 5145 3441 5201 Domino.

133 5156 237 5215 bitis
264 5176 400 5233 ergo
433 5162 517 5215 ab
544 5159 719 5214 altero
747 5158 838 5214 die
859 5157 1091 5227 sabbati,
1117 5158 1171 5212 in
1198 5172 1304 5227 quo
1328 5154 1599 5212 obtulistis
1621 5169 1737 5209 ma-

136 5252 358 5321 nipulum
392 5252 801 5325 primitiarum,
840 5260 1048 5321 septem
1099 5248 1467 5305 hebdomadas
1514 5249 1699 5317 plenas
1727 5286 1740 5311 ,

132 5360 283 5417 usque
303 5349 375 5404 ad
400 5348 653 5403 alteram
674 5345 816 5401 diem
841 5343 1171 5412 eXpletionis
1195 5340 1552 5399 hebdomadac
1578 5340 1744 5409 scpli'

134 5452 238 5506 mai,
268 5441 321 5495 id
352 5451 469 5506 est,
508 5438 909 5511 quinquaginta
938 5436 1077 5505 dies,
1110 5445 1167 5492 et
1193 5436 1270 5492 sic
1299 5435 1540 5492 offeretis
1570 5433 1743 5489 sacri-

129 5531 292 5588 ﬁcium
322 5548 553 5591 novum
584 5531 805 5586 Domino
822 5547 889 5586 ex
914 5530 1162 5586 omnibtts
1189 5527 1509 5583 habitaculis
1529 5524 1748 5591 vestris,

131 5637 282 5692 panes
331 5625 719 5697 primitiarum
769 5623 905 5679 duos
957 5624 1032 5693 ]h.
1084 5625 1158 5678 lix
1204 5621 1524 5677 habitaculis
1554 5618 1750 5675 vestris

129 5720 360 5777 ederetis
394 5733 593 5791 panes
619 5718 972 5788 primitiarnm
1006 5718 1163 5788 duos]
1188 5716 1253 5773 de
1280 5715 1495 5771 duabus
1526 5713 1751 5769 decimis

130 5812 313 5869 similae
366 5813 760 5877 fermentatse,
806 5827 939 5883 quos
991 5811 1232 5881 enquetis
1273 5812 1323 5867 in
1358 5807 1621 5881 primitias
1650 5809 1753 5865 Do-

572 5906 837 5968 PATROL.
889 5906 1191 5969 XXVIII.

1844 5244 1893 5303 A
1920 5242 2117 5313 quinto
2145 5240 2361 5297 decimo
2387 5252 2518 5309 ergo
2553 5236 2643 5293 die
2670 5236 2874 5292 mensis
2919 5238 3134 5307 septimi
3162 5279 3175 5303 ,
3223 5240 3443 5310 quando

1849 5334 2311 5408 congregaveritis
2338 5345 2527 5387 omnes
2551 5330 2573 5385 f
2574 5340 2758 5386 ructus
2785 5340 2944 5387 terra:
2961 5341 3180 5399 vestrae,
3202 5333 3450 5388 celebra-

1850 5435 1978 5491 bitis
2010 5434 2172 5490 ferias
2197 5429 2408 5488 Domini
2435 5438 2641 5501 septem
2671 5428 2882 5484 diebus.
2932 5429 3027 5485 Die
3069 5428 3247 5500 primo
3285 5429 3449 5485 etdie

1857 5537 2055 5586 octavo
2080 5526 2186 5583 erit
2210 5525 2513 5589 sabbatum,
2532 5522 2583 5577 id
2606 5532 2709 5588 est,
2738 5521 2975 5592 requies.
2993 5521 3339 5592 Sumetisque
3354 5536 3449 5574 vo—

1859 5623 1942 5679 bis
1966 5621 2054 5679 die
2097 5622 2268 5691 primo
2299 5619 2506 5673 fruetus
2528 5616 2740 5672 arboris
2774 5615 3153 5684 pulcherrimae
3175 5658 3188 5681 ,
3225 5612 3453 5682 spathu-

1862 5716 2048 5785 lasqne
2065 5713 2389 5784 palmarum,
2408 5719 2463 5765 et
2486 5722 2666 5764 ramos
2689 5708 2819 5778 ligni
2842 5707 3135 5763 densarum
3159 5705 3450 5773 frondium,

1862 5820 1918 5868 et
1938 5810 2136 5869 salices
2163 5808 2229 5865 de
2266 5814 2513 5864 torrente
2544 5848 2557 5873 ,
2590 5812 2645 5860 et
2690 5802 2948 5859 ltelamini
2989 5814 3173 5858 coram
3224 5797 3455 5857 Domino

2895 5891 2963 5951 11
