3912 6348
415 307 518 368 55!

1428 301 1485 355 S.
1533 287 1912 354 IIIERONYMI
1954 283 2189 345 DIVINA
2229 287 2707 351 BIBLIOTHECA.

3620 284 3722 342 .33!

419 430 530 484 Deo
565 430 771 481 vestro.
809 419 1278 490 Celebrabitisque
1321 416 1726 473 solemnitatem
1774 412 1894 482 ejus
1938 422 2024 464 se—
2051 405 2106 467 Δ
2130 409 2344 475 grinus,
2399 410 2514 463 sive
2555 407 2690 464 civis
2730 404 3043 478 peccaverit
3071 403 3161 478 [h.
3208 400 3399 475 fuerit]
3427 418 3439 453 :
3466 399 3588 472 quia
3622 411 3722 470 ego

419 530 569 592 ptem
601 517 799 574 diebus
846 529 946 586 per
984 527 1206 567 annum.
1250 510 1573 581 Legitimum
1621 504 2020 592 sempiternum

421 612 530 667 erit
557 611 612 664 in
641 604 1094 680 generationibus
1117 601 1334 658 vestris.
1379 599 1563 655 Mense
1595 597 1829 667 septimo
1884 591 2021 648 festa

424 701 792 770 celebrabitis,
822 708 879 758 et
905 699 1227 756 habitabitis
1255 696 1310 751 in
1339 691 1672 750 umbraculis
1719 690 1796 763 [h.
1831 688 2021 745 taber-

429 798 660 870 naculis]
688 805 896 868 septem
923 793 1137 850 diebus.
1168 789 1384 857 Omnis,
1430 787 1522 860 qui
1579 785 1646 842 de
1694 796 1894 856 genere
1939 785 2026 836 est

423 892 620 960 Israel,
650 888 893 946 manebit
923 888 978 942 in
1007 882 1378 941 tabernaculis
1403 921 1417 946 ,
1473 890 1529 935 ut
1566 878 1780 934 discant
1821 872 2024 947 posteri

426 988 621 1051 vestri,
647 983 794 1056 quod
823 984 877 1038 in
907 979 1276 1038 tabernaculis
1316 975 1565 1032 habitare
1623 972 1848 1029 fecerim
1887 969 2025 1024 ﬁlios

425 1078 623 1146 Israel,
681 1087 802 1132 cttm
833 1074 1120 1132 educerem
1152 1087 1248 1129 eos
1289 1071 1358 1126 de
1414 1077 1558 1126 terra
1614 1065 1859 1138 Egypti.
1914 1065 2027 1136 Ego

433 1173 697 1228 Dominus
731 1170 871 1224 Deus
897 1175 1100 1222 vester.
1135 1165 1491 1235 Locutusque
1521 1168 1607 1218 est
1637 1160 1813 1216 Moses
1859 1171 2028 1229 super

428 1263 866 1323 solemnitatibus
896 1261 1108 1319 Domini
1139 1259 1205 1316 ad
1237 1257 1378 1314 ﬁlios
1400 1256 1592 1312 Israel.

505 1357 585 1429 [(3.
617 1355 844 1421 LXXX,
879 1355 1008 1428 Cap.
1038 1353 1256 1423 XXIVJ
1294 1351 1365 1406 Et
1409 1350 1623 1405 locutus
1651 1357 1737 1404 est
1767 1347 2029 1403 Dominus

429 1449 497 1506 ad
525 1449 732 1514 Mosen,
764 1448 954 1504 dicens
987 1465 997 1499 :
1024 1445 1263 1515 Prmcipe
1288 1442 1414 1498 ﬁliis
1446 1441 1641 1507 Israel,
1685 1451 1744 1495 ut
1799 1437 2032 1494 afferant

431 1543 525 1599 tibi
548 1543 727 1598 oleum
757 1541 826 1597 de
857 1540 1018 1596 olivis
1063 1537 1416 1608 purissimum
1444 1575 1459 1601 ,
1509 1549 1572 1590 ac
1625 1531 1904 1596 lucidum,
1963 1528 2031 1584 ad

431 1632 840 1692 concinnandas
869 1632 1119 1687 lucernas
1142 1629 1370 1700 jugiter,
1397 1636 1550 1684 extra
1575 1627 1753 1682 velum
1787 1625 2034 1680 testimo-

436 1729 511 1785 nii
540 1729 594 1784 in
620 1727 971 1784 tabernaculo
1013 1723 1234 1781 fcederis
1266 1722 1343 1793 μ».
1378 1719 1717 1790 testimonii].
1744 1718 1917 1774 Ponet
1939 1731 2034 1771 eas

2129 514 2248 556 sum
2281 501 2543 558 Dominus
2573 501 2714 558 Deus
2747 512 2946 556 vester.
2982 500 3324 570 Locutusque
3343 504 3432 552 est
3454 493 3628 551 Muses
3657 489 3721 548 ad

2130 600 2268 654 ﬁlios
2289 598 2476 665 Israel,
2511 607 2564 655 et
2593 598 2904 655 eduxerunt
2927 614 3072 665 eum,
3098 597 3190 666 qui
3212 595 3720 664 blasphemaverat,

2127 704 2286 750 extra
2307 704 2510 754 castra.
2536 708 2599 749 ac
2626 692 2898 765 lapidibus
2920 698 3327 765 oppresserunt.
3348 688 3724 757 Feceruntque

2129 788 2225 845 ﬁlii
2258 787 2423 844 Israel
2461 787 2601 842 sicut
2627 791 2966 857 prteceperat
2992 784 3253 840 Dominus
3282 781 3437 837 Mosi.

2204 880 2370 954 [Cap.
2399 876 2604 952 XXV.]
2636 878 2982 951 Locutusque
3017 887 3101 933 est
3132 873 3392 932 Dominus
3435 871 3502 929 ad
3543 869 3725 928 Mosen

2133 977 2184 1031 in
2210 983 2394 1031 monte
2422 972 2599 1041 Siuai,
2622 971 2810 1029 dicens
2843 991 2854 1028 :
2885 972 3134 1043 Loquere
3164 969 3288 1025 ﬁliis
3314 965 3480 1024 Israel
3507 1008 3520 1033 ,
3565 974 3618 1022 et
3647 965 3729 1020 di-

2129 1083 2222 1126 ces
2250 1069 2316 1126 ad
2357 1084 2488 1125 eos:
2537 1066 2765 1136 Quando
2809 1067 3036 1138 ingressi
3081 1065 3293 1122 fueritis
3336 1073 3532 1122 terram
3567 1077 3727 1135 quant

2133 1179 2236 1235 ego
2267 1163 2409 1218 dabo
2447 1161 2602 1217 vobis
2631 1208 2644 1230 ,
2689 1170 2711 1198 ³
2753 1160 3056 1217 sabbatizet
3096 1158 3378 1214 sabbatum
3414 1157 3507 1230 [h.
3541 1153 3729 1226 terra]

2134 1257 2386 1314 Datuino.
2422 1257 2532 1313 Sex
2565 1255 2721 1310 annis
2747 1269 2898 1310 seres
2929 1269 3116 1324 agrum
3149 1262 3325 1318 tuum,
3357 1260 3410 1304 et
3437 1265 3529 1306 sex
3572 1248 3731 1302 annis

2136 1349 2348 1418 putabis
2373 1350 2581 1403 vineam
2607 1357 2778 1412 tuam,
2808 1345 3140 1417 colligesque
3171 1344 3378 1399 fructus
3414 1340 3530 1413 ejus
3559 1358 3569 1394 :
3605 1353 3733 1407 sep-

2135 1443 2269 1498 timo
2294 1450 2475 1497 autem
2517 1455 2662 1497 anno
2692 1441 2976 1496 sabbatum
3010 1439 3114 1495 erit
3145 1446 3329 1504 terra},
3370 1433 3733 1508 requietionis

2137 1534 2348 1592 Domini
2377 1553 2389 1590 :
2420 1549 2609 1607 agrum
2638 1549 2746 1590 non
2774 1548 2924 1590 seres
2950 1579 2963 1596 ,
3007 1541 3060 1586 et
3099 1531 3225 1587 vine
3245 1546 3314 1584 tm
3358 1545 3466 1585 non
3497 1528 3728 1601 putabis.

2136 1629 2266 1698 Quae
2299 1637 2494 1699 sponte
2518 1628 2704 1699 gignet
2731 1625 2950 1692 humus,
2999 1639 3108 1680 non
3145 1633 3341 1690 metes,
3381 1633 3434 1678 et
3463 1636 3597 1694 uvas
3628 1621 3738 1690 pri-

2140 1722 2414 1777 niitiarum
2478 1730 2692 1775 tuarum
2750 1733 2855 1774 non
2907 1716 3135 1788 colliges
3192 1714 3346 1788 quasi
3409 1711 3738 1768 vindemiam

435 1822 615 1878 Aaron
661 1836 690 1875 a
736 1833 964 1889 vespere
1002 1831 1175 1886 usque
1212 1814 1264 1869 iu
1310 1828 1470 1870 mane
1517 1827 1701 1868 coram
1762 1810 2028 1875 Domino,
2063 1803 2113 1864 B
2139 1817 2232 1892 [h.
2263 1815 2330 1872 Et
2359 1831 2490 1870 uvas
2510 1829 2645 1886 quas
2677 1815 2836 1870 vinea
2885 1823 3066 1882 sponte
3095 1807 3341 1866 attulerit
3381 1826 3485 1864 non
3525 1809 3740 1880 colliges

439 1914 588 1970 cultu
619 1911 835 1983 rituque
868 1918 1132 1981 perpetuo
1163 1908 1216 1963 in
1243 1905 1692 1978 generationibus
1723 1907 1922 1959 vestris
1945 1918 2035 1958 su-

443 2022 540 2077 per
575 2004 966 2061 candelabrum
1018 2000 1441 2056 muudissimum
1489 2005 1762 2069 ponentur
1817 2009 2038 2068 semper

437 2099 490 2154 itt
523 2106 817 2168 conspectu
849 2095 1082 2150 Domini.
1112 2093 1364 2162 Accipies
1392 2106 1614 2163 quoque
1663 2091 1932 2156 similam,
1983 2099 2040 2146 et

437 2207 640 2262 coques
669 2207 740 2248 ex
768 2205 835 2247 ea
862 2189 1149 2245 duodecim
1179 2198 1347 2258 partes
1375 2185 1451 2257 [h.
1482 2183 1793 2257 placentas],
1817 2184 1910 2256 qui
1926 2183 2039 2240 sin-

438 2287 545 2358 guli
576 2285 856 2340 habebunt
881 2283 1015 2338 duas
1042 2279 1283 2336 decimas
1312 2296 1327 2334 :
1361 2294 1593 2349 quorum
1627 2294 1789 2333 senos
1845 2277 2044 2333 altrin-

439 2395 597 2436 secus
653 2394 815 2449 super
865 2390 1111 2431 mensam
1163 2373 1511 2443 purissimam
1570 2387 1754 2428 coram
1809 2370 2039 2426 Domino

440 2481 671 2538 statues,
721 2480 774 2526 et
806 2485 978 2540 pones
1004 2483 1168 2539 super
1193 2482 1290 2523 eos
1322 2468 1444 2520 thus
1490 2465 1882 2520 lucidissituum
1909 2508 1924 2531 ,
1982 2471 2042 2516 ιιι

441 2567 512 2622 sit
542 2565 643 2636 |h.,|
668 2564 790 2635 pani
814 2563 868 2618 in
901 2563 1297 2619 monimentum
1323 2559 1623 2616 oblationis
1667 2557 1903 2614 Domini.
1938 2559 2041 2614 Per

441 2661 646 2732 singula
666 2659 886 2714 sabbata
908 2656 1254 2712 mutabuntur
1268 2654 1346 2727 [h.
1373 2651 1842 2724 praeparahuntur]
1857 2668 1980 2708 cora
1991 2669 2040 2705 ιιι

449 2756 676 2810 Domino
721 2753 1010 2823 susceptia
1041 2752 1164 2806 ﬁliis
1193 2751 1359 2806 Israel
1412 2750 1614 2805 taedere
1662 2750 1996 2819 sempiterno
2027 2767 2040 2800 :

447 2858 717 2919 eruntque
751 2846 931 2902 Aaron
962 2854 1018 2900 et
1051 2844 1284 2898 filiorum
1317 2842 1464 2912 ejus,
1522 2851 1580 2896 ut
1628 2841 1917 2896 comedaut
1948 2853 2043 2896 etus

445 2942 497 2996 in
531 2942 650 2996 loco
679 2951 866 2993 sancto
902 2957 914 2990 :
947 2937 1074 3007 quia
1119 2945 1366 2990 sanctum
1397 2941 1709 2989 sanctorum
1742 2943 1826 2990 est
1854 2934 1924 2989 de
1950 2943 2043 2989 sa-

447 3032 666 3088 criﬁciis
717 3029 932 3085 Domini
987 3029 1106 3096 iure
1153 3036 1440 3098 perpetuo.
1497 3025 1592 3098 [T.
1628 3025 1769 3092 XVI,
1805 3026 1864 3080 Β.
1899 3024 2041 3093 XIV,

445 3129 509 3186 C.
563 3126 832 3199 LXXXI.]
880 3126 1021 3182 Ecce
1066 3133 1248 3181 autem
1295 3137 1552 3195 egressus
1604 3121 1745 3176 ﬁlius
1801 3119 2044 3175 mulieris

2147 1909 2307 1981 quasi
2348 1906 2749 1980 vindemiam]:
2785 1922 2962 1962 annus
2990 1906 3134 1962 enim
3179 1902 3533 1975 requietionis
3580 1912 3745 1958 terra:

2143 2015 2264 2060 est:
2296 2003 2392 2060 sed
2435 2011 2597 2058 erunt
2645 2001 2800 2057 vobis
2847 2002 2900 2056 in
2945 2001 3166 2067 cibum,
3202 1998 3298 2054 tibi
3349 2007 3403 2054 et
3434 2012 3592 2053 servo
3623 2007 3740 2064 tuo,

2143 2097 2360 2154 ancillae
2391 2108 2494 2152 tua:
2530 2105 2588 2153 et
2609 2094 2948 2151 mercenario
2977 2105 3090 2160 tuo,
3135 2103 3189 2148 et
3215 2091 3438 2148 advenat
3469 2093 3559 2162 qni
3587 2107 3748 2163 pere-

2142 2193 2427 2264 grinantur
2451 2189 2591 2261 apud
2616 2200 2670 2246 te
2696 2187 2990 2260 :jumentis
3019 2188 3126 2243 tuis
3142 2196 3198 2243 et.
3221 2185 3535 2256 pecoribus,
3561 2185 3744 2242 omnia

2143 2303 2264 2356 qua:
2312 2295 2629 2353 nascuntur,
2665 2283 2988 2354 pra-bchunt
3015 2283 3222 2338 cibum.
3255 2279 3581 2337 Numerabis
3609 2296 3751 2352 quo-

2144 2395 2248 2450 que
2283 2379 2376 2434 tibi
2409 2388 2617 2449 septem
2652 2376 3022 2433 hebdomadas
3053 2391 3320 2431 annorum
3341 2420 3354 2442 ,
3381 2357 3432 2430 id
3465 2385 3544 2432 est
3566 2419 3579 2439 ,
3613 2391 3747 2444 sep-

2147 2483 2253 2530 tem
2297 2474 2503 2544 septies
2526 2516 2539 2537 ,
2587 2489 2710 2541 quae
2735 2469 2896 2527 simul
2927 2470 3139 2526 faciunt
3184 2486 3357 2524 annos
3386 2467 3750 2540 quadraginta

2145 2583 2342 2624 novem
2370 2583 2382 2622 :
2411 2577 2468 2622 et
2494 2567 2718 2636 clanges
2744 2564 2971 2622 buccina
3002 2580 3192 2621 mense
3235 2565 3484 2634 septimo,
3531 2563 3750 2619 decima

2147 2661 2238 2717 die
2270 2660 2475 2716 mensis
2507 2659 2909 2729 prdpltiationis
2939 2667 3186 2729 tempore
3229 2657 3280 2712 in
3314 2657 3565 2712 universa
3601 2665 3752 2712 terra

2147 2765 2353 2809 vestra.
2405 2750 2903 2822 Sanctificabisque
2947 2766 3149 2806 annum
3197 2749 3704 2822 quinquagesimum
3732 2793 3746 2816 ,

2147 2858 2204 2902 et
2231 2846 2453 2902 vocabis
2492 2845 2869 2900 remissionem
2904 2843 3112 2899 cunctis
3153 2841 3552 2899 habitatoribus
3583 2851 3755 2897 terrm

2149 2948 2256 2993 tua:
2293 2939 2450 3004 :ipse
2482 2945 2569 2992 est
2611 2935 2756 2990 enim
2785 2933 3072 2991 Jubilaeus.
3115 2934 3444 2990 Revertetur
3472 2933 3634 2988 homo
3680 2933 3754 2988 ad

2148 3033 2554 3103 possessionem
2588 3039 2765 3097 suam,
2793 3037 2848 3084 et
2873 3030 3248 3099 unusquisque
3276 3028 3451 3084 rcdiet
3483 3027 3549 3082 ad
3592 3027 3760 3081 fami-

2149 3127 2282 3182 Iiam
2330 3125 2611 3196 pristinam
2645 3141 2657 3178 :
2686 3124 2809 3194 quia
2853 3122 3114 3194 jubilreus
3145 3129 3230 3178 est
3260 3131 3315 3176 et
3357 3120 3757 3192 quinquagesi-

441 3223 762 3279 Israelitidis
785 3266 798 3289 ,
846 3237 1008 3292 quem
1042 3231 1332 3291 pepererat
1363 3218 1431 3274 de
1463 3218 1582 3274 viro
1611 3215 1868 3288 Egyptio
1902 3215 2044 3271 inter
2069 3189 2117 3252 θ
2149 3233 2273 3276 mus
2303 3231 2500 3275 annus.
2530 3217 2650 3274 Non
2683 3189 2885 3276 geretis
2909 3261 2924 3283 ,
2975 3231 3154 3288 neque
3189 3189 3403 3272 melctis
3447 3189 3644 3286 sponte
3693 3214 3758 3271 in

445 3318 584 3373 ﬁlios
615 3315 815 3385 Israel,
841 3315 1090 3386 jurgatus
1120 3324 1202 3370 est
1244 3312 1298 3367 in
1330 3311 1525 3367 castris
1572 3326 1695 3366 cum
1726 3311 1843 3364 viro
1872 3309 2046 3364 Israe-

443 3409 558 3464 lita.
591 3407 837 3478 Cumque
871 3406 1307 3476 blaSphemasset
1345 3419 1543 3460 nomen
1602 3403 1693 3458 Dei
1722 3444 1735 3467 ,
1769 3413 1822 3456 et
1879 3401 2045 3456 male-

448 3502 676 3556 dtxisset
710 3499 757 3554 ei
786 3497 879 3571 [h.
914 3497 1031 3552 Non
1061 3497 1233 3563 habet,
1257 3493 1508 3563 Dei,nec,
1539 3493 1638 3566 ei],
1668 3494 1934 3548 adductus
1963 3501 2048 3549 est

453 3596 520 3650 ad
558 3595 739 3649 Mosen
769 3593 1103 3663 (vocabatur
1133 3602 1312 3643 autem
1348 3599 1521 3643 mater
1544 3588 1662 3656 ejus
1694 3586 1962 3642 Solomith
1991 3586 2044 3655 ),

451 3689 562 3742 lilia
591 3685 740 3740 Dibri
777 3685 845 3740 de
879 3685 1020 3738 tribu
1065 3683 1196 3736 Dan.
1225 3681 1593 3750 Miserumque
1623 3695 1742 3735 eum
1778 3680 1830 3734 in
1857 3694 2046 3735 carce-

451 3795 587 3845 rem,
623 3778 800 3833 donec
828 3785 1044 3830 nossent
1071 3773 1198 3844 quid
1225 3773 1442 3842 jttbcret
1469 3772 1747 3827 Dominus.
1767 3770 1871 3838 Qui
1900 3772 2049 3825 locu-

455 3883 542 3928 tus
567 3881 649 3926 est
679 3869 745 3927 ad
777 3869 982 3931 Mosen,
1032 3867 1224 3922 dicens
1257 3883 1270 3920 :
1301 3866 1453 3920 Educ
1485 3865 1859 3934 blasnhemum
1892 3874 2045 3920 extra

413 3997 417 4000 -
453 3975 656 4030 eastra,
691 3973 747 4018 et
776 3969 980 4032 ponant
1003 3975 1216 4026 omnes,
1249 3959 1341 4030 qui
1366 3959 1678 4028 audierunt,
1709 3974 1900 4014 manus
1923 3969 2050 4013 suas

451 4071 618 4128 super
639 4064 800 4127 caput
829 4055 968 4124 ejus,
1000 4063 1052 4110 et
1085 4052 1286 4122 lapidet
1308 4068 1432 4108 eum
1464 4053 1695 4125 populus
1717 4054 2008 4108 universus
2035 4071 2046 4106 :

453 4152 522 4207 Et
550 4149 618 4206 ad
651 4150 793 4205 lilios
825 4149 994 4204 Israel
1028 4148 1267 4218 loqueris
1294 4167 1306 4201 :
1331 4147 1541 4214 Ilomo,
1583 4151 1672 4219 qui
1708 4148 2053 4204 ni‘aledixerit

452 4243 568 4299 Deo
599 4259 697 4297 suo
725 4282 739 4306 ,
772 4241 1013 4314 portabit
1041 4249 1319 4310 peccaturo
1352 4256 1537 4306 suum,
1585 4250 1637 4295 et
1666 4241 1756 4310 qui
1791 4239 2048 4312 blasphe-

453 4337 682 4393 maverit
716 4351 914 4392 nomen
948 4334 1196 4401 Domini,
1228 4345 1406 4389 morte
1437 4333 1702 4389 moriatur
1735 4354 1748 4388 :
1779 4333 2054 4404 lapidibus

453 4431 727 4503 Opprimet
756 4445 880 4486 eum
911 4429 1090 4484 omnis
1119 4427 1446 4494 multitudo,
1481 4429 1595 4482 sive
1627 4428 1717 4485 ille
1747 4428 1910 4491 civis,
1938 4428 2054 4483 sive

456 4525 777 4596 peregrinus
824 4521 1007 4577 fuerit.
1061 4521 1161 4587 Qui
1206 4521 1671 4591 blasphcmaverit
1707 4535 1902 4575 nomen
1944 4520 2050 4575 Do-

2150 3329 2280 3386 agro
2307 3314 2607 3378 nascentia,
2635 3323 2689 3369 et
2721 3311 2986 3382 primitias
3004 3311 3293 3367 vindemiae
3314 3325 3418 3366 non
3451 3310 3754 3380 colligetis,

2150 3407 2223 3464 ob
2247 3405 2734 3462 sanctiﬁcationem
2768 3405 2994 3475 jubikci,
3020 3404 3117 3459 Sl‘d
3149 3403 3326 3458 statim
3355 3399 3532 3459 oblata
3564 3418 3763 3458 come-

2151 3500 2295 3556 dctis
2326 3499 2418 3571 [h.
2446 3510 2501 3554 et
2527 3501 2738 3553 vineam
2781 3513 2882 3551 non
2934 3495 3311 3551 vindemiabitis
3339 3537 3352 3561 ,
3384 3494 3480 3550 sed
3530 3493 3582 3549 in
3619 3509 3766 3565 agro

2153 3596 2327 3647 siatim
2376 3590 2728 3662 comedetis].
2773 3591 2930 3646 Anno
2967 3589 3170 3660 jubilaei
3200 3588 3415 3645 rcdient
3445 3603 3636 3644 omnes
3685 3587 3768 3644 ad

2154 3685 2527 3756 possessiones
2555 3699 2700 3738 suas.
2723 3683 2953 3752 Quando
2977 3683 3177 3738 vendes
3201 3682 3475 3754 quidpiam
3497 3683 3602 3737 civi
3631 3693 3765 3752 tuo,

2155 3777 2236 3832 vel
2266 3791 2415 3833 emes
2441 3777 2513 3831 ab
2541 3792 2608 3832 eo
2632 3819 2646 3842 ,
2681 3791 2749 3832 ne
2793 3776 3086 3831 contristes
3134 3777 3356 3832 fratrem
3413 3783 3564 3831 tuum
3591 3819 3605 3842 ,
3657 3772 3770 3832 sed

2159 3870 2306 3941 juxta
2340 3885 2628 3925 numerum
2681 3877 2946 3925 annorum
2990 3870 3194 3941 jubilmi
3227 3886 3374 3925 emes
3423 3870 3490 3926 ab
3540 3885 3606 3926 eo
3635 3913 3652 3937 ,
3709 3880 3777 3926 et

2150 3965 2303 4036 juxta
2334 3966 2770 4036 supputationem
2799 3963 3008 4034 frugum
3041 3963 3240 4018 vendet
3265 3962 3380 4019 tibi.
3400 3962 3616 4031 Quanto
3640 3963 3740 4034 plu
3767 3995 3776 4004 -

2157 4069 2246 4112 res
2269 4057 2398 4112 anni
2427 4056 2794 4112 remanserint
2816 4064 2938 4126 post
2960 4054 3264 4124 jubilatum,
3291 4062 3444 4109 tanto
3463 4065 3682 4110 crescet
3708 4067 3777 4112 et

2152 4150 2390 4220 pretium
2422 4165 2434 4202 :
2467 4157 2522 4203 et
2565 4157 2772 4218 quanto
2813 4148 2996 4203 minus
3026 4148 3287 4217 temporis
3332 4149 3722 4204 numeraveris
3755 4191 3775 4217 ,

2159 4249 2312 4296 tanto
2341 4240 2567 4294 minoris
2590 4249 2646 4294 et
2670 4239 2876 4309 emptio
2896 4240 3186 4295 constabit.
3213 4240 3449 4310 Tempus
3478 4242 3626 4296 enim
3649 4242 3781 4297 fru-

2154 4348 2282 4405 gum
2309 4334 2508 4389 vendet
2529 4333 2648 4388 tibi.
2669 4332 2854 4388 Nolite
2881 4331 3129 4404 afﬂigere
3151 4334 3487 4389 contribuies
3516 4345 3780 4404 vestros,

2160 4426 2256 4481 sed
2313 4426 2501 4482 timeat
2531 4427 2906 4496 unusquisque
2936 4426 3102 4480 Deum
3150 4440 3330 4492 suum,
3361 4428 3486 4498 quia
3518 4441 3624 4498 ego
3655 4428 3783 4484 Do-

2159 4520 2341 4574 minus
2370 4519 2515 4575 Deus
2546 4529 2748 4574 vester.
2779 4517 2969 4574 Facite
2993 4527 3264 4590 praet-pta
3297 4533 3440 4584 mea,
3471 4527 3529 4574 et
3551 4519 3784 4589 judicia

462 4620 591 4674 mini
633 4618 719 4690 [h.
773 4633 882 4670 non
941 4615 1138 4677 habet,
1199 4613 1480 4684 Domini],
1535 4624 1707 4669 morte
1761 4615 2050 4668 moriatur.
2080 4590 2134 4651 Ῑ)
2159 4613 2450 4680 custodite,
2485 4623 2539 4669 et
2563 4613 2786 4682 implete
2808 4629 2894 4677 ea,
2922 4626 2977 4666 ut
3011 4613 3256 4669 habitare
3289 4614 3508 4684 possitis
3533 4617 3586 4670 in
3617 4626 3783 4671 terra

461 4714 558 4788 [Ο.
578 4711 872 4784 LXXXII.]
897 4710 997 4776 Qui
1020 4710 1374 4779 percusserit,
1399 4715 1454 4761 et
1475 4708 1736 4762 occidet-it
1755 4707 2052 4772 hominem,

458 4817 633 4864 morte
677 4808 960 4861 moriatur.
995 4804 1097 4870 Qui
1126 4802 1457 4872 percusserit
1486 4801 1719 4866 animal,
1755 4801 1948 4857 reddat
1977 4802 2056 4856 vi-

457 4903 696 4965 carium,
733 4901 784 4955 id
830 4911 934 4965 est,
965 4899 1199 4953 animam
1231 4911 1330 4967 pro
1360 4895 1561 4950 anima.
1594 4896 1695 4964 Qui
1731 4899 2059 4967 irrogaverit

461 4993 729 5048 maculam
772 4991 995 5046 cuilibet
1031 4989 1233 5044 civium
1281 5003 1544 5042 suorum:
1578 4988 1722 5043 sicut
1768 4988 1927 5053 fecit,
1977 4991 2056 5046 sic

462 5087 552 5140 ﬁat
581 5085 632 5139 ei
665 5103 678 5138 :
716 5084 1010 5139 fracturam
1058 5098 1155 5153 pro
1186 5081 1446 5144 fractura,
1479 5080 1696 5135 ocuhun
1729 5096 1826 5149 pro
1854 5083 2012 5137 oculo
2037 5125 2052 5148 ,

463 5179 679 5234 dentem
738 5191 840 5246 pro
872 5177 1033 5231 dente
1087 5176 1355 5235 restituet,
1389 5172 1604 5242 qualem
1656 5173 1908 5229 inﬁixerit
1944 5189 2057 5230 ma—

464 5275 667 5339 culam,
703 5274 862 5327 talem
893 5272 1167 5324 sustinere
1198 5279 1444 5339 cogetur.
1476 5267 1577 5334 Qui
1617 5269 2057 5338 percusseritju-

466 5377 741 5430 mentum,
779 5364 971 5421 reddet
1003 5364 1168 5419 aliud.
1201 5364 1304 5431 Qui
1357 5362 1681 5434 percusserit
1733 5362 2053 5430 hominem,

464 5466 738 5538 punietur.
767 5461 1002 5531 [Equum
1032 5459 1297 5529 judicium
1330 5463 1401 5514 stt
1433 5459 1574 5512 inter
1601 5472 1718 5522 vos,
1749 5458 1863 5514 sive
1895 5473 2050 5528 pere-

538 5635 562 5660 ει
598 5622 755 5683 Ιζιὶὶιὶ,
787 5616 1090 5690 sqbbatizes.
1125 5617 1194 5670 At
1223 5631 1361 5690 mss_.
1387 5613 1604 5670 codices
1629 5615 1870 5690 melioris
1892 5628 2053 5690 notae,

465 5695 738 5753 sabbatizet
769 5689 1032 5744 'sabbutttm
1064 5688 1298 5741 Domino.
1329 5687 1628 5742 Recenti”
1659 5703 1796 5741 unus
1827 5688 1884 5744 S.
1916 5687 2054 5746 Geré

467 5769 608 5825 mani
654 5779 683 5819 ι
728 5763 922 5827 Pratis,
967 5777 1118 5814 nutu.
1150 5759 1271 5818 164.
1306 5775 1438 5828 pure
1469 5760 1595 5828 legit
1625 5769 1679 5813 ut
1709 5759 1761 5813 iu
1802 5760 2048 5829 Hebro-0,

467 5840 740 5896 sabbatis“
767 5843 907 5888 terra
932 5833 1198 5888 sabbatum
1233 5830 1466 5886 Domino.
1495 5830 1650 5898 Quod
1674 5841 1944 5902 sumptum
1971 5835 2050 5890 vi-

2161 4709 2368 4779 absqne
2408 4708 2518 4762 ullo
2541 4721 2762 4777 pavore,
2814 4717 2867 4761 et
2897 4708 3084 4778 gignat
3125 4709 3280 4763 vobis
3310 4709 3504 4764 humus
3551 4711 3787 4768 fructus

2161 4817 2316 4868 suos,
2344 4801 2542 4872 quibus
2560 4801 2858 4857 vescamini
2883 4815 3055 4872 usque
3074 4801 3140 4856 ad
3165 4803 3532 4870 saturitatem,
3558 4803 3788 4860 nullius

2163 4898 2427 4966 impetum
2473 4894 2854 4950 formidantes.
2885 4894 3046 4962 Quod
3073 4895 3119 4949 si
3154 4895 3409 4952 dixeritis
3443 4914 3456 4950 :
3489 4897 3634 4966 Quid
3667 4913 3786 4953 co-

2163 4991 2447 5046 medemus
2473 5005 2618 5043 anno
2644 4989 2879 5059 septimo
2899 5030 2914 5054 ,
2963 4988 3011 5043 si
3041 5004 3148 5043 non
3182 4992 3485 5045 severimus
3511 5033 3524 5055 ,
3587 4999 3790 5061 neque

2163 5087 2550 5157 collegerimus
2595 5086 2778 5158 fruges
2826 5087 3086 5141 nostras?
3118 5085 3268 5142 Dabo
3321 5085 3788 5144 benedicﬁonem

2166 5196 2339 5235 meam
2365 5181 2522 5236 vobis
2535 5195 2684 5236 anno
2709 5189 2889 5247 sexto,
2910 5191 2964 5236 et
2987 5181 3149 5236 faciet
3177 5183 3383 5237 fruetus
3403 5183 3562 5236 trium
3592 5197 3793 5236 anno-

2166 5290 2284 5330 rum
2317 5293 2328 5327 :
2363 5276 2665 5346 seretiSque
2689 5289 2835 5330 anno
2871 5283 3087 5341 octavo,
3123 5284 3177 5330 et
3203 5274 3502 5330 comedetis
3548 5287 3791 5332 veteres

2167 5367 2350 5438 fruges
2399 5384 2570 5438 usque
2601 5370 2666 5422 ad
2717 5381 2916 5423 nonum
2964 5381 3166 5424 annum
3204 5388 3216 5423 :
3251 5368 3430 5424 donec
3457 5381 3596 5424 nova
3635 5385 3790 5425 nas-

2165 5475 2381 5531 cantur,
2415 5465 2592 5521 edetis
2642 5473 2856 5521 vetera.
2905 5465 3070 5520 Terra
3114 5477 3329 5533 quoque
3361 5479 3465 5517 non
3501 5462 3794 5518 vendetur

2167 5625 2324 5681 detur
2354 5643 2384 5681 e
2407 5625 2687 5697 marginali
2721 5627 3073 5682 annomtione
3102 5627 3347 5695 canonis,
3374 5638 3530 5696 prom
3563 5627 3616 5679 in
3643 5627 3796 5682 aliis

2164 5698 2437 5753 st'xceutis
2468 5697 2624 5762 locis,
2655 5697 2742 5751 ubi
2774 5703 3074 5767 incorpore
3096 5698 3392 5754 Bibliorum
3419 5698 3802 5755 inveniuntur

2162 5770 2356 5895 p‘osita,
2384 5786 2504 5842 quae
2529 5783 2702 5823 canon
2729 5770 2781 5824 in
2806 5770 3048 5840 margine
3073 5781 3256 5827 monet
3279 5785 3404 5826 esse
3427 5770 3479 5824 iu
3507 5769 3788 5828 licbrwo.

2213 5857 2338 5895 aur.
3153 5849 3162 5853 ’

2213 5851 2338 5898 Μυῒ.
3153 5849 3162 5853 ’
