4044 6360
474 336 585 393 $55

1481 332 1540 389 S.
1583 328 1959 388 HIERORVMI
1999 327 2235 386 DlVlNA
2272 325 2756 387 BIBLIOTIIECA.

3666 325 3774 383 356

469 461 635 519 poma
673 445 1009 517 praebebunt.
1043 445 1102 501 Si
1132 443 1635 501 ambulaveritisex
1657 442 1887 499 adverso
1909 442 2064 509 inibi,
2098 445 2142 505 A
2180 458 2302 498 cum
2334 443 2436 499 eis.
2469 442 2582 512 Ego
2599 441 2742 496 enim
2771 453 2889 495 sum
2918 437 3181 494 Dominus
3201 436 3341 492 Deus
3362 450 3573 504 eorum,
3600 445 3654 492 et
3686 451 3772 492 re-

473 557 576 598 nec
602 541 883 598 volueritis
909 541 1098 597 audire
1121 555 1230 606 me,
1255 539 1446 595 addam
1465 539 1646 608 plagas
1668 551 1876 593 vesuas
1901 552 2072 608 u5qne

473 633 492 706 [
510 634 662 708 Vulg.
677 634 976 707 MCJISQLIC]
992 635 1041 688 in
1059 635 1364 703 septnplum
1383 640 1604 701 pr0pter
1626 641 1843 701 peccata
1856 639 2067 685 vestra:

475 730 826 799 emittamque
845 728 898 783 in
918 743 1012 784 vos
1024 726 1225 783 beStias
1244 725 1502 796 agri,qua:
1529 731 1854 780 consumant
1872 739 1991 788 vos,
2017 731 2073 778 et

473 835 675 889 pecora
707 829 912 886 vestra,
963 829 1017 875 et
1063 819 1130 873 ad
1165 818 1493 887 paucitatem
1545 824 1736 871 cuncta
1774 817 2064 885 redigant,

475 913 814 984 desertmque
844 913 972 967 fient
1001 911 1101 967 via:
1132 919 1351 966 vestrae.
1379 908 1536 976 Quod
1566 908 1613 965 si
1647 924 1748 964 nec
1777 909 1854 963 sic
1882 908 2070 964 volue-

471 1007 597 1063 ritis
637 1007 886 1077 recipere
917 1004 1277 1074 disciplinam,
1319 1002 1418 1059 sed
1447 1002 1856 1058 ambulaveritis
1884 1017 1950 1056 ex
1975 1000 2069 1055 ad-

471 1116 636 1157 verso
668 1100 803 1155 mihi
833 1115 848 1155 :
891 1114 994 1171 ego
1015 1114 1229 1170 quoque
1258 1107 1454 1154 contra
1503 1112 1600 1151 vos
1629 1095 1891 1152 adversus
1923 1085 2068 1151 ince-

479 1196 626 1260 dam,
656 1203 712 1248 et
740 1193 1040 1263 percutiam
1069 1208 1168 1248 vos
1208 1191 1411 1261 septies
1443 1199 1668 1260 propter
1695 1198 1918 1260 peccata
1949 1202 2070 1243 ves-

467 1300 574 1354 tra,
609 1287 974 1358 inducamque
1026 1302 1190 1357 super
1216 1300 1315 1340 vos
1335 1284 1577 1354 gladium
1619 1282 1854 1338 ultorem
1887 1279 2057 1337 finde-

460 1383 538 1438 ris
569 1381 696 1437 mei.
742 1381 990 1451 Cumque
1024 1378 1384 1450 confugeritis
1410 1379 1462 1433 in
1494 1377 1678 1443 urbes,
1711 1377 1921 1431 mittam
1947 1390 2069 1444 pes-

462 1476 732 1532 tilentiam
767 1477 819 1531 in
853 1474 1035 1531 medio
1086 1473 1280 1539 vestri,
1329 1480 1386 1528 et
1417 1471 1711 1528 trademini
1745 1471 1796 1526 in
1823 1469 2066 1525 hostium

464 1569 747 1636 manibus,
792 1579 1077 1639 postquam
1126 1565 1449 1636 eonfregero
1490 1565 1743 1620 baculum
1792 1565 1947 1634 panis
1974 1577 2068 1616 ve-

467 1663 566 1718 stri
600 1680 612 1716 :
643 1663 715 1717 ita
758 1673 817 1716 ut
849 1661 1038 1719 decem
1064 1660 1321 1716 mulieres
1349 1659 1403 1714 in
1427 1673 1536 1713 uno
1586 1659 1806 1712 clibano
1835 1663 2070 1727 coquant

461 1771 657 1826 panes,
692 1765 746 1810 et
776 1754 1012 1812 reddant
1041 1770 1136 1810 eos
1171 1754 1238 1808 ad
1293 1752 1504 1823 pondus
1554 1751 1574 1824 [
1606 1753 1659 1805 li.
1717 1760 1771 1806 et
1819 1758 2065 1806 vertetur

2177 535 2446 590 eordabor
2473 533 2690 591 foederis
2713 533 2820 588 mei
2851 530 3084 602 pristini,
3119 530 3334 602 quando
3378 529 3538 585 eduxi
3568 544 3668 585 eos
3694 528 3762 584 de

2184 639 2326 685 terra
2355 628 2575 702 IEgypti
2606 630 2658 683 in
2689 635 2988 698 conspectu
3013 624 3278 697 gentium,
3313 634 3370 679 ut
3412 639 3590 679 essem
3625 623 3770 678 Deus

2177 740 2390 780 eorum.
2420 724 2533 794 Ego
2559 723 2839 778 Dominus.
2877 722 3002 777 llaec
3033 730 3160 776 sunt
3200 727 3467 789 praicepta
3497 727 3659 788 atque
3682 717 3771 787 ju-

2175 815 2317 870 dicia
2347 825 2401 872 et
2435 815 2604 886 leges,
2647 828 2783 884 quas
2808 813 2957 869 dedit
2992 813 3255 868 Dominus
3285 812 3428 867 inter
3452 827 3511 867 se
3547 821 3604 866 et
3628 817 3770 866 inter

2173 907 2315 964 ﬁlios
2370 907 2538 962 Israel
2591 906 2646 962 in
2704 917 2889 964 monte
2951 907 3100 963 Sinai
3152 922 3249 978 per
3300 921 3517 960 manum
3571 904 3730 960 Mosi.

2248 1001 2331 1072 [Β.
2354 999 2496 1066 XVI,
2523 1000 2584 1055 C.
2625 998 2962 1065 LXXXVIII,
2996 999 3124 1069 Cap.
3158 997 3397 1070 XXVII.]
3420 998 3765 1081 Locutusqtte

2176 1104 2261 1151 est
2289 1095 2551 1151 Dominus
2578 1095 2644 1150 ad
2671 1097 2881 1165 Mosen,
2909 1094 3130 1152 dicens:
3157 1095 3407 1166 Loquere
3429 1094 3554 1149 filiis
3576 1094 3766 1159 Israel,

2173 1199 2227 1245 et
2248 1189 2398 1245 dices
2423 1190 2490 1246 ad
2517 1205 2614 1246 eos
2645 1207 2658 1244 ε
2684 1190 2855 1245 ιλιοιηο
2873 1189 2964 1261 qui
2993 1202 3177 1247 votum
3210 1191 3421 1256 fecerit,
3451 1200 3507 1245 et
3534 1204 3769 1260 sp0p0n~

2171 1282 2312 1338 derit
2337 1283 2575 1339 animam
2608 1300 2783 1352 suam,
2811 1283 2912 1339 sub
2938 1283 3302 1339 aastimatione
3331 1281 3484 1338 dabit
3505 1284 3762 1354 pretium.

2173 1379 2228 1436 Si
2266 1379 2434 1435 fuerit
2462 1379 2738 1435 masculus
2760 1394 2790 1434 a
2821 1379 3084 1450 vigesimo
3129 1394 3273 1434 anno
3307 1393 3478 1449 usque
3500 1377 3568 1433 ad
3599 1393 3764 1433 sexa-

2171 1474 2438 1546 gesimum
2475 1489 2702 1542 annum,
2739 1472 2889 1529 dabit
2935 1472 3325 1544 quinquaginta
3353 1472 3522 1529 siclos
3553 1471 3766 1543 argenti

2169 1569 2235 1622 ad
2288 1583 2599 1624 mensuram
2649 1567 2942 1624 sanctuarii
2988 1584 3001 1621 :
3044 1567 3091 1622 si
3149 1567 3366 1635 mulier,
3424 1566 3664 1637 triginta.
3720 1565 3768 1620 A

2168 1663 2358 1732 quinto
2379 1671 2558 1716 autem
2605 1677 2752 1716 anno
2785 1676 2959 1733 usque
2986 1660 3052 1716 ad
3086 1660 3432 1733 vigesimum,
3489 1659 3765 1715 masculus

2167 1756 2316 1811 dabit
2355 1755 2549 1826 viginti
2581 1755 2780 1821 siclos;
2808 1755 3008 1810 femini
3061 1755 3274 1811 decem.
3309 1754 3391 1809 Ab
3419 1770 3527 1809 uno
3577 1768 3765 1808 mense

457 1851 622 1921 panis
646 1858 826 1906 vester
872 1849 938 1904 ad
979 1845 1232 1920 pondus]
1263 1863 1276 1900 :
1307 1855 1363 1902 et
1391 1845 1711 1911 comedetis,
1745 1852 1940 1898 etnon
1971 1857 2056 1896 sa-
2092 1848 2142 1909 Β
2169 1863 2340 1920 usque
2382 1848 2450 1904 ad
2494 1864 2694 1902 annum
2735 1849 3008 1918 quintum,
3066 1863 3162 1918 pro
3214 1847 3458 1902 ma5culo
3492 1846 3765 1901 dabuntur

462 1945 808 2002 turabimini.
863 1945 958 2002 Sin
989 1955 1172 1999 autem
1213 1957 1316 2000 nec
1352 1958 1449 2012 per
1481 1945 1595 1996 haec
1626 1939 1907 1995 audieritis
1951 1954 2057 2008 me,

465 2038 562 2094 sed
606 2037 1019 2094 ambulaveritis
1057 2045 1254 2092 contra
1301 2051 1432 2091 me:
1464 2043 1521 2090 et
1550 2049 1650 2105 ego
1691 2032 1941 2088 incedam
1966 2029 2062 2086 ad-

459 2148 680 2189 versum
705 2148 801 2187 vos
841 2133 898 2187 in
928 2132 1116 2187 furore
1159 2130 1460 2197 contrario,
1512 2141 1567 2185 et
1623 2129 1916 2199 corripiam
1963 2141 2061 2182 vos

463 2241 658 2301 septem
697 2227 868 2301 plagis
899 2226 978 2300 [ιι.
1038 2224 1264 2298 septies]
1311 2235 1536 2296 propter
1575 2232 1799 2294 peccata
1855 2229 2058 2289 vestra,

457 2325 533 2378 ita
565 2331 622 2378 ut
643 2321 948 2377 comedatis
999 2335 1193 2376 carnes
1228 2320 1462 2375 filiorum
1493 2326 1800 2374 vestrorum
1834 2324 1888 2372 et
1919 2316 2059 2370 tilia-

455 2431 580 2472 rutn
610 2424 943 2482 vestrarum,
975 2413 1253 2468 destruam
1283 2412 1500 2467 excelsa
1529 2417 1730 2477 vestra,
1760 2419 1813 2464 et
1837 2409 2059 2464 simula-

457 2525 549 2564 cra
574 2515 752 2564 vestra
811 2506 998 2579 [ναις.
1032 2514 1136 2560 tac.
1183 2503 1387 2575 vestra]
1441 2503 1806 2574 confringant.
1839 2500 2057 2558 Cadetis

459 2600 610 2657 inter
660 2599 852 2654 ruinas
884 2597 1153 2654 idolorum
1203 2606 1539 2666 vestrorum,
1573 2606 1627 2652 et
1657 2594 2059 2650 abominabitur

451 2709 554 2750 vos
584 2691 761 2748 anima
795 2707 938 2760 mea,
968 2691 1248 2747 intantum
1278 2699 1337 2746 ut
1363 2690 1532 2746 urbes
1567 2701 1779 2745 vestras
1812 2689 2055 2758 redigam

451 2785 508 2839 in
537 2784 916 2852 solitudinem,
949 2793 1004 2840 et
1046 2783 1260 2841 deserta
1295 2783 1489 2840 faciam
1520 2785 1824 2841 sanctuaria
1851 2795 2051 2850 vestra,

450 2893 556 2934 nec
575 2877 828 2948 recipiam
853 2879 997 2934 ultra
1022 2879 1247 2934 odorem
1268 2877 1674 2934 suavissimum.
1702 2877 2052 2949 Disperdam-

453 2987 565 3042 que
594 2981 795 3028 terram
820 2982 1080 3043 vestram,
1114 2981 1169 3028 et
1195 2973 1490 3043 stupebunt
1517 2988 1684 3042 super
1715 2987 1834 3027 eam
1861 2970 2044 3026 inimi-

454 3065 508 3119 ci
540 3067 730 3132 vcstri,
762 3081 887 3122 cum
924 3065 1255 3121 habitatores
1303 3065 1446 3121 illius
1475 3064 1698 3122 fuerint.
1730 3065 1842 3121 Vos
1870 3075 2050 3120 autem

455 3158 765 3229 diSpergam
790 3159 842 3213 in
873 3169 1088 3230 gentes,
1120 3167 1175 3214 et
1197 3159 1500 3230 evaginabo
1521 3167 1644 3230 post
1667 3173 1762 3213 vos
1783 3157 2046 3228 gladium,

2168 1944 2408 2015 quinque
2437 1942 2579 2011 sicli,
2607 1959 2704 2013 pro
2727 1941 2927 1997 femina
2957 1952 3086 1998 tres.
3122 1941 3520 2012 Sexagenarius
3547 1950 3599 1996 et
3624 1940 3764 1995 ultra

2166 2037 2442 2090 masculus
2496 2035 2650 2090 dabit
2694 2034 3006 2105 quindecim
3060 2034 3264 2100 siclos;
3299 2033 3497 2091 femina
3547 2033 3759 2089 decem.

2166 2126 2224 2185 Si
2248 2143 2455 2199 pauper
2481 2127 2668 2197 fuerit,
2701 2136 2753 2184 et
2787 2127 3210 2186 :csﬁmationem
3255 2127 3485 2184 reddere
3515 2142 3625 2182 non
3658 2142 3754 2180 va-

2166 2221 2322 2288 lebit,
2350 2221 2513 2276 stabit
2545 2237 2726 2276 coram
2777 2221 3084 2288 sacerdote,
3124 2231 3179 2277 et
3205 2232 3465 2293 quantum
3497 2223 3590 2277 ille
3615 2221 3764 2277 testi-

2176 2317 2428 2382 tnaverit,
2461 2325 2516 2372 et
2539 2317 2736 2372 viderit
2775 2333 2898 2372 eum
2949 2332 3108 2387 posse
3141 2317 3394 2385 reddere,
3422 2325 3630 2370 tantum
3663 2314 3763 2371 da-

2163 2410 2262 2466 bit.
2305 2409 2526 2465 Animal
2567 2420 2747 2464 autcm
2791 2409 2934 2481 quod
2969 2409 3241 2478 immolari
3287 2418 3470 2481 potest
3501 2410 3756 2476 Domino,

2172 2505 2216 2559 si
2251 2504 2373 2574 quis
2397 2504 2611 2560 voverit
2641 2504 2869 2560 Domino
2924 2504 3108 2578 [Vulg.
3164 2514 3263 2560 (ac.
3318 2505 3592 2577 Domino],
3633 2521 3761 2560 san—

2160 2607 2306 2653 ctum
2350 2598 2475 2666 erit,
2526 2606 2582 2653 et
2624 2598 2821 2653 mutari
2869 2614 2974 2652 non
3011 2599 3231 2668 poterit,
3278 2597 3456 2664 idest,
3491 2615 3591 2654 nec
3646 2614 3764 2655 me-

2160 2690 2266 2746 lius
2315 2693 2495 2758 malo,
2545 2707 2647 2747 nec
2695 2691 2849 2763 pejus
2887 2691 3034 2748 bono
3089 2711 3103 2747 :
3154 2694 3298 2765 quod
3345 2695 3389 2748 si
3440 2694 3756 2762 mutaverit,

2159 2793 2212 2840 et
2287 2784 2463 2856 ipsum
2517 2785 2663 2856 quod
2715 2795 2980 2841 mutatum
3031 2795 3153 2855 est,
3206 2797 3262 2842 et
3314 2787 3445 2843 illud
3496 2802 3595 2858 pro
3647 2801 3760 2858 quo

2157 2888 2422 2934 mutatum
2478 2889 2560 2934 est
2590 2922 2605 2946 ,
2654 2891 3032 2937 consecratum
3085 2880 3190 2937 erit
3242 2879 3489 2936 Domino.
3536 2880 3758 2937 Animal

2157 2980 2341 3028 autem
2399 2972 2760 3043 immundum,
2828 2974 2972 3045 quod
3034 2973 3304 3028 immolari
3355 2973 3583 3029 Domino
3646 2989 3756 3029 non

2157 3074 2358 3135 potest,
2416 3067 2460 3122 si
2512 3068 2634 3137 quis
2693 3068 2919 3133 voverit,
2965 3067 3264 3124 adducetur
3327 3075 3454 3122 ante
3503 3066 3760 3123 sacerdo-

2155 3169 2284 3214 tem.
2333 3159 2437 3228 Qui
2487 3159 2737 3230 judicans
2782 3171 2966 3216 utrum
3023 3162 3223 3217 bonum
3255 3177 3320 3217 an
3370 3162 3573 3218 malum
3632 3161 3755 3229 sit,

454 3249 668 3320 eritque
709 3260 852 3305 terra
885 3261 1072 3306 vestra
1102 3250 1343 3316 deserta,
1394 3261 1449 3306 et
1471 3251 1722 3306 civitates
1742 3260 1939 3306 vestrae
1958 3249 2044 3304 di-
2077 3253 2123 3318 C
2153 3263 2354 3311 statuet
2403 3255 2655 3326 pretium.
2707 3256 2858 3326 Quod
2909 3257 2954 3312 si
2997 3257 3128 3314 dare
3177 3257 3261 3331 [ιι.
3316 3256 3606 3330 redimere]
3661 3273 3758 3314 vo-

450 3352 613 3397 rutm.
671 3342 823 3398 Tunc
864 3343 1160 3414 placebunt
1208 3354 1369 3400 terra:
1420 3344 1646 3400 sabbata
1692 3359 1790 3400 sua
1845 3343 2053 3400 cunctis

452 3424 647 3491 diebus
668 3435 977 3492 solitudinis
1005 3452 1153 3492 suae:
1183 3437 1401 3508 quando
1425 3437 1637 3494 fueritis
1657 3438 1709 3492 in
1743 3448 1890 3494 terra
1921 3440 2051 3493 hos-

452 3530 562 3599 tili,
591 3529 973 3598 sabbatizabit,
1019 3541 1072 3586 et
1102 3533 1414 3602 requiescet
1450 3535 1501 3587 in
1526 3531 1764 3588 sabbatis
1807 3531 2054 3587 solitudi-

452 3625 540 3678 nis
571 3639 706 3692 suae,
733 3638 802 3680 eo
841 3625 985 3695 quod
1011 3640 1119 3681 non
1145 3625 1481 3696 requieverit
1509 3627 1561 3682 in
1591 3626 1828 3681 sabbatis
1859 3626 2054 3682 vestris

458 3719 679 3791 quando
702 3719 1029 3776 habitabatis
1054 3721 1109 3776 in
1133 3736 1218 3776 ea.
1268 3720 1338 3775 Et
1366 3721 1460 3792 qui
1492 3719 1560 3776 de
1589 3720 1747 3776 vobis
1775 3735 2056 3777 remanse-

456 3815 593 3881 rint,
624 3812 766 3870 dabo
797 3828 1054 3884 pavorem
1096 3813 1152 3868 in
1207 3812 1464 3869 Cordibus
1509 3829 1700 3868 eorum
1733 3814 1783 3867 in
1817 3812 2057 3884 regioni-

458 3907 558 3961 bus
613 3906 874 3972 hostium,
935 3905 1161 3962 terrebit
1200 3919 1294 3961 eos
1323 3905 1534 3961 Sonitus
1565 3903 1678 3960 folii
1711 3905 1966 3972 volantis,
2000 3911 2056 3960 et

451 3997 526 4053 ita
558 3997 766 4070 fugient
795 3997 950 4070 quasi
983 3997 1225 4069 gladium
1257 4015 1271 4052 :
1305 3997 1520 4068 cadent,
1542 3996 1690 4052 nullo
1723 4011 2055 4067 persequen—

457 4101 534 4160 te,
569 4104 627 4147 et
649 4101 908 4148 corruent
929 4091 1126 4163 singuli
1149 4106 1316 4162 super
1341 4091 1540 4146 fratres
1572 4104 1704 4146 suos
1727 4090 1880 4160 quasi
1913 4091 2054 4145 bella

461 4187 758 4260 fugientes,
787 4203 948 4244 nemo
973 4197 1216 4245 vestrum
1243 4187 1480 4243 inimicis
1511 4187 1733 4242 audebit
1771 4188 2051 4244 resistere.

454 4280 868 4337 Peribitisinter
894 4289 1106 4352 gentes,
1146 4290 1204 4337 et
1235 4281 1447 4337 hostilis
1465 4291 1719 4337 vosterra
1742 4290 2051 4338 consumet.

463 4373 618 4440 Quod
633 4375 679 4430 si
697 4374 828 4431 etde
842 4373 908 4430 iis
924 4375 1086 4444 aliqui
1107 4375 1777 4443 remanserint,tabescent
1791 4375 1842 4429 in
1861 4373 2057 4446 iniqui-

469 4469 670 4524 tatibus
702 4469 834 4536 suis,
867 4470 921 4524 in
951 4479 1095 4525 terra
1125 4469 1466 4525 inimicorum
1491 4485 1738 4537 suorum,
1759 4481 1810 4526 et
1839 4478 2057 4540 propter

466 4571 687 4632 peccata
715 4572 928 4632 patrum
948 4576 1175 4618 suorum
1192 4569 1245 4617 et
1263 4561 1709 4633 suaaflligeutur:
1734 4562 1908 4617 donec
1923 4577 2022 4616 con
2038 4592 2054 4602 -

2158 3350 2323 3406 luerit
2346 3351 2390 3405 is
2417 3351 2508 3422 qui
2534 3351 2714 3416 oﬂ'crt,
2755 3351 2920 3408 addet
2947 3367 3109 3424 snpra
3137 3354 3559 3410 aestimationem
3590 3354 3756 3425 quin-

2158 3452 2264 3497 tam
2299 3453 2528 3512 partem.
2560 3444 2734 3501 Homo
2764 3447 2807 3502 si
2839 3447 3048 3502 voverit
3075 3447 3298 3503 domum
3330 3464 3508 3514 suam,
3543 3457 3604 3505 et
3626 3465 3758 3504 san-

2157 3535 2477 3592 ctilicaverit
2501 3538 2751 3606 Domino,
2773 3539 3269 3595 c0nsiderabiteam
3295 3541 3550 3597 sacerdos
3570 3549 3757 3596 utrum

2158 3629 2298 3686 bona
2329 3646 2396 3685 an
2418 3631 2559 3686 mala
2583 3631 2673 3697 sit,
2701 3641 2758 3688 et
2779 3622 2930 3702 juxta
2960 3634 3220 3704 pretium,
3245 3635 3385 3705 quod
3408 3635 3476 3691 ab
3505 3651 3570 3690 eo
3594 3635 3760 3691 fuerit

2157 3724 2536 3792 constitutum,
2594 3725 3014 3781 venumdabitur
3063 3745 3076 3782 :
3119 3727 3203 3782 sin
3263 3735 3442 3784 autem
3509 3727 3607 3784 ille
3661 3727 3759 3799 qui

2155 3825 2419 3882 voverat,
2468 3817 2700 3873 voluerit
2750 3818 3023 3875 redimere
3087 3835 3206 3876 eam
3240 3863 3254 3889 ,
3308 3820 3460 3876 dabit
3503 3823 3758 3893 quintam

2157 3918 2365 3979 partem
2418 3910 2793 3966 aestimationis
2847 3927 3008 3983 supra
3039 3953 3056 3981 ,
3116 3923 3170 3968 et
3234 3913 3456 3970 habebit
3507 3915 3756 3971 domum.

2157 4003 2312 4071 Quod
2337 4004 2382 4058 si
2409 4020 2596 4074 agrum
2646 4007 3007 4075 possessionis
3057 4023 3169 4062 sua:
3216 4008 3431 4064 voverit
3465 4018 3519 4065 et
3558 4024 3761 4066 conse-

2156 4096 2395 4152 craverit
2421 4097 2646 4154 Domino
2679 4115 2692 4151 :
2715 4099 2868 4169 juxta
2885 4114 3195 4155 mensuram
3223 4100 3487 4158 sementis
3510 4104 3762 4159 aestima-

2157 4189 2308 4245 bitur
2360 4190 2597 4260 pretium
2631 4207 2646 4246 :
2679 4190 2727 4246 si
2760 4192 2979 4262 triginta
3041 4194 3240 4250 modiis
3299 4195 3492 4252 hordei
3552 4197 3762 4254 seritur

2157 4290 2325 4350 terra,
2355 4283 2738 4355 quinquaginta
2763 4285 2910 4342 siclis
2946 4285 3212 4343 vendetur
3243 4288 3478 4357 argenti.
3534 4287 3592 4345 Si
3642 4297 3763 4343 sta-

2157 4374 2252 4430 tim
2284 4375 2353 4430 ab
2401 4391 2546 4432 anno
2577 4377 2886 4448 incipientis
2929 4378 3120 4451 [Vulg.
3159 4379 3501 4454 accipientis]
3534 4380 3753 4451 jubilzei

2157 4470 2366 4525 voverit
2419 4485 2634 4541 agrum,
2675 4481 2882 4542 quanto
2925 4472 3108 4529 Valere
3149 4481 3352 4544 potest,
3413 4481 3566 4529 tanto
3607 4475 3763 4530 aesti-

2160 4564 2418 4619 mabitur.
2437 4565 2529 4620 Sin
2549 4573 2731 4621 autem
2758 4573 2881 4636 post
2897 4566 3289 4638 aliquantulum
3315 4568 3598 4638 temporis,
3621 4584 3761 4640 sup-

464 4652 719 4708 llteantur
749 4652 1056 4724 iniquitates
1078 4667 1228 4720 suas,
1251 4665 1304 4709 et
1344 4654 1609 4724 majorum
1660 4669 1902 4722 suorum,
1937 4655 2056 4725 qui-
2081 4650 2136 4712 D
2165 4659 2372 4727 putabit
2425 4659 2682 4715 sacerdos
2712 4660 2996 4730 pecuniam
3025 4663 3176 4731 juxta
3203 4677 3497 4730 annorum,
3543 4662 3634 4733 qui
3667 4678 3765 4720 re-

455 4746 560 4801 bus
583 4747 921 4817 praevaricati
949 4756 1076 4802 sunt
1104 4746 1158 4802 in
1189 4763 1297 4813 me,
1323 4757 1378 4804 et
1404 4747 1820 4802 ambulaverunt
1857 4763 1924 4803 ex
1955 4747 2052 4802 ad-

450 4855 610 4895 verso
642 4839 794 4895 mihi.
828 4841 1135 4897 Ambulabo
1178 4841 1342 4913 igitur
1379 4851 1437 4898 et
1479 4856 1579 4914 ego
1609 4850 1800 4897 contra
1847 4856 1962 4910 eos,
1995 4851 2050 4898 et

451 4931 704 4988 inducam
753 4934 872 4990 illos
916 4934 968 4989 in
1002 4941 1206 4991 terram
1252 4934 1528 5002 hostilem,
1569 4933 1744 4991 donec
1766 4936 2050 4992 erubescat

450 5024 831 5082 incircumcisa
853 5041 1006 5081 meus
1043 5041 1234 5082 eorum
1266 5045 1276 5081 :
1313 5035 1446 5083 tunc
1473 5028 1707 5083 orabunt
1730 5042 1829 5099 pro
1859 5028 2050 5098 impie-

456 5122 660 5178 tatibus
681 5122 813 5176 suis.
843 5121 911 5176 Et
938 5122 1276 5179 recordabar
1303 5121 1528 5180 foederis
1549 5124 1675 5192 mei,
1705 5121 1847 5193 quod
1871 5123 2052 5194 pepigi

456 5229 582 5270 cum
615 5212 804 5282 Jacob,
828 5223 882 5268 et
908 5213 1077 5282 Isaac,
1105 5222 1158 5270 et
1176 5213 1476 5270 Abraham.
1505 5213 1689 5269 Terrae
1709 5228 1923 5284 quoque
1941 5229 2054 5270 me-

453 5321 574 5363 mor
630 5320 725 5360 ero
756 5321 770 5359 :
801 5320 922 5376 qua:
943 5321 1064 5361 cum
1099 5306 1291 5363 relicta
1316 5307 1478 5363 fuerit
1501 5305 1570 5360 ab
1588 5306 2050 5376 eis.complacebit

456 5402 563 5458 sibi
587 5401 641 5456 in
665 5399 906 5457 sabbatis
928 5400 1058 5468 suis,
1075 5401 1283 5471 patiens
1303 5401 1641 5458 solitudinem
1665 5411 1886 5472 propter
1904 5401 2045 5458 illos.

451 5497 558 5568 Ipsi
587 5511 715 5552 vero
740 5494 1010 5565 rogabunt
1049 5509 1146 5564 pro
1181 5497 1417 5564 peccatis
1447 5496 1584 5564 suis,
1617 5511 1684 5551 eo
1709 5495 1853 5567 quod
1891 5495 2042 5565 abje-

455 5593 631 5648 cerint
676 5589 878 5662 judicia
933 5605 1051 5646 mea
1103 5599 1159 5645 et
1208 5590 1352 5661 leges
1401 5607 1547 5648 meas
1597 5591 1693 5664 [h.
1757 5589 2042 5662 legitima]

450 5683 827 5756 despexerint.
882 5683 950 5738 Et
1001 5693 1181 5739 tamen
1227 5685 1392 5740 etiam
1419 5700 1544 5740 cum
1577 5694 1764 5741 essent
1812 5685 1864 5740 in
1897 5695 2039 5741 terra

451 5779 658 5844 hostili,
700 5792 806 5832 non
839 5775 1060 5850 penitus
1093 5776 1268 5847 abjeci
1319 5793 1434 5845 eos,
1470 5794 1647 5850 neque
1679 5778 1760 5835 sic
1788 5778 2036 5852 despexi,

446 5877 1002 5947 utnconsumerentur,
1029 5876 1087 5928 et
1115 5869 1330 5930 irritum
1355 5869 1591 5932 facerem
1611 5881 1830 5945 pactum
1856 5887 2036 5933 meum

2162 4749 2293 4821 liqui
2335 4762 2481 4819 sunt,
2531 4769 2818 4809 numerum
2871 4769 3045 4826 usque
3091 4755 3157 4810 ad
3203 4755 3508 4825 jubilaeum,
3555 4768 3610 4812 et
3657 4757 3762 4814 de-

2166 4843 2412 4900 trahetur
2433 4861 2498 4901 ex
2522 4847 2719 4916 pretio.
2745 4846 2900 4914 Quod
2933 4847 2978 4902 si
3009 4846 3536 4905 volueritredimere
3560 4865 3760 4921 agrum

2161 4937 2253 4993 ille
2293 4937 2385 5008 qni
2429 4948 2679 5008 voverat,
2707 4939 2869 4995 addet
2915 4940 3157 5011 quintam
3209 4951 3417 5011 partem
3470 4943 3762 5002 aestimata:

2161 5031 2432 5102 pecuniae,
2487 5039 2544 5086 et
2597 5031 2895 5102 possidebit
2955 5049 3101 5088 eum.
3149 5033 3246 5090 Sin
3290 5044 3471 5090 autem
3518 5037 3764 5095 noluerit.

2162 5127 2461 5196 redimere,
2511 5125 2609 5183 sed
2655 5127 2812 5183 alteri
2863 5128 3087 5184 cuilibet
3143 5129 3308 5184 fuerit
3364 5131 3758 5200 venumdatus,

2161 5221 2302 5276 ultra
2327 5235 2448 5275 eum
2479 5220 2570 5291 qui
2602 5230 2846 5289 voverat,
2889 5221 3161 5278 redimere
3191 5239 3296 5279 non
3336 5226 3538 5294 poterit
3569 5245 3582 5280 :
3626 5225 3756 5298 quia

2159 5331 2282 5371 cum
2331 5315 2540 5386 jubilaei
2579 5316 2791 5372 venerit
2831 5315 2971 5387 dies,
3014 5319 3387 5376 sanctiﬁcatus
3417 5321 3524 5376 erit
3573 5321 3757 5377 Domi-

2157 5423 2249 5476 no,
2315 5419 2370 5463 et
2400 5409 2682 5478 possessio
2713 5419 3029 5466 consecrata
3063 5412 3130 5468 ad
3159 5414 3250 5482 jus
3296 5415 3535 5484 pertinet
3564 5429 3758 5472 sacer-

2155 5499 2365 5556 dotum.
2401 5499 2455 5555 Si
2488 5516 2616 5572 ager
2637 5511 2852 5574 emptus
2901 5514 3006 5569 est,
3058 5513 3113 5560 et
3155 5521 3262 5561 non
3298 5507 3366 5563 de
3403 5509 3754 5576 possessione

2155 5594 2422 5663 majorum
2451 5594 2827 5650 sanetilicatus
2855 5597 3015 5650 fuerit
3041 5597 3295 5665 Domino,
3317 5602 3634 5670 supputabit
3659 5617 3755 5658 sa-

2152 5689 2345 5745 cerdos
2379 5689 2534 5759 juxta
2557 5705 2819 5745 annorum
2846 5707 3130 5748 numerum
3157 5711 3325 5767 usque
3345 5695 3413 5752 ad
3437 5697 3745 5768 jubilaaum,

2149 5785 2409 5855 pretium,
2456 5794 2509 5840 et
2554 5784 2707 5841 dabit
2749 5785 2842 5841 ille
2881 5787 2972 5857 qui
3023 5799 3247 5847 voverat
3299 5807 3444 5860 eum,
3483 5793 3717 5850 Domino

2147 5877 2208 5941 In
2234 5877 2454 5950 iubile
2497 5886 2680 5938 autem
2712 5889 3021 5942 revertetur
3066 5884 3134 5942 ad
3181 5885 3420 5958 priorem
3451 5887 3740 5964 dominum
