4044 6360
260 322 364 377 337

1319 315 1920 380 CAPITULATIONES
1957 321 2142 380 LIBRI
2186 321 2475 382 NUMERI.

3459 331 3566 390 538

253 439 342 510 qui
373 437 928 504 vendideratenm,et
957 436 1296 494 habueratin
1319 448 1466 494 sorte
1491 438 1853 508 possessionis
1879 439 2152 514 Acratio,
2214 455 2334 510 quae
2378 438 2607 496 olIertnr
2650 439 2719 496 ab
2765 441 3017 507 homine,
3074 455 3182 499 non
3226 443 3544 512 redimetur,

250 530 585 587 suae.0mnis
620 531 908 587 aestimatio
949 532 1080 586 siclo
1109 531 1407 586 sanctuarii
1433 530 1846 602 ponderabitnr.

248 625 426 682 Siclus
477 627 665 696 viginti
714 625 906 682 obolos
954 625 1134 682 habet.
1185 625 1575 697 Primogenita,
1621 641 1744 697 quae
1779 626 1846 681 ad

248 719 534 776 Dominum
566 720 868 790 pertinent,
911 735 1072 776 nemo
1119 719 1464 778 sanetiticare
1523 721 1750 790 poterit,
1793 729 1848 776 et

243 829 467 879 vovere,
501 814 623 868 sive
672 812 814 879 bos,
870 813 986 869 sive
1043 816 1160 868 ovis
1211 813 1396 882 luerit,
1457 813 1840 869 Dominisnnt.

243 908 394 976 Quod
443 908 488 963 si
536 907 874 962 immundum
913 917 997 964 est
1044 908 1266 975 animal,
1303 909 1536 964 redimet
1595 909 1687 980 qui
1735 909 1838 964 ob-

243 1002 381 1066 tulit,
425 1002 579 1072 juxta
626 1001 1042 1058 teStimationem
1095 1011 1239 1058 tuam
1270 1046 1285 1072 ,
1349 1012 1406 1059 et
1462 1003 1631 1060 addet
1681 1005 1841 1073 quin-

238 1107 340 1152 tam
399 1108 614 1165 partem
656 1097 858 1166 pretii;
902 1097 948 1152 si
1007 1097 1278 1153 redimere
1329 1097 1585 1165 noluerit,
1635 1097 1836 1154 vende-

235 1201 318 1245 tur
362 1190 534 1246 alteri
580 1199 1023 1263 quantacumque
1078 1207 1106 1246 a
1151 1201 1204 1247 te
1263 1192 1420 1248 fuerit
1478 1193 1830 1248 mstimatum.

235 1285 403 1340 Omne
454 1285 600 1354 quod
647 1285 878 1341 Domino
918 1295 1293 1354 consecratur,
1350 1288 1473 1342 sive
1517 1287 1680 1342 homo
1727 1287 1838 1343 lue-

230 1378 319 1446 rit,
364 1377 486 1432 sive
517 1378 739 1444 animal,
766 1379 882 1434 sive
912 1394 1065 1450 ager,
1113 1396 1223 1435 non
1267 1380 1556 1449 vendetur,
1604 1397 1704 1437 nec
1747 1397 1835 1438 re-

232 1471 354 1526 dimi
419 1471 643 1539 peterit.
676 1473 948 1544 Quidquid
979 1473 1153 1528 semel
1203 1472 1365 1530 fuerit
1428 1482 1832 1539 consecratum,

230 1575 477 1622 sanctum
517 1576 830 1625 sanctorum
872 1567 975 1624 erit
1001 1568 1250 1625 Domino.
1308 1567 1380 1623 Et
1421 1568 1602 1624 omnis
1639 1583 1835 1625 conse-

1957 532 2052 588 sed
2105 541 2277 588 morte
2316 534 2602 588 morietur.
2653 533 2857 589 Omnes
2907 532 3130 590 decimae
3187 545 3373 607 terrae,
3435 539 3550 594 sive

1955 626 2024 684 de
2079 626 2341 698 frugibus,
2368 627 2482 683 sive
2504 625 2572 682 de
2615 627 2790 699 pomis
2838 629 3118 696 arborum,
3151 630 3362 686 Domini
3399 640 3554 701 sunt,

1954 728 2010 775 et
2058 719 2133 774 illi
2194 720 2625 775 sanctilicantttr.
2682 721 2739 776 Si
2785 721 2907 794 quis
2949 731 3129 778 autem
3189 723 3422 780 voluerit
3455 741 3544 782 re-

1950 811 2159 868 dimere
2197 812 2438 868 decimas
2467 827 2616 878 suas,
2648 813 3071 886 addetquintam
3101 828 3308 888 partem
3331 833 3546 875 earum.

1950 907 2200 964 Omnium
2218 908 2551 964 decimarum
2572 909 2722 964 bovis
2745 918 2802 965 et
2823 911 2938 964 ovis
2970 919 3017 964 et
3033 927 3206 982 capra:
3228 911 3305 984 [h.
3330 927 3435 968 non
3456 914 3553 968 ha-

1948 1001 2102 1074 bet],
2133 1019 2250 1072 qutc
2282 1003 2384 1058 sub
2426 1005 2658 1074 pastoris
2673 1005 2823 1076 virga
2846 1014 3146 1073 transeunt,
3172 1006 3428 1078 quidquid
3452 1007 3552 1063 de-

1948 1095 2146 1150 cimum
2176 1094 2407 1163 venerit,
2431 1096 2854 1152 sanetilicabitur
2885 1097 3137 1154 Domino;
3168 1097 3284 1154 Non
3314 1099 3550 1171 eligetur

1947 1205 2046 1246 nec
2067 1190 2266 1245 bunum
2295 1205 2394 1246 nec
2424 1191 2648 1256 malum,
2679 1207 2779 1248 nec
2799 1192 2976 1248 altero
3003 1194 3428 1250 commutabitur
3457 1215 3471 1252 :
3496 1197 3543 1252 si

1946 1283 2067 1354 quis
2089 1285 2399 1352 mutaverit,
2431 1293 2485 1340 et
2507 1285 2649 1356 quod
2680 1286 2909 1340 mutavit
2930 1285 3116 1359 [Vulg.
3144 1295 3402 1343 mutatum
3417 1287 3546 1359 est].

1941 1387 1996 1435 et
2019 1394 2114 1449 pro
2129 1395 2234 1450 quo
2258 1387 2522 1434 mutatum
2537 1388 2644 1447 est,
2664 1380 3086 1436 sanctiﬁcabitur
3100 1381 3347 1447 Domino,
3363 1391 3421 1438 et
3437 1397 3544 1438 non

1941 1472 2266 1528 redimetur.
2338 1473 2466 1528 Haec
2534 1482 2665 1528 sunt
2715 1483 3018 1544 praecepta,
3075 1489 3196 1545 qua:
3265 1474 3544 1535 mandavit

1941 1567 2203 1622 Dominus
2249 1565 2382 1622 Mosi
2425 1567 2493 1622 ad
2545 1567 2685 1624 ﬁlios
2725 1567 2890 1624 Israel
2941 1569 2994 1623 in
3051 1577 3236 1624 monte
3262 1566 3433 1624 Sinai.

1366 1682 1599 1756 Explicit
1636 1684 1884 1757 Vajecra,
1907 1683 1963 1739 id
1985 1695 2079 1755 est,
2115 1683 2386 1740 Leriticus.

574 1957 583 1965 ο
628 1918 677 1978 Τ
685 1916 901 1978 ITULI
943 1915 1156 1977 LIBRI
1199 1914 1545 1991 NUMERI,
1589 1912 1726 1989 QUI
1767 1911 2172 1976 HEBRAICE
2218 1912 2544 1978 DICITUR
2588 1913 3134 1977 VAJEDABBER.

229 2046 265 2102 I.
305 2043 571 2113 Prrecepit
597 2043 854 2099 Dominus
885 2043 1043 2112 Mosi,
1080 2053 1136 2098 ut
1165 2059 1439 2098 numerum
1466 2043 1624 2097 totius
1646 2041 1826 2114 populi
1859 2045 1907 2105 B
2004 2049 2269 2114 percutere
2303 2042 2483 2114 coepit,
2529 2050 2576 2096 et
2607 2041 2784 2096 Aaron
2821 2042 3148 2097 thuribulum
3170 2059 3288 2098 cum
3313 2043 3542 2115 thymia-

291 2158 320 2193 a
345 2140 535 2210 viginti
554 2140 710 2194 annis
738 2147 782 2193 et
812 2155 996 2210 supra,
1026 2139 1253 2192 omnium
1273 2135 1526 2204 virorum,
1553 2153 1613 2190 ac
1637 2136 1830 2204 princi-

297 2250 416 2303 pum
470 2231 1116 2304 familiarum'describat,
1146 2240 1356 2304 excepta
1402 2231 1539 2284 tribu
1580 2229 1721 2298 Levi,
1781 2238 1829 2284 et

289 2327 522 2398 qualiter
551 2336 724 2380 castra
749 2335 1166 2395 promoveantur,
1200 2323 1278 2378 vel
1299 2333 1585 2396 ponantur.

227 2418 285 2475 II.
327 2418 632 2491 Descriptio
657 2419 821 2474 tribus
845 2419 1100 2488 Latitiae,
1121 2429 1167 2473 et
1186 2418 1365 2489 utquis
1389 2417 1562 2472 debeat
1579 2417 1630 2471 in
1651 2417 1828 2472 minis-

292 2514 420 2567 terio
460 2511 677 2567 Domini
713 2513 880 2584 oﬁicio
906 2512 1214 2586 mancipari.

230 2605 306 2663 III.
344 2605 452 2662 Ubi
477 2607 726 2676 prmcepit
746 2606 1032 2660 maculatos
1058 2615 1201 2660 extra
1231 2612 1401 2658 castra
1451 2619 1580 2671 esse,
1609 2603 1673 2658 de
1696 2603 1825 2658 votis

291 2718 525 2770 reorum,
569 2703 632 2756 de
661 2701 809 2773 aquis
865 2700 1140 2772 zelotypae
1168 2701 1303 2754 inter
1331 2714 1544 2754 uxorem
1581 2706 1628 2751 et
1667 2697 1827 2752 mari-

292 2807 418 2849 tum.
899 2862 904 2867 _

231 2887 312 2943 IV.
348 2887 426 2942 De
463 2888 853 2943 consecratione
882 2887 1259 2942 Nazarworum
1290 2895 1338 2942 et
1358 2886 1700 2942 oblationibus
1745 2903 1827 2941 eo-

295 2997 410 3036 rum
444 2999 465 3036 :
497 2981 760 3051 quomodo
789 2980 1076 3035 sacerdotes
1112 2980 1363 3049 populum
1394 2979 1717 3035 benedicant.

231 3073 291 3129 V’.
335 3073 412 3129 De
457 3076 791 3130 dedicatione
837 3074 1178 3142 tabernaculi,
1208 3083 1256 3128 et
1281 3074 1490 3136 altaris,
1513 3083 1558 3126 et
1581 3074 1704 3139 quid
1735 3089 1825 3145 per

290 3167 572 3221 duodecim
601 3168 711 3221 dies
736 3169 931 3239 singuli
975 3168 1234 3240 principes
1270 3167 1494 3221 tribuunt
1521 3167 1821 3220 obtulerint.

290 3258 367 3314 De
395 3263 792 3316 consecratione
819 3261 1139 3328 Levitarum,
1196 3270 1244 3314 et
1276 3262 1341 3314 de
1389 3261 1616 3315 lucernis
1646 3269 1824 3315 contra

290 3354 604 3426 Aquilonem
641 3354 915 3426 ponendis,
941 3364 996 3409 ut
1027 3370 1255 3410 mensam
1285 3371 1478 3426 panum
1507 3354 1822 3425 propositio-

291 3450 368 3502 nis
400 3450 711 3520 respiciant.

237 3537 317 3596 VI.
358 3543 442 3598 De
474 3544 646 3612 primo
675 3542 883 3599 Pascha
909 3544 962 3599 in
1008 3545 1232 3612 deserto,
1287 3553 1333 3600 et
1364 3544 1590 3599 secundo
1621 3560 1820 3610 eorum,

293 3639 381 3710 qui
407 3638 644 3708 primum
674 3639 846 3708 facere
874 3654 977 3691 non
1019 3647 1296 3707 potuerunt
1328 3654 1346 3691 :
1369 3646 1416 3690 et
1465 3636 1598 3692 tubis
1638 3652 1822 3709 argen-

292 3734 384 3786 teis
415 3732 488 3785 ad
516 3731 943 3804 congregandum
980 3730 1230 3800 pupulum
1253 3729 1528 3800 faciendis.

228 3823 327 3880 VII.
373 3824 484 3880 Ubi
514 3834 656 3877 mota
706 3832 828 3876 sunt
865 3831 1055 3889 castra,
1090 3830 1313 3894 cognato
1351 3838 1445 3875 suo
1487 3821 1659 3876 Moses
1694 3837 1820 3876 sua-

289 3919 407 3986 det,
458 3927 515 3972 ut
557 3917 627 3972 ad
656 3925 845 3971 terram
877 3917 1234 3989 promissionis
1282 3932 1454 3970 secum
1503 3925 1709 3988 pergat.
1744 3913 1822 3969 De

291 4011 717 4065 murmuratione
746 4009 952 4080 populi,
985 4019 1033 4063 et
1062 4010 1182 4080 igne
1208 4009 1495 4062 iracundia:
1524 4006 1621 4061 Dei
1651 4009 1822 4062 vindi-

288 4105 457 4158 cantis
482 4105 536 4157 in
567 4120 647 4158 eo.
682 4101 762 4158 De
793 4101 1052 4157 desiderio
1091 4099 1273 4173 populi
1307 4101 1582 4172 qurerentis
1612 4117 1816 4170 carnes,

288 4214 467 4269 cepas,
495 4204 545 4251 et
574 4211 889 4260 cucumeres,
918 4203 963 4248 et
991 4203 1172 4248 uetera
1191 4239 1203 4262 ,
1239 4203 1286 4247 et
1320 4191 1601 4246 nolentium
1625 4192 1821 4246 dulcis-

290 4292 482 4344 sinmm
514 4305 658 4342 man.
696 4286 776 4340 De
807 4287 1148 4358 Septuaginta
1177 4285 1489 4356 presbyteris
1510 4284 1821 4356 prophetau-

287 4381 434 4435 tibus
455 4424 468 4446 ,
515 4391 564 4435 et
606 4380 670 4434 de
711 4378 1070 4434 coturnicibus‘
1102 4378 1171 4431 ad
1207 4377 1579 4432 comedendum
1609 4377 1682 4432 eis
1711 4378 1819 4431 ira-

287 4485 461 4531 scente
510 4474 620 4529 Deo
657 4473 932 4543 adductis,
959 4483 1005 4526 et
1049 4473 1112 4526 de
1153 4470 1405 4544 sepulcris
1448 4473 1822 4541 concupiscen-

287 4575 392 4627 tite.

227 4667 351 4723 VIII.
399 4667 482 4721 De
523 4667 930 4720 murmuratione
967 4665 1142 4719 Aaron
1175 4672 1221 4717 et
1260 4661 1467 4729 Marica,
1496 4672 1543 4717 et
1574 4663 1638 4716 de
1669 4661 1818 4734 lcpra

287 4767 425 4836 ejus.
455 4762 528 4816 De
551 4762 962 4832 exploratoribus
993 4761 1062 4815 ad
1091 4768 1277 4814 terram
1307 4759 1664 4830 promissionis
1691 4775 1818 4813 con-

2005 2147 2142 2191 mate
2169 2126 2392 2203 offerens
2420 2136 2747 2205 prohibuerit
2781 2145 3112 2191 vastatorem.
3136 2134 3216 2192 De
3234 2138 3392 2209 virgis
3419 2139 3544 2194 duo-

2005 2230 2191 2296 decim,
2218 2238 2263 2284 et
2295 2230 2443 2302 virga
2478 2229 2655 2283 Aaron
2686 2229 3065 2301 frondescente.

1932 2320 2025 2377 XI.
2070 2321 2147 2376 Dc
2172 2322 2406 2376 custodia
2439 2322 2786 2391 tabernaculi,
2818 2326 2954 2394 quod
2983 2323 3052 2377 ad
3078 2324 3400 2380 sacerdotem
3422 2341 3538 2395 per-

2003 2415 2148 2470 tinet.
2176 2415 2255 2470 De
2281 2417 2642 2490 primogenitis
2669 2417 3006 2484 redimendis,
3034 2426 3083 2470 et
3111 2415 3176 2472 de
3204 2417 3417 2472 decimis
3439 2417 3535 2471 de-

2003 2510 2279 2563 cimandis.

1931 2600 2047 2656 Xll.
2092 2601 2168 2656 De
2205 2602 2365 2656 vitula
2405 2605 2557 2672 rufa,
2605 2617 2723 2674 quia
2760 2609 2908 2658 extra
2937 2611 3109 2658 castra
3144 2612 3424 2659 mactatur.
3457 2603 3538 2659 De

1999 2697 2306 2770 expiatione.
2329 2696 2407 2752 De
2433 2714 2570 2769 aqua
2591 2698 3025 2752 contradictionis
3051 2706 3099 2752 et
3130 2706 3296 2754 morte
3321 2698 3527 2753 Μανίαν.

1929 2789 2071 2847 XIII.
2118 2790 2289 2845 Moses
2317 2792 2530 2846 nuntios
2561 2791 2718 2845 mittit
2741 2791 2809 2845 ad
2832 2790 3006 2851 Edam
3031 2792 3311 2846 transitum
3335 2803 3533 2865 petens,

1999 2895 2047 2939 et
2078 2885 2368 2956 prohibitus
2400 2895 2497 2941 est.
2535 2884 2613 2939 De
2637 2894 2801 2939 morte
2830 2885 3005 2939 Aaron
3031 2885 3086 2940 in
3114 2895 3288 2940 monte
3320 2884 3457 2954 Hor,
3483 2895 3532 2940 et

2000 2979 2255 3034 Eleazaro
2286 2993 2582 3033 successore
2610 2978 2722 3045 ﬁlio
2753 2979 2886 3048 ejus.
2915 2976 2991 3033 De
3021 2985 3254 3051 serpente
3279 2993 3444 3047 (BN-£0,
3479 2987 3528 3032 et

1997 3075 2189 3128 nuntiis
2217 3073 2284 3126 ad
2315 3072 2453 3126 Seon
2479 3087 2648 3142 regem
2669 3071 3089 3127 Amorrhworum
3113 3074 3343 3129 directis.

1929 3167 2066 3223 XIV.
2110 3166 2187 3222 De
2214 3167 2412 3221 Balaac
2441 3183 2581 3238 rege,
2621 3179 2669 3221 et
2700 3167 2891 3220 Balam
2933 3165 3124 3235 ariolo,
3159 3167 3246 3221 ubi
3275 3168 3423 3221 asina
3455 3167 3532 3221 lo-

1997 3269 2116 3316 cuta
2143 3270 2216 3316 est
2237 3303 2251 3327 ,
2283 3270 2332 3314 et
2358 3259 2617 3330 quomodo
2655 3261 2944 3315 econtrario
2980 3259 3292 3316 benedixerit
3328 3262 3526 3334 popqu

2001 3354 2188 3408 Israel.

1852 3439 1897 3502 C
1929 3446 2045 3502 XV.
2088 3445 2326 3518 Populus
2373 3446 2610 3500 initiatus
2670 3445 2982 3519 Belphegor.
3045 3445 3205 3503 lubet
3267 3447 3526 3502 Dominus

1996 3541 2257 3612 principes
2280 3539 2462 3611 pepuli
2486 3539 2734 3608 suspendi
2754 3539 2806 3592 in
2833 3537 3102 3607 patibulis.
3127 3540 3202 3592 De
3217 3550 3385 3595 scorto
3407 3540 3528 3594 Μα-

1999 3631 2282 3697 dianitide,
2313 3640 2362 3684 et
2400 3631 2624 3686 vindicta
2653 3630 2900 3686 Phineas.
2930 3630 3009 3686 De
3041 3631 3178 3686 bello
3213 3630 3526 3688 Madianitis

1996 3727 2164 3793 illato,
2199 3735 2246 3780 et
2305 3726 2496 3799 papulo
2527 3727 2714 3780 iterum
2740 3734 3031 3780 numerato.
3058 3723 3138 3780 De
3165 3725 3374 3795 ﬁliabus
3402 3726 3526 3780 Sal—

1995 3820 2172 3894 phaad
2221 3821 2574 3876 hereditatem
2626 3821 2997 3892 quaerentibus.
3032 3819 3112 3874 De
3166 3819 3305 3875 Mosi
3360 3831 3526 3875 morte

1997 3915 2273 3984 prtrdicta,
2303 3925 2349 3969 et
2375 3913 2534 3970 Josue
2559 3916 2802 3969 ordinato
2828 3931 3118 3970 successore
3143 3917 3278 3986 ejus.

1923 4010 2064 4067 XVI.
2109 4009 2189 4064 De
2209 4013 2314 4064 ritu
2334 4011 2586 4082 sacriﬁcii
2611 4011 2879 4076 matutini,
2909 4019 2958 4064 et
2983 4009 3275 4064 holocausti
3298 4009 3524 4082 faciendi

1996 4123 2088 4176 per
2103 4105 2334 4178 singulos
2354 4122 2571 4169 menses,
2592 4107 2682 4177 qui
2703 4106 2800 4160 sibi
2822 4121 2960 4158 anno
2976 4112 3198 4159 vertente
3213 4103 3522 4161 succedunt.

1994 4203 2074 4256 De
2101 4200 2359 4256 oblatione
2383 4202 2436 4256 in
2471 4200 2798 4255 Pentecoste.
2832 4199 2909 4254 De
2949 4199 3294 4254 oblationibus
3325 4199 3516 4253 mensis

1995 4295 2254 4363 tubarum,
2281 4307 2328 4350 et
2353 4296 2485 4350 votis
2515 4295 2812 4349 mulierum.
3061 4277 3066 4282 ”

1925 4386 2090 4444 XVII.
2139 4389 2212 4442 De
2239 4388 2602 4453 interfectione
2632 4386 3074 4453 Madianitarum,
3118 4394 3164 4440 et
3213 4386 3392 4455 prmda
3429 4401 3522 4440 eo-

1994 4497 2134 4538 rum.
2173 4479 2248 4536 De
2279 4482 2522 4552 petitione
2554 4479 2930 4535 Rubenitarum
2965 4487 3012 4532 et
3043 4477 3387 4532 Gaaditarum
3410 4519 3424 4543 ,
3461 4487 3520 4532 ut

1993 4579 2046 4632 in
2078 4577 2258 4631 eadem
2285 4584 2425 4630 terra
2453 4574 2762 4629 animalium
2793 4572 2970 4627 merito
3001 4580 3165 4626 sortes
3193 4571 3516 4643 suscipiant,

1992 4678 2040 4724 et
2063 4669 2388 4724 cancessione
2417 4667 2575 4721 Mosi.

1921 4761 2112 4817 XVIII.
2155 4760 2257 4815 Hic
2285 4762 2663 4833 profectionum
2694 4759 2813 4814 loca
2840 4768 3223 4824 commemorat,
3253 4767 3299 4813 et
3325 4760 3378 4812 in
3404 4759 3521 4831 qui-

289 4855 628 4910 siderandam
650 4856 845 4909 missis.
875 4852 952 4908 De
981 4854 1244 4923 fructuum
1278 4851 1486 4906 indiciis
1516 4852 1712 4905 allatis.
1743 4851 1816 4906 De
1844 4835 1898 4896 D
1996 4857 2087 4909 bus
2118 4855 2245 4910 locis
2272 4855 2480 4924 ﬁxerint
2509 4854 2752 4908 tentoria.

289 4949 573 5003 tentatione
602 4947 786 5019 populi
820 4955 868 5000 et
918 4963 1122 5019 pavore.
1159 4944 1238 5000 De
1267 4944 1372 5016 ﬁde
1399 4943 1559 5000 Josue
1595 4955 1644 5000 et
1672 4944 1816 5000 Cha-

290 5043 390 5098 leb.
410 5041 490 5097 De
518 5042 794 5096 iracundia
823 5039 939 5109 Dei,
971 5040 1061 5094 ubi
1080 5057 1170 5112 per
1194 5041 1418 5110 seipsum
1435 5044 1588 5113 jurat
1610 5041 1815 5096 nullum

292 5151 354 5189 ea:
380 5137 454 5190 eis
485 5144 678 5188 terram
705 5133 1064 5206 promissionis
1084 5133 1398 5206 contingere.

227 5223 311 5281 IX.
355 5227 431 5283 De
471 5228 776 5297 spontaneis
805 5227 954 5281 votis.
983 5225 1062 5280 De
1103 5227 1346 5296 primitiis
1374 5229 1701 5298 separandis.
1738 5227 1816 5285 De

292 5323 469 5376 anima
494 5338 610 5394 quae
635 5339 730 5394 per
753 5322 1106 5396 ignorantiam
1130 5362 1143 5387 ,
1181 5322 1258 5375 vel
1294 5323 1589 5394 superbiam
1614 5335 1814 5396 peccat.

294 5417 371 5472 De
416 5417 627 5472 homine
657 5417 801 5489 ligna
844 5415 1158 5488 colligente;
1198 5433 1299 5487 qua
1342 5420 1592 5472 sententia
1643 5419 1815 5474 debuit

296 5509 406 5565 Deo
436 5511 722 5584 imperante
757 5509 986 5565 bercelli.
1013 5509 1092 5564 De
1133 5509 1352 5580 ﬁmbriis
1390 5511 1445 5564 in
1470 5511 1678 5583 angulis
1703 5513 1818 5584 pal-

297 5607 502 5660 liorum.

232 5695 296 5752 Χ.
338 5697 415 5752 De
434 5699 716 5754 certamine
732 5697 959 5765 Dathan,
976 5697 1130 5766 Core,
1147 5707 1192 5753 et
1215 5699 1432 5765 Abiron,
1453 5707 1501 5752 et
1522 5698 1586 5752 de
1605 5699 1817 5754 interitu

297 5813 490 5853 eorum.
514 5797 757 5870 Populus
778 5805 957 5852 contra
981 5795 1163 5852 Mosen
1191 5807 1236 5851 et
1257 5798 1432 5852 Aaron
1459 5813 1552 5868 pro
1581 5796 1654 5852 eis
1673 5812 1818 5850 mur-

299 5902 520 5950 muretus
563 5901 661 5951 est.
700 5890 799 5948 Ubi
827 5892 910 5949 ira
936 5891 1063 5948 exiit
1106 5909 1138 5945 a
1185 5889 1444 5962 Domino,
1479 5899 1526 5947 et
1564 5889 1819 5964 populum

1920 4950 2063 5009 XIX.
2107 4949 2360 5005 Dominus
2391 4949 2623 5022 praecipit
2653 4947 2875 5021 qualiter
2897 4955 3084 5001 terram
3107 4944 3521 5018 repromissionis

1993 5053 2131 5100 sorte
2153 5044 2406 5113 dividant,
2431 5053 2479 5098 et
2501 5057 2820 5115 unaquaque
2848 5040 3009 5097 tribus
3033 5042 3183 5111 cujus
3208 5038 3311 5093 loci
3339 5037 3521 5093 debeat

1995 5141 2099 5211 ﬁne
2115 5139 2375 5194 concludi.

1925 5233 2046 5290 XX.
2094 5232 2193 5289 Ubi
2210 5231 2424 5304 jubetur
2453 5229 2603 5284 urbes
2638 5229 2691 5282 in
2720 5227 3057 5300 fugitivorum
3091 5211 3339 5298 praesidia
3367 5240 3522 5297 sepa-

2000 5330 2129 5395 rari,
2150 5335 2198 5383 et
2226 5328 2312 5397 qui
2341 5327 2445 5380 sint
2469 5325 2558 5395 qui
2585 5324 2798 5379 debeant
2825 5321 3068 5396 praesidio
3087 5320 3369 5391 confoveri.
3387 5316 3521 5373 Filii

1997 5423 2228 5493 filiorum
2248 5418 2443 5490 Ioseph
2472 5416 2650 5472 Mosen
2683 5416 3016 5488 interpellant
3038 5429 3134 5482 pro
3155 5411 3364 5484 ﬁliabus
3386 5411 3518 5466 Sal-

1997 5515 2192 5588 phaad,
2210 5530 2274 5569 ne
2297 5512 2599 5567 htereditate
2626 5509 2849 5564 donante
2877 5508 2932 5562 in
2955 5507 3062 5562 alia
3091 5506 3249 5572 tribu,
3276 5503 3520 5574 conjugia

1997 5610 2301 5674 sortiantur,
2329 5623 2395 5661 ne
2422 5605 2640 5660 sortium
2668 5604 2905 5675 confusio
2934 5601 3046 5671 ﬁat,
3072 5608 3120 5654 et
3144 5599 3368 5652 aliorum
3398 5611 3523 5666 pos-

1999 5705 2161 5761 sessio
2191 5702 2260 5756 ad
2281 5701 2470 5757 alteros
2499 5706 2750 5766 transeat,
2781 5706 2829 5752 et
2860 5702 3132 5768 pra’ceptat
3157 5701 3276 5748 sunt
3301 5691 3357 5746 in
3388 5688 3523 5744 tribu

1998 5815 2094 5854 sua
2113 5795 2305 5869 quibus
2325 5794 2606 5852 voluissent
2630 5790 2877 5863 conjugia
2902 5788 3109 5845 sociari.
