3912 6348
456 326 561 381 δπθ
1464 319 1521 377 s.
1570 315 1945 377 uteuoswut
1986 314 2214 374 otvms
2261 313 2741 374 muuo'rmzcs.
3624 320 3723 381 ut,

2834 442 3025 451 ο...-
3040 443 3147 452 ..αι-αν-

1636 519 1790 582 BRE
1800 518 1945 582 VES
1987 518 2202 582 LIBRI
2244 517 2576 581 NUMERI.

454 622 497 704 ι.
546 648 846 719 Recognitio
868 646 1142 703 duodecim
1161 646 1386 701 tribuum
1410 646 1601 711 factaa
1626 641 1770 696 Mose
1791 648 1836 695 et
1854 641 2055 708 Aaron;
2084 642 2135 705 Α
2160 637 2400 693 XXVIII.
2444 636 2615 692 Flevit
2660 639 2921 710 populus,
2970 646 3197 711 petentes
3249 656 3426 695 carnes
3465 658 3482 695 :
3524 652 3571 697 et
3610 646 3728 702 divit

529 754 575 796 et
610 752 635 777 ἰ
663 742 933 796 duodecim
961 740 1304 813 principibus,
1337 756 1368 793 a
1402 736 1585 810 viginti
1613 734 1764 789 anuis
1803 743 1848 789 et
1878 748 2055 803 supra,
2238 732 2410 787 Moses
2441 732 2509 785 ad
2544 731 2823 787 Dominum
2858 748 2876 787 :
2908 733 3028 787 Non
3058 744 3237 805 potero
3265 735 3403 789 solus
3431 736 3560 807 [et-re
3584 753 3731 810 popu-

531 843 717 906 prtrter
747 832 971 899 Levitas,
1001 816 1086 888 θ’(ἶ.
1124 816 1203 886 n—i.
1229 842 1283 887 et
1307 846 1395 886 DL.
2235 829 2340 881 lum
2364 828 2539 881 istum.
2578 885 2593 893 ,

459 929 523 983 II.
564 926 722 985 lubet
753 927 1008 982 Dominus
1041 924 1229 980 tribum
1257 925 1379 979 Levi
1408 930 1510 978 no‘n
1536 921 1924 978 numerari:ut
1955 920 2061 990 ipsi
2161 919 2352 976 XXIX.
2397 918 2545 975 Dixit
2602 919 2855 975 Dominus
2902 918 3044 976 Mosi
3083 937 3101 975 :
3143 920 3377 976 Convoea
3424 922 3493 976 ad
3541 938 3617 978 me
3654 941 3728 980 se-

532 1018 865 1076 tabernaculo
899 1020 1215 1087 deserviant,
1244 1028 1288 1072 et
1312 1017 1626 1078 minis‘rent.
2232 1015 2507 1086 ptuaginta
2534 1015 2669 1068 viros
2696 1015 2946 1081 seniores,
2985 1022 3035 1069 et
3073 1011 3209 1069 dabo
3253 1028 3342 1068 eos
3387 1014 3477 1069 tibi
3500 1015 3553 1070 in
3590 1018 3729 1072 autsi-

459 1113 546 1169 III.
591 1110 748 1168 Jubet
782 1111 1040 1167 Dominus
1069 1122 1124 1166 ut
1168 1111 1409 1166 ordinate
1436 1110 1717 1180 procedant
1745 1122 1837 1180 per
1877 1107 2059 1160 domus
2234 1106 2382 1161 lium.

533 1218 799 1277 paternas,
830 1215 877 1259 et
909 1222 999 1275 per
1028 1213 1232 1259 turmas
1256 1220 1399 1259 suas.
2162 1198 2333 1256 XXX.
2378 1199 2521 1254 Tulit
2546 1199 2800 1255 Dominus
2828 1199 2893 1253 ab
2917 1200 3105 1269 spiritu
3134 1196 3296 1265 Mosi,
3327 1207 3377 1254 et
3403 1200 3569 1270 posuit
3595 1216 3735 1273 super

458 1300 549 1357 IV.
594 1300 671 1354 De
698 1302 943 1371 progenie
971 1295 1155 1361 Hosis,
1186 1307 1232 1351 et
1256 1299 1454 1365 Aaron,
1481 1305 1528 1350 et
1558 1296 1785 1365 ﬁliorum
1813 1294 1948 1361 eius,
1971 1292 2058 1362 qui
2230 1296 2482 1357 seniores.
2505 1305 2554 1351 et
2586 1295 3048 1367 prophetauerunt.

535 1394 606 1447 ad
633 1392 978 1447 sacerdotium
1004 1392 1147 1446 uncti
1176 1401 1316 1445 sunt.
2162 1386 2357 1442 XXXI.
2396 1387 2540 1443 Misit
2570 1388 2825 1444 Dominus
2844 1404 3047 1464 gregem
3068 1390 3388 1444 coturnicum
3413 1389 3469 1444 in
3498 1398 3679 1457 castra,
3698 1398 3741 1445 et

459 1487 524 1541 V.
569 1486 768 1541 Levitas
800 1485 924 1539 dicit
952 1486 1201 1539 Dominus
1231 1483 1455 1558 adjungi
1480 1481 1678 1548 Aaron,
1706 1496 1765 1535 eo
1794 1480 1932 1552 quod
1962 1478 2061 1533 sibi
2234 1481 2493 1550 percussit
2513 1496 2578 1535 ea.
2602 1483 2795 1555 populo
2815 1483 2998 1555 viginti
3025 1481 3129 1537 tria
3155 1482 3320 1541 millia
3340 1485 3585 1538 virorum.

537 1581 792 1651 acceperit
816 1595 902 1635 eos
932 1569 1028 1648 pro
1061 1577 1297 1633 omnibus
1320 1575 1678 1649 primogenitis
1707 1571 1897 1628 Israel.
2098 1639 2102 1643 ,
2164 1573 2383 1630 XXXII.
2426 1574 2601 1630 Aaron
2624 1586 2675 1631 at
2703 1574 2874 1630 Maria
2899 1576 3037 1631 male
3065 1576 3233 1632 locuti
3265 1586 3384 1631 sunt
3415 1575 3480 1629 de
3506 1574 3673 1642 Moss,
3698 1588 3744 1633 et

463 1675 552 1729 VI.
598 1674 788 1728 Levita:
828 1673 1236 1730 dinumerantur
1265 1689 1297 1725 a
1327 1684 1498 1725 mense
1525 1685 1630 1722 uno
1658 1676 1708 1724 et
1734 1682 1925 1739 supra,
1955 1665 2060 1720 duo
2237 1667 2408 1729 Maria
2438 1678 2460 1707 ο
2486 1684 2732 1738 percussa
2766 1678 2839 1722 est
2866 1672 3042 1741 lepra,
3074 1678 3124 1723 et
3163 1670 3263 1739 fuit
3305 1679 3453 1723 extra
3480 1678 3643 1724 castra
3678 1685 3747 1724 se-

538 1767 706 1823 miilia
736 1765 942 1823 ducenti
963 1774 1012 1821 et
1038 1765 1366 1835 septuaginta
1387 1773 1629 1835 quatuor.
2236 1770 2372 1829 ptem
2398 1758 2602 1815 diebus.

466 1857 579 1912 \‘Il.
614 1860 829 1912 Omnem
852 1856 1249 1929 primogenitum
1266 1854 1497 1925 ﬁliorum
1519 1850 1685 1911 Israel
1710 1868 1742 1907 a
1765 1869 1934 1906 mense
1954 1868 2059 1906 uno
2162 1852 2398 1915 XXXIII.
2452 1854 2613 1909 Mittit
2643 1853 2814 1910 Moses
2840 1856 3188 1931 speculatores
3214 1856 3510 1925 duodecim,
3536 1858 3750 1928 singulos

536 1961 583 2004 et
604 1968 766 2017 supra
783 1949 943 2021 jussit
974 1945 1229 2001 Dominus
1257 1946 1598 2001 dinumerari.
2235 1951 2299 2004 de
2325 1951 2548 2019 singulis
2592 1950 2853 2017 tribubus,
2887 1952 2976 2022 qui
3014 1952 3204 2005 reversi
3231 1952 3489 2005 miserunt
3528 1960 3751 2006 terrorem

468 2042 601 2098 VIII.
650 2040 817 2097 Filios
845 2039 1009 2095 Caatb
1042 2040 1193 2113 jubet
1237 2038 1494 2093 Dominus
1541 2045 1753 2111 portare
1780 2053 1987 2102 arcam,
2019 2046 2068 2092 et
2101 2036 2146 2097 Β
2247 2044 2298 2097 in
2326 2043 2540 2113 populo.
2566 2042 2761 2099 Cbaleb
2790 2056 2965 2099 autem
2996 2042 3376 2099 exhortabatur
3403 2045 3680 2114 populum,
3709 2052 3755 2100 ut

540 2152 789 2203 mensam,
820 2146 867 2191 et
887 2138 1074 2200 altare,
1102 2145 1150 2190 et
1172 2143 1228 2188 ut
1253 2150 1358 2189 non
1384 2142 1598 2205 tangant
1624 2142 1833 2199 sancta,
1866 2149 1928 2187 ne
1949 2149 2063 2187 mo-
2241 2139 2574 2193 ascenderant
2603 2136 2851 2192 adversm
2877 2152 2983 2194 eos.

541 2233 771 2285 riantur.
2170 2228 2413 2285 XXXIV.
2459 2229 2803 2285 Murmuravit
2828 2231 3049 2304 populus
3076 2231 3255 2287 dicens
3291 2245 3308 2285 :
3345 2229 3540 2288 Demus
3570 2224 3595 2265 δ
3625 2228 3756 2283 nobis

468 2323 563 2379 IX.
609 2323 781 2379 Filias
846 2322 1048 2378 Gerson
1104 2324 1256 2397 jubet
1306 2330 1515 2395 portare
1570 2321 1959 2377 tabernaculum
2019 2330 2068 2377 et
2242 2325 2442 2390 ducem,
2469 2334 2515 2379 et
2541 2336 2856 2385 revertamur
2876 2327 2933 2381 in
2954 2325 3272 2400 Egyptum.

539 2419 671 2471 lora.
2173 2417 2392 2473 XXXV.
2437 2418 2616 2473 Iratus
2640 2429 2715 2474 est
2747 2417 3023 2487 Dominus,
3046 2428 3095 2474 et
3118 2419 3276 2483 dixit.
3313 2426 3578 2489 percutere
3607 2431 3760 2489 pepu-

464 2508 535 2564 X.
582 2507 751 2563 Filios
778 2508 972 2563 Morari
994 2507 1535 2576 capita'tabernaculi,
1560 2519 1605 2561 et
1628 2523 1767 2562 seras
1797 2517 1845 2561 et
1876 2507 2072 2563 eolum-
2248 2512 2377 2579 ium,
2400 2522 2446 2565 et
2474 2513 2777 2584 deprecatus
2800 2522 2874 2568 est
2908 2512 3081 2568 lloses
3111 2511 3431 2578 Dominum,
3462 2521 3507 2567 et
3528 2512 3764 2584 propitius

541 2619 655 2670 uas,
685 2613 730 2657 et
757 2602 924 2663 bases,
959 2617 1136 2656 omnes
1158 2611 1420 2673 portantes
1448 2619 1575 2671 opus
1605 2601 1929 2656 tabernaculi
1957 2614 2069 2657 octo
2246 2602 2419 2672 factus
2438 2612 2518 2657 est
2546 2604 2641 2657 eis.

541 2696 709 2752 millia
737 2698 1006 2770 quingenti
1032 2696 1317 2768 octoginta.
2176 2695 2422 2752 XXXVI.
2463 2697 2621 2751 Iurat
2650 2695 2908 2753 Dominus
2946 2714 3053 2753 non
3088 2698 3429 2757 introducere
3466 2714 3554 2752 eos
3586 2697 3638 2753 in
3677 2705 3768 2749 ter-

467 2789 562 2845 Xl.
602 2787 759 2843 lubet
803 2786 1060 2842 Dominus
1095 2786 1217 2859 ejicl
1257 2790 1323 2843 de
1364 2789 1551 2842 castris
1593 2804 1794 2842 onmem
1842 2789 2068 2842 immun»
2248 2805 2358 2843 ram
2388 2791 2748 2861 promissionis
2774 2808 2868 2863 pro
2893 2808 2953 2847 eo
2974 2793 3113 2862 quod
3145 2792 3614 2851 murmuraverint,

541 2882 690 2936 dum.
2178 2879 2444 2935 XXXVII.
2490 2880 2566 2935 De
2596 2883 2901 2939 holocausta
2929 2892 2976 2938 et
3004 2884 3291 2953 sacriﬁcio.

467 2973 584 3029 XII.
634 2971 710 3027 De
738 2971 978 3038 muliere,
1003 2988 1119 3044 quia
1142 2971 1367 3027 latenter
1394 2972 1550 3044 fuerit
1575 2970 1892 3026 adulterata.
2176 2975 2467 3031 XXXVIII.
2503 2964 2770 3032 Priitritias
2793 2979 2941 3049 panis
2963 2989 3117 3033 terra:
3135 2994 3298 3049 quam
3320 2979 3541 3050 ingressi
3572 2978 3770 3044 iuerint,

470 3066 612 3121 XIII.
659 3066 736 3120 De
758 3066 845 3134 iis,
870 3068 959 3137 qui
980 3076 1154 3120 votum
1185 3067 1413 3120 noverint
1440 3066 1713 3121 castitatis.
2239 3075 2388 3149 jubet
2411 3076 2509 3131 ,ξω
2531 3076 2712 3144 o/fern'
2736 3076 3010 3131 Dominus,

471 3158 614 3215 XIV.
662 3160 938 3226 Quomodo
967 3159 1273 3213 benedicant
1304 3163 1557 3233 populum
1582 3158 1891 3213 sacerdotes.
2178 3165 2426 3224 XXXIX.
2462 3166 2592 3221 Eum
2630 3168 2723 3239 qui
2749 3168 2946 3239 colligit
2974 3167 3117 3239 ligna
3145 3170 3199 3225 in
3228 3167 3487 3234 sabbato,
3514 3168 3650 3237 iubet
3681 3165 3775 3221 Do-

474 3251 592 3307 XV.
638 3251 803 3324 lingit
835 3250 1011 3305 Moses
1039 3252 1460 3320 tabernaculum,
1491 3262 1535 3306 et
1570 3252 1833 3323 principes
1862 3269 2074 3309 munera
2253 3262 2426 3315 minus
2450 3261 2701 3330 lapidari.
2898 3306 2903 3309 _

544 3345 792 3412 offerunt.
1906 3360 1915 3371 ’
2180 3350 2293 3408 XL.
2337 3353 2415 3409 De
2444 3354 2662 3422 fimbriis
2692 3353 2969 3423 faciendis.

470 3438 611 3494 XVI.
650 3438 863 3512 Singuli
885 3456 973 3509 per
996 3439 1231 3510 singulos
1254 3439 1364 3493 dies
1387 3439 1659 3493 duodecim
1682 3440 1941 3510 principes
1960 3457 2074 3495 nsu-
2102 3433 2148 3497 C
2180 3445 2316 3500 XLI.
2359 3444 2437 3499 De
2465 3445 2614 3513 Core,
2658 3447 2863 3517 Dathan
2882 3489 2896 3511 ,
2931 3457 2979 3502 et
3009 3448 3204 3503 Abiron
3225 3492 3239 3516 ,
3289 3459 3342 3503 et
3369 3448 3614 3507 ducentis
3640 3446 3781 3517 quin-

541 3548 669 3586 uera
691 3548 789 3585 sua
823 3530 874 3584 Μ
883 3532 960 3585 osi
993 3530 1244 3599 offerunt.
2248 3541 2501 3611 quaginta
2527 3540 2874 3612 principibus.

362 3622 370 3627 ’
470 3623 635 3679 XVII.
684 3622 759 3676 De
779 3624 1122 3689 candelabro,
1150 3632 1196 3677 et
1228 3623 1474 3678 lucernis.
2180 3632 2338 3693 XLII.
2375 3633 2519 3688 Dixit
2546 3634 2797 3690 Dominus
2824 3635 2999 3691 delere
3017 3653 3219 3692 omnem
3245 3654 3605 3710 synagogas»,
3636 3649 3681 3691 et
3707 3637 3786 3689 de-

469 3714 663 3772 XVIII.
706 3714 785 3769 De
829 3714 1020 3775 Levitis
1070 3714 1362 3785 puriﬁcatis
1406 3715 1474 3770 ad
1523 3717 1867 3771 ministerium
1903 3719 2074 3773 taber-
2249 3727 2443 3795 precati
2481 3737 2599 3782 sunt
2632 3727 2804 3783 Moses
2847 3737 2893 3784 et
2924 3729 3100 3784 Aaron
3127 3746 3220 3800 pro
3258 3732 3492 3800 papula,
3517 3741 3564 3785 et
3593 3728 3787 3803 glutivit

545 3811 741 3866 naauli.
2250 3830 2388 3874 terra
2419 3831 2442 3859 ε
2477 3818 2685 3875 Dathan
2724 3831 2775 3877 et
2809 3822 3035 3893 Abiron,
3075 3834 3122 3878 et
3160 3826 3504 3895 consumpsit
3533 3824 3667 3895 ignis
3696 3823 3788 3879 du-

472 3905 618 3962 XIX.
662 3907 705 3959 A
732 3904 920 3977 uiginti
940 3907 1167 3976 quinque
1193 3906 1345 3959 annis
1376 3904 1585 3960 Levitas
1610 3907 1855 3962 accedere
1883 3909 1950 3963 ad
1975 3908 2075 3963 mi-
2246 3923 2427 3973 centos
2449 3916 2831 3988 quinquaginta
2851 3918 3075 3986 ferentes
3095 3918 3403 3974 incensum.

545 3999 897 4067 nistrandum,
929 4009 979 4053 et
1007 4016 1038 4053 a
1058 4000 1437 4072 quinquaginta
1463 4002 1720 4059 recedere.
2177 4006 2363 4063 XLIII.
2409 4008 2550 4063 Exit't
2577 4011 2656 4064 ira
2689 4028 2721 4062 a
2752 4011 2888 4083 facie
2912 4010 3144 4079 Domini,
3170 4021 3221 4066 et
3254 4015 3456 4085 fragor
3500 4017 3673 4084 factus
3696 4021 3791 4075 est,

474 4094 597 4150 XX.
641 4095 792 4149 Anno
829 4093 1056 4149 secundo
1093 4110 1163 4148 es:
1190 4094 1425 4168 zEgypto
1450 4096 1504 4150 in
1545 4098 1715 4166 primo
1738 4114 1910 4155 mense
1933 4099 2073 4168 jubet
2248 4111 2297 4155 et
2321 4104 2515 4156 mortui
2544 4115 2662 4169 sunt
2708 4120 2770 4158 ea
2806 4105 2997 4177 populo
3025 4107 3435 4176 quatuordscim
3483 4106 3655 4162 millia
3686 4120 3794 4174 sep-

549 4185 805 4240 Domsnus
835 4186 1083 4270 celebrari
1108 4183 1334 4240 Pascha.
2247 4194 2486 4268 tingenti,
2505 4212 2602 4267 pro
2620 4212 2681 4251 eo
2701 4197 2840 4269 quod
2863 4210 3325 4253 murmuraverunt
3348 4201 3610 4255 adversus
3630 4198 3796 4253 Mosen

474 4279 619 4335 XXI.
666 4278 960 4349 Perfectum
988 4289 1060 4333 est
1088 4278 1498 4343 tabernaculum,
1520 4290 1573 4334 et
1602 4282 1763 4337 nubes
1785 4281 1916 4340 ἰωὴ
1937 4282 2075 4339 illud
2246 4296 2295 4341 et
2317 4286 2513 4345 Aaron.

542 4372 598 4424 in
628 4370 731 4438 die,
760 4379 813 4426 et
834 4370 969 4442 ignis
995 4371 1241 4425 inunocte.
2046 4362 2051 4367 ⁴

2255 4378 2361 4436 .ιν.
2403 4380 2484 4437 De
2510 4383 2656 4454 virga
2686 4383 2860 4439 Aaron
2892 4401 3012 4454 qua!
3040 4387 3243 4457 floruit,
3273 4395 3333 4441 et
3365 4397 3427 4442 ut
3460 4388 3672 4443 desinat
3713 4402 3800 4456 po-

472 4461 640 4519 XXII.
676 4461 1009 4519 Pracedente
1027 4464 1181 4528 nube,
1202 4479 1271 4518 es:
1288 4473 1545 4536 pracepto
1568 4462 1782 4523 Domini
1811 4483 2075 4538 promove-
2249 4472 2405 4543 pulus
2429 4488 2771 4543 murmurare,
2799 4493 2863 4530 ne
2891 4479 3210 4534 moriantur.

546 4557 694 4622 bant,
722 4566 773 4611 et
798 4557 1164 4612 consistebant.
2175 4562 2337 4621 XLV.
2382 4564 2596 4620 Tribum
2635 4566 2755 4623 Levi
2781 4568 2931 4639 jubet
2970 4570 3162 4624 seruire
3196 4569 3563 4626 tabernaculo
3584 4613 3599 4637 ,
3637 4579 3684 4625 et
3719 4586 3805 4626 ru-

478 4647 671 4704 XXIII.
715 4647 796 4704 De
824 4650 962 4705 tubis
990 4650 1346 4721 argenteis'ad
1373 4652 1724 4721 promovenda
1748 4663 1942 4709 castra.
2244 4658 2459 4722 stodire,
2488 4666 2537 4712 et
2567 4661 2636 4713 ad
2661 4676 2786 4715 vasa
2806 4671 2991 4716 sancta
3021 4679 3085 4716 ne
3102 4665 3395 4721 accedant.

482 4742 673 4798 XXIV.
716 4741 785 4798 In
811 4744 1041 4799 secundo
1067 4760 1207 4799 anno
1228 4785 1244 4811 ,
1285 4748 1513 4802 secando
1552 4762 1728 4803 mense
1772 4758 2071 4820 promerent
2099 4808 2149 4832 ἣ
2176 4749 2360 4806 XLVI.
2401 4750 2611 4807 Levitas
2630 4755 2777 4827 jubet
2801 4756 3040 4819 accipere
3061 4756 3302 4815 decimas
3323 4801 3340 4825 ,
3378 4766 3431 4814 et
3470 4775 3540 4814 ea
3568 4760 3700 4832 ipsis
3723 4758 3808 4813 de-

550 4851 725 4890 omnes
752 4836 851 4905 ﬁlii
876 4834 1048 4891 Israel
1069 4847 1260 4893 castra.
1774 4808 1785 4820 '
2098 4808 2150 4871 υ
2244 4848 2406 4903 cimus
2430 4816 2632 4916 oﬂ'erre.

482 4925 652 4982 XXV.
694 4926 881 4991 Hobdt
910 4926 939 4969 ιι
962 4938 1238 5000 cognatum
1262 4945 1419 4988 suum
1437 4929 1674 4989 hortatur
1700 4931 1873 4988 Moses
1902 4935 2027 4995 venit

2265 4942 2386 4999 .VII.
2435 4943 2663 4999 Vaccans
2706 4948 2927 5001 cremari
2967 4948 3022 5001 in
3051 4948 3254 5002 cineres
3304 4949 3384 5007 ad
3424 4967 3626 5019 aquam
3664 4965 3810 5018 spar-

551 5035 746 5074 secum.
2243 5038 2429 5093 σίοηξσ,

477 5110 671 5167 XXVI.
715 5110 1100 5170 Promoverunt
1126 5116 1189 5172 de
1219 5126 1390 5171 monte
1419 5114 1655 5186 Domini,
1686 5129 1736 5176 et
1761 5136 1888 5179 arca
1911 5131 2022 5183 testi

2269 5130 2409 5186 .Vlll.
2447 5130 2661 5187 Mortua
2684 5142 2755 5197 est
2782 5134 2956 5188 Maria
2979 5133 3033 5187 in
3063 5132 3268 5189 deserto
3296 5150 3316 5189 :
3338 5138 3708 5193 murmuravit
3726 5151 3814 5202 p0-

544 5206 703 5267 menti
724 5206 1046 5275 procedebat
1063 5223 1172 5264 eos.

2271 5222 2407 5278 mlas
2438 5240 2531 5293 pro
2558 5240 2714 5295 aqua,
2747 5235 2794 5279 et
2820 5228 3075 5298 percussit
3101 5223 3282 5281 Moses
3313 5237 3541 5298 petram
3570 5229 3721 5298 virga
3745 5224 3816 5278 di-

474 5296 687 5355 XXVII.
731 5298 1083 5358 Hurusurauit
1120 5305 1379 5374 populus,
1422 5313 1470 5359 et
1508 5307 1644 5379 ignis
1684 5312 1943 5365 consumit
1971 5312 2071 5366 ali-
2246 5332 2406 5389 cens:
2442 5314 2461 5355 ί
2495 5315 2768 5389 Numquid
2807 5296 2874 5374 de
2922 5327 3069 5391 petra
3109 5318 3208 5373 hac
3252 5296 3633 5388 producamus
3656 5296 3817 5376 nobis

539 5410 673 5464 φιοε
704 5411 768 5450 ex
1008 5481 1021 5494 Ι
2246 5412 2476 5483 aquam?
2504 5422 2553 5467 et
2580 5414 2705 5468 exiit
2730 5429 2868 5486 aqua
2901 5413 3086 5469 multa.
3111 5413 3390 5474 Dominus
3420 5417 3568 5475 diuit
3595 5417 3667 5470 ad
3699 5414 3813 5468 llo--

506 5580 567 5657 ..⁸
607 5570 758 5657 0W;
784 5570 1018 5657 ﬁmi?“
1062 5587 1197 5641 ¹¹⁵⁸ον
1234 5582 1283 5633 α
1312 5574 1596 5657 ,αυξάααὶὶαῑ
1623 5574 1815 5641 Tribus
1838 5577 2055 5649 ’ρτίυιὲ-
2168 5585 2352 5643 demus
2383 5588 2531 5642 nobis
2559 5588 2740 5643 duces.

465 5645 614 5717 pibus
638 5646 899 5716 atriginta
928 5654 1164 5716 etsupra.
1188 5653 1380 5719 prater
1408 5644 1611 5709 Levites
1638 5664 1759 5711 neut
1784 5661 1831 5706 et
1855 5644 1945 5710 bL.
2238 5668 2261 5696 ε
2301 5659 2588 5717 [Merserit
2618 5660 2789 5719 Palat.
2816 5674 2922 5723 ms.
2957 5659 3047 5721 hic
3079 5674 3310 5731 nomen,
3336 5663 3550 5719 Chorc.

539 5714 566 5754 δ
605 5715 751 5771 Idem
777 5730 1143 5787 Ius-generum
1161 5732 1329 5783 suum.
1364 5733 1461 5787 PI'O
1491 5732 1786 5787 εοθνιαηιηισ
2236 5729 2251 5765 ⁸
2299 5732 2428 5787 Dum
2469 5731 2875 5787 subsequuntur
2922 5731 3085 5787 huius
3143 5733 3383 5787 cubitali
3427 5739 3550 5787 verl

541 5732 566 5754 ¹³
605 5732 751 5771 luem
777 5732 879 5773 ms.
899 5732 1143 5789 generum
1161 5732 1329 5783 suum,
1364 5733 1461 5789 pro
1491 5732 1786 5791 cognatum.

538 5796 561 5873 ξ
688 5787 874 5873 Ρθέξιιο,
897 5802 1004 5873 us:
1026 5790 1242 5873 rem
1264 5798 1368 5873 ωε
1394 5802 1811 5873 meum..-
1893 5868 1903 5873 _

2269 5732 2428 5873 κριέῗ
2469 5732 2875 5857 δυὺῗθψιιιηῑυιν
2922 5732 3085 5802 hujus
3143 5733 3383 5803 capituli
3427 5739 3602 5792 verba
3631 5780 3647 5804 ,
3709 5749 3814 5791 ms.

2321 5842 2333 5855 .
2421 5817 2550 5863 noro
2593 5842 2606 5856 .

535 5853 560 5891 ἀ
602 5857 692 5913 Bis
720 5856 880 5915 effert
910 5853 1087 5916 Pala't.
1118 5853 1222 5916 ius.
1257 5853 1441 5927 verba,
1474 5853 1663 5918 Demus
1690 5864 1836 5923 nobis
1868 5868 2022 5923 duces
