4044 6360
281 283 371 346 5M

1375 290 1968 360 CAPITULA'I'IONES
2006 295 2185 358 LIBRI
2224 296 2514 356 DIL‘IIEBI.

3466 297 3573 365 848

343 417 454 467 sen,
481 412 532 458 et
561 401 728 458 Aaron
761 417 780 456 :
809 400 930 458 Non
955 402 1209 458 inducetis
1238 417 1324 458 vos
1347 403 1594 478 populum
1631 405 1790 472 istum
1816 407 1867 464 iu
1900 409 1947 470 Α
2047 426 2203 479 super
2231 428 2345 466 eum
2374 429 2558 475 manus
2590 428 2764 468 coram
2801 413 2943 468 ωιιηί
2970 413 3184 484 populo,
3217 415 3349 474 sicut
3378 418 3573 476 consli-

344 507 559 559 terram,
580 512 732 565 quam
753 495 871 550 dedi
895 497 988 552 eis.

279 589 632 646 XLIX.Mittit
671 590 843 646 Moses
871 593 939 644 ad
974 607 1145 666 regem
1171 591 1350 658 Edon,
1383 601 1439 646 ut
1467 593 1747 654 transirent
1775 610 1866 665 per

340 686 532 754 ipsum,
571 693 615 738 et
643 683 733 739 ille
756 684 944 739 noluit.

277 778 332 832 L.
371 775 531 831 Iubet
559 775 816 831 Dominus
847 777 1005 850 Mosi,
1031 786 1088 833 ut
1111 780 1292 834 vestiat
1316 776 1635 844 Eleazarum
1677 780 1865 846 stolam

340 872 506 940 patris
537 871 617 926 sui
645 871 821 925 Aaron
848 879 872 908 ⁸
899 873 954 926 in
986 870 1060 926 0r
1089 881 1282 939 monte,
1313 882 1362 928 et
1385 881 1441 928 ut
1473 875 1648 928 Aaron
1671 875 1860 930 moria-

337 981 420 1025 tur
441 971 537 1025 ibi.

273 1066 351 1121 LI.
391 1065 510 1120 Rea:
543 1065 682 1120 Arad
732 1066 1051 1140 belligeravit
1100 1066 1350 1122 adversus
1398 1065 1588 1132 Israel,
1643 1064 1865 1122 Domino

334 1158 657 1229 prohibente,
685 1167 730 1212 et
759 1157 953 1212 subditi
979 1168 1096 1214 sunt
1117 1159 1189 1214 ei.

273 1250 373 1306 LII.
419 1251 772 1314 Murmuravit
795 1251 1046 1324 populus;
1076 1261 1122 1306 et
1149 1251 1363 1306 immisit
1392 1251 1462 1306 eis
1495 1248 1749 1316 Dominus
1780 1268 1866 1318 co-

335 1344 509 1398 lubros
536 1363 562 1396 n
589 1346 738 1398 ortis.

274 1435 394 1492 LIII.
442 1435 684 1509 Profecti
711 1437 979 1494 ambulant
1013 1453 1104 1506 per
1137 1437 1418 1504 desertum,
1451 1444 1500 1490 et
1530 1435 1668 1490 misit
1695 1434 1866 1491 Moses

333 1531 398 1584 ad
421 1530 588 1598 Seon,
619 1541 674 1587 ut
698 1534 978 1588 transirent
1003 1548 1094 1604 per
1116 1531 1244 1603 fines
1265 1535 1398 1606 ejus,
1431 1539 1478 1585 et
1508 1530 1672 1588 noluit
1695 1529 1860 1600 Seon,

333 1626 418 1678 sed
450 1626 589 1679 venit
616 1626 686 1680 ad
724 1642 978 1699 pugnam,
1003 1625 1029 1663 δ
1056 1637 1102 1681 et
1131 1625 1317 1680 occidit
1347 1642 1464 1682 eum
1493 1623 1680 1682 Israel.

272 1719 394 1774 LIV.
421 1719 568 1774 Exiit
599 1720 678 1794 0g
705 1738 794 1776 rex
820 1723 872 1775 in
902 1722 1101 1777 obviam
1123 1719 1293 1775 Israel
1313 1722 1382 1776 ad
1401 1737 1647 1794 pugnam,
1675 1729 1721 1784 et
1745 1721 1865 1794 fecit

333 1813 376 1865 ei
402 1813 537 1867 sicut
559 1814 682 1884 fecit
711 1813 849 1870 Seon
871 1815 979 1889 regi
1009 1812 1453 1870 Amorrhceorum.

279 1906 380 1962 LV.
421 1906 626 1963 Balaac
655 1925 747 1964 rex
768 1909 925 1963 Moab
953 1910 1089 1964 misit
1120 1911 1187 1963 ad
1213 1907 1456 1975 Balaam,
1488 1919 1542 1962 ut
1573 1909 1784 1978 veniret,
1815 1915 1862 1962 et

332 1999 661 2055 malediceret
685 1999 855 2056 Israel
884 2018 901 2056 :
929 2011 976 2056 et
999 2001 1218 2056 obviavit
1241 1999 1321 2055 illi
1345 2001 1556 2072 angelus
1589 2000 1861 2072 euaginata

334 2095 533 2165 gladio,
567 2106 615 2150 et
644 2079 844 2151 volebat
877 2096 1110 2162 occidere
1140 2112 1276 2150 eum.
1696 2163 1707 2178 ο

270 2184 389 2242 LVI.
420 2184 702 2242 Fornicati
727 2199 847 2244 sunt
873 2205 938 2243 ea:
964 2189 1161 2258 populo
1185 2205 1296 2242 cum
1327 2185 1657 2254 Madianilis,
1690 2196 1737 2244 et
1769 2203 1858 2252 oc-

328 2278 446 2332 cidit
475 2277 707 2335 Phinees
738 2280 918 2338 Zamri
939 2297 1056 2336 cum
1089 2279 1401 2348 Madianite,
1431 2290 1477 2336 et
1516 2280 1712 2350 mortui
1739 2290 1858 2336 sunt

329 2389 388 2428 ex
413 2375 620 2446 populo
653 2376 837 2449 viginti
864 2386 1088 2452 quatuor
1119 2374 1306 2430 millia.

267 2465 409 2523 LVII.
454 2468 601 2523 Dicit
647 2468 899 2524 Dominus
930 2471 997 2524 ad
1032 2468 1211 2525 Mosen
1247 2479 1302 2523 ut
1350 2469 1602 2540 percutiat
1650 2467 1859 2524 Mallia-

329 2561 480 2614 nitas.

270 2651 427 2706 LVIII.
475 2653 744 2723 Praecepit
776 2656 1030 2710 Dominus
1060 2654 1222 2722 Mosi,
1251 2672 1283 2710 a
1318 2666 1339 2695 θ
1369 2655 1612 2727 vigesimo
1641 2672 1778 2710 anno
1810 2665 1857 2710 et

326 2762 478 2816 supra
507 2748 839 2802 considerari
886 2749 1138 2820 populum
1165 2765 1183 2802 :
1214 2755 1263 2802 et
1293 2747 1552 2808 numerati
1589 2756 1708 2812 sunt
1734 2764 1855 2818 sex-

325 2849 466 2894 centa
494 2841 688 2904 millia.
714 2853 760 2896 et
791 2841 936 2898 mille
959 2842 1269 2914 septingenti
1293 2841 1530 2914 Iriginta.

267 2932 386 2988 LIX.
424 2933 565 2990 Filii
599 2935 742 3003 Levi,
769 2953 832 2990 ex
855 2935 1045 3004 quibus
1074 2939 1310 3001 Amram,
1354 2946 1401 2988 et
1444 2950 1575 2998 uxor
1619 2937 1732 3007 ejus
1761 2933 1857 3000 Jo-

326 3026 512 3082 chabed
541 3030 684 3102 (qua:
715 3030 911 3100 peperit
957 3029 1132 3084 Aaron
1179 3038 1227 3082 et
1282 3027 1461 3083 Mosen
1507 3037 1556 3082 et
1605 3025 1854 3097 Mariam)

325 3122 404 3191 qui
425 3123 751 3176 considerati
781 3133 900 3176 sunt
926 3121 990 3176 ab
1021 3138 1123 3176 uno
1149 3137 1345 3190 mense,
1395 3131 1442 3176 et
1486 3137 1644 3190 supra
1671 3121 1855 3192 viginti

327 3216 417 3267 tria
447 3215 646 3269 millia.

271 3305 362 3361 LX.
434 3309 656 3380 AcCepit
686 3308 858 3365 Moses
888 3309 1071 3366 Jesum
1099 3310 1269 3380 ﬁlium
1298 3309 1466 3376 Nave,
1509 3320 1555 3376 et
1601 3309 1849 3379 imposuit

266 3517 295 3573 ά
329 3446 494 3512 {llaec
526 3463 767 3519 quoque.
797 3449 851 3503 in
877 3447 950 3502 0r
977 3457 1173 3513 monte,
1194 3457 1325 3511 etc.,
1357 3446 1529 3501 nescit
1554 3445 1723 3501 Palat.
1755 3461 1845 3503 co-

299 3534 374 3573 ex.

299 3534 616 3646 efliursum
646 3592 786 3656 hanc,
819 3601 866 3645 et
896 3592 1078 3645 occidit
1107 3607 1224 3645 eum
1253 3589 1420 3644 Israel
1453 3590 1504 3652 in
1534 3589 1707 3652 Palat.
1743 3605 1842 3645 ms.

270 3661 407 3718 siculi
429 3673 483 3718 et
524 3665 685 3720 tertio
713 3664 783 3718 ab
813 3663 916 3719 hoc
944 3665 1181 3733 capitulo
1229 3671 1498 3734 postrema
1539 3663 1626 3716 illa
1661 3659 1847 3732 verba,

919 3808 1080 3816 —_

1250 3808 1578 3816 -—————————

2041 503 2140 555 tuit
2168 502 2251 558 illi
2281 501 2556 560 Dominus.

1970 595 2103 651 LXI.
2146 594 2287 652 Dicit
2310 596 2568 654 Dominus
2596 599 2755 671 Mosi,
2789 601 3141 675 ut'prcecipiat
3170 602 3366 674 papula
3396 603 3459 662 de
3483 618 3570 657 sa-

2039 692 2247 760 criﬁciis
2274 703 2324 748 et
2354 693 2536 750 hostiis
2563 693 2867 762 offerendis.

1968 785 2129 842 LXII.
2174 786 2301 854 Quae
2322 790 2374 841 in
2403 788 2488 842 die
2514 786 2733 844 Paschce
2760 790 2934 858 offerri
2956 790 3201 858 debeant,
3227 790 3472 856 ostendit.

1970 877 2154 946 LXIII.
2199 878 2329 947 Quae
2355 881 2407 934 in
2441 872 2767 944 Pentecoste.

1968 971 2156 1028 LXIV.
2203 973 2334 1041 Quae
2360 973 2414 1028 in
2438 991 2609 1030 mense
2638 977 2856 1047 septimo
2887 993 2979 1047 per
3005 977 3118 1034 dies
3137 986 3354 1050 septem.

1969 1067 2129 1123 LXV.
2181 1067 2372 1123 Votum
2424 1071 2562 1140 quod
2611 1070 2797 1126 voverit
2845 1072 2961 1142 quis
3012 1088 3122 1128 non
3172 1071 3568 1143 praetermitten-

2039 1161 2185 1214 dum.

1970 1254 2153 1312 LXVI.
2198 1254 2332 1310 Dicit
2361 1256 2610 1311 Dominus
2636 1256 2793 1329 Mosi,
2818 1269 2872 1312 ut
2894 1260 3052 1330 faciat
3073 1258 3351 1314 vindictam
3372 1258 3426 1326 in
3449 1256 3567 1312 Ma-

2038 1349 2287 1418 dianitas,
2309 1357 2358 1404 et
2401 1350 2767 1405 commiserunt
2797 1362 2977 1408 contra
3010 1350 3252 1419 Madian,
3283 1361 3331 1405 et
3360 1350 3564 1404 occide-

2038 1451 2158 1502 runt
2188 1458 2389 1498 omnem
2417 1443 2755 1498 masculinum
2785 1461 2980 1502 eorum.

1968 1533 2181 1589 LXVII.
2224 1533 2355 1589 Filii
2406 1535 2588 1590 Ruben
2619 1547 2664 1591 et
2696 1536 2811 1592 Gad
2855 1538 3105 1608 petierunt
3134 1555 3166 1591 a
3195 1537 3341 1592 Mose
3373 1547 3564 1606 terram

2039 1623 2064 1662 ά
2097 1627 2234 1682 intra
2260 1625 2571 1696 Iordanem,
2593 1629 2819 1686 dicentes
2843 1646 2861 1685 :
2887 1630 3135 1685 Mulieres
3165 1641 3368 1688 nostras
3395 1642 3442 1687 et
3473 1648 3565 1704 pe-

2039 1737 2160 1774 cora
2184 1730 2360 1774 nostra
2382 1722 2730 1792 relinquemus
2759 1723 2864 1786 hic,
2882 1731 2930 1776 et
2957 1739 3048 1777 nos
3080 1723 3430 1793 prwcedemus
3445 1733 3566 1782 ante

1897 1806 1940 1866 Β
2037 1812 2286 1883 populum
2316 1815 2505 1866 armati
2533 1825 2579 1866 et
2612 1814 2861 1872 ordinati.

1967 1904 2198 1960 LXVIII.
2233 1903 2553 1961 Diverticula
2595 1907 2822 1976 ﬁliorum
2871 1905 3041 1962 Israel
3081 1924 3145 1962 ea:
3194 1923 3294 1982 quo
3341 1905 3559 1976 profecti

2036 2009 2235 2054 suntex
2263 1999 2525 2073 /Eggpto.

1964 2091 2152 2146 LXIX.
2187 2090 2325 2146 Dicit
2371 2091 2627 2146 Dominus
2660 2101 2712 2146 ut
2743 2092 3045 2162 disperdant
3087 2109 3264 2148 omnes
3299 2103 3321 2132 θ
3362 2091 3567 2162 inhabi-

2043 2196 2206 2242 tantes
2230 2188 2280 2241 in
2312 2186 2562 2244 Chanaan
2593 2191 2772 2260 :quod
2797 2191 2841 2246 si
2871 2190 3067 2256 residui
3098 2189 3311 2262 fuerint,
3342 2205 3450 2248 esse
3477 2205 3567 2252 su-

2035 2284 2124 2336 des
2150 2283 2202 2336 in
2225 2283 2389 2337 oculis
2419 2300 2617 2340 eorum.

1963 2374 2126 2430 LXX.
2178 2374 2373 2429 Novem
2434 2374 2664 2430 tribubus
2717 2385 2764 2430 et
2822 2375 3056 2434 dimidia:
3107 2375 3262 2445 tribui
3319 2374 3566 2440 Manasse

2033 2478 2223 2521 terram
2255 2465 2502 2520 Chanaan
2519 2467 2667 2538 jubet
2695 2467 2948 2534 Dominus
2978 2467 3142 2526 dividi
3167 2469 3222 2540 in
3249 2477 3462 2526 sortem.

1960 2560 2148 2616 LXXI.
2196 2560 2425 2632 Nomina
2476 2562 2765 2630 hominum,
2792 2562 2881 2634 qui
2911 2563 3217 2635 dispertiunt
3257 2560 3384 2632 ﬁliis
3416 2559 3560 2616 Irael

2032 2663 2222 2708 terram
2244 2650 2511 2708 Chanaan.

1960 2743 2169 2802 LXXII.
2213 2746 2455 2801 Civitates
2479 2747 2760 2818 significat,
2816 2765 2929 2818 qum
2975 2749 3170 2802 dantur
3225 2746 3436 2818 Levitis,
3482 2746 3562 2800 vel

2030 2855 2146 2910 quae
2175 2839 2277 2893 sint
2304 2839 2359 2894 in
2384 2839 2664 2911 refugium.
2968 2841 2971 2843 ’

1960 2931 2196 2994 LXXIII.
2239 2931 2305 2986 In
2335 2931 2632 3002 civitatibus
2661 2933 3006 3006 refugiorum,
3031 2932 3215 3006 quibus
3246 2931 3416 2996 causis
3444 2946 3559 3004 per.-

2028 3036 2289 3095 petrantes
2315 3026 2598 3081 homicidia
2631 3027 2911 3099 confugere
2939 3027 3177 3095 debeant,
3211 3026 3456 3086 ostendit.

1959 3119 2198 3176 LXXIV.
2229 3120 2305 3174 De
2330 3120 2540 3190 ﬁliabus
2567 3119 2840 3191 Salphaad
2855 3122 3091 3194 jubetur,
3124 3129 3178 3175 ut
3209 3120 3310 3178 sint
3339 3121 3390 3173 in
3424 3119 3560 3172 tribu

1881 3207 1936 3269 C-
2031 3215 2191 3285 plebis
2216 3217 2377 3286 patris
2403 3216 2509 3271 sui.

1961 3456 2009 3500 et
2037 3445 2236 3520 volebat
2262 3444 2491 3514 occidere
2515 3460 2648 3520 eum,
2678 3444 3084 3520 desiderantur.

2033 3529 2053 3555 ο
2088 3516 2258 3571 Palat.
2292 3533 2417 3584 ms.,
2450 3534 2480 3569 a
2511 3516 2773 3571 tricesimo
2797 3533 2956 3572 anno.

2030 3587 2055 3624 ἀ
2085 3589 2227 3643 Idem
2263 3604 2392 3655 ms.,
2426 3598 2568 3642 trans
2587 3585 2896 3644 Iordanem.

2033 3669 2056 3696 ε
2086 3660 2190 3714 Pro
2217 3657 2488 3726 Chanaan,
2514 3659 2738 3730 praefert
2763 3675 2863 3715 ms.
2895 3660 3065 3720 Palat.
3086 3659 3265 3732 Moab.

2085 3805 2552 3812 Ἠ

2555 3806 3452 3816 ..ο-*Ἢ*
3467 3807 3544 3817 συ.

596 3906 994 3970 CAPITULA
1037 3907 1249 3969 LIBRI
1295 3905 1601 3970 NUMERI
1643 3904 1779 3980 QUI
1824 3899 2231 3965 HEBRAICE
2275 3901 2600 3964 DICITUR
2649 3903 2784 3964 VAJ
2802 3900 3194 3966 EDABBER.

267 4049 302 4106 Ι.
340 4049 409 4106 De
433 4051 634 4107 Levitis
659 4069 762 4107 non
794 4054 1152 4122 numerandis.

267 4141 322 4197 11.
363 4143 432 4200 De
459 4145 653 4201 castris
681 4146 1080 4202 constituendis.

270 4235 325 4291 III
363 4236 649 4311 Progenies
681 4239 877 4294 Aaron.

268 4324 346 4383 IV.
387 4330 578 4387 Levita:
603 4331 844 4404 obsequio
874 4333 1047 4388 Aaron
1076 4334 1206 4388 dati.

272 4418 325 4473 V.
362 4421 565 4480 Levitas
595 4441 689 4495 pro
718 4426 1072 4498 primogenitis
1104 4423 1270 4480 Israel
1298 4427 1464 4480 datos.

274 4510 348 4566 VI.
392 4513 655 4570 Numerus
681 4515 997 4572 Levitarum.

271 4602 367 4660 VII.
407 4605 772 4663 Cousideratio
800 4609 1278 4682 primogenitorum.

273 4694 386 4752 VIII.
414 4697 718 4772 Redemptio
745 4702 1206 4773 primogenitorum
1233 4716 1325 4771 pro
1349 4700 1554 4755 Levitis.

273 4785 350 4842 IX.
393 4789 467 4847 De
493 4794 700 4847 servitio
722 4793 952 4863 ﬁliorum
982 4794 1166 4850 Canth.

274 4877 330 4934 Χ.
367 4882 568 4940 Levitas
590 4904 620 4939 a
649 4887 866 4958 triginta
887 4889 1038 4942 annis
1061 4905 1221 4960 usque
1251 4889 1318 4943 ad
1358 4889 1844 4964 quinquagesimum

337 4978 641 5032 ministrare.

275 5061 351 5120 XI.
395 5067 472 5124 De
497 5071 701 5124 servitio
730 5070 958 5140 ﬁliorum
979 5071 1198 5127 Gerson.

278 5157 374 5216 XII.
417 5160 492 5218 De
520 5165 726 5220 servitio
749 5165 976 5240 filiorum
1009 5165 1225 5232 Merari.

279 5250 400 5310 XIII.
443 5256 541 5314 Ubi
563 5258 755 5328 leprosi
781 5246 852 5322 de
877 5259 1062 5326 castris
1089 5261 1392 5334 ejiciuntur.

281 5348 402 5410 XIV.
445 5351 518 5410 De
545 5354 768 5423 peccatis
800 5355 1144 5425 negligentiae.

281 5441 377 5498 XV.
421 5445 685 5502 Primitias
717 5448 1036 5502 sacerdotum
1065 5464 1193 5504 esse.

279 5533 401 5592 XVI.
443 5539 516 5594 De
545 5538 836 5610 Zelotypis.

282 5629 422 5688 XVII.
465 5636 562 5702 Qui
588 5646 764 5690 votum
789 5637 919 5692 vovit
943 5638 1218 5693 castitatis.

281 5726 446 5794 XVIII.
491 5733 588 5789 Ubi
611 5733 749 5790 Deus
771 5735 917 5807 jubet
958 5735 1215 5805 quomodo
1245 5733 1608 5790 benedicuntur
1634 5732 1734 5803 filii
1767 5730 1851 5788 Is-

345 5827 461 5880 rael.

1958 4045 2103 4101 XIX.
2147 4046 2415 4118 Principes
2474 4046 2709 4114 vehicula
2769 4047 3065 4118 offerentes.
3127 4047 3347 4122 Munera
3415 4049 3555 4119 prin-

2028 4140 2224 4210 cipum.

1957 4230 2077 4287 XX.
2120 4233 2240 4288 Ara:
2270 4233 2550 4288 dedicatio.

1958 4326 2102 4402 XXI,
2150 4325 2231 4381 De
2251 4327 2584 4382 candelabro.

1958 4419 2130 4477 XXII.
2175 4419 2253 4475 De
2273 4421 2640 4493 puriﬁcatione
2669 4421 2985 4476 Levitarum.

1959 4513 2148 4572 XXIII.
2190 4514 2269 4569 De
2297 4515 2671 4588 primogenitis.

1963 4607 2152 4664 XXIV.
2197 4607 2274 4661 De
2306 4607 2599 4663 Leviter-um
2626 4608 2973 4664 ordinatione.

1958 4698 2127 4758 XXV.
2171 4700 2212 4752 Α
2238 4717 2336 4770 quo
2364 4712 2588 4772 tempore
2615 4701 2804 4767 aetatis,
2832 4712 2876 4755 et
2907 4717 3063 4768 usque
3107 4717 3210 4771 quo
3263 4700 3454 4755 Levita:
3499 4702 3569 4767 in.

1867 4775 1933 4835 λῙ)
2035 4793 2369 4848 tabernaculo
2397 4795 2715 4850 deserviunt.

1963 4886 2156 4942 XXVI.
2199 4887 2276 4942 De
2300 4887 2526 4943 Pascha.

1963 4980 2172 5036 XXVII.
2222 4981 2296 5036 De
2326 4983 2624 5052 immundis,
2665 4985 2752 5053 qui
2787 4982 2993 5038 Pascha
3023 4985 3282 5040 celebrare
3317 5001 3416 5040 non
3457 5001 3551 5057 po-

2031 5084 2259 5131 luerunt.

1960 5169 2198 5228 XXVIII.
2243 5170 2512 5236 Quomodo
2543 5179 2964 5241 promoveantur.

1957 5262 2150 5331 XXIX.
2200 5259 2276 5316 De
2307 5262 2440 5327 tubis
2468 5261 2536 5315 ad
2563 5259 2802 5334 Moysen.

1957 5353 2128 5410 XXX.
2173 5352 2440 5425 Profectio
2471 5355 2637 5426 prima
2657 5372 2689 5408 a
2716 5365 2884 5412 monte
2911 5356 3067 5418 Sina.

1957 5446 2151 5504 XXXI.
2195 5444 2428 5516 Cognato
2449 5463 2544 5501 suo
2573 5445 2779 5518 Moyses
2808 5449 3071 5520 proficisci
3101 5465 3275 5519 secum
3297 5448 3506 5516 suadet.

1953 5539 2173 5596 XXXII.
2210 5538 2310 5594 Ubi
2337 5549 2622 5595 murmurat
2653 5541 2900 5613 populus,
2923 5551 2967 5596 et
3011 5544 3124 5613 igne
3177 5556 3448 5613 percussus
3473 5539 3561 5594 ob-

2025 5633 2214 5687 uritur.

2025 5649 2214 5696 uritur.

1959 5726 2200 5790 XXXIII.
2240 5726 2517 5800 Desideria
2542 5729 2798 5798 carnium,
2829 5738 2876 5784 et
2899 5743 3178 5800 peponum,
3207 5737 3252 5792 et
3284 5741 3558 5798 ceparum.

1959 5820 2201 5878 XXXIV.
2245 5819 2322 5877 De
2351 5839 2566 5884 manna.
