4044 6360
401 278 508 337 8ίὸ

405 393 628 473 XXXV.
675 395 885 469 Moyses
914 394 985 450 ad
1013 392 1185 451 Deum
1207 410 1302 465 pro
1324 392 1591 449 carnibus.

404 488 654 548 XXXVI.
700 489 774 546 De
797 489 1127 562 septuaginta
1157 484 1465 553 senioribus,
1486 484 1576 556 qui
1604 492 1917 554 acceperunt
1939 485 2003 539 de

478 584 669 656 spiritu
695 585 829 658 ejus.

405 675 672 735 XXXVII.
716 676 893 733 Maria
933 684 982 732 et
1022 676 1196 730 Aaron
1228 674 1499 729 adversum
1525 670 1745 744 Moysen
1771 686 2007 727 murmu-

479 782 621 830 rant.

406 865 697 923 XXXVIII.
743 866 845 923 Ubi
873 865 1012 922 misit
1035 864 1244 937 Moyses
1272 864 1599 921 considerare
1624 873 1839 934 terram,
1867 875 1915 923 et
1943 867 2008 922 de

482 960 651 1030 botro,
679 970 729 1016 et
756 960 915 1015 malo.

409 1058 660 1115 XXXIX.
704 1057 877 1114 Moses
897 1057 1158 1128 satisfacit
1188 1073 1284 1126 pro
1313 1054 1532 1128 populo.

411 1153 524 1211 XL.
569 1154 670 1210 Ubi
692 1154 1031 1207 murmuravit
1052 1169 1318 1226 synagoga
1336 1152 1586 1206 adversus
1614 1148 1800 1217 Deum,
1825 1161 1875 1204 et
1897 1150 2009 1204 vin-

480 1246 673 1301 dictam
701 1255 1054 1318 sumpserunt.
1090 1245 1436 1301 Comminalio
1462 1244 1602 1317 quod
1628 1245 1685 1299 in
1707 1259 1877 1300 eremo
1901 1259 2012 1300 mo-

481 1340 639 1394 rituri
664 1349 884 1395 essenta
908 1340 1089 1412 viginti
1114 1341 1265 1395 annis
1294 1348 1345 1395 et
1371 1356 1554 1411 supra.

412 1431 550 1489 XLI.
598 1432 699 1489 Ubi
724 1433 1039 1501 moriuntur,
1079 1434 1173 1506 qui
1212 1443 1362 1489 terra:
1405 1434 1739 1491 detraxerunt
1767 1437 2012 1509 explora-

482 1534 638 1583 tores.

409 1618 571 1676 XLII.
602 1619 701 1675 Ubi
731 1621 956 1693 papulas
1003 1628 1229 1675 montem
1272 1621 1550 1676 ascendere
1599 1621 1900 1693 prohibetur
1950 1625 2014 1680 ab

484 1713 719 1769 Amalec.

413 1805 600 1862 XLIII.
642 1806 952 1877 Deprecatio
976 1808 1383 1879 sacriﬁciorum.

412 1895 601 1956 XLIV.
643 1897 723 1954 De
754 1900 1017 1972 primitiis.

414 1991 578 2047 XLV.
619 1991 699 2047 De
725 1991 1010 2066 Synagoga
1037 1993 1083 2048 si
1111 1992 1293 2050 nolens
1312 1996 1621 2066 peccaverit.

415 2082 604 2140 XLVI.
646 2083 727 2140 De
750 2095 961 2156 peccato
987 2087 1268 2156 superbiae.

416 2174 626 2231 XLVII.
667 2174 749 2231 De
772 2193 831 2232 eo
856 2178 946 2248 qui
970 2178 1173 2249 lignum
1197 2178 1395 2253 colligit
1423 2179 1657 2235 sabbato.

419 2267 653 2324 XLVIII.
695 2268 776 2326 De
804 2268 957 2338 Core,
982 2270 1216 2341 Datltan,
1247 2271 1465 2342 Abiron,
1494 2281 1541 2328 et
1567 2281 1771 2330 uetera.

418 2361 610 2419 XLIX.
651 2361 730 2418 De
753 2363 919 2419 arulis
945 2372 993 2418 et
1015 2363 1319 2421 thuribulis.

416 2456 483 2513 L.
528 2456 604 2512 De
626 2459 789 2528 virga,
820 2473 935 2529 qua:
955 2459 1156 2520 ﬂoruit.

418 2550 503 2608 LI.
548 2550 805 2607 Dominus
823 2553 894 2607 ad
915 2554 1114 2621 Aaron,
1136 2554 1202 2610 de
1223 2555 1520 2612 sacerdotio
1545 2566 1596 2611 et
1625 2555 1839 2613 Levitis.

420 2643 531 2701 LII.
573 2644 654 2701 De
681 2646 1011 2715 portionibus
1032 2647 1381 2719 sacerdotum,
1420 2666 1540 2722 quae
1570 2660 1686 2706 sunt
1711 2667 1775 2707 ero
1802 2650 2024 2708 oblatio-

493 2739 646 2795 nibus
669 2740 871 2812 populi.

421 2829 558 2888 LIII.
582 2829 679 2888 .De
707 2833 1060 2890 sacerdotibus
1087 2843 1136 2890 et
1159 2833 1371 2904 Levitis,
1400 2836 1535 2891 nihil
1562 2837 1744 2894 debere
1767 2838 1972 2895 habere.

421 2924 559 2981 LIV.
605 2925 864 2983 Pecunias
888 2926 1073 2984 debere
1097 2928 1223 2983 dare
1242 2927 1449 2985 Levitas
1477 2946 1544 2985 ea:
1563 2930 1777 2986 decimis
1798 2934 1925 2988 suis.

423 3027 537 3084 LV.
579 3027 658 3084 De
691 3027 1063 3099 Puriﬁcatione
1090 3048 1239 3104 aqua:
1287 3032 1592 3104 sparsionis,
1623 3043 1670 3089 et
1700 3035 2023 3093 immundum

499 3133 854 3206 tangentibus,
882 3142 932 3189 et
960 3151 1118 3206 aqua.

420 3237 559 3296 LVI.
599 3238 773 3294 Maria
794 3239 1060 3312 defuncta.
1237 3298 1245 3305 ,

423 3341 586 3398 LVII.
630 3340 710 3398 De
735 3358 874 3415 aqua
901 3342 1349 3399 contradictiouis.

424 3444 610 3502 LVIII.
636 3445 738 3502 Ubi
762 3462 863 3502 non
887 3454 963 3502 est
989 3448 1215 3523 populus
1241 3449 1499 3505 admissus
1530 3449 1750 3507 transire
1778 3469 1869 3526 per
1888 3454 2026 3524 ﬁlios

498 3548 690 3605 Edam.
1222 3546 1227 3551 ’

423 3650 561 3708 LIX.
609 3651 709 3708 Ubi
727 3654 903 3709 Aaron
925 3654 1162 3710 moritur.
1228 3713 1235 3719 ,

423 3753 540 3811 LX.
583 3754 683 3811 Ubi
711 3755 938 3828 populus
968 3755 1079 3813 Deo
1106 3755 1458 3816 Chanana‘um
1483 3758 1699 3815 devovit.

420 3855 561 3913 LXI.
605 3856 683 3913 De
704 3868 936 3933 serpente
963 3876 1126 3918 teneo.

422 3958 581 4017 LXII.
620 3960 721 4016 Ubi
745 3961 1004 4019 Dominus
1029 3981 1216 4037 aquam
1242 3966 1306 4022 de
1332 3974 1485 4039 puteo
1511 3964 1653 4022 dedit
1675 3965 1802 4038 ﬁliis
1827 3964 2019 4036 Israel,

495 4072 544 4116 et
569 4064 634 4119 de
656 4066 879 4139 cantico,
907 4071 1048 4139 quod
1077 4076 1151 4124 est
1173 4068 1371 4124 dictum
1396 4085 1552 4142 super
1576 4084 1715 4123 eum.

1408 276 1467 333 S.
1509 271 1895 332 HIERONYMI
1936 271 2171 330 DIVINA
2211 272 2687 332 BIBLIOTIIECA.

3604 276 3712 334 δη

2036 406 2091 466 Α
2114 390 2297 448 LXIII.
2341 392 2581 463 Populus
2609 393 2780 451 Israel
2809 404 3008 470 pugnat
3040 403 3224 452 contra
3256 413 3427 468 regent
3458 394 3639 465 Moab,
3662 402 3714 451 et

2180 487 2345 554 Seon,
2371 496 2421 542 et
2451 486 2534 559 Og
2563 504 2734 561 regem
2760 487 2959 553 Busan.
2983 497 3031 546 et
3060 490 3375 561 expugnavit
3403 504 3510 546 eos.

2108 579 2295 637 LXIV.
2337 580 2417 636 De
2445 579 2631 651 Balac,
2654 593 2704 639 et
2723 582 2971 640 Balaam.

2107 674 2274 732 LXV.
2314 673 2397 732 De
2422 679 2570 733 asina
2596 676 2855 751 loquente.

2110 770 2299 827 LXVI.
2345 770 2446 827 Ubi
2474 773 2701 844 populus
2731 773 3043 845 fornicatur.

2111 863 2321 921 LXVII.
2364 859 2588 922 Phinees
2611 866 2873 922 adulteros
2898 867 3163 937 interﬁcit.

2111 959 2343 1017 LXVIII.
2388 960 2650 1017 Numerus
2676 961 2996 1017 Levitarum.

2114 1052 2313 1109 LXIX.
2359 1052 2558 1121 Quibus
2586 1062 2724 1109 terra
2749 1054 2914 1109 dividi
2925 1055 3161 1128 jubetur.

2114 1148 2281 1205 LXX.
2324 1147 2405 1204 De
2430 1166 2646 1205 numero
2675 1149 2903 1221 ﬁliorum
2929 1149 3072 1205 Levi.

2115 1242 2305 1300 LXXI.
2350 1242 2450 1298 Ubi
2474 1244 2603 1316 ﬁlia:
2626 1242 2903 1316 Salphaad
2933 1260 3027 1316 pro
3056 1243 3361 1300 haereditate
3388 1242 3607 1314 Moysen
3632 1245 3720 1300 in-

2189 1337 2486 1407 terpellaut.

2118 1432 2332 1488 LXXII.
2359 1431 2438 1488 De
2461 1432 2877 1489 successionibus
2908 1432 3255 1488 ltwreditatis.

2118 1526 2354 1583 LXXIII.
2400 1526 2501 1583 Ubi
2523 1525 2731 1598 Moyses
2759 1527 2815 1581 in
2835 1536 3061 1581 montem
3080 1525 3359 1580 ascendere
3376 1524 3610 1597 jubetur.

2119 1619 2361 1677 LXXIV.
2403 1616 2501 1675 Ubi
2527 1618 2684 1675 Jesus
2712 1636 2744 1673 a
2768 1617 2994 1673 Domino
3021 1617 3334 1685 destinatur.

2119 1712 2336 1770 LXXV.
2380 1712 2458 1768 De
2486 1713 2762 1783 sacriﬁciis
2784 1728 3057 1782 agnorum.

2046 1821 2096 1883 B
2123 1805 2362 1862 LXXVI.
2404 1803 2484 1861 De
2510 1806 2768 1876 sacriﬁcio
2799 1804 3042 1862 Sabbati.

2121 1897 2387 1956 LXXVII.
2429 1896 2763 1968 Sacriﬁcium
2796 1895 3118 1952 Neomeniar.

2120 1992 2408 2051 LXXVIII.
2452 1991 2787 2063 Sacriﬁcium
2816 1988 3060 2046 Paschte.
3144 2044 3158 2057 _

2120 2085 2363 2143 LXXIX.
2406 2085 2741 2156 Sacriﬁcium
2771 2100 3026 2139 novorum
3055 2084 3111 2138 in
3133 2080 3460 2137 Pentecoste.

2119 2179 2340 2238 LXXX.
2383 2180 2715 2250 Sacriﬁcium
2735 2178 2925 2235 mensis
2943 2177 3169 2250 septimi.

2122 2275 2369 2331 LXXXI.
2414 2275 2749 2344 Sacriﬁcium
2765 2275 2964 2349 jeiunii
2988 2273 3212 2347 septimi.

2123 2368 2390 2425 LXXXII.
2433 2367 2768 2439 Sacriﬁcium
2808 2368 3261 2423 tabernaculorum
3307 2366 3364 2422 in
3405 2380 3577 2421 mense
3617 2380 3736 2437 sep-

2198 2464 2347 2519 timo.

2127 2556 2414 2613 LXXXIII.
2456 2554 2536 2612 De
2564 2565 2681 2612 voto
2706 2555 3032 2628 complenda.

2127 2649 2419 2707 LXXXIV.
2460 2649 2540 2706 De
2569 2658 2684 2706 voto
2707 2650 2935 2721 feminae.

2127 2745 2394 2803 LXXXV.
2438 2743 2518 2801 De
2548 2744 2773 2800 vindicta
2797 2746 2852 2799 in
2876 2742 3222 2799 Madianitas.

2128 2840 2417 2897 LXXXVI.
2453 2839 2554 2897 Ubi
2580 2839 2789 2912 Moyses
2814 2839 3120 2911 indignatur
3148 2846 3359 2911 propter
3384 2836 3730 2894 Madianitas.

2129 2934 2441 2992 LXXXVII.
2488 2935 2565 2990 De
2590 2934 2926 2991 divisionibus
2950 2932 3142 3003 prteda:
3163 2931 3599 3006 Madianitarnm.

2129 3028 2466 3086 LXXXVIII.
2514 3026 2613 3084 Ubi
2641 3043 2763 3096 pars
2788 3026 2970 3101 populi
2997 3026 3352 3081 hwreditatem
3385 3023 3526 3096 petit.

2132 3120 2422 3179 LXXXIX.
2463 3119 2665 3176 Itinera
2696 3118 2897 3193 pepuli.

2052 3225 2099 3291 ο
2130 3217 2245 3273 XC.
2286 3216 2367 3271 De
2394 3215 2549 3271 idolis
2581 3212 2993 3287 confringendis.

2133 3310 2273 3367 XCI.
2315 3309 2394 3366 De
2412 3317 2546 3365 sorte
2572 3307 2933 3381 possessionis.

2134 3406 2293 3463 XCII.
2321 3404 2554 3461 Nomina
2580 3403 2896 3475 principum,
2917 3401 3007 3473 qui
3029 3398 3274 3473 partituri
3300 3405 3450 3453 erant
3476 3406 3688 3452 terram.

2129 3498 2311 3556 XCIII.
2354 3497 2627 3569 Prcecepta
2663 3494 2869 3570 populi,
2920 3505 2977 3550 ut
3023 3493 3214 3549 Levitis
3253 3494 3374 3548 dent
3405 3491 3638 3547 civitates
3680 3499 3733 3544 et

2198 3592 2521 3650 suburbana.

2132 3688 2317 3746 XCIV.
2360 3686 2439 3742 De
2462 3684 2748 3742 civitatibus
2766 3682 2979 3756 refugii.

2000 3846 2007 3857 ,
2131 3781 2294 3839 XCV.
2335 3780 2415 3836 De
2443 3779 2751 3853 interfectis.

2134 3874 2317 3933 XCVI.
2359 3874 2422 3932 Si
2453 3874 2671 3947 fortuitu
2694 3880 2740 3928 et
2769 3872 2960 3944 absque
2987 3871 3106 3927 odio
3135 3871 3253 3943 quis
3276 3871 3581 3940 percusserit
3609 3884 3736 3941 pro-

2200 3988 2397 4028 (ctutum
2424 3988 2596 4027 suum.

2129 4063 2336 4123 XCVII.
2377 4061 2458 4120 De
2478 4062 2687 4135 ﬁliabus
2716 4059 3009 4133 Salphaad,
3042 4068 3099 4114 ut
3129 4057 3381 4132 proximis
3406 4058 3620 4113 nubant.

3292 4202 3537 4209 W

3544 4203 3596 4207 r—u
3626 4204 3631 4205 γ
3656 4202 3712 4211 ἦ-

1864 4307 2305 4396 INCIPIT

1062 4454 1663 4637 LIBER
1753 4402 3085 4643 VAJEDABBER

1794 4717 1891 4779 Qui
1918 4721 2044 4783 apud
2069 4730 2158 4770 nos
2177 4719 2358 4770 dicitur

1636 4862 2481 4993 NUMERI.

489 5156 576 5229 [Τ.
608 5154 650 5224 I,
680 5154 740 5211 Β.
776 5153 819 5222 I,
859 5153 989 5227 Cap.
1021 5150 1089 5225 1.]
1127 5151 1474 5223 Locutusque
1509 5156 1598 5206 est
1637 5148 1903 5205 Dominus
1941 5145 2007 5202 ad
2041 5150 2096 5212 D
2118 5147 2358 5225 Israel],
2408 5158 2465 5206 et
2511 5150 2870 5208 numerabitis
2898 5163 2998 5206 eos
3023 5164 3122 5222 per
3153 5114 3365 5207 turmas
3394 5164 3545 5220 suas,
3582 5159 3639 5207 tu
3670 5160 3732 5209 et.

415 5250 601 5308 Mosen
649 5249 704 5304 in
755 5248 975 5305 deserto
1018 5245 1173 5302 Sinai
1232 5246 1285 5301 in
1341 5244 1696 5301 tabernaculo
1741 5241 2012 5309 hederis,

416 5344 595 5417 prima
623 5341 712 5399 die
742 5340 949 5398 mensis
1001 5338 1259 5407 secundi,
1300 5352 1446 5394 anno
1477 5337 1652 5393 altero
1681 5334 2013 5406 egressionis

415 5451 602 5494 eorum
651 5450 720 5490 ex
746 5432 1007 5506 Egypto,
1060 5432 1293 5488 dicens:
1323 5429 1523 5487 Tollite
1571 5444 1836 5488 summam
1886 5430 2014 5484 uni-

414 5544 590 5586 versae
612 5524 1055 5599 congregationis
1076 5524 1311 5580 ﬁliorum
1334 5523 1504 5581 Israel
1537 5538 1633 5595 per
1662 5522 2016 5595 cognationes

416 5631 473 5680 et
517 5622 714 5679 domos
764 5637 915 5690 suas,
961 5630 1017 5678 et
1069 5620 1290 5676 nomina
1339 5618 1698 5691 singulorum,
1754 5616 2015 5691 quidquid

415 5728 579 5770 sexus
607 5724 693 5770 est
719 5713 1003 5770 masculini
1031 5728 1062 5768 a
1092 5712 1359 5784 vigesimo
1382 5725 1526 5767 anno
1549 5725 1739 5783 supra,
1769 5712 2013 5767 omnium

411 5804 649 5861 virorum
695 5804 919 5863 fortium
950 5820 1015 5862 ex
1046 5803 1211 5862 Israel
1248 5804 1327 5877 [IL
1372 5817 1563 5861 omnes
1613 5803 1909 5861 bellatores
1940 5819 2009 5861 ex

2121 5243 2326 5299 Aaron.
2376 5243 2660 5314 Erantque
2705 5243 2991 5301 vobiscum
3038 5243 3317 5316 principes
3372 5245 3611 5302 tribuum
3662 5261 3729 5303 ac

2122 5334 2409 5392 domorum
2458 5336 2512 5391 in
2557 5336 2982 5408 cognationibus
3029 5337 3168 5403 suis,
3205 5353 3434 5408 quorum
3463 5339 3565 5394 ista
3595 5351 3732 5397 sunt

2122 5431 2367 5487 nomina.
2398 5430 2472 5485 De
2494 5430 2708 5501 Ruben,
2735 5431 2917 5486 Elisur
2941 5430 3085 5486 Illius
3106 5432 3343 5489 Sedeur.
3369 5432 3447 5490 De
3474 5432 3727 5502 Simeon,

2121 5522 2383 5581 Selumiel
2422 5523 2571 5580 ﬁlius
2608 5523 2948 5581 Surisaddai.
2983 5523 3060 5581 De
3088 5524 3257 5595 Juda,
3288 5525 3538 5583 Naasson
3579 5527 3726 5585 ﬁlius

2123 5616 2446 5674 Aminadab.
2483 5618 2557 5674 De
2601 5617 2870 5683 Issacbar.
2904 5618 3211 5676 Nathanael
3262 5620 3406 5677 ﬁlius
3446 5623 3607 5680 Suar.
3645 5623 3725 5681 De

2120 5710 2387 5780 Zabulon,
2414 5711 2572 5768 Eliab
2600 5711 2743 5767 ﬁlius
2784 5711 2979 5768 Helon.
2999 5711 3263 5769 Filiorum
3287 5723 3466 5771 autem
3494 5714 3721 5786 Ioseph,

2116 5803 2185 5859 de
2220 5803 2504 5875 Ephraim,
2542 5804 2779 5861 Elisama
2819 5803 2964 5862 ﬁlius
3012 5805 3290 5865 Ammiud.
3330 5808 3405 5866 De
3445 5808 3720 5881 Manassc,
