4044 6360
247 328 357 384 545

1628 316 1831 375 LIBER
1873 317 2160 375 NUMERI.

3439 324 3547 383 5&6

243 439 515 499 Gamaliel
565 438 712 495 ﬁlius
764 436 1099 494 Pbadassur.
1149 436 1228 491 De
1281 432 1586 505 Benjamin,
1637 438 1848 491 Abidan
1880 435 1933 495 Λ
1958 438 2363 509 quadringenti.
2399 436 2474 493 De
2517 434 2644 491 ﬁliis
2676 435 2814 502 Dan,
2846 450 2944 508 per
2968 438 3349 508 generationes
3376 450 3431 495 et
3462 441 3545 496 fa—

244 539 394 593 ﬁlius
442 536 711 592 Gedeoni.
766 534 840 589 De
891 533 1030 600 Dan,
1080 534 1275 588 Aiezer
1324 529 1468 585 ﬁlius
1509 530 1844 587 Atnisaddai.

242 633 323 688 De
351 632 513 699 Aser,
548 629 841 702 Pbaganicl
870 628 1015 683 ﬁlius
1047 626 1287 683 Acbran.
1322 626 1397 682 De
1418 624 1557 688 Gad,
1594 625 1845 696 Eliasaph

246 728 398 783 ﬁlius
441 726 671 781 Deltuel.
716 725 792 781 De
830 723 1106 796 Ncpbtali,
1149 721 1317 778 Abira
1360 719 1503 776 ﬁlius
1536 721 1750 777 llenan.
1783 720 1846 776 Ili

241 824 581 879 nobilissimi
615 822 895 893 principes
924 818 1289 876 multitudinis
1329 834 1425 889 per
1464 820 1642 873 tribus
1674 828 1727 874 et
1752 834 1849 875 co-

240 918 539 989 gnationes
590 930 740 984 suas,
795 924 849 969 et
896 914 1072 983 capita
1127 911 1406 968 exercitus
1455 910 1620 967 Israel
1658 929 1671 964 :
1709 925 1847 980 quos

240 1011 499 1067 tulerunt
548 1009 727 1064 Moses
774 1016 830 1064 et
859 1007 1043 1063 Aaron
1080 1021 1203 1063 cum
1243 1006 1391 1061 omni
1424 1005 1568 1077 vulgi
1604 1005 1850 1060 multitu-

238 1106 397 1170 dine,
444 1115 500 1158 et
530 1111 1002 1176 congregaverant
1034 1102 1207 1171 primo
1234 1099 1323 1156 die
1353 1100 1555 1155 mensis
1594 1099 1841 1167 secundi,

236 1207 606 1253 recensentes
635 1212 729 1251 eos
759 1210 855 1266 per
882 1195 1258 1266 cognationes,
1290 1202 1347 1248 et
1374 1192 1570 1248 domos
1600 1208 1662 1248 ac
1692 1194 1848 1248 fatui-

240 1289 369 1357 lias,
398 1299 457 1343 et
487 1290 690 1357 capita,
718 1296 772 1343 et
802 1287 1021 1343 nomina
1051 1286 1389 1357 singulorum
1422 1285 1499 1358 [b.
1546 1285 1845 1357 domosque

237 1383 598 1450 familiarum,
624 1391 674 1437 et
707 1381 924 1437 nomina
958 1378 1320 1451 singulorum]
1350 1394 1377 1433 a
1411 1378 1670 1449 vigesimo
1701 1394 1843 1435 anno

234 1488 293 1532 et
339 1493 537 1549 supra,
585 1478 728 1532 sicut
766 1486 1101 1546 praeceperat
1142 1475 1421 1531 Dominus.
1456 1475 1844 1546 Numeratique

236 1582 373 1625 sunt
416 1571 468 1625 in
499 1570 721 1625 deserto
750 1569 921 1625 Sinai.
958 1569 1032 1623 De
1064 1568 1251 1623 Ruben
1281 1568 1650 1640 primogenito
1680 1568 1845 1625 Israe-

236 1663 306 1718 Iis
357 1678 461 1734 per
491 1663 878 1733 generationes
923 1671 981 1717 et
1019 1661 1247 1717 familias
1291 1676 1355 1717 ac
1384 1662 1577 1717 domos
1609 1676 1755 1728 suas,
1791 1672 1846 1719 et

240 1757 471 1811 nomina
515 1758 754 1827 capitum
796 1756 1160 1826 singulorum,
1203 1770 1365 1811 omne
1393 1754 1536 1826 quod
1568 1769 1733 1811 sexus
1760 1764 1844 1811 est

1956 534 2136 589 milias
2192 547 2254 588 ac
2310 532 2504 586 domos
2559 532 2946 602 cognationum
3006 547 3228 588 suarum
3290 536 3548 593 recensiti

1953 640 2079 684 sunt
2134 628 2449 684 nominibus
2503 628 2839 697 singulorum
2890 643 2920 683 a
2975 628 3241 699 vigesimo
3296 644 3439 686 anno
3492 639 3547 688 et

1952 738 2138 795 supra,
2194 738 2388 779 omnes
2443 722 2534 792 qui
2592 729 2851 792 poterant
2903 724 2967 777 ad
3028 722 3168 778 bella
3224 724 3543 795 procedere,

1952 819 2237 889 sexaginta
2261 816 2371 871 duo
2400 816 2569 871 millia
2607 816 2963 886 septingenti.
3002 817 3074 871 De
3100 816 3223 873 ﬁliis
3258 822 3412 886 Aser,
3448 834 3543 889 per

1951 911 2338 981 generationes
2398 919 2453 963 et
2508 907 2743 963 familias
2801 922 2865 963 ac
2913 908 3106 964 domos
3163 910 3548 980 cognationum

1952 1020 2172 1061 suarum
2226 1003 2479 1060 recensiti
2533 1011 2661 1058 sunt
2716 1018 2815 1072 per
2864 1004 3083 1059 nomina
3132 1005 3468 1076 singulorum
3514 1020 3543 1060 a

1952 1100 2217 1173 vigesimo
2263 1114 2405 1155 anno
2453 1108 2507 1155 et
2561 1113 2750 1170 supra.
2802 1114 2993 1155 omnes
3039 1100 3131 1170 qui
3182 1108 3431 1169 poterant
3476 1101 3543 1156 ad

1953 1195 2092 1251 bella
2144 1194 2450 1265 procedere
2473 1234 2489 1259 ,
2541 1192 2897 1263 quadraginta
2926 1192 3095 1247 millia
3126 1203 3180 1248 et
3212 1193 3360 1249 mille
3390 1195 3548 1264 quin-

1952 1288 2123 1361 genti.
2158 1289 2231 1343 De
2256 1288 2381 1342 filiis
2402 1286 2678 1357 Nepbtali,
2704 1301 2801 1357 per
2817 1286 3202 1357 generationes
3231 1296 3285 1341 et
3314 1285 3545 1343 familias

1955 1396 2018 1437 ac
2045 1382 2237 1437 domos
2264 1381 2646 1451 cognationum
2679 1395 2896 1435 suarum
2930 1380 3185 1435 recensiti
3219 1392 3343 1437 sunt
3372 1382 3544 1437 nomi-

1952 1476 2113 1532 nibus
2154 1475 2491 1546 singulorum
2522 1490 2550 1529 a
2579 1474 2848 1544 vigesimo
2877 1488 3021 1529 anno
3050 1483 3103 1528 et
3135 1489 3320 1543 supra,
3354 1489 3543 1530 omnes

1953 1571 2044 1641 qui
2085 1579 2337 1641 poterant
2378 1568 2443 1623 ad
2488 1568 2626 1623 bella
2670 1566 2990 1637 procedere,
3024 1567 3408 1637 quinquaginta
3439 1567 3541 1622 tria

1954 1664 2127 1719 millia
2178 1662 2590 1733 quadringenti.
2643 1660 2705 1715 Hi
2746 1669 2894 1728 sunt,
2936 1675 3074 1731 quos
3119 1670 3543 1716 numeraveram

1952 1758 2131 1814 Moses
2161 1766 2215 1813 et
2244 1756 2427 1811 Aaron
2449 1798 2462 1823 ,
2497 1763 2553 1811 et
2602 1752 2887 1810 duodecim
2920 1754 3195 1825 principes
3222 1752 3407 1818 Israel,
3434 1753 3548 1806 sin-

236 1853 538 1908 masculini
569 1867 598 1906 a
631 1851 898 1923 vigesimo
937 1867 1084 1907 anno
1124 1860 1177 1906 et
1206 1866 1395 1922 supra,
1430 1850 1840 1919 procedentium
1875 1846 1919 1907 Β
1950 1852 2109 1924 gulos
2156 1867 2255 1922 per
2297 1852 2487 1906 domos
2518 1851 2906 1919 cognationum
2939 1862 3182 1903 suarum.
3220 1856 3245 1885 ⁸
3272 1848 3545 1903 Fuerunt-

232 1948 300 2003 ad
332 1947 572 2013 bellum,
600 1946 957 2017 quadraginta
980 1962 1075 2003 sex
1106 1948 1269 2004 millia
1295 1946 1594 2018 quingenti.
1624 1948 1697 2002 De
1726 1946 1848 2002 filiis

238 2040 480 2100 Simeon
529 2059 626 2114 per
665 2044 1054 2113 generationes
1083 2059 1212 2099 suas
1244 2042 1431 2115 [Vulg.
1473 2052 1575 2097 tac.
1608 2056 1733 2097 suas
1762 2041 1846 2096 hic

236 2147 284 2190 et
314 2135 489 2209 infra]
522 2153 588 2192 ac
631 2137 866 2193 familias
896 2154 959 2193 ac
989 2138 1181 2193 domos
1210 2137 1596 2206 cognationum
1625 2152 1843 2193 suarum

229 2229 507 2285 recensiti
558 2239 687 2285 sunt
736 2245 832 2301 per
874 2230 1100 2285 nomina
1145 2239 1199 2285 et
1248 2230 1425 2300 capita
1471 2230 1841 2302 singulorum,

231 2340 409 2380 omne
435 2324 585 2396 quod
618 2340 780 2380 sexus
819 2335 907 2381 est
938 2325 1224 2381 masculini
1257 2340 1287 2379 a
1318 2325 1579 2396 vigesimo
1618 2341 1761 2381 anno
1790 2336 1845 2382 ct

229 2431 407 2487 supra
429 2460 444 2484 ,
482 2416 898 2487 procedentium
946 2417 1014 2473 ad
1046 2418 1279 2483 bellum,
1323 2418 1709 2489 quinquaginta
1740 2434 1841 2473 no-

228 2526 361 2566 vem
408 2511 581 2566 millia
614 2512 863 2567 trecenti.
900 2512 977 2566 De
1008 2511 1135 2566 ﬁliis
1163 2510 1303 2579 Gad,
1339 2528 1433 2582 per
1460 2514 1841 2583 generationes

225 2622 368 2662 suas
401 2618 456 2663 et
485 2607 720 2663 familias
751 2623 813 2663 ac
835 2608 1028 2663 domos
1057 2610 1444 2679 cognationum
1494 2624 1713 2664 suarum
1757 2626 1843 2665 re-

225 2702 444 2758 censiti
486 2712 613 2758 sunt
642 2719 741 2774 per
769 2705 989 2759 nomina
1028 2704 1364 2773 singulorum
1393 2720 1421 2759 a
1454 2705 1643 2774 viginti
1683 2706 1840 2760 annis

225 2806 281 2851 ct
315 2810 518 2867 supra,
562 2812 756 2852 omnes
793 2798 883 2868 qui
915 2796 980 2851 ad
1013 2796 1155 2851 bella
1188 2798 1572 2867 procederent,
1606 2799 1838 2869 quadra-

225 2890 395 2961 ginta
422 2892 661 2962 quinque
693 2890 863 2945 millia
892 2890 1141 2947 sexcenti
1169 2892 1576 2963 quinquaginta.
1610 2893 1681 2947 De
1710 2893 1839 2951 ﬁliis

224 2984 385 3039 Jurla
426 3000 523 3056 per
558 2984 943 3055 generationes
981 2994 1035 3041 et
1075 2985 1305 3040 familias
1333 3002 1393 3039 ac
1420 2986 1611 3041 domos
1641 3001 1839 3057 cogna-

226 3080 456 3134 tionum
485 3095 703 3135 suarum
724 3123 739 3148 ,
776 3095 872 3151 per
902 3080 1116 3135 nomina
1158 3080 1492 3151 singulorum
1523 3098 1550 3135 a
1579 3082 1838 3152 vigesimo

226 3188 394 3227 anno
420 3184 476 3229 et
504 3188 702 3243 supra,
744 3188 939 3229 omnes
968 3174 1058 3244 qui
1094 3183 1348 3242 poterant
1376 3174 1442 3229 ad
1478 3175 1615 3229 bella
1650 3189 1839 3245 proce-

1949 1963 2056 2017 que
2109 1948 2290 2002 omnis
2339 1959 2596 2001 numerus
2650 1944 2885 1998 filiorum
2932 1943 3097 1997 Israel
3144 1956 3240 2013 per
3270 1942 3461 1997 domos
3490 1948 3545 1997 et

1948 2040 2186 2096 familias
2235 2053 2360 2093 suas
2410 2038 2497 2110 [h.
2542 2052 2789 2107 semper,
2830 2050 2929 2105 pro
2977 2035 3169 2091 domos
3198 2034 3541 2089 familiarium

1948 2149 2192 2199 suarum,
2227 2132 2416 2205 habet]
2444 2148 2474 2187 a
2504 2131 2765 2202 vigesimo
2794 2144 2937 2184 anno
2965 2137 3020 2185 et
3046 2142 3233 2199 supra,
3263 2128 3353 2199 qui
3388 2137 3541 2198 pote-

1947 2241 2071 2289 rant
2103 2232 2171 2287 ad
2205 2233 2343 2287 bella
2376 2232 2695 2304 procedere,
2750 2240 3005 2286 sexcenta
3055 2230 3155 2285 tria
3190 2230 3359 2285 millia
3387 2229 3537 2284 viro-

1947 2343 2066 2383 rum
2122 2326 2199 2399 [b.
2250 2341 2359 2381 non
2412 2326 2595 2381 habet.
2632 2324 2899 2398 virorum]
2945 2325 3226 2396 quingenti
3276 2324 3543 2395 quinqua—

1944 2422 2113 2493 ginta.
2171 2421 2375 2477 Levita:
2427 2430 2609 2477 autem
2662 2422 2714 2476 in
2764 2421 2906 2477 tribu
2957 2420 3285 2476 familiarum
3319 2432 3541 2473 suarum

1945 2533 2053 2573 non
2094 2528 2219 2571 sunt
2259 2516 2528 2571 numerati
2569 2530 2692 2570 cum
2726 2515 2825 2569 eis.
2869 2513 2955 2587 [Β.
2986 2514 3053 2578 II,
3082 2511 3145 2569 C.
3178 2512 3243 2585 I.]
3269 2512 3536 2568 Locutus-

1943 2628 2049 2683 que
2099 2622 2181 2665 ρει
2212 2610 2476 2664 Dominus
2530 2608 2595 2663 ad
2624 2610 2844 2673 Mosen,
2895 2592 3123 2663 dicens:
3154 2607 3378 2662 Tribum
3405 2604 3538 2660 Levi

1944 2707 2055 2763 noli
2103 2720 2424 2771 numerare,
2476 2718 2577 2759 nec
2625 2718 2817 2774 ponam
2868 2718 3134 2758 summam
3189 2716 3379 2757 eorum
3411 2714 3534 2754 etim

1945 2801 2071 2857 ﬁliis
2099 2801 2263 2857 Israel
2313 2819 2323 2854 :
2371 2799 2464 2856 sed
2498 2800 2770 2854 constitue
2807 2814 2902 2854 eos
2935 2812 3099 2869 super
3126 2794 3533 2852 tabernaculum

1945 2894 2247 2950 teStimonii
2285 2904 2338 2951 et
2377 2904 2568 2949 cuncta
2608 2908 2738 2948 vasa
2779 2892 2920 2963 ejus,
2953 2900 3008 2947 et
3034 2890 3294 2962 quidquid
3328 2888 3393 2943 ad
3425 2903 3534 2944 cae-

1944 2990 2220 3046 remonias
2246 2990 2481 3061 pertinet
2503 2988 2582 3061 [h.
2616 2997 2671 3043 et
2699 3002 2915 3042 omnem
2957 2985 3347 3057 supellectilem
3375 2980 3535 3055 ejus].

1942 3083 2050 3155 Ipsi
2109 3083 2400 3153 portabunt
2460 3082 2872 3137 tabernaculum
2932 3090 2985 3135 et
3040 3078 3221 3133 omnia
3283 3075 3533 3132 utensilia

1944 3178 2081 3247 ejus,
2115 3188 2169 3233 et
2199 3185 2359 3232 erunt
2385 3176 2437 3230 in
2472 3175 2796 3243 ministerio,
2839 3189 2901 3229 ac
2941 3189 3037 3243 per
3062 3187 3250 3244 gyrum
3286 3172 3539 3226 taberna-

224 3267 398 3332 dere,
430 3268 685 3323 recensiti
716 3278 843 3323 sunt
874 3270 1215 3339 septuaginta
1248 3280 1483 3338 quatuor
1515 3268 1679 3323 millia
1714 3285 1837 3325 sex-
1870 3244 1915 3309 Ο
1946 3244 2055 3327 culi
2083 3271 2455 3326 metabuntur.
2489 3271 2619 3325 Cum
2653 3268 3107 3340 proﬁciscendum
3150 3267 3330 3331 fuerit,
3363 3265 3535 3335 depo-

224 3362 413 3416 centi.
450 3361 523 3417 De
551 3361 673 3416 ﬁliis
696 3362 970 3427 Issacltar,
993 3378 1089 3432 per
1111 3363 1495 3433 generationes
1518 3372 1572 3416 et
1605 3363 1836 3418 familias

224 3469 293 3510 ac
340 3454 540 3508 domos
578 3455 964 3525 cognationum
1007 3470 1247 3519 suarum,
1279 3470 1376 3526 per
1401 3455 1618 3510 nomina
1647 3455 1838 3526 singu-

224 3549 424 3604 Iorunt
472 3564 501 3603 a
546 3549 813 3621 vigesimo
863 3564 1006 3604 anno
1054 3560 1109 3604 et
1156 3564 1343 3619 supra,
1386 3564 1578 3605 omnes
1628 3549 1721 3619 qui
1771 3550 1838 3605 ad

222 3643 388 3698 bella
422 3642 807 3712 procederent,
839 3643 1099 3699 recensiti
1130 3653 1257 3698 sunt
1288 3644 1674 3715 quinquaginta
1704 3660 1837 3715 qua-

224 3743 371 3790 tuor
398 3735 563 3791 millia
586 3736 993 3807 quadringenti.
1021 3736 1096 3792 De
1124 3736 1246 3791 ﬁliis
1276 3736 1517 3791 Zabulon
1550 3752 1649 3807 per
1675 3752 1839 3808 gene-

223 3828 488 3882 rationes
518 3837 574 3883 et
606 3827 840 3882 familias
879 3843 943 3881 ac
974 3828 1164 3883 domos
1195 3827 1573 3900 cognationqu
1615 3843 1837 3884 suarum

222 3920 499 3977 recensiti
550 3930 675 3977 sunt
720 3938 819 3993 per
866 3924 1086 3979 nomina
1138 3924 1474 3994 singulorum
1502 3938 1530 3977 a
1572 3923 1837 3995 vigesimo

220 4030 389 4071 anno
428 4024 484 4071 et
521 4031 708 4087 supra,
751 4033 941 4072 omnes
974 4021 1063 4089 qui
1096 4028 1347 4088 poterant
1378 4018 1442 4072 ad
1473 4018 1613 4073 bella
1645 4034 1835 4089 procc-

221 4110 408 4175 derc,
462 4111 846 4181 quinquaginta
872 4121 1081 4181 septem
1114 4112 1281 4166 millia
1322 4112 1720 4183 quadringenti.
1761 4114 1837 4170 De

223 4200 369 4257 ﬁliis
414 4200 646 4275 Ioseph,
702 4202 939 4259 ﬁliorum
1000 4204 1261 4276 prraim
1310 4220 1407 4277 per
1454 4206 1837 4278 generationes

221 4306 282 4352 et
315 4296 551 4353 familias
578 4313 643 4353 ac
673 4298 865 4354 domos
893 4299 1286 4371 cognationum
1320 4316 1540 4355 suarum
1574 4301 1835 4357 recensiti

220 4402 368 4449 sunt
410 4409 508 4466 per
565 4395 786 4451 nomina
834 4396 1170 4468 singulorum
1217 4412 1246 4453 a
1279 4396 1543 4466 vigesimo
1590 4412 1732 4451 anno
1782 4406 1836 4451 et

226 4504 444 4560 supra,
495 4506 686 4547 omnes
737 4492 829 4562 qui
886 4501 1145 4563 poterant
1197 4493 1263 4548 ad
1323 4493 1465 4549 bella
1514 4494 1832 4563 procedere,

228 4583 597 4654 quadraginta
655 4584 823 4639 millia
876 4586 1179 4657 quingenti.
1234 4586 1406 4641 Porro
1452 4586 1688 4642 filiorum
1728 4586 1838 4642 Illa-

225 4691 401 4732 nasse
432 4693 529 4747 per
558 4679 943 4749 generationes
974 4690 1029 4736 et
1060 4679 1292 4737 familias
1319 4696 1380 4738 ac
1409 4680 1601 4737 domos
1639 4697 1833 4753 cogna-

227 4774 449 4827 tionum
489 4788 711 4828 suarum
754 4775 1014 4831 recensiti
1056 4786 1183 4831 sunt
1214 4791 1309 4847 per
1339 4778 1556 4831 nomina
1591 4778 1835 4847 singulo-

231 4880 357 4920 rum
384 4880 414 4919 a
445 4866 634 4936 viginti
684 4867 843 4923 annis
893 4876 947 4923 et
994 4883 1180 4939 supra,
1235 4883 1428 4925 omnes
1457 4872 1548 4941 qui
1583 4877 1837 4940 poterant

228 4960 302 5013 ad
339 4958 479 5014 bella
512 4960 835 5030 procedere,
871 4962 1093 5033 triginta
1121 4962 1230 5019 duo
1259 4963 1427 5017 millia
1473 4964 1715 5019 ducenti.
1758 4964 1833 5020 De

233 5052 365 5107 ﬁliis
396 5053 683 5123 Benjamin
726 5070 825 5126 per
860 5056 1248 5128 generationes
1287 5065 1343 5113 et
1381 5056 1616 5112 familias
1646 5072 1708 5112 ac
1739 5057 1835 5112 do-

228 5160 353 5199 mos
384 5148 768 5216 cognationum
804 5164 1026 5205 suarum
1068 5149 1325 5204 recensiti
1363 5160 1490 5204 sunt
1520 5150 1833 5206 nominibus

228 5239 575 5310 singulorum
604 5256 633 5296 a
665 5241 928 5313 vigesimo
969 5259 1115 5299 anno
1164 5253 1217 5299 et
1263 5258 1449 5312 supra,
1507 5258 1699 5300 omnes
1741 5245 1830 5317 qni

230 5344 488 5405 poterant
513 5336 581 5392 ad
614 5336 754 5393 bella
784 5338 1104 5410 procedere,
1140 5339 1359 5411 triginta
1387 5340 1629 5412 quinque
1657 5340 1825 5395 millia

306 5545 331 5573 ⁸
351 5537 409 5592 In
434 5538 838 5613 mss.Icgimus,
866 5545 1176 5613 fueruntque
1197 5558 1368 5599 omnes
1393 5543 1619 5611 ﬁliorum
1644 5540 1831 5610 Israel,

227 5616 488 5684 etc.,_attt
511 5655 524 5677 ,
563 5612 874 5681 fueruntque
902 5614 1056 5667 simul
1084 5632 1257 5669 omnes
1285 5616 1513 5684 ﬁliorum
1546 5613 1735 5668 Israel.
1772 5614 1828 5669 In

230 5680 537 5755 Artir:ietisis
577 5696 757 5737 autem
790 5680 1055 5741 Ecelesim
1085 5702 1185 5741 ms.
1211 5680 1422 5752 codice,
1452 5688 1539 5755 qui
1574 5701 1716 5739 nunc
1748 5695 1833 5741 est

231 5754 646 5828 i_n_bibliotltcca
674 5755 984 5812 Colbcrtina
1023 5758 1139 5822 I57,
1172 5760 1345 5828 prima
1375 5754 1533 5811 manu
1568 5759 1826 5825 scripturn

232 5822 406 5901 fuisse
440 5826 683 5901 videtur.
726 5830 1038 5901 fueruntque
1078 5822 1252 5885 omnes
1294 5830 1563 5901 supputati
1601 5822 1828 5897 ﬁliorum

238 5893 424 5968 Israel,
452 5907 561 5957 etc.
593 5893 737 5968 Quae
756 5901 918 5958 lectio
947 5893 1149 5973 optima
1178 5910 1326 5959 esset
1360 5893 1370 5957 Ξ
1396 5893 1497 5960 sed
1526 5893 1633 5960 duo
1658 5902 1821 5959 verba

1944 3376 2075 3423 nent
2106 3366 2309 3422 Levita:
2360 3366 2764 3422 tabernaculum
2798 3382 2811 3419 :
2854 3379 2976 3420 cum
3013 3360 3527 3425 castrametandum,

1941 3460 2153 3530 erigent
2181 3477 2193 3513 :
2220 3458 2463 3529 quiSquis
2494 3468 2846 3513 externorum
2878 3456 3197 3522 accesserit,
3227 3454 3528 3509 occidetur.

1940 3555 2283 3612 Metabuntur
2305 3566 2486 3610 autem
2515 3562 2689 3610 castra
2718 3552 2813 3607 ﬁlii
2839 3552 3005 3607 Israel
3034 3552 3409 3621 unusquisque
3436 3564 3532 3619 per

1943 3660 2150 3708 turmas
2197 3661 2251 3707 et
2290 3666 2493 3707 cuneos
2545 3661 2709 3720 atque
2754 3647 3055 3703 exercitum
3103 3661 3279 3700 suum.
3323 3642 3408 3717 [Ο.
3445 3641 3532 3714 ll.]

1940 3747 2111 3803 Porro
2154 3746 2357 3801 Levitae
2390 3762 2485 3816 per
2515 3760 2705 3817 gyrum
2740 3744 3074 3799 tabernaculi
3110 3742 3271 3813 figant
3301 3740 3379 3813 [h.
3410 3754 3530 3794 me-

1943 3838 2231 3911 tabuntur]
2262 3839 2518 3904 tentoria,
2567 3853 2635 3893 ne
2684 3836 2773 3891 ﬁat
2816 3836 3114 3906 indignatio
3155 3849 3319 3905 super
3355 3832 3539 3887 multi-

1944 3934 2184 3989 tudinem
2236 3933 2469 3987 ﬁliorum
2503 3931 2690 3997 Israel,
2725 3939 2775 3986 et
2813 3930 3158 3984 excubabunt
3190 3929 3241 3981 in
3271 3926 3533 3981 custodiis

1942 4028 2022 4101 [h.
2053 4026 2325 4099 custodia]
2367 4024 2697 4080 tabernaculi
2742 4023 3061 4078 testimonii.
3094 4020 3364 4075 Fecerunt
3401 4033 3533 4087 ergo

1942 4120 2039 4174 ﬁlii
2090 4120 2258 4174 Israel
2305 4118 2458 4189 juxta
2491 4117 2693 4185 omnia,
2730 4130 2848 4186 qua:
2893 4124 3233 4187 praeceperat
3273 4112 3532 4169 Dominus

1943 4214 2101 4269 Mosi.
2214 4213 2228 4225 ’

2014 4305 2099 4379 [Β.
2134 4305 2221 4374 III,
2256 4304 2384 4376 Cap.
2415 4304 2505 4376 Il.]
2546 4304 2889 4374 Locutusque
2920 4310 3002 4358 est
3034 4300 3294 4357 Dominus
3327 4299 3391 4353 ad
3422 4298 3535 4353 Mo-

1941 4415 2036 4455 sen
2085 4410 2137 4455 et
2184 4402 2389 4467 Aaron,
2439 4399 2626 4454 dicens
2672 4418 2685 4453 :
2726 4397 2933 4468 Singuli
2975 4411 3069 4466 per
3099 4405 3320 4461 turmas,
3355 4394 3530 4463 signa,

1941 4504 2094 4564 atque
2131 4492 2322 4549 vexilla
2355 4492 2430 4565 [h.
2469 4507 2576 4547 non
2610 4489 2795 4562 habet]
2828 4501 2879 4545 et
2913 4490 3108 4544 domos
3145 4487 3531 4558 cognationum

1940 4599 2184 4651 suarum,
2236 4584 2766 4640 castrametabuutur
2814 4582 2909 4636 ﬁlii
2957 4579 3144 4645 Israel,
3200 4594 3295 4650 per
3339 4594 3533 4650 gyrum

1944 4683 2277 4739 tabernaculi
2325 4682 2567 4738 fcedcris.
2617 4681 2697 4737 Ad
2748 4680 3023 4735 Orientem
3055 4678 3223 4733 .ludas
3262 4678 3392 4749 ﬁget
3422 4686 3528 4732 ten-

1944 4778 2083 4833 toria
2113 4792 2209 4846 per
2231 4785 2436 4831 turmas
2460 4776 2768 4831 exercitus:
2789 4774 2998 4844 eritque
3021 4773 3273 4844 princeps
3302 4771 3534 4826 ﬁliorum

1943 4872 2062 4941 ejus
2114 4870 2356 4925 Naasson
2410 4869 2552 4924 ﬁlius
2585 4868 2908 4937 Aminadab,
2964 4878 3016 4924 et
3059 4869 3237 4923 omnis
3265 4867 3334 4924 de
3364 4868 3536 4938 stirpe

1944 4966 2062 5033 ejus
2092 4979 2301 5020 summa
2331 4963 2703 5034 pugnantium,
2737 4962 3081 5033 septuaginta
3105 4971 3338 5032 quatuor
3365 4960 3536 5017 millia

1942 5060 2207 5115 sexcenti.
2260 5057 2420 5113 Juxta
2472 5073 2595 5113 eum
2625 5056 2992 5111 castrametati
3022 5065 3152 5110 sunt
3191 5056 3260 5110 de
3288 5055 3430 5111 tribu
3463 5055 3539 5110 Is—

1941 5151 2158 5215 sacbar,
2191 5164 2422 5221 quorum
2455 5150 2709 5220 princeps
2740 5148 2840 5201 fuit
2876 5147 3173 5203 Nathanael
3207 5146 3349 5202 Illius
3375 5147 3533 5202 Suar.

1943 5245 2009 5301 Et
2049 5244 2228 5299 omnis
2270 5258 2531 5298 numerus
2575 5253 2936 5313 pugnatorum
2968 5242 3107 5312 ejus,
3142 5241 3535 5313 quinquaginta

1943 5348 2176 5411 quatuor
2208 5338 2374 5393 millia
2402 5335 2807 5409 quadringenti.
2847 5335 2903 5391 In
2938 5335 3077 5391 tribu
3110 5334 3357 5390 Zabulon
3389 5335 3537 5406 prino

1941 5543 2152 5613 scalpro
2194 5542 2370 5597 deleta
2412 5550 2560 5609 sunt,
2588 5552 2638 5596 et
2670 5558 2833 5612 supra
2866 5544 3100 5605 positum
3135 5550 3239 5607 est,
3272 5542 3446 5606 simul,
3479 5550 3537 5598 ut

1942 5617 2041 5670 hoc
2072 5615 2234 5741 ipodo
2273 5615 2481 5685 legatur
2514 5633 2526 5667 :
2559 5618 2867 5687 fueruntque
2905 5617 3061 5672 simul
3086 5616 3312 5688 ﬁliorum
3342 5612 3529 5681 Israel,

1942 5695 2040 5741 etc.
2128 5703 2249 5741 ART.

1936 5695 2040 5742 etc.
2072 5695 2249 5741 MART.

1951 5789 2079 5832 77—
2108 5758 2341 5815 Urbinas
2396 5774 2498 5813 ms.
2552 5758 2889 5832 Fuerutthue
2939 5776 3111 5814 omnes
3174 5758 3273 5828 ﬁlii
3342 5756 3528 5813 Israel.

1931 5831 2079 5891 Alias
2108 5832 2382 5889 variantes
2413 5832 2677 5889 lcetiones
2702 5831 2953 5889 Martian.
2985 5832 3161 5888 aIIert.
