4044 6360
248 293 377 347 δι’»

1650 298 1853 360 LIBEII
1895 298 2181 361 NUMERI.

3459 311 3568 371 3’50

255 409 551 467 υυιιιίιιιιε.
602 412 693 481 lB.
732 413 819 481 VI,
844 414 907 467 C.
944 413 1065 486 VL]
1108 416 1454 487 Locutnsque
1486 426 1568 472 est
1611 418 1871 473 Dominus
1900 420 1945 480 Α
1979 420 2140 475 Israel
2165 462 2178 485 ,
2222 430 2278 476 et
2307 436 2499 491 pecora
2536 421 2846 478 Levitarum
2889 441 2985 495 pro
3013 427 3300 496 pecoribus
3332 442 3518 483 eorum
3547 472 3561 495 ,

247 504 328 555 ad
374 504 559 563 Mosen
604 507 655 560 in
692 507 915 563 deserto
947 508 1094 563 Sinai
1119 553 1133 577 ,
1178 509 1411 566 dicens:
1444 512 1679 568 Numera
1728 512 1870 567 ﬁlios

250 593 392 649 Levi
426 610 523 663 per
550 597 741 655 domos
775 608 985 667 patrum
1012 614 1231 655 suorum
1262 609 1317 657 et
1351 602 1582 659 familias
1603 648 1616 667 ,
1650 618 1867 663 omnem

250 688 579 745 masculum
603 690 674 744 ab
699 707 807 746 uno
830 707 1017 749 menso
1044 705 1098 753 et
1120 708 1303 764 supra.
1334 694 1649 752 Numeravit
1673 698 1864 762 Moses,

246 788 317 836 nt
344 794 687 852 prmceperat
718 785 1003 850 Dominus,
1030 794 1085 841 et
1110 787 1311 841 inventi
1341 796 1466 841 sunt
1495 787 1589 841 filii
1622 788 1746 845 Levi
1774 803 1869 857 per

250 878 493 931 nomina
515 894 636 945 sua,
658 879 867 935 Gersou
893 890 946 935 et
967 879 1139 935 Caath
1157 891 1210 935 et
1233 882 1448 936 Merari.
1474 881 1596 938 Filii
1620 882 1864 939 Gerson:

244 967 433 1023 Lebni
478 982 530 1025 et
572 968 791 1026 Sentei.‘
818 972 935 1027 Filii
988 972 1197 1028 Caath:
1243 975 1463 1029 Amram
1507 982 1557 1030 et
1604 974 1864 1043 Jessaat',

244 1063 484 1119 IIebron
528 1077 583 1123 et
630 1064 799 1121 Oziel.
845 1066 967 1122 Filii
1002 1068 1195 1123 Merari
1226 1085 1239 1123 :
1273 1068 1466 1123 Mahali
1518 1080 1570 1125 et
1609 1069 1763 1125 Musi.
1796 1071 1866 1124 De

244 1154 479 1210 Gerson
510 1154 666 1212 fuere
696 1157 923 1215 familiar
955 1159 1097 1225 dum,
1133 1160 1430 1228 Lebnitica,
1465 1171 1519 1215 et
1548 1160 1865 1217 Semeitica:

243 1265 491 1320 quarum
540 1263 854 1307 numeratus
890 1264 969 1311 est
1005 1256 1232 1324 populus
1280 1270 1442 1310 sexus
1481 1255 1765 1311 masculini
1801 1256 1868 1310 ab

248 1365 364 1402 uno
422 1366 615 1407 mense
649 1361 700 1407 et
741 1366 929 1423 supra,
967 1363 1175 1423 septem
1230 1354 1398 1409 millia
1445 1354 1747 1421 quingenti.
1805 1354 1865 1409 lli

242 1450 377 1513 post
412 1444 823 1499 tabernaculum
877 1446 1223 1503 metabuntur
1254 1448 1316 1500 ad
1344 1447 1692 1502 Occidentem
1714 1489 1728 1515 ,
1763 1448 1866 1503 sub

244 1536 509 1609 principe
567 1538 822 1609 Eliasaph
860 1538 974 1593 tilio
1008 1539 1158 1595 Lael.
1197 1541 1258 1595 Et
1290 1540 1572 1595 habebunt
1608 1541 1865 1595 excubias

238 1631 300 1686 in
334 1633 700 1688 tabernaculo
732 1632 974 1699 foederis,
1000 1634 1175 1705 ipsum
1210 1634 1625 1689 tabernaculum
1655 1643 1863 1701 etope.

241 1727 554 1780 rimentum
595 1726 736 1797 ejus,
768 1729 1092 1793 tentorium,
1121 1730 1265 1798 quod
1296 1728 1527 1783 trahitur
1557 1739 1682 1783 ante
1717 1727 1863 1787 fores

1969 524 2238 587 eruntque
2269 517 2471 573 Levita)
2494 519 2621 575 mei.
2656 518 2767 588 Ego
2797 534 2914 574 sum
2944 521 3035 592 [b.
3070 534 3176 575 non
3210 521 3393 590 habet,
3419 521 3563 594 sum]

1972 609 2254 664 Dominus.
2300 610 2356 665 In
2387 612 2567 682 pretio
2605 622 2790 668 autem
2828 614 3181 670 ducentorum
3221 615 3563 687 septuaginta

1968 702 2151 769 trium,
2176 706 2263 774 qui
2298 706 2571 760 excedunt
2610 722 2894 763 numerum
2927 708 3234 763 Levitarum
3266 708 3333 764 de
3363 710 3567 779 primo-

1969 797 2164 866 genitis
2191 796 2423 852 filiorum
2469 798 2657 865 Israel,
2715 800 2949 869 accipies
2979 803 3223 872 quinque
3260 802 3422 856 siclos
3469 818 3565 871 per

1969 890 2178 958 singula
2211 892 2387 959 capita
2412 891 2477 945 ad
2508 907 2821 948 mensuram
2845 894 3164 950 sanctuarii.
3196 893 3376 950 Siclus
3400 894 3564 951 habet

1969 984 2159 1039 obolos
2203 985 2416 1054 viginti.
2464 985 2735 1057 Dabisqne
2777 988 3057 1058 pecuniam
3100 985 3284 1042 Aaron
3333 997 3387 1041 et
3438 987 3563 1044 filiis

1968 1078 2085 1147 ejus
2143 1080 2375 1148 pretium
2423 1094 2613 1134 eorum
2665 1082 2753 1151 qui
2804 1097 2970 1150 supra
3022 1090 3165 1135 sunt.
3205 1080 3355 1136 Tulit
3398 1081 3563 1153 igitur

1970 1170 2144 1225 Moses
2174 1172 2455 1239 pecuniam
2480 1188 2686 1237 eorum,
2712 1174 2804 1243 qui
2826 1174 3041 1231 fuerant
3069 1175 3321 1244 amplius,
3351 1184 3560 1246 etquos

1971 1265 2313 1320 redemerant
2335 1281 2362 1319 a
2378 1265 2581 1321 Levitis
2602 1282 2697 1336 pro
2720 1267 3093 1338 primogenitis
3110 1268 3344 1322 filiorum
3370 1267 3556 1338 Israel,

1968 1360 2118 1414 ntille
2147 1369 2510 1414 trecentorum
2543 1360 2821 1429 sexaginta
2853 1361 3093 1431 quinque
3119 1360 3375 1416 siclorum
3402 1361 3557 1430 juxta

1970 1453 2179 1521 pondtts
2211 1454 2529 1517 sanctuarii,
2564 1462 2619 1508 et
2644 1454 2791 1509 dedit
2813 1469 2932 1508 eam
2974 1456 3151 1509 Aaron
3185 1466 3233 1509 et
3285 1454 3409 1509 ﬁliis
3440 1454 3559 1526 ejus

1961 1543 2116 1612 jthta
2151 1545 2373 1599 verbum
2401 1546 2541 1614 quod
2573 1553 2903 1615 prmceperat
2931 1546 3032 1601 sibi
3066 1546 3345 1605 Dominus.
3394 1540 3407 1551 ’

2041 1638 2141 1709 [0.
2194 1638 2288 1703 IX,
2332 1638 2459 1710 Cap.
2502 1638 2631 1711 IV.]
2669 1640 3009 1710 Locutusque
3058 1647 3144 1695 est
3190 1641 3454 1695 Dominus
3490 1638 3556 1696 ad

1969 1731 2150 1787 Mosen
2191 1742 2241 1785 et
2283 1732 2503 1795 Aaron,
2552 1730 2775 1787 dicens:
2810 1733 2964 1787 Tolle
3008 1748 3274 1787 summam
3320 1733 3555 1788 filiorum

240 1819 379 1872 tecti
438 1818 687 1887 hederis,
731 1831 785 1876 et
821 1821 1060 1876 cortinas
1108 1822 1228 1877 atrii
1258 1841 1269 1876 ε
1312 1822 1601 1876 tentorium
1645 1837 1860 1892 quoque
1891 1813 1938 1875 Β
1965 1824 2133 1879 Caath
2168 1823 2235 1877 de
2266 1823 2445 1877 medio
2470 1823 2776 1877 Levitarum
2811 1840 2909 1894 per
2936 1825 3130 1879 domos
3160 1834 3215 1880 et
3242 1824 3377 1878 filias
3408 1839 3555 1893 suas,

238 1913 392 1982 quod
428 1913 760 1984 appenditur
782 1916 833 1969 in
855 1916 1080 1971 introitu
1106 1917 1228 1971 atrii
1254 1917 1608 1983 tabernaculi,
1632 1928 1680 1973 et
1706 1917 1860 1986 quid-

237 2005 378 2073 quid
419 2005 486 2060 ad
531 2008 692 2062 ritum
726 2006 914 2062 altaris
948 2010 1211 2078 pertinet,
1248 2011 1402 2064 funes
1443 2011 1775 2065 tabernaculi
1806 2018 1863 2064 et

236 2099 438 2152 omnia
466 2100 715 2155 utensilia
740 2102 876 2170 ejus.
903 2102 1165 2172 Cognatio
1189 2104 1358 2157 Caath
1391 2102 1611 2158 habebit
1636 2103 1860 2173 papulns

235 2191 590 2249 Amramitas
620 2202 675 2249 et
699 2195 1048 2263 .lessaaritas,
1075 2207 1127 2251 et
1156 2198 1476 2253 Ilebronitas
1498 2208 1552 2252 et
1577 2198 1856 2253 Ozielitas.

236 2285 339 2340 Ila:
368 2296 506 2342 sunt
533 2287 754 2344 familia:
795 2290 1161 2345 Caathitarum
1194 2292 1480 2347 recensita:
1513 2307 1611 2361 per
1641 2293 1858 2347 nomina

234 2394 337 2434 sua
372 2398 387 2433 :
419 2397 610 2439 omnes
632 2387 849 2454 generis
884 2387 1171 2442 masculini
1200 2388 1267 2447 ab
1296 2404 1403 2441 u'm
1430 2403 1652 2453 mense,
1688 2400 1735 2441 et
1770 2403 1861 2442 su-

234 2490 367 2542 pra,
413 2484 539 2531 octo
578 2479 742 2535 millia
777 2482 1022 2535 sexcenti
1082 2482 1357 2537 habebunt
1406 2476 1861 2538 excubias'sanc-

236 2569 447 2633 tnarii,
483 2580 537 2624 et
562 2574 1098 2629 castrametabuntur
1128 2575 1193 2629 ad
1244 2576 1597 2631 meridianam
1624 2576 1856 2645 plagam.

233 2660 628 2734 Princepsque
677 2680 868 2721 eorum
912 2669 1016 2721 erit
1072 2669 1359 2733 Elisapltan
1408 2670 1546 2723 filius
1582 2668 1730 2723 Oziel
1765 2687 1775 2721 :
1808 2677 1863 2723 et

233 2755 570 2811 cu~todient
604 2772 813 2823 arcam,
845 2774 1204 2831 mensamque
1237 2772 1289 2817 et
1314 2762 1700 2817 candelabrum
1725 2805 1739 2828 ,
1784 2763 1860 2817 al-

236 2848 391 2907 taria
424 2860 477 2902 et
505 2864 626 2903 vasa
652 2854 971 2921 sanctuarii,
1000 2854 1050 2908 in
1070 2855 1269 2921 quibus
1302 2856 1659 2915 ministratur,
1690 2864 1745 2909 et
1766 2872 1860 2931 ve:

234 2940 396 3005 lum,
434 2953 795 3012 cunctamque
839 2945 1214 3015 hujuscemodi
1250 2948 1666 3017 supellcctilem.
1702 2949 1857 3003 Prin-

234 3049 384 3102 ceps
404 3045 582 3089 autem
607 3038 911 3107 principum
937 3040 1247 3095 Levitarnm
1270 3042 1494 3096 Eleazar
1511 3042 1655 3096 filius
1677 3042 1859 3098 Aaron

236 3128 601 3196 sacerdotis,
658 3136 763 3185 erit
800 3148 967 3200 super
1004 3134 1355 3191 excubitores
1398 3136 1658 3190 custodia:
1699 3151 1857 3190 sanc-

239 3223 444 3277 tnnrii.
480 3225 547 3277 At
574 3240 701 3279 vero
743 3226 812 3280 de
860 3227 1049 3282 Merari
1081 3237 1245 3283 erunt
1283 3229 1463 3298 populi
1505 3229 1767 3283 Maitaiita‘.
1806 3241 1853 3285 ct
1889 3208 1931 3267 (ἶ

239 3316 479 3371 )lnsitae
525 3320 780 3373 recensiti
824 3335 921 3389 per
957 3322 1171 3374 nomina
1223 3337 1356 3374 sua:
1408 3336 1595 3375 omnes
1643 3323 1858 3390 generis

252 3410 563 3465 masculini
586 3411 651 3466 ab
676 3428 779 3467 uno
807 3429 993 3468 mense
1014 3422 1068 3468 et
1089 3429 1276 3483 supra,
1303 3430 1399 3471 sex
1423 3416 1589 3469 millia
1617 3417 1856 3471 ducenti.

238 3504 532 3574 Princeps
564 3515 748 3561 autem
779 3507 796 3578 [
822 3505 978 3578 Vulg.
1009 3516 1110 3563 tac.
1142 3507 1356 3579 autem]
1382 3525 1566 3563 eorum
1596 3509 1769 3563 Surtel
1803 3509 1863 3563 li-

238 3598 365 3652 lius
402 3599 632 3668 Abiajil:
667 3601 717 3655 in
750 3603 901 3671 plaga
943 3604 1357 3671 septentrionali
1391 3605 1861 3661 castrametabun-

242 3703 374 3747 tur.
409 3692 585 3747 Erunt
609 3694 707 3749 sub
729 3694 982 3751 custodia
1009 3711 1197 3751 eorum
1225 3698 1420 3751 tabulae
1448 3699 1777 3753 tabernaculi
1808 3707 1864 3753 et

243 3796 471 3854 vectes,
501 3800 552 3841 et
580 3790 848 3843 columnae
893 3804 956 3844 ac
1000 3790 1155 3845 bases
1187 3806 1407 3861 earnm,
1437 3801 1489 3847 et
1522 3794 1698 3846 υηηιὶει
1743 3808 1863 3862 qua:

245 3881 320 3935 ad
394 3880 599 3937 cultum
655 3880 1029 3951 hujuscemodi
1093 3884 1423 3953 pertinent:
1483 3886 1862 3954 columnasque

245 3976 389 4029 atrii
411 3990 514 4045 per
542 3976 828 4030 circuitum
858 3992 980 4033 cum
1012 3975 1232 4032 basibns
1262 3979 1375 4031 suis
1398 4019 1410 4039 ,
1444 3986 1497 4029 et
1529 3976 1711 4045 paxilli
1740 3992 1863 4033 cum

244 4070 504 4126 fortibus.
528 4069 1073 4129 CaSIrametabuntur
1094 4083 1220 4127 ante
1247 4073 1653 4127 tabernaculum
1689 4072 1866 4129 fcede-

246 4167 371 4228 ris,
397 4165 449 4219 id
478 4172 561 4219 est
585 4211 598 4233 ,
632 4165 699 4220 ad
734 4166 1057 4222 orientalem
1091 4167 1341 4237 plagam,
1375 4168 1550 4221 Moses
1590 4178 1643 4223 et
1684 4168 1864 4224 Aaron

249 4260 357 4331 [h.
400 4260 614 4327 Moses,
642 4260 824 4315 Aaron
849 4269 906 4316 et
932 4259 1025 4314 filii
1051 4261 1170 4330 ejus
1192 4302 1207 4325 ,
1242 4260 1291 4314 id
1322 4270 1425 4329 est,
1458 4261 1698 4332 Aaron],
1743 4277 1865 4317 cum

251 4352 393 4408 ﬁliis
439 4354 584 4415 suis,
614 4351 883 4409 habentes
910 4353 1215 4409 custodiam
1248 4353 1543 4413 sanctuarii
1597 4353 1648 4406 in
1687 4354 1868 4409 medio

252 4447 504 4503 filiorum
528 4446 712 4505 Israel.
739 4445 998 4516 Quisquis
1020 4446 1229 4501 alienus
1244 4447 1559 4509 accesserit,
1580 4446 1863 4505 morietur.

251 4543 470 4595 Omnes
495 4538 700 4593 Levitaa
723 4580 739 4604 ,
770 4553 907 4607 ques
948 4547 1374 4597 numeravcrunt
1402 4538 1578 4594 Moses
1600 4547 1655 4592 et
1688 4543 1865 4592 Aaron

1965 1934 1991 1972 a
2019 1918 2293 1989 trigesimo
2312 1934 2456 1973 anno
2478 1929 2532 1974 et
2557 1934 2739 1989 supra,
2768 1935 2937 1990 usque
2964 1920 3028 1974 ad
3056 1920 3555 1990 quinquagesimum

1964 2028 2187 2078 annum,
2234 2012 2473 2067 omnium
2497 2014 2586 2084 qui
2622 2014 3029 2084 ingrediuntur,
3075 2024 3133 2069 ut
3167 2022 3340 2079 stent,
3373 2023 3428 2067 et
3458 2014 3563 2067 mi-

1967 2109 2195 2160 nistrent
2222 2107 2273 2160 in
2306 2106 2656 2161 tabernaculo
2686 2107 2931 2164 falleris.
2967 2109 3061 2162 Hic
3089 2118 3174 2163 est
3213 2108 3392 2163 cultus
3420 2106 3559 2162 lilio-

1963 2216 2080 2253 rum
2106 2198 2312 2255 Caath:
2346 2200 2758 2255 tabernaculum
2784 2200 3026 2269 hederis,
3048 2210 3103 2256 et
3125 2209 3367 2255 sanctum
3400 2216 3557 2255 sanc~

1964 2300 2138 2345 torum
2188 2290 2280 2362 [ὴ.
2324 2290 2417 2349 llic
2453 2303 2535 2347 est
2576 2293 2755 2346 cultus
2801 2292 3036 2347 filiorum
3076 2292 3248 2347 Caath
3280 2293 3331 2346 in
3373 2292 3554 2347 taber-

1962 2386 2154 2440 naculo
2200 2386 2499 2441 testimonii
2550 2395 2735 2443 sancta
2789 2386 3135 2457 sanctorum]
3190 2386 3559 2458 ingredientur

1963 2482 2145 2541 Aaron
2177 2491 2227 2534 et
2260 2478 2353 2534 lilii
2382 2479 2531 2548 ejus,
2566 2479 2781 2549 quando
2812 2479 3074 2535 movenda
3108 2489 3234 2534 sunt
3263 2489 3469 2543 castra,
3502 2488 3557 2534 et

1962 2572 2231 2641 deponent
2264 2574 2463 2639 velum,
2492 2572 2632 2642 quod
2659 2572 2855 2642 pendet
2886 2582 3011 2628 ante
3039 2573 3202 2641 fores,
3240 2572 3557 2626 involvent-

1962 2680 2066 2733 que
2095 2681 2160 2719 eo
2201 2680 2382 2720 arcam
2419 2664 2739 2731 testimonii,
2767 2674 2824 2721 et
2850 2666 3101 2734 operient
3148 2679 3365 2719 rursum
3413 2662 3560 2718 vela-

1963 2762 2109 2814 mine
2148 2760 2519 2827 jantbinarum
2556 2760 2773 2829 pellium
2805 2801 2818 2825 ,
2874 2759 3277 2829 extendantque
3320 2757 3559 2827 desuper

1960 2853 2181 2921 pallium
2224 2861 2392 2907 totum
2436 2852 2849 2923 hyacinthinum
2877 2894 2892 2919 ,
2945 2864 2997 2908 et
3046 2851 3302 2907 inducent
3349 2861 3554 2908 vectes.

1963 2946 2204 3001 Mensam
2237 2961 2452 3014 quoque
2479 2946 2863 3016 propositionis
2891 2946 3171 3001 involvent
3204 2944 3558 3017 hyacinthino

1965 3040 2125 3108 pallio
2153 3084 2166 3105 ,
2199 3047 2255 3093 et
2298 3050 2643 3108 poneutt-um
2685 3055 2748 3096 ea
2801 3038 3075 3094 thuribula
3115 3051 3167 3094 et
3200 3039 3511 3094 mortariola
3539 3081 3553 3103 ,

1963 3131 2189 3202 cyathos
2219 3144 2273 3187 et
2303 3144 2544 3187 crateras
2571 3132 2634 3187 ad
2674 3134 2775 3188 liba
2803 3132 3075 3187 fundenda
3105 3152 3117 3186 :
3144 3148 3307 3203 panes
3338 3146 3557 3201 semper

1967 3228 2016 3280 in
2055 3242 2118 3281 ea
2145 3236 2305 3285 erunt
2335 3246 2347 3282 :
2379 3228 2781 3297 extendentque
2832 3227 3068 3297 desuper
3110 3226 3330 3296 pallium
3381 3226 3559 3280 cocci-

1965 3336 2146 3385 neum,
2180 3322 2323 3389 quod
2353 3336 2564 3375 rursum
2589 3320 2833 3390 operient
2856 3319 3554 3389 velamentojanthinarum

1967 3413 2215 3481 pellium,
2251 3423 2303 3467 et
2328 3414 2585 3469 inducent
2611 3422 2811 3469 vectes.
2843 3412 3068 3469 Sument
3094 3422 3147 3468 et
3175 3413 3397 3482 pallium
3427 3412 3558 3483 hya-

1964 3507 2263 3562 cinthinum
2300 3506 2498 3577 [Vulg].
2534 3506 2650 3577 et],
2695 3522 2803 3575 quo
2862 3506 3109 3575 operient
3164 3505 3553 3561 candelabrum

1966 3614 2086 3653 cum
2132 3599 2368 3657 lucernis
2418 3608 2471 3652 et
2519 3597 2816 3667 forcipibus
2857 3599 2971 3653 suis
3011 3605 3067 3652 et
3101 3597 3454 3651 emunt-toriis
3504 3604 3559 3650 et

1966 3697 2176 3752 cunctis
2216 3697 2361 3753 vasis
2401 3697 2549 3761 olei,
2582 3712 2703 3765 qum
2749 3696 2813 3751 ad
2856 3695 3266 3751 concinnandas
3308 3695 3560 3751 lucernas

1966 3790 2275 3844 necessaria
2305 3799 2464 3849 sunt:
2492 3801 2545 3843 et
2578 3805 2743 3858 super
2783 3788 2962 3843 omnia
3006 3797 3207 3857 ponent
3242 3788 3559 3858 operimeno

1970 3890 2080 3934 tum
2122 3880 2489 3951 janthinarnm
2522 3880 2777 3949 pellium,
2825 3889 2880 3935 et
2919 3880 3177 3935 inducent
3223 3889 3422 3935 vectes.
3452 3880 3562 3937 Nec

1968 3988 2073 4027 non
2113 3982 2165 4026 et
2202 3971 2371 4026 altare
2412 3986 2638 4029 aureum
2686 3971 2965 4025 involvunt
2997 3970 3347 4042 hyacinthina
3395 3972 3559 4027 vesti-

1972 4076 2174 4132 mento,
2197 4074 2253 4120 et
2281 4064 2577 4120 extendth
2607 4064 2841 4133 desuper
2864 4065 3263 4131 operimentttm
3286 4063 3564 4133 janthina-

1969 4176 2088 4215 rum
2122 4159 2362 4229 pellium,
2390 4159 2757 4228 inducentqne
2795 4168 2996 4213 vcttes.
3030 4157 3221 4212 Omnia
3257 4172 3414 4221 vasa,
3438 4156 3561 4226 qui-

1972 4256 2072 4309 bus
2094 4255 2432 4317 ministratur
2454 4255 2506 4307 in
2534 4251 2866 4318 sanctuarii),
2904 4250 3179 4307 involvent
3209 4246 3562 4321 byacinthino

1974 4346 2156 4417 pallio,
2187 4354 2243 4403 et
2270 4344 2563 4407 extendant
2587 4343 2821 4413 desuper
2851 4345 3252 4413 operimentum
3279 4340 3563 4411 jauthina-

1972 4456 2089 4499 rum
2121 4439 2360 4509 pellium,
2389 4438 2755 4508 inducentque
2776 4446 2975 4495 vectes.
3002 4434 3106 4490 Sed
3132 4440 3187 4489 et
3209 4434 3381 4488 altare
3404 4448 3563 4489 mun—

1973 4535 2182 4589 dabunt
2226 4534 2413 4589 cinere
2440 4574 2453 4598 ,
2490 4541 2544 4587 et
2586 4531 2873 4587 involvent
2908 4528 3039 4586 illttd
3088 4542 3360 4598 purpureo
3399 4525 3565 4581 vesti-

250 4636 411 4702 juxta
446 4642 781 4703 praeceptum
814 4631 1025 4694 Domini
1050 4647 1146 4702 per
1168 4631 1398 4693 familias
1427 4647 1551 4687 suas
1584 4632 1635 4685 in
1666 4645 1867 4701 genere
1898 4612 1945 4675 D
1979 4639 2161 4684 mento
2187 4675 2199 4697 ,
2246 4636 2559 4697 ponentque
2603 4612 2726 4680 cuni
2773 4640 2839 4677 eo
2876 4623 3054 4685 omnia
3090 4636 3211 4677 vasa
3239 4666 3253 4690 ,
3285 4620 3484 4691 quibus
3510 4619 3565 4677 in

256 4728 570 4783 masculino
600 4746 628 4780 a
655 4742 843 4782 mense
866 4741 975 4782 uno
994 4737 1049 4782 et
1070 4741 1229 4796 supra
1254 4768 1267 4790 ,
1306 4726 1522 4781 fuerunt
1548 4725 1734 4796 viginti
1758 4725 1868 4783 duo

258 4822 464 4885 millia.
499 4821 597 4893 [Β.
632 4821 741 4884 VII,
774 4822 836 4877 I3.
878 4820 1020 4892 HL]
1052 4821 1115 4873 Et
1141 4821 1214 4875 ait
1248 4821 1505 4881 Dominus
1545 4820 1612 4875 ad
1643 4820 1866 4877 Mosen:

258 4914 505 4971 Numera
537 4912 929 4982 primogenitos
958 4926 1124 4967 sexus
1147 4913 1428 4967 masculini
1451 4911 1520 4967 de
1553 4913 1677 4967 liliis
1702 4911 1868 4967 Israel

258 5024 296 5062 a
330 5022 518 5069 mense
556 5020 666 5063 uno
699 5015 757 5059 et
784 5021 947 5075 supra
972 5050 985 5073 ,
1018 5016 1071 5061 et
1102 5006 1328 5061 habebis
1355 5021 1620 5060 summam
1653 5020 1867 5065 eorum.

260 5100 566 5168 Tollesque
608 5099 822 5153 Levitas
852 5098 985 5153 mihi
1018 5114 1117 5167 pro
1140 5098 1285 5152 omni
1323 5098 1681 5167 primogenita
1730 5098 1871 5152 ﬁlio-

263 5212 388 5253 rum
422 5194 587 5249 Israel
617 5212 627 5247 :
658 5208 759 5261 ego
782 5208 901 5247 sum
934 5191 1025 5264 [lt.
1048 5208 1153 5247 non
1182 5192 1243 5244 ba
1258 5192 1363 5258 bet,
1397 5190 1539 5264 sum]
1574 5192 1867 5261 Dominus:

263 5297 325 5342 et
356 5302 555 5357 pecora
577 5302 767 5341 eorum
795 5302 891 5355 pro
919 5285 1187 5340 universis
1234 5287 1614 5355 primogenitis
1658 5288 1871 5356 pecoris

262 5381 289 5451 [
318 5378 472 5451 Vulg.
508 5377 812 5449 pecorum]
848 5378 1082 5433 filiorum
1119 5378 1306 5433 Israel.
1342 5379 1636 5433 Recensuit
1670 5379 1869 5445 Moses,

266 5474 411 5527 sicut
463 5480 799 5541 prteceperat
850 5472 1139 5538 Dominus,
1193 5471 1585 5542 primogenitos
1636 5473 1869 5527 ﬁliorum

268 5563 465 5620 Israel.
492 5562 561 5618 Et
584 5561 804 5617 fuerunt
830 5564 1059 5618 masculi
1085 5579 1181 5632 per
1206 5565 1427 5619 nomina
1461 5580 1558 5619 sua
1578 5606 1593 5631 ,
1626 5581 1653 5617 a
1684 5582 1873 5623 mense

266 5672 380 5711 uno
412 5666 469 5711 et
497 5670 685 5723 supra,
722 5654 912 5726 viginti
941 5655 1051 5711 duo
1082 5656 1247 5711 millia
1280 5657 1494 5711 ducenti
1526 5659 1871 5728 septuaginta

268 5759 403 5805 tres.
433 5748 529 5822 [(1.
563 5747 697 5803 VIII.
722 5748 741 5821 ]
768 5748 1113 5821 Locutusque
1148 5761 1230 5806 est
1276 5750 1536 5805 Dominus
1566 5752 1629 5806 ad
1660 5753 1871 5827 Mosen,

271 5842 503 5899 dicens:
564 5841 719 5897 Tolle
758 5843 981 5898 Levitas
1040 5860 1141 5914 pro
1196 5846 1572 5916 primogenitis
1633 5847 1868 5904 tiliornm

1978 4723 2279 4781 ministerio
2306 4723 2428 4791 ejus
2459 4728 2705 4785 utuntur,
2742 4719 2793 4781 id
2819 4726 2921 4783 est,
2958 4717 3165 4786 ignium
3196 4715 3563 4784 receptacula,

1976 4818 2271 4877 fuscinulas
2316 4832 2380 4872 ac
2418 4814 2716 4879 tridentcs,
2759 4813 2986 4870 uncinos
3028 4819 3084 4868 et
3120 4810 3328 4867 batilla.
3361 4807 3567 4865 Cuncta

1977 4927 2101 4969 vasa
2149 4910 2334 4965 altaris
2382 4909 2638 4978 operient
2675 4905 2832 4961 simul
2875 4904 3148 4965 velamine
3194 4900 3567 4969 jantbinat-um

1979 5004 2199 5076 pellium
2221 5049 2234 5070 ,
2264 5011 2319 5057 et
2349 5000 2606 5056 inducent
2650 5005 2852 5053 vectes.
2888 4995 2981 5067 [Β.
3014 4993 3149 5057 VIII.
3179 4992 3187 5063 Ι
3218 4992 3461 5062 Cumque
3493 4990 3574 5053 iu-

1976 5100 2237 5153 volverint
2283 5100 2459 5149 Aaron
2494 5104 2544 5149 et
2581 5091 2675 5146 lilii
2715 5091 2833 5160 ejus
2869 5090 3275 5148 sanctuarium,
3309 5093 3363 5140 et
3390 5083 3573 5138 omnia

1975 5204 2102 5245 vasa
2132 5190 2249 5258 ejus
2283 5188 2333 5240 in
2376 5184 2738 5240 commotione
2763 5189 3058 5235 castrorum
3085 5220 3098 5245 ,
3133 5189 3259 5231 tunc
3298 5177 3575 5230 intrabunt

1978 5285 2071 5339 lilii
2104 5281 2297 5346 Caath,
2328 5289 2386 5335 ut
2417 5285 2635 5350 portent
2659 5276 2901 5330 involuta
2933 5293 2945 5328 :
2976 5282 3030 5328 et
3060 5288 3164 5327 non
3200 5280 3419 5340 tangent
3446 5285 3571 5325 vasa

1978 5378 2290 5441 sanctuarii,
2341 5390 2409 5429 ne
2442 5373 2761 5428 moriantur.
2792 5368 2899 5425 Ista
2938 5376 3068 5424 sunt
3114 5383 3282 5422 onera
3337 5364 3570 5419 filiorum

1978 5472 2146 5527 Caath
2166 5471 2217 5525 in
2234 5467 2584 5524 tabernaculo
2606 5463 2827 5521 foederis
2848 5480 2863 5516 :
2885 5477 3047 5532 super
3062 5476 3196 5532 quos
3215 5458 3320 5514 erit
3346 5458 3573 5512 Eleazar

1980 5569 2118 5624 filius
2173 5567 2354 5622 Aaron
2400 5561 2742 5628 sacerdotis,
2789 5558 2855 5614 ad
2909 5557 3064 5627 cujus
3105 5569 3289 5615 curam
3338 5551 3573 5622 pertinet

1977 5661 2153 5715 oleum
2204 5658 2269 5711 ad
2325 5653 2726 5711 concinnandas
2781 5652 3027 5707 lucernas
3084 5646 3173 5718 [In
3230 5643 3333 5700 erit
3390 5652 3571 5697 autem

1980 5755 2204 5811 Eleazttr
2226 5751 2367 5817 filius
2395 5750 2572 5806 Aaron
2614 5744 2913 5804 sacerdotis
2941 5757 3106 5812 super
3136 5739 3315 5793 oleum
3339 5736 3404 5797 ad
3436 5750 3574 5790 con-

1978 5847 2273 5917 cinnandas
2301 5846 2554 5913 lucernas
2574 5844 2593 5915 j
2612 5885 2627 5909 ,
2651 5849 2705 5899 et
2736 5835 3147 5919 compositionis
3176 5832 3490 5902 incensum,
3520 5840 3579 5907 et
