4044 6360
447 277 550 337 551

1451 281 1510 338 S.
1553 277 1941 339 IIIERONYMI
1983 277 2220 337 DIVINA
2259 278 2740 340 BIBLIOTHECA.

3644 280 3755 339 552
3842 273 3847 277 ’

451 392 802 462 sacriﬁcium,
830 391 974 466 quod
1010 407 1230 468 semper
1255 394 1484 452 offertur
1505 437 1518 461 ,
1553 403 1608 450 et
1634 394 1813 450 oleum
1837 392 2048 450 unctio-
2075 395 2124 457 Α
2152 395 2306 450 annis
2335 398 2586 470 et'supra
2612 439 2627 466 ,
2659 409 2836 468 usque
2872 395 2938 451 ad
2971 395 3476 469 quinquagesimum
3511 410 3706 452 annum
3735 439 3753 466 ,

454 489 560 555 nis,
597 498 649 544 et
677 489 938 562 quidquid
968 489 1036 546 ad
1063 491 1267 546 cultum
1292 487 1626 545 tabernaculi
1658 488 1908 559 pertinet,
1935 502 2050 542 om-

435 586 708 662 }iiumqtte
745 600 999 642 vasorum
1026 628 1042 655 ,
1081 602 1202 658 quae
1235 586 1286 642 in
1330 583 1640 642 sanctuario
1677 593 1823 640 sunt.
1863 584 2042 641 Locu-

450 687 647 752 tusque
689 689 772 736 est
815 681 1070 736 Dominus
1110 681 1176 736 ad
1217 679 1402 736 Mosen
1445 688 1500 735 et
1543 681 1724 736 Aaron
1751 721 1765 745 ,
1799 680 1991 736 dicens
2031 695 2047 735 :

455 774 637 832 Nolite
658 776 886 847 perdere
915 776 1177 846 pepulum
1207 774 1378 830 Caath
1400 774 1468 831 de
1489 774 1668 830 medio
1691 775 2000 830 Levitarum
2028 791 2041 828 :

461 869 560 927 sed
590 868 694 925 hoc
719 868 879 925 facite
904 870 1002 934 eis,
1030 876 1087 924 ut
1114 868 1316 937 vivant,
1349 877 1406 925 et
1430 885 1536 924 non
1549 869 1868 935 moriantur,
1902 868 1947 924 si
1971 877 2054 924 te-

461 963 681 1037 tigerint
721 972 905 1018 sancta
952 970 1261 1018 sanctorum
1308 961 1401 1034 [h.
1443 977 1567 1018 cum
1612 962 1954 1035 accesserint
1983 961 2051 1017 ad

458 1056 724 1126 portanda
755 1063 939 1111 sancta
982 1063 1294 1110 sanctorum
1317 1056 1360 1127 ].
1391 1057 1572 1112 Aaron
1599 1064 1654 1110 et
1685 1055 1784 1110 filii
1810 1054 1930 1125 ejus
1970 1055 2055 1110 in-

457 1150 697 1216 trabunt,
723 1147 934 1219 ipsique
962 1147 1253 1218 disponent
1273 1163 1444 1219 opera
1477 1141 1812 1220 singulorum
1839 1189 1852 1214 ,
1883 1158 1938 1203 et
1967 1147 2056 1201 di-

459 1242 648 1299 vident
669 1242 795 1313 quid
829 1251 1046 1312 portare
1072 1244 1194 1314 quis
1211 1243 1423 1301 debeat.
1441 1243 1549 1301 Alii
1574 1244 1718 1300 nulla
1743 1242 2058 1300 curiositate

457 1335 680 1392 videant
703 1351 825 1407 quae
845 1346 970 1392 sunt
995 1336 1049 1392 in
1072 1337 1414 1402 sanctuario,
1441 1339 1754 1410 priusquam
1778 1339 2060 1394 involvan-

458 1439 564 1496 tur,
598 1429 832 1502 alioquin
877 1431 1194 1486 morientur.
1234 1431 1326 1503 [8.
1355 1431 1448 1498 IX,
1478 1430 1539 1487 C.
1571 1430 1680 1502 X.]
1717 1431 2058 1504 Locutusque

457 1532 542 1579 est
573 1523 835 1578 Dominus
856 1522 924 1578 ad
949 1523 1156 1591 Mosen,
1181 1522 1369 1579 dicens
1393 1524 1585 1580 :Tolle
1607 1539 1873 1580 summam
1893 1526 2055 1581 etiam

460 1615 699 1671 filiorum
729 1616 940 1673 Gerson
974 1631 1072 1688 per
1103 1616 1294 1672 domos
1319 1631 1384 1672 ac
1420 1616 1652 1672 familias
1694 1627 1748 1673 et
1777 1621 2058 1690 cognatio-

458 1726 557 1769 nes
579 1726 708 1768 suas
737 1711 824 1784 1b.
869 1725 966 1782 per
999 1711 1190 1767 domos
1230 1711 1555 1767 familiarum
1584 1726 1802 1768 suarum
1829 1713 1869 1784 ],
1900 1728 1932 1767 a
1961 1712 2060 1767 tri-

2151 503 2341 547 omnes
2370 493 2459 562 qui
2503 491 2888 562 ingrediuntur
2913 534 2926 556 ,
2962 500 3020 546 ut
3050 492 3364 548 ministrent
3404 493 3458 546 in
3497 493 3755 548 taberna.

2151 586 2274 642 culo
2307 585 2523 642 foederis
2550 602 2564 651 ;
2591 595 2644 643 et
2673 587 2880 643 inventi
2907 598 3031 643 sunt
3068 587 3176 644 duo
3202 588 3366 643 millia
3394 589 3634 644 sexcenti
3659 589 3760 643 tri—

2152 680 2318 753 ginta.
2364 679 2463 737 llic
2503 689 2588 737 est
2626 681 2862 752 populus
2906 681 3354 748 Gersonitarum,
3389 697 3527 752 quos
3567 697 3759 738 nume-

2155 783 2408 829 raverunt
2461 773 2637 831 Moses
2699 783 2753 831 et
2802 775 2981 831 Aaron
3027 775 3180 845 juxta
3246 775 3471 830 verbum
3515 775 3750 832 Domini.

2157 869 2244 942 [C.
2278 869 2430 942 Xll.]
2468 871 2744 928 Numerati
2784 881 2909 927 sunt
2950 883 3003 928 et
3037 872 3133 928 ﬁlii
3177 871 3375 928 Merari
3417 887 3514 943 per
3557 886 3762 943 cognao

2157 966 2330 1020 tiones
2364 975 2418 1022 et
2448 965 2641 1021 domos
2677 975 2887 1037 patrum
2916 981 3136 1022 suorum
3165 1009 3180 1034 ,
3210 983 3240 1022 a
3273 966 3491 1037 triginta
3527 966 3683 1020 annis
3703 975 3762 1021 et

2157 1074 2342 1130 supra,
2373 1075 2546 1131 usque
2568 1061 2634 1116 ad
2659 1077 2858 1116 annum
2884 1062 3418 1133 quinquagesimum,
3449 1076 3640 1117 omnes
3666 1059 3762 1132 qui

2159 1152 2541 1223 ingrediuntur
2563 1154 2626 1208 ad
2650 1153 2953 1224 explendos
2976 1153 3110 1210 ritus
3125 1153 3463 1210 tabernaculi
3493 1151 3710 1208 fmderis
3745 1172 3759 1208 ε

2158 1255 2212 1302 et
2244 1246 2452 1302 inventi
2483 1256 2610 1302 sunt
2646 1248 2745 1303 tria
2782 1248 2949 1302 millia
2986 1247 3224 1303 ducenti.
3263 1247 3359 1302 llic
3387 1254 3470 1302 est
3497 1260 3762 1301 numerus

2160 1341 2395 1396 ﬁliorum
2429 1341 2621 1397 Merari
2642 1385 2655 1410 ,
2690 1359 2826 1414 quos
2858 1350 3259 1399 recensuerunt
3294 1342 3470 1397 Moses
3495 1351 3551 1397 et
3579 1341 3765 1396 Aaron

2154 1433 2306 1504 juxta
2348 1434 2636 1504 imperium
2686 1434 2898 1489 Domini
2946 1451 3042 1504 per
3085 1449 3303 1489 manum
3351 1433 3508 1488 Mosi.
3560 1432 3768 1488 Omnes

2159 1527 2248 1598 qui
2280 1527 2535 1582 recensiti
2559 1537 2682 1582 sunt
2700 1528 2767 1582 de
2788 1527 3015 1597 Levitis,
3037 1537 3091 1584 et
3117 1543 3255 1600 quos
3277 1537 3301 1563 τι
3335 1526 3611 1584 recenseri
3635 1528 3770 1582 fecit

2160 1619 2226 1674 ad
2261 1635 2454 1675 nomen
2485 1621 2693 1688 Moses,
2726 1629 2780 1676 et
2809 1621 2988 1677 Aaron
3031 1621 3123 1693 μ).
3171 1635 3308 1692 quos
3338 1629 3770 1676 numeraverunt

2163 1711 2341 1767 Moses
2353 1720 2406 1767 et
2426 1711 2610 1768 Aaron
2632 1711 2673 1784 ],
2695 1722 2748 1767 et.
2771 1714 3046 1784 principes
3061 1713 3247 1782 Israel,
3270 1728 3368 1784 per
3383 1714 3766 1784 cognationes,

459 1805 609 1875 ginta
633 1805 790 1860 annis
819 1813 873 1861 et
903 1819 1100 1875 supra,
1131 1820 1304 1876 usque
1339 1805 1407 1860 ad
1441 1819 1614 1861 annos
1647 1805 2055 1876 quinquaginta.
2089 1796 2136 1857 Β
2163 1813 2219 1861 et
2246 1804 2437 1861 domos
2467 1814 2678 1877 patrum
2706 1820 2957 1875 suorum,
2987 1820 3014 1859 a
3045 1807 3264 1877 triginta
3289 1806 3447 1860 annis
3477 1815 3530 1861 et
3563 1820 3724 1876 supra
3748 1846 3764 1869 ,

460 1899 693 1955 Numera
723 1913 911 1955 omnes
932 1945 947 1970 ,
1000 1899 1090 1969 qui
1124 1898 1538 1970 ingrediuntur,
1573 1907 1628 1955 et
1664 1898 1972 1956 ministrant
2005 1901 2058 1956 in

461 1993 812 2050 tabernaculo
832 1992 1062 2050 frederis
1085 1993 1169 2065 [h.
1203 1993 1549 2065 testimonii].
1577 1993 1690 2050 Hoc
1713 2002 1796 2050 est
1819 1993 2058 2050 ofﬁcium

464 2085 683 2142 familias
715 2086 1159 2154 Gersonitarum,
1195 2093 1255 2140 ut
1275 2083 1498 2156 portent
1527 2087 1764 2141 cortinas
1801 2085 2059 2142 taberna-

463 2182 598 2249 culi,
621 2190 678 2238 et
703 2189 902 2238 tectum
933 2180 1175 2248 foederis,
1201 2182 1600 2252 operimentum
1623 2181 1794 2247 aliud,
1822 2193 1877 2236 et
1897 2196 2062 2252 super

461 2276 643 2333 omnia
673 2276 919 2333 velamen
946 2275 1256 2346 janthinum
1289 2278 1718 2348 tentoriumque,
1752 2276 1897 2347 quod
1930 2291 2061 2345 pen-

463 2370 556 2426 det
589 2372 645 2426 in
676 2371 902 2426 introitu
951 2370 1286 2426 tabernaculi
1318 2368 1546 2428 foederis
1574 2414 1588 2439 ,
1628 2369 1868 2426 cortinas
1910 2370 2056 2438 atrii,

462 2473 519 2521 et
554 2464 736 2520 velum
770 2465 821 2518 in
849 2464 1074 2520 introitu
1099 2508 1114 2533 ,
1157 2463 1302 2535 quod
1345 2471 1432 2520 est
1473 2472 1602 2519 ante
1629 2463 2057 2519 tabernaculum.

474 2557 669 2612 Omnia
709 2571 830 2627 qum
858 2556 925 2612 ad
964 2556 1136 2612 altare
1177 2558 1488 2628 pertinent,
1526 2555 1826 2622 funiculos,
1858 2564 1913 2611 et
1933 2570 2061 2610 vasa

466 2649 783 2714 ministerii,
794 2649 1218 2720 jubenteAaron
1245 2661 1300 2706 et
1321 2649 1444 2705 filiis
1469 2649 1610 2721 ejus,
1641 2649 1938 2720 portabunt
1964 2648 2060 2704 ﬁlii

463 2743 674 2800 Gerson
699 2761 711 2798 :
747 2753 804 2799 et
833 2744 1010 2801 scient
1041 2743 1240 2816 singuli
1271 2744 1355 2800 cui
1386 2743 1624 2800 debeant
1660 2758 1825 2800 onera
1854 2742 2062 2797 manci-

465 2838 606 2908 pari.
644 2837 742 2893 llic
772 2848 856 2892 est
882 2838 1064 2893 cultus
1095 2836 1318 2893 familize
1347 2836 1756 2893 Gersonitarum
1797 2839 1849 2892 in
1879 2837 2062 2892 taber-

465 2931 663 2986 nacqu
714 2929 930 2986 foederis
958 2973 973 2998 ,
1020 2940 1291 3002 eruntque
1333 2931 1434 2986 sub
1479 2946 1642 2986 manu
1683 2931 1917 2986 Ithamar
1966 2930 2064 2986 ﬁlii

468 3024 654 3081 Aaron
678 3025 1004 3082 sacerdotis.
1036 3025 1128 3098 [Β.
1156 3025 1254 3097 Χ.]
1286 3026 1456 3082 Filios
1495 3041 1714 3098 quoque
1743 3026 1938 3082 Morari
1971 3041 2064 3097 per

466 3116 702 3172 familias
730 3127 786 3173 et
808 3117 1001 3174 domos
1024 3125 1240 3190 patrum
1267 3133 1494 3174 suorum
1523 3119 1864 3188 recensebis,
1897 3134 1927 3173 a
1965 3121 2061 3174 tri-

2164 1912 2335 1968 usque
2376 1897 2440 1953 ad
2472 1913 2674 1953 annum
2716 1899 3221 1970 quinquagesimum
3245 1941 3259 1963 ,
3284 1899 3661 1973 ingredientes
3695 1899 3771 1954 ad

2165 1989 2526 2046 ministerium
2561 1992 2922 2058 tabernaculi,
2947 2000 3004 2047 et
3031 2007 3195 2048 onera
3221 1993 3509 2064 portanda,
3543 1992 3769 2049 fuerunt

2165 2083 2328 2138 simul
2363 2093 2486 2139 octo
2514 2084 2686 2139 millia
2717 2086 2994 2156 quingenti
3022 2085 3317 2156 octoginta.
3347 2085 3508 2141 Juxta
3539 2085 3771 2141 verbum

2164 2177 2382 2233 Domini
2427 2177 2704 2234 recensuit
2733 2193 2828 2234 eos
2868 2179 3046 2234 Moses
3071 2221 3086 2247 ,
3139 2194 3578 2250 unumquemque
3613 2181 3773 2249 juxta

2165 2271 2404 2327 ofﬁcium
2427 2284 2480 2328 et
2505 2288 2671 2328 onera
2713 2289 2807 2328 sua
2829 2315 2842 2336 ,
2872 2273 3010 2328 sicut
3041 2281 3376 2344 prreceperat
3403 2274 3450 2329 ei
3482 2274 3772 2329 Dominus.

2236 2366 2322 2439 [T.
2355 2366 2446 2433 Ill,
2481 2369 2541 2422 Β.
2579 2367 2671 2435 XI,
2701 2368 2760 2424 C.
2788 2367 2929 2433 XIII,
2966 2368 3095 2442 Cap.
3137 2368 3229 2442 V.]
3289 2368 3636 2438 Locutusque
3683 2378 3774 2424 est

2165 2459 2432 2516 Dominus
2460 2461 2526 2516 ad
2557 2461 2763 2531 Mosen,
2797 2463 2987 2518 dicens
3022 2462 3303 2534 :Przecipe
3333 2461 3460 2518 ﬁliis
3489 2464 3676 2530 Israel,
3710 2471 3774 2518 ut

2166 2552 2392 2620 ejiciant
2429 2553 2495 2608 de
2525 2555 2718 2610 castris
2750 2569 2968 2610 omnem
3010 2554 3285 2625 leprosum
3307 2598 3322 2622 ,
3357 2564 3411 2611 et
3440 2558 3529 2628 qui
3561 2557 3777 2613 semine

2166 2641 2305 2709 ﬂuit,
2358 2643 2705 2716 pollutnsque
2753 2656 2836 2701 est
2865 2660 3030 2716 super
3062 2656 3281 2702 mortuo
3311 2648 3390 2720 [h.
3425 2649 3775 2720 pollutusquc

2167 2746 2252 2794 est
2281 2755 2437 2809 super
2458 2740 2656 2814 animo]
2683 2759 2693 2793 :
2718 2748 2823 2795 tam
2855 2741 3156 2797 masculum
3189 2759 3350 2813 quam
3378 2743 3636 2799 feminam
3669 2744 3775 2814 cii-

2168 2831 2274 2886 cite
2304 2831 2373 2886 de
2406 2828 2619 2901 castris,
2653 2850 2722 2889 ne
2766 2835 3141 2890 contaminent
3170 2851 3232 2891 ea
3265 2851 3386 2893 cum
3418 2836 3445 2875 δ
3481 2837 3769 2894 habitave-

2168 2925 2276 2981 rint
2317 2926 2596 2982 vobiscum
2651 2927 2730 3000 [h.
2773 2929 2828 2984 in
2871 2945 3100 3001 quorum
3154 2931 3334 2987 medio
3400 2947 3500 3010 ego
3537 2932 3774 3006 habito].

2165 3019 2542 3092 Feceruntqne
2582 3021 2655 3077 ita
2697 3021 2788 3077 filii
2830 3024 3016 3092 Israel,
3050 3033 3105 3080 et
3151 3025 3437 3096 ejecerunt
3476 3041 3572 3082 eos
3619 3037 3774 3082 extra

2168 3123 2348 3170 castra
2398 3117 2540 3172 sicut
2597 3118 2813 3173 locutus
2865 3128 2950 3174 est
2996 3119 3257 3174 Dominus
3287 3120 3444 3176 Mosi.
3483 3120 3566 3194 [C.
3600 3121 3774 3194 XIV.]

465 3211 616 3282 ginta
643 3213 804 3270 annis
834 3222 890 3269 et
915 3228 1109 3284 supra,
1140 3229 1310 3285 usque
1335 3213 1403 3269 ad
1433 3227 1608 3268 annos
1633 3214 2024 3285 quinquaginta
2051 3256 2065 3281 ,
2095 3201 2139 3263 C
2174 3210 2516 3283 Locutusque
2539 3222 2622 3267 est
2649 3211 2911 3268 Dominus
2939 3215 3003 3267 ad
3031 3213 3238 3280 Mosen,
3267 3213 3454 3270 dicens
3478 3233 3490 3269 :
3519 3214 3777 3286 Loquere

466 3321 657 3362 omnes
683 3309 775 3378 qui
801 3308 1180 3379 ingrediuntur
1216 3308 1282 3363 ad
1310 3309 1549 3365 ofﬁcium
1582 3309 1867 3366 ministerii
1898 3310 1978 3366 sui
2012 3320 2067 3366 et

464 3399 673 3454 cultum
715 3399 940 3456 foederis
973 3401 1291 3456 testimonii.
1327 3401 1453 3456 Haec
1481 3411 1608 3457 sunt
1647 3417 1810 3458 onera
1833 3417 2020 3459 eorum
2050 3419 2064 3456 :

470 3490 774 3547 Portabunt
813 3492 1022 3548 tabulas
1069 3493 1409 3550 tabernaculi
1449 3505 1504 3549 et
1536 3507 1719 3550 vectes
1777 3495 1930 3565 ejus,
1979 3508 2069 3549 co-

474 3585 691 3642 lumnas
720 3601 784 3642 ac
812 3587 974 3643 bases
1005 3603 1191 3644 earum
1214 3629 1230 3655 ,
1255 3589 1541 3644 columnas
1574 3604 1793 3660 quoque
1822 3590 1942 3644 atrii
1974 3605 2071 3660 per

470 3680 757 3737 circuitum
803 3695 926 3737 cum
967 3682 1188 3738 basibus
1229 3691 1284 3738 et
1313 3683 1546 3753 paxillis,
1574 3692 1630 3739 et
1675 3682 1892 3740 funibus
1931 3685 2066 3739 suis.

472 3773 668 3828 Omnia
690 3789 824 3829 vasa
849 3784 904 3830 et
925 3775 1324 3846 supellectilem
1355 3775 1422 3831 ad
1454 3787 1739 3832 numerum
1769 3777 2067 3847 accipient,

474 3868 667 3940 sicque
696 3869 1005 3940 portabunt.
1038 3869 1149 3926 Iloc
1178 3880 1260 3926 est
1287 3869 1526 3926 ofﬁcium
1551 3871 1772 3926 familias
1798 3872 2072 3928 Merarita-

472 3979 615 4033 rum,
671 3973 724 4020 et
753 3963 1116 4021 ministerium
1147 3967 1197 4021 in
1231 3966 1580 4023 tabernaculo
1613 3966 1864 4023 foederis:
1897 3976 2075 4023 erunt-

472 4071 578 4128 que
621 4057 724 4112 sub
768 4073 931 4112 manu
973 4057 1214 4114 Ithamar
1259 4059 1351 4114 ﬁlii
1392 4061 1570 4115 AarOn
1611 4060 1929 4116 sacerdOtis.
1963 4061 2070 4116 Re-

470 4160 797 4206 censuerunt
836 4151 996 4222 igitur
1023 4153 1198 4208 Moses
1227 4162 1283 4209 et
1314 4154 1491 4209 Aaron
1524 4162 1578 4209 et
1609 4153 1879 4224 principes
1907 4171 2072 4227 syna-

474 4257 626 4314 goga:
652 4243 793 4300 ﬁlios
820 4242 990 4299 Caatb
1032 4259 1131 4316 per
1167 4246 1522 4317 cognationes
1553 4254 1607 4302 et
1629 4246 1822 4302 domos
1861 4256 2072 4318 patrum

477 4350 723 4406 suorum,
754 4351 783 4392 a
817 4337 1037 4408 triginta
1075 4338 1232 4393 annis
1260 4347 1314 4395 et
1341 4353 1534 4410 supra,
1569 4354 1740 4412 usque
1766 4339 1832 4395 ad
1873 4355 2074 4395 annum

479 4428 1014 4501 quinquagesimum,
1035 4445 1226 4487 omnes
1245 4431 1338 4503 qui
1360 4431 1735 4502 ingrediuntur
1751 4432 1817 4487 ad
1835 4433 2078 4489 ministe-

484 4519 624 4575 rium
665 4521 994 4577 tabernaculi
1028 4522 1249 4579 fwderis
1277 4542 1287 4576 :
1321 4531 1374 4578 et
1401 4524 1603 4580 inventi
1633 4535 1757 4579 sunt
1779 4525 1886 4581 duo
1912 4525 2074 4581 millia

2170 3305 2237 3361 ad
2279 3306 2421 3362 ﬁlios
2466 3307 2631 3362 Israel
2662 3325 2676 3364 :
2705 3307 2823 3374 Vir,
2867 3308 2984 3363 sive
3037 3309 3256 3378 mulier,
3289 3324 3410 3364 cum
3441 3308 3668 3365 fecerint
3705 3324 3778 3364 ex

2170 3403 2421 3458 omnibus
2452 3403 2714 3472 peccatis,
2753 3419 2874 3474 quae
2906 3404 3090 3459 solent
3124 3405 3451 3478 [hominibus
3494 3403 3771 3471 accidere,

2172 3503 2226 3550 et
2265 3509 2362 3564 per
2399 3496 2778 3567 negligentiam
2813 3498 3145 3567 transgressi
3192 3499 3394 3553 fuerint
3458 3500 3777 3554 mandatum

2175 3586 2414 3656 Domini,
2457 3598 2619 3659 atque
2649 3588 2998 3661 deliquerint,
3040 3590 3451 3646 conﬁtebuntur
3498 3599 3781 3660 peccatum

2173 3696 2352 3749 suum,
2387 3693 2439 3736 et
2469 3682 2702 3737 reddent
2735 3683 2910 3752 ipsum
2943 3695 3129 3752 caput,
3161 3685 3522 3756 quintamque
3555 3695 3776 3755 partem

2174 3776 2427 3845 desuper,
2477 3775 2524 3831 ei
2573 3776 2625 3830 in
2667 3791 2828 3847 quem
2875 3777 3247 3847 peccaverint.
3299 3775 3390 3832 Sin
3435 3787 3616 3833 autem
3665 3791 3778 3832 non

2177 3868 2346 3926 fuerit
2381 3870 2470 3941 qui
2518 3871 2767 3940 recipiat,
2816 3871 3023 3926 dabunt
3050 3871 3307 3940 Domino,
3352 3881 3407 3927 et
3451 3872 3558 3927 erit
3596 3885 3785 3927 sacer-

2179 3963 2343 4028 d0tis,
2377 3973 2605 4034 excepto
2651 3963 2848 4030 ariete,
2899 3964 2987 4034 qui
3033 3963 3265 4020 oﬁ‘ertur
3297 3979 3396 4034 pro
3441 3964 3780 4035 expiatione,

2185 4065 2242 4111 ut
2290 4059 2360 4111 sit
2412 4056 2692 4127 placabilis
2741 4057 2938 4110 bostia.
2989 4055 3071 4129 [C.
3117 4056 3261 4130 XV.]
3311 4057 3516 4112 Omnes
3563 4073 3783 4127 quoque

2176 4150 2453 4222 primitite,
2501 4166 2639 4222 quas
2687 4150 2929 4205 oﬁ‘erunt
2969 4149 3066 4204 filii
3108 4150 3294 4216 Israel,
3343 4150 3408 4204 ad
3439 4149 3785 4206 sacerdotem

2179 4245 2498 4316 pertinent.-
2551 4255 2603 4299 et
2655 4243 2916 4314 quidquid
2967 4243 3017 4298 in
3067 4245 3438 4299 sanctuarium
3476 4243 3700 4299 oflcrtur
3754 4260 3785 4299 a

2179 4340 2429 4411 singulis,
2458 4350 2511 4395 et
2543 4337 2776 4394 traditur
2813 4338 3069 4393 manibus
3092 4337 3429 4405 sacerdotis,
3456 4336 3625 4408 ipsius
3654 4339 3785 4392 erit.

2180 4432 2264 4506 [Β.
2288 4430 2405 4497 XII,
2436 4429 2498 4486 C.
2539 4429 2706 4502 XVI]
2748 4429 3096 4500 Locutusque
3135 4438 3219 4484 est
3263 4430 3521 4484 Dominus
3565 4428 3631 4484 ad
3672 4427 3790 4484 Mo-

2184 4541 2301 4593 sen,
2345 4525 2579 4580 dicens:
2627 4523 2879 4593 Loquere
2905 4521 2971 4577 ad
3011 4521 3152 4576 filios
3203 4521 3392 4587 Israel,
3424 4529 3479 4576 et
3522 4520 3669 4576 dices
3713 4521 3786 4576 ad

484 4616 813 4686 septingenti
851 4618 1260 4690 quinquaginta.
1313 4620 1409 4675 llic
1449 4631 1533 4676 est
1582 4636 1841 4677 numerus
1885 4623 2069 4694 populi
2104 4611 2151 4671 D
2177 4635 2274 4676 eos
2304 4617 2434 4676 :Vir
2464 4617 2617 4688 cujus
2659 4631 2796 4671 uxor
2822 4615 3109 4682 erraverit,
3143 4616 3504 4686 maritumque
3537 4623 3790 4669 contem-

477 4705 668 4774 Caath,
703 4711 793 4781 qui
818 4711 1024 4767 intrant
1053 4713 1460 4770 tabernaculum
1489 4713 1735 4771 foederis:
1762 4716 1861 4771 bos
1884 4731 2066 4772 nume-

479 4801 621 4856 ravit
650 4801 826 4858 Moses
870 4812 925 4860 et
968 4806 1148 4862 Aaron
1170 4796 1343 4876 juxta
1387 4823 1691 4865 sermonem
1726 4810 1940 4865 Domini
1983 4825 2076 4881 per

479 4909 699 4949 manum
735 4896 890 4952 Mosi.
917 4897 1009 4969 [C.
1040 4898 1164 4971 XL]
1196 4899 1476 4957 Numerati
1514 4911 1638 4958 sunt
1661 4912 1716 4958 et
1747 4903 1836 4959 ﬁlii
1864 4904 2072 4960 Gerson

477 5002 573 5060 per
593 4991 943 5062 cognationes
967 5002 1022 5049 et
1051 4992 1242 5050 domos
1258 4995 1478 5065 'patrum
1509 5010 1758 5065 suorum,
1793 5012 1824 5053 a
1855 4997 2076 5068 triginta

478 5202 488 5211 ’
551 5207 577 5237 ⁸
604 5199 841 5256 Verbum
865 5203 1114 5259 recenseri
1143 5203 1296 5258 abest
1324 5201 1376 5258 in
1405 5200 1658 5259 omnibus
1689 5215 1820 5258 mss.
1853 5201 2073 5268 nostris,

481 5273 732 5345 quodque
781 5275 951 5345 magis
992 5275 1276 5339 miramur,
1322 5275 1475 5331 abest
1502 5282 1558 5330 et
1593 5274 1644 5328 in
1676 5283 1822 5329 textu
1854 5274 2080 5345 canonis

483 5344 763 5418 llebraica:
795 5344 1059 5414 veritatis,
1091 5347 1340 5418 quamvis
1365 5362 1395 5402 e
1421 5348 1642 5418 regione
1670 5346 1976 5416 appositum
2008 5344 2080 5401 sit

479 5414 730 5470 scltolion
759 5432 867 5488 quo
892 5414 1224 5474 sufﬁcienter
1250 5414 1932 5482 docetur'lector,*nullum
1957 5433 2078 5473 esse

482 5501 701 5542 sensum
725 5488 884 5559 hujus
906 5491 1034 5558 loci,
1060 5491 1166 5545 nisi
1190 5490 1326 5544 adsit
1351 5489 1402 5544 in
1427 5498 1680 5544 contextu
1706 5489 2076 5558 supradictum

480 5560 732 5633 verbum.
763 5561 842 5616 Ad
873 5562 1030 5618 fidem
1055 5563 1216 5633 igitur
1236 5560 1492 5617 editionis
1513 5560 1754 5630 Vulgata:
1775 5577 1838 5615 ea
1862 5562 2082 5631 supple-

484 5630 683 5696 vimus,
714 5649 838 5704 quae
878 5630 1216 5690 notariorum
1252 5634 1602 5704 antiquorum
1632 5634 1838 5689 incuria
1870 5630 2083 5690 fuerant

487 5707 876 5772 praetermissa.
907 5706 1088 5762 MAR'f.

562 5776 886 5850 -—V_erbum
909 5782 1162 5836 recenseri
1182 5821 1198 5848 ,
1229 5779 1372 5850 quod
1402 5781 1471 5837 ab
1497 5777 1752 5836 omnibus
1782 5777 2082 5834 Martianmi

487 5859 621 5902 mss.
653 5848 860 5919 aberat,
889 5853 1126 5923 supplet,
1155 5848 1457 5926 asseritque
1484 5851 1685 5911 nostris
1721 5850 1956 5908 Urbinas
1982 5863 2079 5906 co-

2183 4728 2318 4767 nens
2346 4709 2634 4766 dormierit
2663 4724 2786 4763 cum
2829 4707 3002 4763 altero
3029 4707 3171 4775 viro,
3201 4719 3254 4762 et
3300 4707 3402 4763 hoc
3433 4708 3659 4763 maritus
3685 4707 3790 4762 de-

2184 4804 2524 4878 prehendere
2563 4817 2672 4858 non
2703 4801 2960 4873 quiverit,
3016 4799 3112 4856 sed
3157 4800 3293 4856 latet
3332 4799 3685 4867 alduterium,
3731 4809 3793 4856 et

2185 4898 2416 4954 testibus
2456 4896 2604 4967 argui
2656 4909 2765 4950 non
2799 4902 2998 4963 potest,
3048 4894 3174 4964 quia
3211 4909 3316 4948 non
3347 4901 3432 4948 est
3472 4893 3696 4948 inventa
3732 4892 3790 4947 in

2183 4999 2411 5061 stupro:
2453 4990 2498 5045 si
2539 4988 2766 5059 spiritus
2806 4985 2883 5058 [h.
2919 4994 2975 5042 et
3003 4985 3253 5058 Spiritus]
3282 4985 3572 5058 zelotypias
3601 4984 3793 5041 conci-

2182 5199 2310 5256 dex.
2340 5196 2620 5252 Palatinus
2652 5195 2847 5252 nedum
2881 5193 3034 5263 illud,
3067 5195 3160 5251 sed
3213 5205 3267 5252 et
3307 5210 3466 5252 voces
3495 5195 3565 5249 ad
3605 5211 3793 5250 nomen

2185 5269 2576 5344 praetermittit.

2253 5342 2281 5381 ι)
2313 5341 2388 5396 Ita
2421 5355 2550 5396 mss.
2581 5355 2771 5396 omnes
2797 5341 2865 5396 ad
2898 5356 3097 5405 unum;
3131 5339 3224 5394 sed
3255 5340 3453 5395 melius
3479 5339 3624 5411 quod
3655 5339 3796 5410 legi-

2185 5423 2270 5470 tur
2300 5416 2352 5467 in
2382 5413 2607 5483 Vulgata
2641 5423 2847 5478 nostra,
2872 5413 3098 5474 scilicet,
3135 5410 3510 5474 habitat-crint,
3531 5413 3582 5465 in
3616 5410 3798 5483 prima

2187 5500 2415 5559 persona
2446 5482 2836 5559 _singttlari,_ut
2868 5487 3007 5540 scire
3038 5483 3161 5539 licet
3192 5499 3223 5539 e
3255 5483 3536 5556 marginali
3579 5482 3799 5539 scholio

2188 5555 2413 5615 canonis
2446 5556 2580 5611 Heb.
2609 5571 2725 5611 ver.
2756 5555 2934 5612 MART.

2261 5628 2563 5685 —-Palatin.
2589 5626 2762 5698 prima
2786 5644 2974 5693 manu,
2997 5629 3120 5700 quia
3141 5628 3316 5683 habito
3336 5629 3611 5683 vobiscum.
3629 5623 3800 5700 Certe

2191 5703 2534 5760 et-Hebracus
2573 5697 2624 5754 in
2664 5700 2836 5771 prima
2882 5697 3114 5769 persona
3151 5700 3342 5758 iisdem
3393 5713 3562 5773 prope
3606 5697 3802 5756 verbis

2189 5776 2360 5849 legit:
2390 5780 2700 5862 :1»me
2728 5779 2819 5831 un
2852 5784 3010 5834 owe.
