4044 6360
198 320 324 377 353

1599 327 1804 387 LIBER
1843 330 2125 389 NUMERI.

3403 340 3509 401 558

203 438 413 493 tavcrit
438 439 618 493 virum
650 447 841 493 contra
870 452 1096 495 uxorem
1126 456 1306 509 suam,
1333 459 1453 515 quae
1482 445 1563 501 vel
1599 447 1801 517 polluta
1830 452 1884 511 Α
1908 448 2019 504 rint
2051 462 2259 516 votum,
2288 459 2343 505 ut
2369 449 2801 518 sanctificentur,
2827 460 2882 508 et
2905 468 2963 509 se
2988 456 3255 514 voluerint
3285 461 3513 515 Domino

196 541 308 594 εει,
341 532 431 586 vel
467 532 596 587 falsa
631 533 943 603 suspicione
985 536 1280 605 appetitur,
1315 538 1556 595 adducet
1594 555 1713 595 eam
1739 542 1805 597 ad

195 623 574 690 sacerdotem,
600 632 653 680 et
682 624 875 680 offeret
894 626 1228 684 oblationem
1261 644 1357 699 pro
1391 631 1504 699 illa,
1532 631 1802 690 decimam

201 730 425 788 partem
456 720 557 773 sati
602 718 680 791 [h.
726 719 901 793 pra]
935 723 1119 777 farina:
1147 722 1464 781 hordeacea:
1498 744 1509 779 :
1546 743 1652 782 non
1686 728 1808 784 fun-

198 809 301 865 det
340 827 511 881 super
540 827 658 865 eam
697 812 899 881 oleum,
936 829 1034 869 ree
1063 815 1303 886 imponet
1336 817 1459 873 thus
1507 834 1521 871 :
1557 820 1682 889 quia
1710 834 1801 875 sa-

190 905 476 962 crificium
510 908 793 980 zelotypite
834 918 937 978 est,
971 920 1024 966 et
1048 912 1252 970 oblatio
1284 914 1616 985 investigans
1647 915 1803 971 adul-

192 1001 399 1056 terium
428 1002 509 1075 [h.
554 1011 611 1058 et
659 1003 864 1058 oblatio
891 1006 1291 1063 recordationis
1333 1010 1661 1081 inveStigans
1709 1012 1805 1064 ini-

188 1093 496 1165 quitatem].
543 1093 748 1151 Offeret
795 1096 956 1167 igitur
1002 1114 1121 1154 eam
1168 1101 1447 1169 sacerdos,
1494 1112 1548 1158 et
1600 1112 1805 1159 statuet

188 1201 384 1241 coram
412 1187 644 1245 Domino
671 1208 683 1243 :
711 1200 1061 1262 assumetque
1089 1210 1285 1267 aquam
1319 1205 1560 1253 sanctam
1591 1198 1643 1252 in
1670 1214 1799 1255 vase

188 1278 378 1350 ﬁctili,
414 1292 469 1336 et
513 1284 812 1353 pauxillum
849 1294 1009 1341 terra:
1033 1288 1100 1343 de
1136 1290 1443 1358 pavimento
1474 1292 1804 1349 tabernaculi

185 1372 377 1428 mittet
406 1374 461 1429 in
493 1390 636 1431 eam.
681 1364 1171 1449 Cumque-steterit
1204 1384 1400 1438 mulier
1432 1385 1481 1439 in
1510 1396 1803 1456 conspectu

189 1470 446 1539 Domini,
504 1473 869 1544 discooperiet
922 1488 1086 1548 caput
1139 1479 1277 1549 ejus,
1328 1490 1381 1535 et
1435 1492 1597 1552 ponet
1642 1498 1804 1553 super

191 1582 398 1623 manus
441 1569 586 1624 illius
626 1571 956 1626 sacrificium
1003 1574 1421 1642 recordationis,
1472 1586 1526 1631 et
1565 1578 1802 1633 oblatio-

186 1678 316 1716 nem
373 1664 661 1736 zelotypiaa
703 1683 715 1719 :
753 1666 867 1736 ipse
910 1676 1089 1723 autem
1132 1669 1331 1724 tenebit
1368 1686 1535 1741 aquas
1576 1671 1803 1726 amaris-

185 1757 389 1823 simas,
435 1758 721 1829 inquibus
765 1776 885 1815 cum
933 1764 1311 1819 exsecratione
1356 1766 1639 1820 maledicta
1672 1782 1804 1821 eon-

1912 558 2274 601 consecrare:
2322 546 2474 611 vino,
2518 555 2575 601 et
2613 547 2763 601 omni
2802 547 2947 617 quod
2992 548 3262 607 inebriare
3316 563 3512 622 potest,

1909 634 2279 692 abSIinebunt.
2314 638 2543 693 Acetum
2574 654 2638 695 ex
2666 639 2813 708 vino,
2846 647 2903 695 et
2924 656 2990 697 ex
3014 643 3257 713 qualibet
3284 645 3385 699 alia
3420 658 3515 714 po-

1911 729 2082 797 tione,
2114 740 2169 785 et
2210 731 2469 802 quidquid
2505 731 2573 789 de
2608 748 2710 789 uva
2756 733 3102 803 exprimitur,
3137 752 3244 791 non
3280 736 3464 793 bibent
3499 754 3513 794 :

1908 837 2047 877 uvas
2078 833 2329 880 recentes
2356 824 2640 897 siccasque
2676 840 2783 881 non
2830 827 3119 883 comedent
3150 831 3362 884 etmrtis
3393 829 3513 886 die-

1910 916 2031 981 bus,
2064 918 2259 986 quibus
2290 932 2355 974 ex
2404 929 2532 975 voto
2584 920 2813 977 Domino
2860 935 3253 981 consecrantur
3293 942 3307 979 :
3355 927 3513 998 quid-

1908 1009 2036 1081 quid
2069 1026 2135 1066 ex
2165 1011 2317 1069 vinea
2357 1027 2477 1069 esse
2527 1023 2729 1083 potest,
2761 1017 2831 1071 ab
2874 1033 2973 1071 uva
3026 1033 3186 1088 passa
3238 1034 3408 1090 usque
3447 1019 3513 1075 ad

1907 1107 2122 1162 acinum
2155 1123 2263 1163 non
2296 1109 2603 1165 comedent.
2650 1109 2806 1166 Omni
2854 1121 3100 1181 tempore
3154 1114 3514 1183 separationis

1910 1212 2022 1253 sum
2055 1200 2315 1255 novacula
2345 1216 2450 1255 non
2481 1201 2734 1258 transibit
2763 1217 2928 1274 super
2957 1213 3116 1273 caput
3168 1206 3308 1273 ejus,
3342 1220 3513 1274 usque

1908 1292 1976 1348 ad
2004 1294 2336 1362 completum
2367 1293 2535 1357 diem,
2566 1311 2674 1365 quo
2720 1296 2947 1350 Domino
2974 1308 3344 1353 consecratur.
3379 1298 3514 1354 San-

1907 1394 2027 1439 ctus
2052 1386 2175 1453 erit,
2206 1396 2491 1442 crescente
2528 1388 2751 1442 caesarie
2792 1389 2985 1459 capitis
3014 1390 3151 1461 ejus.
3179 1390 3340 1446 Omni
3374 1400 3512 1447 tem-

1909 1492 2040 1546 pore
2078 1480 2509 1535 consecrationis
2539 1496 2650 1535 suae
2673 1496 2837 1550 super
2878 1494 3151 1539 mortuum
3181 1501 3287 1541 non
3333 1486 3513 1556 ingre-

1907 1570 2107 1637 dietur,
2138 1587 2241 1626 nec
2265 1588 2429 1643 super
2452 1574 2621 1643 patris
2650 1575 2870 1645 quidem
2894 1587 2948 1632 et
2992 1579 3181 1634 matris
3228 1590 3284 1636 et
3327 1579 3511 1636 fratris

1909 1664 2223 1736 sororisque
2259 1666 2447 1722 funere
2493 1668 2972 1738 eontaminabitur,
3005 1672 3129 1741 quia
3169 1675 3511 1729 consecratio

1909 1755 2004 1811 Dei
2036 1758 2118 1811 sui
2151 1772 2315 1827 super
2336 1766 2499 1829 caput
2526 1759 2644 1829 ejus
2676 1769 2779 1815 est.
2810 1762 2839 1791 ⁸
2860 1762 3062 1817 Omnes
3086 1762 3199 1819 dies
3223 1763 3301 1836 [h.
3332 1764 3509 1819 omni-

185 1850 392 1919 gessit.
426 1850 826 1921 Abjurabilque
868 1868 1012 1923 eam,
1044 1865 1097 1909 ei
1125 1855 1278 1911 dicet
1312 1875 1323 1909 ε
1363 1857 1416 1913 Si
1462 1873 1567 1913 ηοη
1599 1858 1804 1914 dormi-
1836 1857 1881 1916 Β
1910 1848 2011 1903 bus
2040 1848 2254 1921 diebus]
2294 1852 2659 1921 separationis
2706 1868 2817 1908 sum
2860 1864 3082 1911 sanctus
3110 1856 3218 1911 erit
3262 1856 3512 1912 Domino.

191 1941 269 1994 vit
306 1941 400 1995 vir
428 1942 645 1998 alienus
673 1953 871 2012 tecum,
911 1956 962 2001 et
1010 1948 1053 2001 si
1096 1962 1204 2003 non
1242 1950 1443 2019 polluta
1468 1967 1547 2017 es,
1581 1952 1799 2009 deserto

188 2035 382 2090 mariti
418 2037 598 2108 thoro,
641 2053 748 2094 non
790 2047 843 2095 te
874 2041 1153 2097 nocebunt
1188 2060 1341 2115 aquae
1373 2047 1491 2101 ista:
1528 2048 1801 2104 amarissi-

191 2143 323 2193 mte,
363 2129 415 2183 in
463 2145 597 2200 quas
640 2131 931 2187 maledicta
973 2136 1247 2205 congessi.
1280 2137 1373 2194 Sin
1408 2150 1587 2195 autem
1631 2140 1802 2196 decli—

179 2224 330 2278 nasti
390 2239 421 2277 a
466 2226 586 2280 viro
628 2236 739 2295 tuo,
774 2238 938 2298 atque
982 2232 1185 2300 polluta
1224 2249 1307 2301 es,
1352 2244 1407 2291 et
1455 2238 1801 2294 conenbuisti

182 2334 311 2376 cum
378 2318 551 2374 altero
606 2319 746 2389 viro,
794 2322 877 2377 bis
923 2324 1404 2385 maledictionibns
1454 2332 1799 2399 snhjacebis:

188 2408 297 2463 Det
361 2418 416 2462 te
482 2411 739 2466 Dominus
782 2414 837 2467 in
888 2415 1326 2474 maledictionem
1384 2423 1805 2494 exemplumque

182 2514 528 2559 Cunctorum
574 2506 630 2559 in
663 2505 863 2576 populo
885 2524 985 2563 suo
1017 2526 1029 2562 :
1074 2522 1385 2580 putrescere
1420 2512 1581 2568 faciat
1630 2514 1805 2571 femur

182 2608 377 2660 tuum,
431 2608 487 2653 et
531 2610 747 2655 tumens
793 2611 978 2659 uterus
1019 2613 1142 2659 tuus
1198 2604 1590 2677 disrumpatur.
1625 2610 1808 2680 Ingre-

184 2690 427 2746 diantur
457 2708 611 2764 aqute
644 2694 951 2751 maledicta:
980 2696 1031 2751 in
1073 2708 1315 2754 ventrem
1344 2709 1517 2769 tuum,
1567 2712 1619 2757 et
1651 2712 1806 2758 utero

187 2794 576 2855 tumcscente,
608 2796 884 2856 putrescat
910 2790 1087 2846 femur
1110 2790 1189 2864 [h.
1214 2790 1420 2849 Cadere
1452 2794 1614 2851 faciat
1640 2797 1807 2867 femur

194 2888 385 2941 tuum,
420 2890 475 2935 et
505 2889 690 2936 uterus
728 2892 849 2938 tuus
890 2885 1211 2939 intumescat.
1243 2886 1620 2957 Ingrediantur
1654 2906 1807 2960 aqua:

112 2956 119 2961 ”
185 2975 514 3030 maledicta:
543 2975 595 3030 in
628 2977 835 3033 viscera
865 2988 972 3046 tua,
1006 2990 1061 3033 ut
1102 2979 1468 3052 disrumpatur
1513 2993 1689 3039 uterus
1733 2984 1810 3040 fe-

186 3066 423 3140 moris].
463 3068 530 3123 Et
561 3071 911 3140 respondebit
951 3072 1168 3140 mulier,
1218 3073 1417 3143 Amen,
1449 3091 1625 3132 amen.
1662 3077 1810 3134 Scri-

192 3170 416 3241 bctque
444 3169 695 3225 sacerdos
729 3172 780 3225 in
822 3171 1006 3227 libello
1048 3173 1147 3228 ista
1180 3174 1489 3240 maledicta,
1517 3185 1572 3231 et
1609 3174 1812 3231 delebit

1903 1941 1996 1997 Sin
2020 1953 2197 1997 autem
2230 1951 2477 1999 mortuus
2505 1944 2664 1999 fuerit
2692 1946 2875 2001 subito
2903 1947 3171 2017 quiSpiam
3217 1962 3398 2003 coram
3442 1963 3529 2003 εο-

1906 2030 1988 2103 [h.
2012 2049 2177 2104 super
2202 2034 2371 2107 eum].
2402 2036 2675 2106 polluetur
2705 2046 2869 2108 caput
2896 2040 3327 2095 consecrationis
3353 2039 3507 2111 ejus:

1904 2130 2047 2197 quod
2076 2130 2230 2187 radet
2260 2132 2405 2188 illico
2449 2132 2502 2187 in
2553 2133 2742 2189 eadem
2792 2134 2880 2190 die
2928 2136 3262 2206 purgationis
3294 2152 3426 2203 suae,
3457 2144 3516 2193 et

1904 2238 2119 2279 rursum
2148 2226 2399 2295 septima.
2436 2226 2492 2281 In
2535 2235 2726 2283 octava
2768 2236 2947 2283 autem
2996 2228 3084 2283 die
3134 2229 3328 2287 offeret
3377 2231 3513 2286 duos

1908 2326 2170 2386 turtures,
2196 2322 2281 2377 vel
2312 2322 2450 2378 duos
2484 2322 2658 2391 pullos
2698 2324 2965 2380 columbae
3008 2325 3278 2380 sacerdoti
3323 2326 3375 2380 in
3423 2326 3512 2380 in.

1908 2415 2075 2469 troitu
2104 2414 2325 2471 foederis
2354 2416 2669 2472 testimonii.
2722 2418 3018 2489 Facietque
3050 2420 3303 2476 sacerdos
3341 2437 3510 2476 unum

1908 2525 2006 2580 pro
2032 2519 2276 2579 peccato,
2309 2520 2361 2565 et
2388 2511 2620 2566 alterum
2653 2512 2707 2567 in
2739 2512 3135 2580 holocaustum,
3171 2520 3227 2570 et
3252 2514 3514 2586 depreca-

1909 2602 2057 2657 bitur
2090 2618 2187 2672 pro
2219 2618 2303 2669 eo,
2339 2609 2462 2673 quia
2494 2606 2738 2673 peccavit
2782 2621 2947 2676 super
2976 2616 3192 2662 mortuo
3226 2607 3304 2677 [h.
3348 2623 3513 2680 super

1910 2695 2115 2768 animal
2151 2714 2162 2749 :
2193 2698 2665 2768 sanctificabitqne
2696 2710 2858 2770 caput
2898 2702 3016 2773 ejus
3059 2702 3114 2757 in
3154 2702 3244 2759 die
3293 2702 3422 2759 illo:
3457 2712 3513 2759 et

1911 2791 2261 2847 consecrabit
2290 2792 2519 2847 Domino
2544 2792 2663 2847 dies
2695 2795 3056 2864 separationis
3078 2794 3228 2851 illius
3276 2796 3353 2869 [h.
3388 2810 3513 2852 san-

1912 2884 2281 2957 ctilicabitque
2310 2895 2473 2955 caput
2504 2900 2660 2941 suum
2709 2886 2761 2941 in
2810 2886 2898 2941 die
2935 2887 3046 2951 illa,
3078 2897 3133 2943 et
3170 2888 3513 2943 consecrabit

1917 2978 2149 3033 Domino
2218 2978 2337 3035 dies
2382 2980 2743 3049 separationis
2798 2977 2970 3051 sum],
3020 2979 3260 3036 offerens
3311 2995 3512 3052 agnum

1914 3072 2223 3127 anniculum
2252 3088 2347 3141 pro
2379 3082 2603 3141 peccato
2637 3089 2647 3123 :
2702 3072 2773 3126 ita
2795 3144 2801 3149 κ
2826 3087 3003 3128 tamen
3057 3081 3114 3128 ut
3154 3073 3272 3128 dies
3306 3075 3514 3143 priores

1915 3166 2054 3223 irriti
2090 3168 2250 3231 fiant;
2301 3167 2558 3236 quoniam
2602 3166 2810 3237 polluta
2859 3175 2943 3222 est
2980 3167 3339 3223 sanctificatio
3370 3170 3511 3237 ejus.

183 3283 249 3323 ea
297 3267 467 3336 aquis
498 3266 869 3332 amarissimis,
916 3267 967 3321 in
998 3282 1134 3339 quas
1181 3269 1471 3324 maledicta
1502 3271 1799 3341 congessit,
1831 3262 1876 3327 C
1908 3262 2013 3318 Ista
2045 3272 2127 3318 est
2158 3261 2243 3317 lex
2270 3262 2720 3317 consecrationis.
2746 3258 2881 3315 Cum
2935 3260 3075 3329 dies,
3105 3277 3239 3331 quos
3270 3278 3334 3318 ex
3385 3272 3512 3318 voto

188 3371 247 3418 et
282 3362 453 3416 dabit
483 3361 531 3417 ei
576 3362 782 3417 bibere.
817 3361 962 3429 Quas
992 3380 1113 3417 cum
1156 3362 1492 3432 exhauserit,
1528 3364 1685 3420 tollet
1724 3379 1812 3419 sa-

189 3456 406 3511 cerdos
436 3456 503 3511 de
535 3472 691 3511 manu
721 3456 840 3525 ejus
864 3456 1189 3513 sacrificium
1220 3458 1523 3530 zelotypite,
1548 3468 1600 3515 et
1628 3458 1813 3513 eleva-

193 3550 278 3603 liit
340 3548 475 3603 illud
504 3563 682 3604 coram
726 3549 976 3618 Domino,
1014 3550 1364 3621 imponetque
1395 3568 1558 3621 super
1597 3552 1809 3608 altare:

202 3644 280 3697 ita
314 3643 606 3698 dumtaxat
632 3652 691 3698 ut
716 3644 861 3714 prius
894 3644 1154 3716 pugillum
1196 3645 1442 3701 sacrificii
1474 3645 1628 3699 tollat
1651 3645 1717 3700 de
1748 3660 1813 3700 eo

195 3737 355 3803 quod
386 3736 637 3801 offertur,
666 3748 718 3792 et
741 3738 996 3793 incendat
1030 3754 1195 3809 super
1225 3740 1498 3805 altarezet
1524 3739 1603 3793 sic
1628 3748 1812 3809 potum

195 3828 298 3884 ὀιιι
341 3828 560 3883 mulieri
602 3844 769 3900 aquas
809 3830 1199 3886 amarissimas.
1232 3831 1376 3897 Quas
1411 3845 1531 3886 cum
1586 3831 1811 3899 biberit,

197 3925 245 3979 si
286 3923 502 3993 polluta
525 3932 625 3988 est,
658 3934 709 3979 et
734 3934 1048 3995 contempto
1080 3924 1223 3992 viro,
1257 3924 1509 3979 adulterii
1541 3939 1655 3991 rea,
1691 3940 1813 3995 per-

199 4015 530 4071 transibunt
569 4032 685 4072 eam
737 4032 889 4087 aqua:
931 4016 1348 4086 maledictionis,
1383 4026 1437 4073 et
1470 4018 1656 4071 inflato
1682 4033 1815 4073 ven-

198 4119 319 4175 tre,
355 4120 755 4177 computrescet
797 4110 971 4166 femur
1001 4111 1085 4182 [h.
1120 4119 1174 4166 et
1202 4111 1452 4179 disrupto
1482 4122 1635 4167 utero
1661 4111 1819 4167 cadet

201 4203 397 4258 femur
430 4202 604 4275 ejus}:
634 4204 843 4274 eritque
871 4203 1069 4259 mulier
1100 4203 1151 4258 in
1178 4202 1639 4270 maledictionem,
1678 4214 1732 4260 et
1763 4204 1815 4259 in

204 4300 534 4371 exemplum
565 4300 708 4356 omni
734 4301 930 4372 populo
960 4300 1040 4374 [h.
1074 4301 1127 4355 in
1162 4300 1599 4357 maletlictionem
1628 4301 1678 4355 in
1709 4315 1819 4356 me-

206 4394 311 4451 dio
338 4394 522 4463 populi
550 4392 680 4466 sui].
713 4393 867 4463 Quod
909 4394 954 4449 si
989 4394 1197 4465 polluta
1230 4409 1335 4449 non
1369 4392 1553 4462 fuerit,
1587 4394 1691 4449 erit
1736 4394 1820 4448 in-

208 4486 407 4555 noxia,
443 4496 495 4541 et
518 4485 676 4541 faciet
702 4486 923 4542 liberos.
949 4486 1053 4542 lsta
1082 4496 1167 4542 est
1195 4486 1279 4543 lex
1310 4485 1615 4558 zelotypiae.
1646 4485 1705 4542 Si
1729 4485 1825 4542 de-

214 4581 513 4643 clinaverit
560 4581 756 4636 mulier
802 4597 830 4635 a
866 4584 985 4637 viro
1030 4597 1148 4647 suo,
1192 4590 1247 4639 et
1294 4582 1339 4635 si
1384 4582 1588 4652 polluta
1637 4578 1819 4647 fuerit,

1912 3358 2257 3424 decreverat,
2290 3356 2731 3426 eomplebuntur,
2755 3354 2991 3411 adducet
3019 3370 3140 3410 eum
3190 3355 3257 3411 ad
3310 3355 3511 3412 ostium

1914 3452 2248 3508 tabernaculi
2280 3450 2518 3516 foederis,
2544 3460 2598 3504 et
2630 3436 2826 3505 offeret
2874 3448 3202 3504 oblationem
3243 3449 3363 3519 ejus
3404 3450 3510 3505 Do-

1913 3548 2080 3611 mino,
2107 3561 2305 3617 agnum
2344 3544 2657 3599 anniculum
2708 3542 3111 3597 immaculatum
3142 3542 3194 3596 in
3228 3541 3518 3598 holocausc

1916 3650 2051 3705 tum,
2077 3651 2128 3695 et
2159 3654 2317 3695 ovem
2346 3637 2657 3693 anniculam
2688 3636 3091 3691 immaculatam
3136 3652 3236 3705 pro
3264 3646 3513 3707 peccato,

1917 3743 1972 3791 et
1996 3734 2220 3789 arietem
2272 3732 2700 3799 immaculatum,
2740 3730 2971 3786 hostiam
3016 3730 3387 3802 pacificorum,
3424 3746 3514 3788 ea.

1917 3829 2143 3883 nistrum
2191 3842 2407 3898 quoque
2452 3840 2653 3896 panum
2700 3839 3049 3896 azymorum,
3091 3826 3183 3896 qui
3232 3826 3511 3897 conspersi

1917 3923 2025 3977 sint
2054 3921 2199 3986 oleo,
2223 3930 2279 3976 et
2303 3921 2491 3990 lagana
2533 3921 2740 3990 absque
2782 3920 3050 3975 fermento
3086 3929 3243 3975 uncta
3279 3920 3421 3988 oleo,
3452 3935 3517 3977 ac

1920 4014 2177 4070 libamina
2206 4012 2541 4083 singulorum
2587 4028 2602 4067 :
2643 4028 2768 4083 qua:
2818 4010 3015 4067 offeret
3045 4012 3301 4068 sacerdos
3330 4028 3516 4069 coram

1920 4108 2171 4176 Domino,
2203 4118 2257 4163 et
2287 4105 2449 4162 faciet
2482 4116 2588 4161 tam
2634 4122 2730 4176 pro
2776 4116 3022 4177 peccato,
3053 4122 3213 4177 quam
3262 4107 3315 4163 in
3361 4108 3519 4164 bolo-

1922 4211 2191 4256 caustum.
2220 4199 2461 4256 Arietem
2492 4216 2624 4256 vero
2669 4198 2975 4257 immolabit
3004 4200 3234 4258 hostiam
3267 4204 3523 4273 pacifico-

1923 4309 2043 4349 rum
2070 4293 2320 4360 Domino,
2353 4292 2597 4349 offerens
2642 4293 2801 4348 simul
2840 4293 3138 4349 canistrum
3184 4310 3519 4365 azymorum,

1924 4396 1981 4445 et
2004 4386 2302 4445 libamenta
2331 4403 2451 4458 quae
2470 4402 2535 4441 ex
2562 4401 2715 4442 more
2742 4385 3028 4442 debentur.
3054 4386 3205 4442 Tunc
3236 4388 3392 4443 radet
3417 4387 3523 4444 Na-

1925 4484 2086 4538 zaraei
2118 4481 2301 4554 [Vulg.
2333 4480 2556 4537 radetur
2600 4480 2915 4553 Nazarmus]
2958 4491 3083 4536 ante
3115 4480 3313 4537 ostium
3347 4483 3524 4539 taber-

1927 4577 2110 4632 naculi
2138 4574 2363 4631 foederis
2392 4576 2671 4630 caesariem
2695 4575 3129 4631 consecrationis
3170 4576 3309 4647 ejus,
3346 4578 3527 4634 tollet-

214 4676 564 4746 maritusque
597 4675 882 4747 zelotypia:
923 4676 1115 4746 spiritu
1176 4676 1476 4733 concitatus
1534 4676 1814 4733 adduxerit

1931 4686 2036 4741 que
2057 4669 2284 4739 capillos
2312 4668 2449 4739 ejus,
2483 4676 2539 4724 et
2567 4679 2731 4738 ponet
2760 4682 2921 4739 super
2945 4669 3149 4739 ignem,
3175 4671 3268 4741 qui
3290 4680 3374 4727 est
3397 4689 3523 4744 sup.

216 4784 347 4823 eam
402 4769 457 4822 in
510 4780 808 4838 conSpectu
850 4768 1088 4835 Domini,
1135 4778 1192 4824 et
1240 4768 1426 4823 fecerit
1473 4770 1521 4824 ei
1571 4768 1826 4824 sacerdos

212 4862 373 4930 juxta
402 4860 586 4915 omnia
614 4876 734 4932 quae
758 4862 959 4932 scripta
989 4870 1118 4917 Sunt
1142 4879 1153 4915 :
1185 4863 1413 4918 maritus
1436 4863 1640 4934 absque
1669 4863 1828 4933 culpa

219 4955 357 5019 erit,
390 4963 443 5009 et
479 4954 570 5009 illa
601 4955 828 5025 recipiet
854 4954 1191 5026 iniquitatem
1221 4970 1369 5011 suam
1404 4954 1481 5029 [h.
1514 4956 1711 5013 mulier
1741 4970 1829 5011 re-

219 5047 397 5118 cipiet
429 5048 768 5120 iniquitatem
790 5048 989 5121 suam].

302 5143 391 5217 [Τ.
424 5143 516 5211 tv,
560 5143 625 5197 Β.
672 5141 809 5209 xm,
843 5142 903 5199 c.
948 5142 1113 5211 xvu,
1164 5145 1290 5217 Cap.
1324 5144 1440 5218 γι]
1490 5144 1835 5214 Locutusque

226 5244 315 5292 est
346 5235 609 5291 Dominus
661 5234 728 5290 ad
762 5234 965 5304 Mosen,
1014 5236 1204 5293 dicens
1248 5254 1260 5291 :
1314 5237 1564 5308 Loquere
1600 5238 1666 5293 ad
1698 5237 1836 5294 filios

224 5328 423 5394 Israel,
459 5338 514 5385 et
542 5329 694 5386 dices
718 5328 785 5385 ad
809 5344 941 5386 eos;
974 5329 1092 5401 Vir,
1118 5331 1235 5387 sive
1284 5332 1509 5400 mulier,
1539 5348 1663 5389 cum
1696 5332 1838 5389 fece-

308 5472 332 5499 ιι
383 5461 733 5533 Manuscripti
776 5462 897 5517 libri
944 5462 1087 5518 hunc
1128 5464 1459 5519 versiculum
1503 5464 1717 5521 duobus
1750 5466 1837 5522 vel

233 5534 413 5589 tribus
452 5534 630 5590 modis
672 5536 858 5605 legunt
892 5553 904 5588 :
942 5536 1127 5605 plures
1157 5536 1236 5591 sic.
1276 5536 1498 5603 habent,
1530 5554 1699 5591 omnes
1730 5538 1838 5593 dies

234 5610 581 5675 separatiom's
640 5623 749 5661 sua:
796 5616 1007 5663 sanctus
1054 5609 1151 5662 erit
1204 5607 1452 5663 Domino.
1502 5609 1608 5663 Alii
1660 5625 1835 5675 vero,

241 5677 426 5732 Omnis
452 5680 562 5732 dies
593 5681 933 5749 separationis
962 5697 1091 5745 sua},
1120 5691 1223 5735 etc.
1252 5681 1453 5750 Regius
1484 5682 1739 5750 denique,
1770 5684 1838 5738 de

238 5765 346 5825 quo
391 5766 561 5825 supra
611 5752 808 5825 dictum
860 5759 965 5819 est,
1016 5752 1150 5822 legit
1188 5769 1309 5807 cunt
1357 5753 1577 5825 Vulgata
1624 5753 1836 5819 Latina,

245 5822 497 5875 Omnibus
527 5822 707 5877 diebus
734 5825 1080 5893 scparntionis
1107 5841 1233 5885 sum,
1279 5836 1387 5881 etc.
1426 5822 1708 5880 Variantes
1736 5841 1834 5879 an-

244 5903 352 5951 tem
403 5894 711 5965 bujusmodi
758 5896 1021 5953 lectiones
1064 5897 1446 5969 complectitur
1491 5914 1665 5958 canon
1696 5897 1833 5956 llcb.

1935 4764 2144 4835 positus
2194 4761 2459 4817 sacrificio
2504 4761 2873 4832 pacificorum.
2936 4762 3003 4817 Et
3058 4777 3267 4818 armum
3313 4777 3527 4823 coctum

1934 4857 2143 4923 arietis,
2179 4863 2484 4925 tortamqne
2511 4854 2716 4924 absque
2745 4853 3013 4911 fermento
3054 4871 3217 4911 unam
3243 4855 3311 4913 de
3350 4860 3529 4917 canis-

1936 4961 2046 5021 tro,
2079 4962 2132 5007 et
2160 4952 2408 5022 laganum
2453 4965 2710 5022 azymum
2752 4965 2939 5017 unum,
2974 4958 3028 5007 et
3073 4950 3248 5007 tradet
3282 4952 3334 5008 in
3367 4969 3530 5011 manu

1938 5044 2206 5109 Nazarazi,
2240 5051 2523 5114 postquam
2548 5057 2732 5099 rasum
2759 5043 2920 5100 fuerit
2941 5053 3105 5115 caput
3130 5045 3268 5117 ejus.
3302 5046 3536 5123 Suscep-

1940 5147 2101 5205 taque
2132 5150 2348 5190 rursum
2381 5134 2448 5191 ab
2479 5150 2568 5202 eo,
2599 5135 2907 5191 elevabitin
2940 5147 3234 5208 conspectu
3268 5139 3485 5199 Domini
3522 5160 3535 5201 :

1939 5234 2347 5291 etsanctificata
2387 5232 2686 5289 sacerdotis
2733 5241 2917 5302 erunt,
2945 5233 3089 5290 sicut
3138 5238 3533 5310 pectusculum,

1941 5332 2085 5405 quod
2108 5332 2352 5403 separari
2378 5318 2587 5403 jussu’m
2618 5336 2725 5399 est,
2755 5338 2809 5387 et
2837 5328 3032 5387 femur.
3056 5330 3190 5388 Post
3216 5332 3333 5391 haec
3362 5344 3540 5406 pctest

1945 5468 2104 5594 Egerit.
2153 5464 2356 5522 docens
2401 5464 2526 5536 quid
2562 5464 2715 5536 juxta
2754 5463 3045 5522 llebrzeum
3094 5465 3276 5540 legere
3317 5469 3543 5529 debeas.

2002 5555 2128 5594 aur.

2002 5555 2128 5594 ΛΒΤ.

2025 5609 2318 5683 —Frnstra
2347 5608 2689 5666 Martianteus
2716 5612 2962 5681 reposuit
2992 5612 3175 5678 omnis,
3209 5612 3431 5683 perinde
3461 5621 3541 5667 at-

1945 5697 2049 5753 que
2077 5682 2221 5736 aliud
2257 5692 2414 5739 sonet
2440 5684 2508 5738 ab
2535 5700 2727 5749 onmes,
2763 5698 2885 5737 cum
2934 5685 3075 5738 idem
3107 5685 3177 5738 sit
3216 5682 3418 5751 tamen,
3446 5700 3545 5741 nec

1948 5756 2053 5809 nisi
2084 5756 2285 5809 veteris
2318 5756 2799 5824 pronuntiationis,
2822 5771 2943 5826 qua:
2974 5754 2991 5809 l
3032 5756 3153 5826 (ξι-[ς
3180 5755 3386 5810 litteras
3414 5772 3541 5825 pro—

1945 5829 2151 5880 miscue
2176 5837 2365 5893 mutat,
2400 5827 2606 5882 ratione
2628 5824 2853 5882 distent.
2881 5826 3067 5884 Codex
3093 5824 3321 5884 Urbinas
3346 5824 3545 5888 clarius

1946 5898 2108 5957 habet
2138 5901 2369 5956 omnibus
2396 5899 2595 5970 diebus,
2622 5909 2723 5957 etc.
