3912 6348
512 280 619 347 553

1522 289 1579 346 8.
1626 287 2001 350 IIIERONYMI
2040 288 2273 349 DIVINA
2317 290 2789 355 BIBLIO’I‘IIECA.
3662 308 3751 367 850

513 397 700 493 bibere
725 396 1017 454 Nazarazus
1048 398 1253 455 vinum.
1285 399 1392 458 Ista
1437 409 1525 458 est
1560 401 1646 459 lea
1683 401 1947 462 Nazaraei.
1989 418 2111 459 cum
2140 410 2195 469 Α
2217 423 2404 465 corum
2437 410 2602 465 boves
2627 409 2788 476 duos,
2819 410 3018 467 arietes
3048 412 3306 484 quinque,
3335 414 3504 473 hircos
3529 420 3751 493 quinque,

512 491 724 547 voverit
754 492 1086 551 oblationem
1113 509 1268 551 suam
1297 495 1529 553 Domino
1556 505 1802 568 tempore
1831 513 2114 555 consecra-

514 581 679 639 tionis
702 599 841 652 suae,
873 587 1118 657 exceptis
1148 587 1213 643 iis
1242 605 1363 656 qua:
1415 589 1687 645 invenerit
1730 606 1923 646 manus
1967 593 2111 661 ejus.

509 676 672 733 Juxta
702 679 849 750 quod
878 690 1063 736 mente
1084 680 1400 747 devoverat,
1432 683 1505 737 ita
1540 682 1707 741 faciet
1725 684 1792 738 ad
1822 684 2113 755 perfectio.

511 787 637 827 nem
668 773 1116 830 sanctiﬁcationis
1142 790 1276 831 suas.
1302 774 1388 846 IB.
1416 775 1560 844 XIV,
1593 777 1656 833 C.
1698 776 1915 852 XVIII]
1941 779 2114 835 Locu-

508 870 705 937 tusque
747 876 831 921 est
898 867 1159 922 Dominus
1199 867 1264 923 ad
1311 867 1533 935 Mosen,
1578 868 1767 926 dicens
1806 888 1822 925 :
1869 869 2114 939 Loquere

511 958 695 1016 Aaron
723 960 920 1016 etliliis
943 960 1096 1030 ejus:
1127 961 1219 1019 Sic
1263 960 1603 1019 be'nedicetis
1653 964 1781 1021 ﬁliis
1829 964 2016 1033 Israel,
2058 974 2116 1020 et

508 1052 706 1109 dicetis
729 1053 811 1110 eis
849 1070 864 1109 :
909 1054 1207 1112 Benedicat
1259 1056 1353 1112 tibi
1405 1057 1693 1129 Dominus,
1725 1072 1782 1115 et
1839 1057 2115 1115 custodiat

509 1152 585 1201 te.
612 1143 876 1202 Ostendat
899 1146 1162 1204 Dominus
1194 1148 1384 1204 faciem
1408 1163 1562 1205 suam
1596 1150 1718 1215 tibi,
1750 1159 1806 1207 et
1851 1149 2115 1207 miserea-

509 1247 597 1295 tur
624 1240 698 1295 tni
723 1240 806 1313 [h.
833 1241 1104 1299 illuminet
1138 1243 1399 1299 Dominus
1433 1243 1462 1299 f.
1484 1244 1622 1301 ciem
1654 1259 1809 1300 suam
1838 1258 2010 1316 super
2037 1253 2112 1311 tc,

510 1338 566 1386 et
596 1330 918 1387 misereatur
948 1330 1067 1405 tui].
1095 1330 1393 1389 Convertat
1420 1335 1679 1391 Dominus
1713 1337 1920 1391 vultum
1950 1351 2110 1391 suum

508 1424 577 1480 ad
610 1436 679 1492 te,
704 1432 762 1481 et
787 1424 880 1482 det
903 1426 997 1483 tibi
1019 1441 1230 1498 pacem.
1251 1428 1692 1500 Invocabuutque
1714 1446 1910 1486 nomen
1935 1444 2113 1485 meum

509 1532 676 1591 super
706 1518 850 1576 ﬁlios
873 1520 1056 1586 Israel,
1088 1530 1144 1577 et
1160 1536 1262 1591 ego
1285 1522 1605 1578 benetlicam
1634 1524 1735 1579 eis.

579 1612 667 1686 [Τ.
697 1612 757 1682 ν,
782 1612 843 1668 Β.
866 1612 984 1680 XV,
1016 1613 1149 1687 Cap.
1181 1613 1321 1689 VII.]
1343 1616 1565 1671 Factum
1595 1626 1678 1673 est
1707 1624 1889 1672 autem
1920 1614 1979 1669 in
2000 1613 2112 1680 die,

507 1724 617 1780 qua
647 1708 945 1778 complevit
975 1708 1156 1764 Moses
1187 1708 1626 1776 tabernaculum,
1657 1717 1714 1765 et
1737 1707 1912 1764 erexit
1935 1706 2066 1763 illud
2097 1722 2110 1760 :

2215 516 2385 572 agnos
2412 502 2698 559 anniculus
2729 504 2989 575 quinque.
3020 503 3147 559 Ilaec
3200 504 3298 561 fuit
3351 508 3546 565 oblatio
3586 511 3758 568 Nutha-

2215 595 2338 651 nael
2370 594 2466 650 lilii
2501 595 2660 653 Suar.
2692 595 2879 651 'I‘ertio
2919 596 3008 652 die
3052 599 3303 669 princeps
3344 601 3565 659 ﬁliorum
3611 604 3760 662 Zahu-

2215 688 2329 755 Ion,
2363 688 2516 743 Eliab
2545 687 2689 743 ﬁlius
2741 688 2931 756 Helon,
2978 690 3178 746 obtulit
3225 692 3552 750 acetabulum
3596 711 3763 768 argen-

2215 790 2383 849 teum,
2420 782 2743 853 appendens
2792 791 3011 838 centum
3059 784 3273 854 triginta
3318 785 3502 855 siclos,
3555 788 3761 857 phialam

2216 882 2536 944 argenteam
2569 874 2860 931 habentem
2890 875 3229 948 septuaginta
3254 876 3438 944 siclos,
3492 878 3556 933 ad
3583 882 3768 950 pondus

2215 968 2536 1033 sanctuarii,
2569 978 2859 1040 utrmnque
2887 968 3108 1039 plenum
3141 968 3317 1023 simila
3364 978 3641 1040 conspersa
3664 973 3769 1029 oleo

2217 1063 2272 1118 in
2302 1063 2634 1118 sacriﬁcium
2660 1078 2674 1118 :
2707 1064 3085 1117 mortariolum
3115 1076 3338 1117 aureum
3368 1063 3665 1133 appendens
3689 1066 3771 1122 tle-

2216 1171 2336 1212 eem
2369 1156 2538 1212 siclos
2569 1155 2648 1227 [h.
2673 1155 2914 1227 aureos],
2966 1156 3180 1225 plenum
3212 1156 3429 1211 incenso
3456 1172 3470 1211 :
3517 1156 3695 1215 bovem
3716 1160 3775 1215 de

2215 1258 2487 1315 armento,
2517 1257 2573 1304 et
2594 1250 2846 1316 arietem,
2901 1256 2957 1303 et
2995 1263 3190 1318 agnum
3229 1248 3533 1326 anniculam
3564 1251 3615 1305 iu
3641 1251 3774 1306 holo-

2216 1353 2505 1398 caustum:
2542 1341 2865 1414 hircumque
2895 1356 2995 1414 pro
3025 1352 3273 1413 peccato,
3336 1352 3393 1399 et
3436 1342 3490 1397 in
3538 1344 3779 1400 sacriﬁcio

2218 1437 2569 1508 paciﬁcoruni
2617 1436 2790 1493 boves
2831 1436 2998 1501 duos,
3045 1437 3245 1492 arietes
3290 1434 3524 1507 quinque
3553 1478 3569 1501 ,
3623 1437 3780 1492 hircos

2218 1531 2480 1601 quinque,
2504 1544 2674 1600 agnos
2710 1528 2995 1585 anniculos
3017 1528 3274 1600 quinque.
3328 1530 3454 1583 llaec
3485 1538 3569 1584 est
3609 1529 3783 1584 oblatio

2222 1622 2374 1678 Eliab
2401 1621 2495 1677 lilii
2523 1622 2715 1677 Helon.
2740 1623 2836 1679 Die
2852 1630 3045 1694 quarto
3071 1622 3328 1693 princeps
3347 1621 3574 1677 ﬁliorum
3593 1621 3783 1689 Ruben,

2220 1712 2403 1768 Elisur
2428 1710 2571 1768 ﬁlius
2603 1713 2836 1775 Setiettr.
2881 1713 3083 1769 obtulit
3120 1712 3467 1769 acetabulum
3496 1722 3786 1783 argenteum

510 1806 801 1876 unxitque,
829 1814 887 1861 et
923 1804 1292 1862 sanctiﬁcavit
1338 1821 1462 1861 cum
1499 1804 1757 1861 omnibus
1794 1804 1939 1858 vasis
1978 1802 2113 1870 suis,
2151 1810 2194 1869 Β
2224 1806 2535 1877 appendens
2566 1816 2784 1862 centum
2836 1806 3056 1877 triginta
3102 1807 3285 1872 siclos,
3344 1805 3579 1877 phialam
3615 1821 3785 1877 argen-

516 1899 692 1955 aItare
709 1898 963 1955 similiter
974 1909 1030 1954 et
1053 1898 1235 1954 omnia
1266 1912 1394 1954 vasa
1405 1898 1526 1970 ejus
1544 1913 1561 1953 :
1582 1895 1903 1955 obtulerunt
1925 1892 2122 1964 princi-

521 2007 617 2063 pes
643 1990 810 2048 Israel
831 1999 888 2048 et
913 1992 1094 2062 capita
1128 1990 1477 2056 lamiliarum,
1503 1990 1594 2061 qui
1622 2000 1779 2046 erant
1815 2004 1910 2058 per
1934 1987 2121 2058 singu-

515 2085 595 2142 las
622 2086 819 2153 tribus,
868 2087 1113 2157 praefecti
1161 2100 1378 2154 eorum,
1429 2086 1522 2156 qui
1563 2085 1830 2141 numerati
1880 2082 2115 2148 fuerant,

513 2194 744 2235 munera
767 2194 952 2236 coram
985 2180 1355 2244 Domino.sex
1387 2178 1637 2250 plaustra
1665 2190 1805 2235 tecta
1830 2193 1952 2234 cum
1984 2176 2119 2233 duo-

514 2272 693 2345 decim
722 2273 927 2328 bobus:
957 2272 1134 2329 Unum
1164 2272 1464 2343 plaustrum
1513 2271 1763 2327 obtulere
1800 2271 1907 2326 duo
1927 2268 2117 2337 duces,

511 2375 756 2421 etuuum
787 2364 981 2421 bovem
1030 2366 1259 2437 singuli,
1307 2366 1735 2435 obtuleruntque
1782 2379 1844 2419 ea
1897 2364 1949 2418 in
1989 2377 2122 2418 con-

515 2469 704 2529 spectu
736 2458 1095 2517 tabernaculi.
1121 2460 1212 2513 Ait
1238 2466 1421 2514 autem
1448 2458 1713 2514 Dominus
1762 2458 1832 2512 ad
1883 2457 2068 2513 Mosen
2103 2472 2119 2510 :

512 2551 742 2622 Suscipe
773 2551 842 2608 ab
871 2554 951 2608 eis
985 2561 1045 2608 ut
1071 2554 1318 2608 serviant
1354 2554 1409 2608 in
1443 2552 1748 2607 ministerio
1778 2550 2119 2607 tabernaculi

514 2644 817 2701 testimonii
845 2642 1032 2719 [γαίῃ.
1066 2654 1167 2700 tae.
1197 2643 1545 2718 testimonii],
1570 2656 1624 2700 et
1655 2642 1837 2700 trades
1879 2659 1942 2700 ea
1964 2643 2121 2699 Levi-

517 2741 585 2799 tis
607 2741 762 2813 juxta
791 2743 1046 2798 ordinem
1082 2742 1377 2799 ministerii
1411 2742 1516 2796 sui.
1568 2741 1755 2807 Itaque
1782 2754 1904 2796 cum
1934 2753 2122 2794 susce-

516 2836 687 2906 pisset
713 2835 893 2892 Moses
922 2836 1165 2907 plaustra
1190 2846 1245 2891 et
1269 2835 1461 2901 boves,
1488 2822 1709 2890 tradidit
1751 2848 1848 2889 eos
1895 2832 2118 2888 Levitis.

518 2926 635 2984 Duo
660 2929 899 2998 plaustra
953 2938 1010 2985 et
1048 2937 1284 2998 quatuor
1319 2927 1489 2983 boves
1532 2926 1684 2981 dedit
1730 2925 1856 2979 ﬁliis
1885 2923 2119 2990 Gerson,

512 3018 668 3090 juxta
716 3019 772 3076 id
796 3020 941 3092 quod
992 3020 1269 3076 habebant
1303 3019 1697 3075 necessarium.
1729 3018 1973 3086 Quatuor
2017 3016 2122 3071 alia

517 3112 758 3185 plaustra
789 3123 844 3170 et
871 3124 996 3170 octo
1034 3113 1202 3170 boves
1231 3113 1385 3169 dedit
1414 3112 1541 3168 filiis
1570 3111 1793 3179 Merari,
1819 3111 2119 3168 secundum

2222 1908 2367 1956 team
2392 1900 2680 1956 habentem
2721 1900 3060 1973 septuaginta
3087 1900 3276 1965 siclos,
3324 1898 3392 1953 ad
3424 1898 3631 1970 pondus
3654 1913 3793 1953 sane.

2225 1994 2407 2062 tuarii,
2438 2007 2726 2066 utrumque
2756 1997 2970 2064 plenum
3011 1994 3189 2051 simila
3239 2008 3539 2065 conspersa
3588 1993 3700 2049 oleo
3747 1993 3793 2047 in

2221 2092 2546 2149 sacriﬁcium
2573 2108 2587 2146 :
2618 2092 2996 2147 mortar-iclum
3021 2082 3248 2146 aureum
3280 2089 3598 2161 appendens
3625 2087 3794 2144 decem

2222 2187 2386 2243 siclos
2416 2186 2494 2260 [h.
2528 2185 2769 2257 aureos],
2794 2184 3015 2255 plenum
3049 2186 3271 2240 incensis
3307 2200 3322 2239 :
3382 2182 3577 2238 bovem
3614 2180 3677 2236 de
3719 2196 3795 2233 ar-

2223 2289 2435 2347 mento,
2463 2288 2520 2335 et
2550 2278 2799 2343 arietem,
2823 2288 2878 2332 et
2894 2291 3093 2347 agnum
3121 2275 3442 2331 anniculum
3477 2276 3528 2328 in
3573 2272 3804 2328 holocau-

2223 2381 2391 2435 stum,
2421 2371 2741 2441 hircumque
2756 2385 2853 2439 pro
2876 2380 3118 2439 peccato,
3144 2379 3200 2423 et
3218 2370 3272 2422 in
3299 2367 3509 2423 hostias
3523 2364 3801 2439 [h.sacriﬁ-

2225 2463 2393 2535 citnn]
2415 2463 2761 2534 paciﬁcorum
2778 2462 2944 2518 boves
2958 2462 3116 2527 duos,
3135 2462 3343 2517 arietes
3366 2459 3627 2528 quinque,
3645 2456 3806 2512 hircos

2224 2559 2487 2629 quinque,
2521 2571 2691 2626 agnos
2720 2556 3002 2611 anniculos
3029 2555 3293 2625 quinque.
3340 2553 3473 2609 llaec
3500 2551 3598 2607 fuit
3627 2549 3806 2605 oblatio

2224 2649 2407 2705 Elisur
2454 2649 2549 2703 ﬁlii
2594 2648 2822 2704 Sedeur.
2880 2648 2978 2704 Die
3030 2646 3219 2719 quinto
3279 2647 3547 2716 princeps
3599 2643 3807 2698 ﬁliorum

2225 2741 2471 2811 Sitneon,
2499 2740 2760 2798 Selumiel
2795 2739 2984 2813 [γυῖα.
3032 2739 3325 2812 Salamiel]
3383 2740 3528 2794 ﬁlius
3577 2733 3808 2792 Snrisad—

2224 2836 2336 2901 dai,
2367 2835 2563 2890 obtulit
2606 2834 2947 2890 acetabulum
2978 2842 3301 2905 argenteum
3341 2830 3659 2902 appendens
3700 2842 3811 2882 cen-

2216 2928 2339 2983 ~tum
2392 2928 2613 2997 triginta
2662 2927 2848 2993 sit-los,
2894 2926 3120 2996 pbiliam
3166 2931 3494 2996 argenteam
3546 2922 3811 2978 habentem

2225 3023 2567 3093 septuaginta
2622 3022 2807 3086 siclos,
2866 3021 2931 3076 ad
2988 3020 3199 3090 pondus
3241 3018 3585 3086 sanctuarii,
3631 3025 3817 3071 utrum—

2226 3132 2331 3187 que
2360 3115 2578 3186 plenum
2611 3114 2788 3169 simila
2833 3129 3129 3184 conspersa
3156 3114 3284 3168 oleo
3351 3113 3407 3167 in
3457 3110 3771 3167 sacriﬁcium
3800 3122 3813 3162 :

517 3204 696 3262 οηίθία
719 3217 774 3261 εί
795 3206 998 3262 culmi“
1025 3205 1207 3273 suum.
1228 3206 1332 3263 Slib
1354 3220 1519 3261 manu
1549 3204 1788 3260 “hama?
1817 3203 1911 3259 ﬁlii
1937 3202 2119 3259 Aaron
2148 3196 2195 3263 C
2228 3209 2603 3265 mortarioiutn
2626 3223 2852 3264 aureum
2878 3207 3195 3279 appendens
3219 3208 3423 3265 decem
3447 3206 3613 3263 siclos
3640 3203 3717 3278 [h.
3738 3219 3819 3258 au-

518 3302 837 3359 sacerdotis.
861 3303 1011 3359 Filiis
1028 3312 1207 3359 autem
1228 3301 1400 3359 Caath
1425 3317 1532 3358 non
1545 3302 1693 3359 dedit
1708 3303 1943 3375 plaustra
1962 3314 2007 3355 et
2024 3302 2114 3356 bo-

517 3409 601 3452 ves
621 3395 703 3470 [h.
720 3412 826 3455 non
844 3395 1029 3471 habet]
1057 3414 1067 3449 :
1090 3398 1215 3468 quia
1238 3397 1288 3451 in
1313 3397 1624 3453 sanctuario
1646 3397 1889 3452 serviunt
1907 3406 1961 3451 et
1986 3412 2116 3452 one-

517 3503 581 3546 t‘a
602 3489 834 3559 propriis
858 3500 1079 3560 portant
1109 3489 1371 3544 humeris.
1401 3489 1489 3560 [Β.
1513 3488 1707 3562 XVII]
1730 3489 2121 3559 lgiturobtule—

517 3582 834 3638 runtduces
864 3581 917 3637 in
960 3581 1361 3638 dedicationem
1410 3582 1618 3647 altaris,
1649 3581 1738 3636 die
1765 3597 1866 3651 qua
1899 3591 2116 3636 unctum

516 3684 621 3744 est,
656 3675 986 3731 oblationem
1017 3690 1170 3730 suam
1219 3685 1346 3730 ante
1395 3675 1589 3731 altare.
1632 3674 1717 3747 [Ο.
1742 3672 1915 3747 XIX]
1948 3675 2121 3729 Dixit-

517 3782 626 3838 que
650 3766 912 3822 Dominus
938 3765 1006 3821 ad
1039 3765 1226 3822 Mosen
1253 3783 1267 3820 :
1299 3765 1508 3836 Singuli
1536 3765 1701 3821 duces
1735 3781 1830 3837 per
1873 3765 2119 3837 singulos

517 3861 638 3917 dies
667 3859 901 3917 offerant
923 3876 1151 3917 munera
1183 3861 1236 3916 in
1265 3860 1663 3917 dedicationem
1690 3861 1899 3917 altaris.
1932 3861 2119 3918 Primo

516 3956 608 4012 die
638 3954 836 4011 obtulit
860 3954 1194 4011 oblationem
1235 3969 1388 4010 suam
1418 3954 1659 4012 Naasson
1709 3955 1851 4009 ﬁlius
1899 3954 2121 4010 Amina-

516 4048 625 4106 dab
653 4048 721 4104 de
742 4048 888 4104 tribu
910 4047 1047 4104 Juda
1078 4065 1092 4101 :
1125 4048 1451 4116 fueruntque
1481 4049 1531 4103 in
1563 4063 1625 4103 ea
1657 4047 1997 4104 acetabulum
2024 4062 2119 4103 ar—

515 4151 769 4216 genteum
802 4140 984 4212 pondo
1003 4151 1220 4197 centum
1251 4139 1470 4211 triginta
1512 4140 1794 4207 siclorum,
1824 4140 2004 4210 phiala
2033 4155 2122 4195 ar-

517 4245 712 4309 gentea
765 4235 975 4291 habens
1040 4233 1381 4306 septuaginta
1453 4234 1650 4302 siclos,
1698 4233 1850 4303 juxta
1911 4233 2120 4303 pondus

520 4327 841 4396 sanctuarii,
872 4338 1164 4399 utrumque
1194 4326 1413 4398 plenum
1451 4326 1627 4382 simila
1673 4340 1967 4395 conspersa
1994 4325 2120 4382 cleo

518 4426 575 4480 in
606 4424 934 4482 sacriﬁcium
968 4441 980 4476 :
1016 4421 1394 4478 mortariolutn
1420 4436 1491 4477 ex
1519 4420 1705 4477 decem
1733 4419 1876 4474 siclia
1906 4419 1989 4491 [h.
2010 4435 2117 4475 non

519 4517 711 4590 habet]
739 4518 948 4584 aureis,
974 4516 1192 4587 plenum
1221 4516 1448 4571 incenso
1481 4529 1496 4570 :
1525 4513 1720 4569 bovem
1749 4510 1937 4585 [ναις.
1987 4513 2114 4567 add.

518 4614 588 4670 de
614 4611 906 4683 armento],
931 4618 986 4666 et
1012 4609 1340 4676 arietem,et
1367 4622 1564 4679 agnum
1594 4606 1905 4661 anniculutn
1934 4605 1985 4660 in
2018 4605 2117 4659 hoc
2145 4597 2193 4657 D

524 4707 829 4762 Iocaustum
861 4703 1224 4774 :hircumque
1251 4716 1354 4774 pro
1383 4709 1606 4772 peccato
1633 4716 1646 4753 :
1671 4708 1730 4755 et
1754 4699 1808 4753 in
1853 4698 2117 4754 sacriﬁcio

519 4800 873 4870 pacilicorum
916 4799 1089 4855 boves
1144 4796 1304 4864 duos,
1353 4796 1556 4850 arietes
1604 4792 1878 4866 quinque,
1942 4791 2121 4847 hircos

523 4892 785 4963 quinque,
814 4906 986 4963 agnos
1011 4890 1298 4947 anniculos
1320 4890 1584 4961 quinque.
1636 4888 1765 4943 llaec
1803 4896 1885 4943 est
1915 4886 2120 4943 oblatio

522 4984 765 5042 Naasson
796 4984 889 5040 ﬁlii
918 4983 1244 5040 Aminadab.
1274 4981 1532 5039 Secundo
1571 4980 1660 5036 die
1697 4979 1894 5035 obtulit
1920 4977 2119 5033 Natba-

523 5080 643 5136 nael
686 5079 830 5135 ﬁlius
852 5077 1019 5148 Suar,
1064 5078 1172 5134 dua
1203 5076 1268 5133 de
1315 5076 1452 5131 tribu
1492 5076 1571 5149 [h.
1601 5091 1709 5131 non
1741 5073 1927 5146 habet]
1975 5074 2116 5130 Issa-

452 5156 461 5163 ’
520 5174 674 5241 cbar,
698 5170 1038 5229 acetabulum
1068 5179 1387 5242 argenteum
1427 5160 1740 5240 appe'ndens
1768 5178 1991 5224 centum
2025 5166 2122 5222 tri-

520 5267 670 5339 ginta
722 5266 924 5331 siclos,
982 5265 1214 5336 phialam
1278 5276 1590 5335 argenteam
1661 5263 1947 5319 habentem
1993 5277 2119 5333 sep-

522 5360 760 5434 tuaginta
813 5360 979 5416 siclos
1009 5396 1025 5424 ,
1073 5360 1223 5430 juxta
1280 5359 1491 5430 pondus
1534 5357 1866 5424 sanctuarii,
1913 5367 2125 5412 utrum-

521 5471 626 5530 que
674 5455 895 5527 plenum
941 5451 1115 5509 simila
1147 5466 1443 5522 conSpersa
1486 5453 1609 5507 oleo
1648 5451 1702 5505 in
1754 5448 2125 5505 sacriﬁcium:

521 5550 897 5610 mortariolum
969 5562 1191 5603 aureum
1261 5545 1467 5603 habens
1537 5546 1727 5602 decem
1784 5545 1947 5600 siclos
2008 5541 2115 5616 [h.

516 5646 806 5719 aureos],
862 5643 1082 5716 plenum
1136 5641 1363 5698 incenso
1406 5658 1419 5694 :
1464 5643 1660 5697 bovem
1716 5641 1785 5696 de
1836 5650 2119 5706 armento,

516 5751 576 5799 et
595 5741 850 5807 arietem,
896 5749 951 5795 et
987 5750 1184 5809 agnum
1224 5734 1529 5790 anniculam
1584 5734 1637 5790 in
1686 5735 2066 5792 holocaustum
2100 5751 2111 5789 :

519 5833 839 5905 hircumque
893 5846 991 5904 pro
1044 5836 1265 5903 peccato
1320 5845 1333 5884 :
1384 5838 1439 5887 et
1489 5830 1544 5885 in
1604 5830 1871 5888 sacriﬁcio
1928 5833 2113 5903 pacilio

2225 3301 2392 3375 reos],
2425 3304 2641 3374 plenum
2668 3304 2893 3359 incenso
2924 3320 2939 3359 :
2965 3303 3158 3359 bovem
3184 3301 3255 3358 de
3285 3313 3571 3369 armento,
3618 3308 3673 3354 et
3697 3297 3820 3352 arie-

2226 3410 2354 3463 tem,
2383 3405 2440 3453 ct
2454 3412 2649 3467 agnum
2679 3396 2992 3451 anniculam
3022 3396 3075 3450 in
3122 3394 3518 3457 holocaustum
3551 3409 3568 3452 :
3602 3391 3819 3447 hircum-

2227 3506 2335 3561 que
2365 3505 2461 3562 pro
2492 3500 2712 3560 peccato
2742 3499 2795 3543 cl
2824 3489 2877 3543 in
2921 3489 3128 3543 hostias
3169 3486 3250 3560 [h.
3292 3485 3655 3556 sacriﬁcium]
3695 3482 3824 3554 paci-

2224 3585 2451 3640 licorum
2471 3587 2635 3638 boves
2659 3582 2819 3649 duos,
2858 3582 3057 3638 arietes
3070 3582 3340 3651 quinque,
3364 3579 3559 3636 hircos
3584 3579 3825 3650 quinque,

2223 3693 2392 3747 agnos
2420 3676 2706 3731 anniculos
2731 3676 2990 3745 quinque.
3028 3673 3154 3728 Ilaec
3186 3672 3291 3728 fuit
3344 3673 3561 3729 oblatio
3587 3666 3829 3727 Seiumiel

2226 3767 2412 3843 [ναις.
2437 3766 2719 3840 Salamiel]
2744 3767 2836 3821 lilii
2868 3764 3201 3822 Surisaddai.
3242 3766 3344 3821 Die
3380 3774 3545 3823 sexto
3597 3765 3833 3838 princeps

2225 3864 2458 3918 ﬁliorum
2487 3862 2627 3930 Gad,
2660 3862 2912 3932 Eliasaph
2953 3860 3096 3917 ﬁlius
3122 3859 3340 3917 Dehuel
3364 3861 3576 3917 obtulit
3600 3857 3836 3915 acetabu-

2222 3960 2333 4015 lum
2363 3970 2682 4031 argenteum
2720 3957 3039 4028 appendeus
3093 3968 3322 4013 centum
3372 3957 3606 4029 triginta
3656 3952 3836 4015 siclos,

2222 4051 2459 4121 phialam
2511 4061 2823 4122 argenteam
2880 4051 3175 4106 habentem
3226 4052 3608 4123 septuaginta
3655 4048 3832 4108 siclos,

2221 4146 2288 4201 ad
2312 4160 2346 4216 p
2369 4144 2521 4201 .ndus
2550 4145 2869 4211 sanctuarii,
2895 4154 3182 4217 utrumque
3208 4146 3449 4215 plenum
3494 4144 3678 4201 simila
3723 4158 3842 4199 ccu-

2222 4252 2415 4309 spersa
2466 4237 2589 4293 oleo
2645 4238 2698 4292 in
2748 4237 3112 4298 sacrificium;
3176 4239 3585 4294 mortariolum
3630 4249 3840 4292 aureum

2222 4329 2538 4402 appendens
2564 4330 2757 4386 decem
2784 4330 2951 4387 siclos
2982 4329 3064 4403 [h.
3114 4344 3348 4400 semper
3407 4330 3609 4397 habet,
3665 4329 3844 4385 decem

2220 4424 2466 4495 aureos],
2514 4424 2736 4495 plenum
2794 4424 3070 4479 incenso:
3114 4422 3317 4478 ὺογυιη
3370 4423 3446 4481 de
3496 4434 3772 4485 armento,
3800 4426 3848 4473 et

2221 4517 2468 4585 arietem,
2497 4527 2552 4573 et
2573 4533 2769 4588 agnum
2798 4515 3112 4573 anniculam
3154 4515 3210 4570 in
3260 4515 3670 4573 holocaustum
3704 4533 3717 4567 :
3745 4510 3850 4567 hir-

2221 4626 2454 4681 cutnque
2474 4625 2574 4681 pro
2604 4618 2872 4680 peccato:
2905 4608 3041 4665 etin
3083 4607 3333 4663 hostiam
3372 4607 3461 4682 [h.
3489 4623 3720 4680 semper
3767 4604 3852 4658 ha-

2223 4704 2335 4770 bet,
2369 4704 2423 4760 in
2450 4701 2800 4774 sacriﬁcium]
2835 4701 3180 4772 pacilicorum
3217 4700 3403 4757 boves
3432 4701 3606 4768 duos,
3665 4699 3853 4755 arietes

2222 4801 2482 4870 quinque,
2517 4796 2707 4852 hircos
2725 4794 2983 4867 quinque,
3040 4808 3211 4865 agnos
3242 4796 3566 4853 anniculos
3598 4795 3850 4866 quinque.

2228 4892 2352 4960 Iliae
2383 4890 2485 4946 fuit
2513 4890 2718 4945 oblatio
2743 4887 2999 4959 Eliasaph
3032 4887 3126 4942 ﬁlii
3172 4887 3425 4944 Dehuel.
3485 4890 3592 4946 Die
3630 4888 3855 4957 septimo

2227 4986 2479 5056 princeps
2512 4984 2746 5037 ﬁliorum
2771 4981 3055 5052 Ephraim,
3103 4979 3361 5035 Elisama
3399 4981 3557 5038 ﬁlius
3588 4976 3856 5040 Anuniud,

2224 5081 2423 5139 obtulit
2478 5078 2822 5135 acetabulum
2867 5086 3186 5150 argenteum
3231 5079 3591 5149 appendens
3645 5086 3859 5134 centum

2227 5174 2443 5245 triginta
2473 5175 2655 5243 siclos,
2692 5173 2926 5243 phialam
2950 5183 3274 5244 argenteam
3301 5173 3625 5232 habentem
3651 5186 3863 5245 septua-

2227 5270 2376 5341 ginta
2404 5267 2593 5334 siclos,
2616 5268 2683 5324 ad
2740 5266 2956 5339 pondus
2997 5267 3336 5337 sanctuarii,
3388 5279 3705 5344 utrumque
3756 5266 3865 5338 plc-

2230 5378 2358 5418 num
2389 5361 2563 5417 simila
2594 5375 2885 5431 eon<persa
2910 5358 3036 5415 oleo
3067 5360 3122 5414 in
3184 5361 3556 5418 sacriﬁcium
3598 5381 3613 5417 :
3671 5372 3869 5417 morta-

2231 5455 2427 5511 riolum
2471 5466 2696 5509 aureum
2726 5455 3040 5525 appendeus
3067 5451 3265 5509 decem
3292 5454 3505 5523 siclos,
3533 5455 3762 5528 plenum
3791 5453 3869 5509 in-

2225 5565 2422 5606 censo:
2449 5548 2641 5604 bovem
2666 5548 2734 5603 de
2759 5555 3030 5614 armento,
3046 5557 3099 5602 et
3122 5546 3398 5616 arietem,
3415 5558 3476 5605 et
3491 5566 3703 5621 agnum
3716 5547 3867 5604 anni.

2220 5645 2404 5701 culum
2426 5644 2479 5699 in
2500 5643 2912 5699 holocaustum:
2939 5640 3270 5711 hircumque
3293 5657 3411 5709 pro
3436 5651 3787 5715 peccatum
3807 5646 3856 5694 in

2225 5738 2430 5794 hostias
2447 5737 2818 5807 paciﬁcorum,
2834 5734 3001 5790 bores
3021 5733 3179 5800 duos,
3206 5734 3434 5791 arietes
3458 5738 3736 5807 quinque,
3754 5735 3862 5789 hirc

2221 5846 2315 5889 cos
2339 5834 2597 5903 quinque,
2630 5846 2801 5901 agnos
2828 5830 3109 5888 anniculos
3139 5829 3430 5902 quinque.
3468 5829 3605 5889 uage
3636 5832 3747 5889 fuit
3774 5832 3868 5886 nb-
