4044 6360
210 298 319 353 581

1574 292 1778 352 LIBER
1818 290 2101 351 NUMERI.

207 411 339 465 latis»
365 408 598 466 Elisaina
624 409 719 464 ﬁlii
745 406 1022 464 Ammiod.
1047 409 1138 462 Die
1163 417 1359 461 octavo
1384 408 1640 476 ptinceps
1667 407 1807 460 ﬁlio-
1839 407 1887 467 Α
1919 406 2172 476 princeps
2197 406 2429 462 ﬁliorum
2453 407 2761 477 Nephthali,
2817 405 2981 462 Aliira
3016 409 3158 464 ﬁlius
3196 411 3382 466 llenan
3415 412 3512 466 ob-

211 519 332 558 rum
359 504 625 568 Blanasse,
651 501 915 558 Gamaliel
949 500 1087 556 ﬁlius
1113 500 1442 566 Phadassur,
1478 499 1673 554 obtulit
1695 515 1817 554 acc-

217 596 462 652 tabulnm
484 603 802 666 argenteum
820 594 1133 664 appendens
1146 601 1362 648 centum
1385 592 1607 663 triginta
1630 591 1814 654 siclos,

213 689 455 761 phialam
491 700 804 761 argenteam
849 688 1136 743 habentem
1169 686 1515 758 septuaginta
1542 685 1725 748 siclos,
1753 683 1817 739 ad

212 782 426 853 pondus
452 783 775 848 sanctuarii,
793 793 1078 852 utrumque
1104 780 1320 849 plenum
1337 778 1506 833 simila
1527 792 1818 847 etnspcrsa

214 878 338 932 oleo
371 878 426 932 in
457 878 816 947 sacriﬁcium,
850 875 1226 931 mortariolum
1255 889 1481 928 aureum
1503 872 1821 943 appendens

213 970 405 1026 decem
433 970 624 1037 siclos,
678 971 894 1040 plenum
926 968 1148 1024 incenso
1184 987 1197 1023 :
1232 967 1423 1022 bovem
1458 965 1522 1020 de
1549 976 1824 1030 armento,

212 1074 268 1122 et
291 1065 546 1131 arietem,
599 1074 654 1121 et
700 1081 898 1135 agnum
942 1063 1254 1118 anniculum
1299 1063 1352 1114 in
1401 1061 1820 1115 holocaustum:

221 1159 550 1228 hircumque
581 1173 678 1228 pro
707 1165 950 1228 peccato,
1001 1167 1055 1212 et
1107 1157 1158 1210 in
1222 1154 1426 1210 hostias
1472 1153 1823 1224 paciﬁcorum

217 1249 388 1306 boves
412 1251 572 1315 duos,
615 1251 812 1305 arietes
844 1251 1106 1320 quinque,
1146 1247 1328 1302 hircos
1369 1245 1626 1316 quinque,
1657 1260 1827 1314 agnos

215 1347 513 1401 anniculos
541 1348 797 1417 quinque.
843 1345 972 1399 Ilaec
1022 1342 1122 1397 fuit
1170 1343 1373 1397 oblatio
1411 1340 1676 1397 Gamaliel
1734 1340 1827 1396 lilii

217 1439 559 1494 Phadassur.
603 1440 695 1496 Die
747 1453 889 1494 nono
936 1439 1189 1510 princeps
1243 1437 1478 1492 ﬁliorum
1522 1435 1824 1505 Benjaiuin,

219 1535 435 1590 Abidan
465 1535 608 1589 ﬁlius
632 1534 932 1602 Gedeonis,
988 1533 1185 1589 obtulit
1235 1533 1576 1587 acetabulum
1621 1546 1827 1601 argen~

217 1636 364 1684 tcum
391 1626 711 1697 appendens
739 1639 955 1681 centum
999 1626 1215 1696 triginta
1256 1626 1441 1691 siclos,
1474 1624 1708 1696 phialam
1741 1642 1824 1676 ar-

223 1731 483 1791 genteam
529 1721 824 1776 habentem
877 1721 1220 1790 septuaginta
1268 1720 1456 1784 siclos,
1503 1719 1568 1775 ad
1623 1717 1831 1789 pondus

1924 499 2043 553 tulit
2071 500 2752 571 acetabulumargeutcum
2787 501 3104 571 appendens
3151 512 3365 557 centum
3420 505 3516 560 tri-

1920 592 2067 662 ginta
2093 593 2278 652 siclos,
2314 593 2551 664 phialam
2584 604 2896 666 argenteam
2953 595 3238 652 habentem
3288 607 3510 668 septua-

1921 687 2070 756 ginta
2109 686 2296 750 siclos,
2328 686 2398 741 ad
2449 687 2662 758 pondus
2709 689 3022 755 sanctuarii,
3074 699 3363 760 utrumque
3408 690 3520 760 ple-

1921 795 2050 835 num
2075 780 2249 836 simila
2279 795 2574 850 conspersa
2625 781 2744 836 oleo
2797 781 2850 838 in
2891 782 3212 838 sacriﬁcium
3249 799 3263 842 :
3312 793 3517 838 morta-

1923 872 2120 928 riolum
2146 889 2374 929 aureum
2408 873 2723 944 appendens
2747 875 2934 931 decem
2963 875 3152 940 siclos,
3193 876 3410 946 plenum
3441 877 3518 930 in-

1925 980 2093 1021 censo
2123 982 2136 1019 :
2169 965 2362 1022 bovem
2394 967 2461 1022 de
2488 979 2757 1036 armento,
2811 977 2865 1023 et
2913 968 3162 1035 arietem,
3215 978 3273 1025 et
3325 985 3522 1040 agnum

1927 1059 2234 1114 anniculuiu
2262 1060 2313 1114 iu
2354 1059 2728 1115 holocaustum
2764 1077 2777 1120 ;
2805 1061 3124 1132 hircumque
3155 1075 3253 1132 pro
3275 1071 3521 1133 peccato,

1927 1162 1978 1206 et
2003 1153 2054 1206 in
2087 1152 2294 1208 hostias
2328 1153 2673 1223 paciﬁcorom
2712 1155 2876 1210 boves
2899 1155 3055 1223 duos,
3109 1156 3312 1212 arietes
3360 1157 3524 1226 quin-

1927 1259 2054 1314 que,
2081 1245 2261 1300 hircos
2283 1247 2544 1317 quinque,
2581 1261 2752 1316 agnos
2783 1247 3066 1302 anniculos
3103 1249 3362 1319 quinque.
3398 1230 3526 1303 Ilaic

1931 1337 2030 1392 fuit
2051 1339 2253 1395 oblatio
2284 1338 2450 1393 Aliira
2485 1340 2575 1393 lilii
2601 1338 2812 1394 lIeuan.
2849 1338 2929 1409 ιϐ.
2956 1339 3099 1411 XX.]
3137 1340 3261 1395 Ha'c
3292 1341 3341 1394 in
3369 1339 3526 1396 dedi-

1931 1434 2145 1488 catione
2173 1433 2362 1488 altaris
2389 1434 2567 1488 oblata
2592 1443 2720 1488 sunt
2742 1451 2769 1485 a
2795 1432 3130 1502 principibus
3150 1431 3317 1488 Israel
3345 1433 3524 1499 indie,

1935 1543 2040 1597 qua
2069 1537 2446 1581 consecratum
2480 1535 2582 1579 est.
2610 1525 2906 1582 Acctabnla
2930 1535 3184 1595 argentea
3208 1524 3527 1585 duodecim:

1929 1618 2129 1690 phialae
2154 1627 2426 1688 argenteae
2456 1617 2740 1673 duodecim
2778 1636 2791 1671 :
2819 1618 3131 1671 mortariola
3181 1633 3344 1674 aurea
3397 1618 3530 1672 dno-

1936 1710 2111 1765 decim
2142 1729 2156 1767 ;
2189 1711 2258 1765 ita
2291 1721 2346 1764 ut
2377 1719 2594 1766 centum
2627 1712 2847 1781 triginta
2872 1711 3035 1764 siclos
3067 1712 3278 1781 argenti
3307 1709 3532 1765 haberet

219 1814 546 1883 sanctuarii,
586 1824 879 1885 utrumque
914 1814 1132 1884 plenum
1160 1812 1335 1867 simila
1384 1827 1675 1880 conSpersa
1709 1810 1830 1864 oleo
1867 1805 1908 1864 Β
1939 1817 2102 1856 unum
2137 1801 2505 1866 ilcclabltlllllli
2536 1812 2590 1857 θι
2618 1805 2958 1872 δοιηιιειεῑηιίι
2989 1805 3154 1856 δίείυε
3194 1818 3296 1856 υιιει
3323 1803 3532 1872 timida:

221 1907 274 1962 in
306 1906 646 1960 sacriﬁcium
681 1924 692 1959 :
727 1905 1103 1960 mortariolum
1134 1921 1357 1959 aureum
1393 1902 1706 1974 appendens
1737 1903 1830 1956 de-

220 2013 339 2054 cem
373 1997 559 2063 siclos,
599 1998 818 2067 plemnn
855 1996 1077 2052 incenso
1112 2013 1121 2047 :
1161 1997 1350 2050 bovem
1391 1997 1456 2049 de
1484 2006 1753 2062 armento,
1779 2005 1832 2050 et

221 2092 479 2158 arietem,
514 2100 570 2146 et
599 2107 796 2159 agnum
820 2089 1131 2144 auniculum
1159 2090 1209 2144 in
1245 2088 1618 2142 holocaustum
1658 2106 1669 2140 ι
1718 2087 1830 2141 hir-

223 2199 467 2257 cumque
499 2201 597 2256 pro
621 2195 846 2254 peccato
873 2203 885 2239 :
909 2193 964 2239 et
991 2183 1043 2238 in
1070 2183 1274 2239 hostias
1301 2183 1646 2252 paciﬁcorum
1671 2183 1836 2236 boves

227 2281 390 2344 duos,
423 2277 626 2333 arietes
651 2275 916 2348 quinque,
953 2275 1136 2331 hircos
1173 2276 1429 2347 quinque,
1465 2291 1634 2345 agnos
1682 2278 1837 2330 anni-

225 2373 384 2429 culos
409 2370 675 2441 quinque.
727 2369 854 2425 Ilzec
884 2368 982 2423 fuit
1009 2369 1208 2424 oblatio
1241 2369 1466 2423 Abidam
1498 2369 1587 2422 lilii
1621 2369 1836 2424 Gedeo-

226 2466 337 2522 nis.
371 2463 472 2519 Die
495 2461 710 2518 decimo
747 2461 998 2532 princeps
1039 2461 1275 2516 ﬁliorum
1335 2462 1468 2528 Dan,
1516 2460 1746 2517 Ahiezer
1782 2463 1841 2514 ﬁ-

228 2559 342 2612 lius
388 2553 711 2610 Amisaddai
742 2596 755 2614 .
823 2554 1021 2610 obtulit
1073 2554 1471 2609 acetabululum
1527 2564 1838 2624 argenteum

228 2648 552 2720 appendens
581 2657 796 2703 centum
825 2648 1041 2718 triginta
1057 2648 1244 2720 siclos,
1271 2643 1502 2718 phialam
1531 2658 1840 2720 argenteam

232 2743 536 2800 habentem
577 2741 918 2814 septuaginta
948 2744 1140 2810 siclos,
1197 2745 1262 2796 ad
1291 2743 1500 2812 pomlus
1528 2745 1841 2810 sanctuarii,

233 2850 536 2908 utrumque
569 2837 784 2907 plemun
829 2836 1006 2890 simila
1063 2850 1361 2905 conSpersa
1391 2837 1512 2889 o!eo
1551 2836 1600 2889 in
1626 2835 1844 2890 sacriﬁ-

233 2935 385 2988 cium
414 2954 427 2989 :
455 2931 832 2987 mortariolum
857 2945 1082 2985 aureum
1111 2928 1421 2998 appendens
1447 2928 1634 2984 decem
1659 2929 1844 2998 siclos,

235 3029 464 3098 plenum
496 3024 720 3080 incenso
752 3043 762 3076 :
798 3025 989 3080 bovem
1019 3021 1087 3078 de
1117 3032 1382 3091 armento,
1433 3031 1488 3076 et
1515 3022 1764 3087 arietem,
1797 3031 1851 3076 et

236 3139 441 3194 agnmn
478 3119 788 3176 anniculum
839 3119 891 3172 in
919 3116 1300 3172 holocaustum
1336 3134 1348 3170 :
1409 3116 1728 3187 hircumque
1755 3133 1849 3184 pro

1937 1896 1986 1950 id
2018 1905 2121 1960 est,
2157 1897 2210 1950 in
2247 1911 2536 1951 commune
2568 1911 2824 1950 vasorum
2882 1898 3124 1951 omnium
3182 1913 3248 1952 cx
3306 1907 3535 1967 argento

1938 1989 2192 2046 siclidno
2245 1990 2409 2044 millia
2459 1990 2862 2061 quadringenti,
2918 1991 3158 2059 pondere
3212 1993 3530 2047 sanctuarii.

1941 2084 2249 2140 Mortaiiola
2296 2100 2460 2140 aurea
2517 2085 2805 2140 duodecim
2856 2087 3011 2156 plena
3065 2088 3320 2155 incenso,
3367 2087 3536 2143 denos

1941 2179 2106 2234 siclos
2130 2179 2488 2250 appendemia
2518 2181 2762 2251 pondere
2788 2183 3081 2236 sanctuarii
3107 2197 3121 2235 :
3149 2181 3200 2235 id
3235 2191 3340 2249 est,
3373 2182 3537 2237 simul

1942 2276 2058 2328 auri
2087 2275 2208 2330 sicli
2236 2288 2452 2330 centum
2500 2276 2685 2346 viginti
2715 2295 2726 2328 ;
2761 2277 2923 2331 boves
2953 2276 3020 2331 de
3053 2285 3300 2331 armento
3351 2277 3403 2332 in
3445 2276 3541 2331 ho-

1943 2371 2243 2424 locaustum
2267 2369 2581 2437 duodecim,
2605 2372 2803 2426 arietes
2829 2369 3116 2425 duodecim
3141 2411 3156 2437 ,
3202 2370 3326 2440 agni
3367 2372 3494 2425 anni
3515 2402 3527 2412 -

1945 2463 2048 2518 culi
2081 2461 2388 2527 duodecim,
2417 2471 2470 2517 et
2502 2461 2797 2517 libamenta
2822 2479 3009 2517 eorum
3038 2481 3050 2515 :
3093 2463 3226 2518 hirci
3253 2463 3539 2518 duodecim

1949 2571 2048 2626 pro
2070 2564 2316 2625 peceatu.
2345 2555 2545 2609 Hostiae
2597 2555 2672 2625 Ui.
2715 2554 3080 2610 S.icr.ﬁcium.
3116 2555 3272 2627 Vulg.
3334 2555 3389 2610 In
3421 2556 3546 2610 hos-

1950 2649 2076 2720 tias]
2124 2650 2474 2719 paeiﬁcorum
2513 2689 2528 2713 ,
2586 2647 2752 2702 boves
2816 2649 2999 2718 viginti
3045 2659 3297 2718 quatuor.
3347 2649 3546 2703 arietes

1955 2741 2254 2812 sexaginta,
2292 2742 2424 2796 hirci
2458 2742 2754 2811 sexaginta.
2819 2742 2938 2811 agni
2969 2741 3206 2797 anniculi
3234 2743 3540 2811 sexaginta.

1953 2836 2079 2892 Hmc
2106 2837 2285 2893 oblata
2306 2848 2428 2891 sunt
2480 2838 2529 2891 in
2554 2836 2888 2891 dedicatione
2921 2837 3105 2891 altaris
3130 2877 3146 2903 ,
3174 2837 3386 2906 quando
3411 2851 3542 2891 unc-

1955 2945 2066 2988 tum
2094 2942 2172 2987 est
2203 2933 2578 3004 |h.postquam
2596 2939 2810 2987 unctum
2827 2931 2949 3002 est].
2982 2932 3062 3002 lB.
3100 2930 3286 3003 XVII.]
3312 2935 3550 3003 (Eumque

1956 3025 2330 3096 ingrederetur
2359 3024 2531 3080 Moses
2562 3025 2967 3080 tabernaculum
3020 3025 3236 3079 hederis
3264 3068 3278 3092 ,
3333 3034 3389 3078 ut
3415 3040 3548 3080 eon-

1959 3119 2160 3174 suleret
2192 3119 2492 3186 oraculum,
2539 3117 2792 3172 audiebat
2834 3131 3018 3172 vocem
3050 3115 3318 3188 loquentis
3367 3117 3431 3171 ad
3488 3131 3552 3172 se

241 3224 471 3288 peccito
503 3230 517 3267 :
546 3223 598 3270 et
627 3216 678 3268 in
709 3211 918 3267 hostias
948 3211 1292 3282 paCIIICOI'IIIlI
1327 3212 1490 3266 boves
1523 3211 1681 3274 duos,
1710 3211 1850 3266 arie-
1880 3205 1922 3267 C
1957 3213 2025 3269 de
2055 3213 2448 3282 pr0pitiatorio,
2485 3211 2628 3282 quod
2652 3220 2769 3266 erat
2794 3227 2955 3281 super
2983 3225 3108 3264 arca
3137 3208 3433 3266 testimonii
3461 3209 3542 3264 in-

244 3315 332 3364 tes
359 3307 628 3378 quinque,
662 3305 841 3360 hircos
871 3306 1130 3374 quinque,
1191 3319 1359 3375 agnos
1390 3305 1669 3360 anniculos
1695 3304 1850 3374 quin-

243 3417 373 3472 que.
415 3403 540 3456 llarc
580 3399 682 3454 fuit
709 3399 911 3454 oblatio
959 3399 1189 3453 Abiezer
1235 3398 1328 3453 ﬁlii
1368 3397 1700 3453 Amisaddai.
1755 3397 1852 3454 Die

246 3495 547 3551 undecimo
571 3493 851 3563 principes
883 3492 1112 3546 ﬁliorum
1147 3493 1306 3557 Aser,
1368 3489 1666 3561 Phagahiel
1715 3491 1853 3546 lilius

245 3587 494 3650 Achran,
555 3585 749 3642 obtulit
790 3583 1128 3641 acetabulum
1178 3594 1491 3653 argenteum
1543 3584 1855 3654 appendens

248 3692 472 3739 centum
507 3681 724 3752 triginta
749 3680 946 3734 siclos:
1009 3677 1244 3747 phialam
1303 3689 1611 3746 argenteam
1658 3679 1857 3733 haben-

256 3785 369 3831 tem
392 3773 738 3844 septuaginta
758 3771 942 3837 siclos,
974 3770 1038 3826 ad
1071 3771 1281 3841 pondus
1306 3771 1622 3837 sanctuarii,
1651 3782 1862 3826 utrum-

256 3883 364 3940 que
397 3867 617 3938 plenum
644 3864 819 3921 simila
861 3878 1157 3933 conspersa
1210 3865 1333 3918 oleo
1379 3865 1429 3917 in
1489 3863 1858 3918 sacriﬁcium:

259 3959 634 4016 mortariolum
663 3973 904 4024 aureum,
925 3956 1238 4026 appendens
1253 3955 1438 4011 decem
1454 3956 1862 4025 siclos,plenum

258 4055 486 4109 incenso
522 4071 533 4105 :
570 4053 762 4107 bovem
792 4053 856 4105 de
885 4061 1152 4116 armento,
1185 4059 1236 4105 et
1294 4051 1538 4117 arietem,
1584 4058 1637 4104 et
1664 4066 1866 4120 agnum

263 4145 581 4202 anniculum
618 4147 667 4198 in
699 4144 1074 4200 holocaustum
1108 4163 1117 4197 :
1157 4143 1472 4213 hircumque
1505 4158 1600 4214 pro
1622 4157 1867 4214 peccato,

263 4251 318 4294 et
348 4241 398 4294 in
438 4239 645 4293 hostias
674 4237 1017 4312 pacilicormn
1047 4237 1214 4290 boves
1256 4236 1413 4302 duos,
1460 4239 1657 4292 arietes
1711 4239 1870 4308 quin-

263 4349 392 4404 que,
420 4333 601 4387 hircos
633 4332 891 4402 quinque,
915 4345 1082 4400 agnos
1110 4329 1398 4385 anniculos
1430 4330 1687 4402 quinque.
1743 4331 1868 4388 “ch

265 4426 362 4482 fuit
391 4426 597 4480 oblatio
629 4424 924 4496 Phagabiel
969 4423 1065 4478 ﬁlii
1095 4421 1336 4478 Achrau.
1394 4424 1485 4480 Die
1540 4425 1866 4484 duodecimo

1955 3319 2036 3366 ter
2062 3310 2198 3364 duos
2227 3307 2540 3368 Cherubim,
2574 3305 2715 3361 unde
2742 3315 2794 3360 et
2819 3305 3138 3372 loiuebatur
3159 3304 3230 3360 ei.

2028 3400 2179 3474 [ϐαρ.
2213 3398 2367 3472 ιἰιι.]
2399 3399 2745 3469 Locutusque
2776 3408 2859 3452 est
2901 3397 3160 3451 Dominus
3213 3396 3280 3453 ad
3337 3397 3550 3467 Mosen,

1957 3495 2146 3552 dicens
2177 3511 2192 3550 :
2226 3494 2471 3564 Loquere
2501 3494 2704 3558 Aaron,
2729 3498 2785 3546 et
2806 3491 2955 3546 dices
2978 3489 3043 3545 ad
3071 3505 3194 3546 eum
3227 3505 3240 3544 ι
3288 3488 3424 3545 Cum
3459 3505 3556 3560 po-

1960 3589 2136 3646 sueris
2194 3598 2404 3656 septem
2481 3587 2731 3640 locernas
2769 3593 2835 3650 ,η
2893 3595 3085 3638 contra
3146 3599 3264 3638 eam
3323 3592 3557 3653 partem,

1965 3697 2124 3754 quam
2151 3679 2536 3735 candelabrum
2569 3677 2815 3746 respicit,
2845 3675 3028 3730 lucere
3050 3676 3352 3732 debebunt.
3378 3675 3560 3731 Fecit-

1965 3791 2071 3846 que
2096 3772 2303 3841 Aaron,
2329 3783 2384 3828 et
2407 3772 2668 3841 imposuit
2695 3770 2942 3823 lucernas
2968 3785 3130 3839 super
3147 3769 3560 3834 candelabrum,

1969 3878 2027 3923 ut
2056 3873 2390 3937 przeceperat
2416 3863 2678 3918 Dominus
2710 3861 2864 3915 Mosi.
2917 3861 3041 3917 llxcc
3090 3872 3271 3918 autem
3303 3871 3420 3916 erat
3448 3860 3563 3917 fac-

1972 3976 2090 4020 tura
2121 3961 2456 4027 candelabri,
2487 3976 2556 4016 ex
2579 3975 2715 4015 auro
2747 3963 2959 4027 ductili,
2986 3969 3094 4015 tam
3140 3961 3350 4020 medius
3371 3965 3560 4036 stipes,

1971 4073 2131 4129 quam
2164 4067 2358 4112 cuncta
2385 4070 2506 4124 quze
2525 4071 2592 4110 ex
2619 4063 2849 4128 utroque
2877 4055 3209 4112 ealamorum
3245 4058 3416 4114 latere
3437 4073 3562 4113 nas-

1977 4153 2244 4208 cebantur
2277 4168 2292 4213 ;
2321 4150 2476 4220 juxta
2506 4154 2812 4222 exemplum
2839 4152 2987 4224 quod
3036 4153 3271 4207 ostendit
3305 4154 3568 4211 Dominus

1973 4245 2128 4312 Mosi,
2164 4244 2232 4296 ita
2262 4253 2518 4314 operatus
2542 4253 2624 4298 est
2647 4245 3054 4300 candelabrum.
3106 4243 3190 4316 [8.
3249 4245 3438 4311 XVIII,
3497 4245 3562 4302 C.

1970 4337 2140 4411 XXI.]
2168 4337 2232 4392 Et
2261 4336 2471 4391 locutus
2515 4348 2597 4392 est
2631 4336 2898 4392 Dominus
2949 4336 3014 4392 ad
3069 4338 3278 4406 Mosen,
3329 4337 3565 4394 dicens:

1971 4434 2123 4489 Tolle
2174 4432 2394 4489 Levitas
2415 4431 2482 4488 de
2511 4433 2690 4488 medio
2723 4430 2956 4486 ﬁliorum
2996 4431 3184 4496 Israel,
3233 4443 3287 4487 et
3312 4431 3568 4502 puriﬁca-

342 4577 367 4604 ι
401 4566 459 4621 In
486 4565 649 4620 editis
677 4580 737 4618 ac
766 4579 897 4619 mss.
929 4562 1135 4637 aliquot
1165 4561 1323 4637 libris
1349 4572 1649 4637 scqunn_t_ur
1676 4563 1860 4632 ishrec,
1897 4573 1946 4634 D
1971 4569 2107 4622 dices
2135 4568 2204 4620 ad
2226 4583 2362 4629 cum,
2389 4574 2444 4618 ut
2469 4581 2586 4619 cum
2609 4567 2837 4637 posuerit
2865 4574 3058 4637 septem
3086 4566 3347 4630 lucernas,
3379 4567 3570 4622 caude-

268 4639 643 4693 caudelabrum
691 4638 742 4689 in
793 4633 1011 4689 australi
1058 4643 1206 4708 parte
1251 4635 1493 4708 erigatur.
1543 4633 1660 4688 Hoc
1703 4637 1866 4708 igitur

268 4711 514 4782 principe,
540 4720 595 4762 ut
629 4711 852 4762 lucerna!
879 4715 1059 4760 contra
1073 4707 1285 4782 boream
1309 4722 1336 4782 ς
1357 4707 1869 4782 regioneresfniciaut

270 4776 338 4835 ad
373 4776 605 4852 mensam
646 4797 841 4852 panum
876 4778 1258 4852 prapositiouis.
1301 4776 1449 4852 Quze
1475 4778 1636 4852 verba
1668 4781 1718 4833 iu
1750 4782 1864 4836 edi-

273 4854 422 4908 tione
475 4849 768 4907 Biblio'rum
826 4865 1046 4904 suormn
1109 4849 1749 4920 liohertusStephanus,
1808 4867 1873 4910 ac

273 4925 532 4994 Theologi
563 4923 926 4994 Lmanieuses
950 4920 1110 4994 obelo
1139 4931 1507 4994 put-notarunt
1533 4942 1544 4974 :
1574 4921 1734 4990 idque
1761 4939 1875 4981 me-

277 4995 403 5063 rito,
447 4989 656 5050 nullum
701 4992 847 5048 enim
894 4989 1245 5064 additamenti
1275 4989 1439 5060 hujus
1467 4989 1749 5064 vestigium
1780 5013 1878 5052 ex-

275 5077 386 5122 stat
425 5083 522 5123 nec
567 5069 620 5121 in
661 5079 866 5120 canone
906 5063 1073 5118 Hebr.
1121 5064 1277 5117 verit.
1315 5079 1411 5118 nec
1455 5064 1505 5117 in
1542 5065 1725 5121 multis
1757 5069 1877 5122 aliis

277 5139 485 5194 Latinis
515 5137 790 5192 codicibus
821 5135 1202 5192 vetustissimis
1231 5147 1285 5189 et
1324 5136 1543 5203 Optimae
1573 5146 1717 5192 uotae
1750 5151 1876 5204 puta

279 5211 482 5282 Regiis,
517 5211 872 5282 tLolbertiuis,
905 5207 1344 5282 Corbeiensibns,
1383 5207 1438 5264 S.
1471 5207 1656 5282 Germ.
1693 5227 1718 5261 a
1750 5211 1879 5265 Pra-

283 5279 384 5350 tis,
415 5293 518 5338 etc.
566 5281 673 5340 Sed
708 5294 882 5349 neque
909 5279 1108 5348 aliquid
1153 5282 1337 5332 borum
1373 5281 1612 5348 reperies
1647 5283 1694 5334 iu
1732 5291 1880 5337 textu

287 5355 536 5421 Hebraeo,
563 5355 648 5408 vel
679 5351 732 5407 in
764 5350 1259 5406 Samaritanoznon
1289 5350 1522 5420 denique
1548 5353 1686 5421 apud
1717 5353 1884 5408 inter-

285 5436 468 5496 pretes
500 5419 664 5489 LXX,
697 5421 911 5496 tlhald.,
937 5422 1059 5488 Syr.
1088 5433 1181 5477 aut
1210 5423 1367 5476 Arab.
1400 5419 1737 5496 Crediderim
1771 5441 1885 5481 ma-

281 5493 391 5567 jori
420 5513 486 5551 ex
521 5507 675 5568 parte
705 5493 1222 5568 fuissemntuatac
1251 5509 1368 5568 cap.
1406 5510 1473 5548 χι,
1506 5495 1704 5561 Exodi,
1740 5511 1884 5553 vers.

286 5566 376 5630 2:2,
419 5566 999 5639 huc'gveroktranslata
1026 5567 1210 5636 paucis
1240 5566 1304 5639 ad
1335 5581 1554 5620 sensum
1587 5570 1803 5639 mutatis
1835 5580 1890 5624 et

287 5633 674 5709 superadditis.
704 5633 843 5694 Huic
871 5633 1194 5707 conjectum
1239 5637 1377 5691 favet
1407 5640 1700 5707 ipsummet
1733 5637 1889 5693 addi-

291 5725 613 5777 tamentum,
661 5709 801 5781 quod
846 5725 950 5764 non
996 5725 1102 5764 uno
1134 5710 1316 5777 modo,
1346 5723 1443 5764 nec
1474 5709 1676 5764 eisdem
1709 5711 1892 5767 verbis

290 5794 610 5854 conceptum
646 5784 915 5854 ιαμβι-ηυγ
944 5784 994 5835 in
1038 5796 1164 5854 is.
1205 5781 1334 5836 Nam
1368 5783 1417 5854 in
1451 5781 1642 5854 codice
1673 5798 1826 5837 num.
1859 5785 1892 5839 5

293 5856 352 5912 S.
386 5849 642 5912 Germani
674 5867 703 5908 a
735 5849 909 5909 l‘ratis
941 5857 1011 5909 ita
1042 5851 1271 5925 legimus
1302 5869 1316 5906 :
1353 5851 1584 5924 Loquere
1611 5849 1813 5923 Aaron,
1843 5864 1893 5911 et

1975 4640 2175 4696 labrum
2213 4641 2264 4692 in
2292 4637 2510 4691 australi
2538 4636 2682 4708 parte
2719 4636 2904 4705 erigat.
2938 4636 3052 4690 Hoc
3083 4637 3242 4706 igitur
3274 4639 3490 4710 prcecipe
3520 4649 3576 4693 ut

1977 4712 2200 4765 lucerna:
2229 4720 2408 4762 contra
2439 4712 2641 4763 boream
2671 4726 2697 4762 ε
2723 4711 2927 4778 regione
2953 4710 3226 4779 respiciunt
3255 4710 3324 4763 ad
3348 4727 3575 4766 mensam

1980 4800 2170 4853 panum
2202 4780 2600 4853 propositionis;
2639 4791 2815 4853 contra
2851 4797 2974 4853 eam_
2991 4791 3208 4850 portent,
3241 4797 3356 4850 qua:
3381 4782 3576 4837 mnda-

1982 4850 2183 4909 labrum
2206 4850 2436 4922 respicit,
2462 4851 2632 4923 tucere
2658 4851 2929 4907 debebunt.
2957 4850 3012 4905 In
3037 4853 3142 4905 alio
3165 4862 3342 4923 autem
3365 4853 3572 4923 codice,

1984 4943 2040 4981 n.
2071 4926 2103 4980 5
2130 4941 2148 4978 :
2175 4923 2408 4993 Loquere
2438 4922 2707 4997 Aarou,_et
2737 4923 2872 4976 dices
2902 4924 2970 4997 ad
2999 4937 3113 4978 eum
3144 4937 3161 4978 :
3191 4922 3322 4977 Cum
3348 4922 3580 4997 posueris

1983 5010 2176 5070 septeni
2205 4997 2440 5070 lucernas
2468 4994 2918 5070 caudelqbrorum,
2947 4996 3000 5050 in
3029 4997 3250 5070 austrati
3277 4994 3425 5067 parte
3449 5000 3586 5070 erige

1981 5066 2088 5124 eas.
2127 5067 2239 5122 Hoc
2266 5066 2424 5140 igitur
2451 5068 2696 5140 prmcepit
2725 5076 2778 5120 ut
2809 5067 3055 5133 lucorum,
3079 5079 3183 5121 etc.
3211 5066 3380 5123 Perro
3413 5071 3464 5124 in
3494 5066 3584 5124 ea-

1984 5155 2128 5197 none
2156 5152 2348 5194 sensus
2379 5139 2481 5194 istc
2517 5149 2620 5204 est,
2660 5153 2780 5192 cum
2813 5141 3060 5208 posueris
3091 5139 3362 5205 lucernas,
3395 5157 3584 5198 versus

1983 5227 2104 5266 eam
2132 5221 2339 5280 partem
2373 5226 2490 5280 quae
2519 5211 2813 5280 respondet.
2841 5210 3006 5265 fronti
3035 5211 3373 5279 candelabri,
3403 5213 3586 5270 lucere

1985 5285 2276 5356 debebunt,
2324 5282 2376 5336 id
2423 5294 2524 5348 est,
2569 5293 2767 5347 rostra,
2810 5283 3106 5356 inquibus
3135 5283 3402 5356 ellychnia
3436 5296 3584 5354 sunt,

1987 5355 2255 5411 habebunt
2288 5367 2592 5408 antrorsum
2621 5353 2938 5421 spectantia.
2969 5355 3146 5410 Μλιιτ.

2059 5455 2130 5468 -
2163 5424 2394 5484 Urbinas
2434 5442 2534 5479 ms.
2589 5424 2774 5490 addit,
2826 5425 3200 5481 candelabrum
3243 5429 3299 5481 in
3351 5427 3586 5482 Austro“

2035 5511 2143 5553 arte
2169 5501 2350 5568 erigat.
2385 5495 2500 5550 Hoc
2524 5497 2682 5567 igitur
2735 5499 2974 5567 precipe,
3023 5511 3075 5552 ut
3127 5500 3352 5553 lucerme
3403 5508 3590 5553 contra

2049 5585 2274 5644 oreamc
2295 5569 2808 5644 regionerespiciant
2837 5573 3163 5644 adprensum
3217 5587 3410 5644 panum
3462 5583 3587 5644 pro-

1998 5642 2323 5712 positionis;
2379 5639 2522 5709 quod
2579 5641 2795 5710 quidem
2853 5639 3276 5697 additamentum
3323 5651 3376 5696 ct
3424 5639 3590 5709 paulo

1998 5713 2230 5767 diversis
2263 5712 2441 5768 verbis
2464 5713 2516 5766 in
2549 5712 2672 5768 aliis
2717 5728 2848 5767 mss.
2882 5713 3224 5769 Munianicus
3251 5714 3477 5779 invenit,
3537 5724 3592 5772 et

2039 5784 2297 5860 rzeferunt
2333 5783 2540 5860 Vulgati
2565 5783 2712 5847 libri,
2754 5783 2964 5852 jamdiu
2996 5800 3122 5840 vero
3180 5785 3307 5839 olim
3353 5785 3592 5860 theologi

2046 5856 2369 5912 ovanienses
2400 5854 2561 5913 obolo
2589 5864 2982 5926 praenotarunt.
