3912 6348
483 279 591 340 559

1499 274 1560 333 S.
1601 272 1995 333 HIERONYMI
2032 270 2262 333 DIVINA
2298 269 2778 332 BIBLIOTHECA.

3642 278 3732 337 560

487 393 573 450 bis
599 408 693 449 eos
718 392 873 463 juxta
903 390 1049 448 hunc
1079 390 1243 448 ritum
1278 392 1691 465 :Aspergantur
1710 408 1845 462 aqua
1890 393 2083 449 Iustra-
2111 396 2162 459 Α
2191 392 2410 449 faciant.
2465 392 2555 449 Sic
2608 391 2869 460 disponas
2930 388 3137 446 Levitis
3194 387 3248 444 in
3305 389 3551 448 custodiis
3614 396 3733 451 suis.

485 484 670 551 tionis,
700 494 756 541 et
784 484 973 540 radaut
1002 500 1192 555 omnes
1234 485 1369 556 pilos
1411 486 1593 543 carnis
1641 501 1775 541 suat.
1833 486 2080 558 Cumque

486 576 722 635 laverint
773 578 1096 635 vestimenta
1128 593 1247 646 sua,
1277 588 1332 634 et
1354 578 1600 635 mundati
1632 577 1856 646 fuerint,
1886 580 2082 635 tollant

488 674 682 732 bovem
714 672 785 730 de
822 683 1092 743 armento,
1146 682 1203 730 et
1260 673 1616 729 libamentum
1672 673 1793 745 ejus
1845 673 2080 731 similam

488 766 615 824 oleo
666 782 1071 839 conspersam:
1124 767 1315 841 bovem
1360 754 1553 821 autem
1588 767 1824 823 alterum
1875 766 1943 823 de
1996 781 2084 821 ar-

488 870 675 919 mento
698 871 755 918 tu
782 862 1015 932 accipies
1042 876 1143 933 pro
1166 871 1414 932 peccato,
1449 869 1505 917 et
1541 861 1845 933 applicabis
1868 862 2082 919 Levitas

487 970 671 1011 coram
701 954 1056 1011 tabernacqu
1086 954 1328 1020 foederis.
1380 964 1677 1012 convocata
1720 955 1870 1012 omni
1899 956 2083 1011 multi-

487 1049 675 1107 tudine
729 1049 964 1105 ﬁliorum
1022 1050 1210 1106 Israel.
1241 1048 1490 1122 Cumque
1526 1050 1731 1105 Levita:
1755 1049 1954 1106 fuerint
1985 1065 2082 1105 co-

488 1157 603 1199 ram
634 1142 885 1208 Domino,
928 1152 1131 1214 ponent
1162 1142 1257 1199 ﬁlii
1288 1142 1453 1200 Israel
1502 1158 1693 1199 manus
1744 1157 1871 1199 suas
1917 1158 2084 1215 super

487 1249 601 1291 eos.
637 1235 706 1290 Et
728 1234 923 1292 offeret
959 1235 1037 1309 [h.
1070 1235 1329 1309 elevabit]
1374 1236 1554 1292 Aaron
1596 1236 1833 1305 Levitas,
1884 1252 2083 1293 munus

485 1329 540 1386 in
567 1339 865 1402 conspectu
886 1330 1147 1387 Dominia
1180 1331 1307 1388 ﬁliis
1338 1330 1527 1398 Israel,
1554 1340 1613 1387 ut
1632 1331 1875 1387 serviant
1898 1330 1950 1385 in
1982 1331 2085 1387 mi-

486 1423 717 1479 nisterio
750 1424 887 1494 ejus.
914 1424 1116 1481 Levita:
1142 1440 1359 1496 quoque
1386 1431 1592 1496 ponent
1622 1438 1815 1480 manus
1836 1437 1963 1479 suas
1993 1438 2084 1478 su-

484 1532 583 1590 per
610 1517 787 1589 capita
816 1517 1006 1582 boum,
1031 1533 1063 1574 e
1090 1519 1286 1590 quibus
1314 1534 1480 1574 unum
1509 1517 1673 1575 facies
1704 1533 1804 1590 pro
1836 1527 2080 1588 peccato,

487 1622 543 1669 et
592 1612 824 1668 alterum
873 1613 924 1668 in
972 1612 1350 1669 holocaustum
1411 1612 1649 1679 Domini,
1681 1621 1740 1667 ut
1765 1612 2083 1683 depreceris

482 1722 583 1780 pro
621 1707 723 1766 eis.
764 1707 1093 1779 Statuesque
1140 1707 1357 1764 Levitas
1402 1708 1456 1763 in
1483 1718 1778 1777 conspectu
1810 1708 1992 1763 Aaron
2027 1717 2082 1763 et

2260 484 2347 556 [Τ.
2378 484 2467 552 v1,
2515 483 2575 538 Β.
2610 483 2735 548 xx,
2767 482 2829 539 c.
2876 481 3028 548 XIX,
3078 480 3206 555 Cap.
3254 480 3368 555 IX.]
3412 482 3633 539 Locotus
3666 495 3737 542 est

2189 578 2458 635 Dominus
2495 580 2564 636 ad
2593 580 2779 637 Mosen
2813 579 2866 633 in
2897 577 3122 635 deserto
3170 576 3339 644 Sinai,
3368 580 3739 636 anno-secundo

2185 682 2471 745 postquam
2527 673 2734 746 egressi
2782 681 2909 728 sunt
2967 671 3037 728 de
3093 680 3233 727 terra
3286 669 3540 743 (Egypti.
3577 689 3742 730 mense

2185 767 2383 839 primo,
2412 768 2602 824 dicens
2629 786 2644 825 :
2676 766 2905 825 Faciant
2925 765 3025 822 ﬁlii
3048 764 3217 822 Israel
3254 763 3423 821 Phase
3442 766 3493 821 in
3525 775 3743 838 tempore

2184 877 2304 930 suo,
2335 861 2735 934 quartadecima
2769 861 2859 917 die
2898 858 3102 917 mensis
3141 858 3299 930 hujus
3336 858 3401 915 ad
3444 873 3742 930 vesperam,

2181 957 2333 1029 juxta
2363 972 2554 1014 omnes
2584 958 2941 1013 ca-remnnias
2965 965 3019 1011 et
3036 953 3448 1027 jusﬁﬁcationes
3467 952 3597 1023 ejus.
3618 952 3746 1010 Prae-

2185 1052 2436 1124 cepitque
2481 1052 2656 1109 Moses
2700 1052 2832 1108 ﬁliis
2873 1050 3059 1117 Israel,
3096 1058 3155 1105 ut
3181 1048 3418 1104 facerent
3444 1046 3630 1104 Phase.
3657 1048 3746 1118 Qui

2183 1144 2432 1201 fecerunt
2474 1153 2718 1215 tempore
2740 1159 2839 1201 suo
2870 1163 2884 1200 :
2927 1142 3335 1216 quartadecima
3361 1140 3447 1197 die
3475 1140 3663 1197 mensis
3690 1142 3747 1198 ad

2185 1253 2492 1310 vesperam,
2524 1237 2579 1295 in
2604 1247 2787 1295 monte
2807 1238 2953 1295 Sinai
2978 1236 3059 1309 [h.
3086 1236 3137 1291 in
3160 1236 3379 1292 deserto
3402 1232 3584 1307 Sinai].
3606 1234 3748 1290 quta

2186 1333 2365 1387 omnia
2396 1348 2516 1404 qua:
2545 1332 2895 1388 mandaverat
2924 1328 3186 1385 Dominus
3215 1327 3375 1398 Mosi,
3405 1327 3636 1384 fecerunt
3670 1328 3751 1384 ﬁlii

2187 1424 2376 1481 Israel.
2404 1424 2486 1497 [C.
2513 1423 2707 1498 ΗΜ
2728 1424 2868 1480 Ecce
2888 1432 3066 1479 autem
3089 1421 3305 1493 quidam
3328 1419 3582 1476 immundi
3606 1436 3751 1491 super

2185 1519 2363 1575 anima
2396 1516 2648 1586 hominis,
2680 1519 2768 1589 qni
2799 1532 2904 1574 non
2932 1526 3180 1589 poterant
3209 1516 3391 1571 facere
3420 1514 3653 1570 Phasein
3676 1514 3752 1570 die

2186 1613 2301 1678 illo,
2332 1613 2652 1670 accedentes
2673 1612 2739 1668 ad
2768 1613 2954 1669 Mosen
2979 1620 3035 1667 et
3063 1613 3245 1667 Aaron
3269 1608 3522 1667 dixerunt
3539 1608 3640 1663 eis:
3664 1605 3755 1661 lm-

2183 1706 2370 1763 mundi
2394 1722 2582 1763 sumus
2601 1721 2766 1777 super
2787 1707 2967 1763 anima
2989 1706 3243 1762 hominis.
3267 1706 3453 1772 Quare
3473 1702 3757 1759 fraudamur

486 1800 719 1857 ﬁliorum
748 1800 866 1872 ejus
894 1809 951 1857 et
976 1799 1324 1858 consecrabis
1355 1800 1573 1856 oblatos
1603 1799 1855 1867 Domino,
1905 1814 1968 1855 ac
1993 1815 2080 1854 se-
2112 1802 2162 1863 B
2187 1810 2246 1857 ut
2284 1815 2388 1856 non
2420 1800 2700 1856 valeamus
2735 1799 2933 1857 offerre
2965 1799 3297 1856 oblationem
3318 1797 3547 1853 Domino
3567 1797 3617 1851 in
3639 1804 3757 1852 tem—

488 1895 705 1965 parabis
753 1893 822 1951 de
893 1895 1072 1952 medio
1140 1894 1374 1951 ﬁliorum
1422 1893 1587 1950 Israel
1620 1934 1635 1960 ,
1691 1904 1751 1950 ut
1795 1893 1904 1949 sint
1950 1894 2079 1949 mei.

487 1988 554 2045 Et
599 1999 783 2060 postea
826 1988 1199 2061 ingredientur
1233 1990 1646 2047 tabernaculum
1683 1999 1709 2028 α
1744 1989 1959 2046 hederis
1988 1989 2080 2063 [h.

489 2096 709 2155 semper
770 2084 933 2141 habet
1003 2084 1411 2142 tabernaculum
1468 2085 1684 2158 placiti]
1735 2096 1793 2142 ut
1842 2087 2086 2142 serviant

487 2174 643 2232 mihi.
675 2176 878 2248 Sicque
912 2176 1228 2248 puriﬁcabis
1255 2186 1311 2235 et
1348 2179 1699 2236 consecrabis
1721 2195 1817 2235 eos
1848 2179 1901 2234 in
1932 2178 2085 2235 obla-

490 2269 694 2326 tionem
741 2269 954 2327 Domini
989 2270 1078 2344 [h.
1127 2286 1235 2328 non
1288 2271 1452 2328 habet
1504 2272 1775 2346 Domini].
1829 2274 2083 2342 quoniam

489 2363 635 2421 dono
659 2362 845 2420 donati
869 2374 999 2419 sunt
1031 2363 1163 2421 mihi
1195 2381 1222 2421 a
1251 2364 1376 2421 ﬁliis
1403 2365 1592 2426 Israel.
1645 2366 1728 2439 [C.
1758 2365 1954 2439 XXII.]
1980 2365 2087 2422 Pro

490 2457 866 2530 primogenitis
890 2473 1013 2531 quas
1056 2459 1312 2530 aperiunt
1363 2476 1582 2518 omnem
1641 2460 1859 2516 vulvam
1908 2460 1963 2515 in
2012 2458 2089 2515 Is-

489 2549 628 2615 rael,
656 2549 842 2622 accepi
867 2565 981 2607 eos.
1016 2550 1132 2607 Mea
1154 2559 1282 2607 sunt
1309 2553 1492 2608 omnia
1535 2551 1895 2624 primogenita
1951 2550 2089 2607 ﬁlio-

489 2658 612 2701 rum
654 2642 855 2712 Israel,
907 2651 1018 2699 tam
1059 2658 1126 2700 ex
1176 2643 1488 2701 hominibus
1517 2660 1677 2716 quam
1709 2660 1777 2701 ex
1801 2644 2085 2715 jumentis.

489 2737 570 2793 Ex
599 2736 688 2793 die
715 2752 823 2809 quo
866 2738 1106 2808 percussi
1150 2753 1311 2794 omne
1363 2739 1788 2811 primogenitum
1847 2740 1901 2794 in
1944 2748 2086 2795 terra

490 2827 733 2901 Egypti,
763 2829 1226 2887 sanetitlcavi'eos
1255 2828 1385 2886 mihi
1413 2872 1426 2896 ,
1474 2841 1531 2887 et
1580 2831 1679 2887 tuli
1726 2830 1943 2886 Levitas
1988 2844 2088 2900 pro

490 2921 702 2976 cunctis
766 2918 1140 2991 primogenitis
1192 2920 1431 2976 ﬁliorum
1502 2920 1671 2976 Israel
1714 2939 1728 2977 :
1776 2919 2086 2991 tradidique

488 3027 583 3069 eos
612 3012 756 3069 dono
782 3013 962 3069 Aaron
992 3021 1048 3068 et
1068 3011 1192 3068 ﬁliis
1221 3012 1340 3084 ejus
1367 3013 1436 3069 de
1461 3012 1681 3071 medioh
1735 3013 1976 3070 ﬁliorum
2008 3013 2083 3070 ls-

486 3108 625 3177 rael,
673 3117 733 3164 ut
774 3107 1015 3165 serviant
1055 3106 1188 3163 mihi
1221 3124 1319 3179 pro
1367 3108 1493 3164 ﬁliis
1539 3106 1709 3164 Israel
1744 3109 1797 3164 in
1829 3108 2081 3165 taberna-

2188 1910 2318 1965 pore
2346 1909 2443 1950 suo
2466 1897 2606 1951 inter
2630 1894 2768 1950 ﬁlios
2800 1893 3002 1950 Israel?
3029 1892 3238 1973 Quibus
3264 1888 3548 1961 respondit
3569 1889 3756 1945 Moses:

2186 1987 2338 2046 State
2369 1998 2427 2043 ut
2453 1988 2733 2045 consulam
2763 1988 2893 2060 quid
2925 1986 3198 2059 praecipiat
3232 1985 3494 2042 Dominus
3518 1982 3584 2038 de
3603 1980 3756 2037 vobis.

2189 2081 2272 2157 [C.
2293 2082 2515 2157 XXVI]
2533 2084 2875 2155 Loeutusque
2889 2092 2972 2139 est
2987 2082 3248 2138 Dominus
3264 2081 3331 2135 ad
3351 2080 3557 2144 Mosen,
3570 2076 3760 2133 dicens:

2187 2175 2435 2248 L0quere
2463 2176 2588 2232 ﬁliis
2618 2176 2781 2232 Israel
2809 2194 2821 2231 :
2856 2176 3032 2231 IIomo
3057 2175 3146 2246 qui
3176 2172 3340 2230 fuerit
3365 2171 3664 2229 immundus
3684 2186 3762 2225 su-

2187 2284 2285 2341 per
2313 2269 2512 2334 anima,
2547 2269 2665 2324 sive
2692 2269 2746 2323 in
2770 2269 2855 2324 via
2880 2267 3068 2339 procul
3092 2268 3143 2322 in
3166 2275 3331 2338 gente
3356 2276 3553 2333 vestra,
3578 2276 3600 2305 ο
3622 2264 3766 2320 faciat

2188 2360 2365 2417 Phase
2398 2361 2627 2416 Domino
2665 2375 2849 2417 mense
2895 2359 3158 2428 secundo,
3210 2370 3408 2431 quarta
3452 2357 3651 2415 decima
3689 2356 3766 2412 die

2188 2454 2394 2509 mensis
2419 2453 2485 2508 ad
2514 2469 2824 2523 vesperam,
2855 2468 2979 2509 cum
3010 2452 3215 2524 azymis
3237 2461 3297 2508 et
3325 2452 3548 2508 lactucis
3576 2449 3769 2524 agresti-

2189 2547 2281 2603 (ma
2305 2547 2382 2620 [h.
2408 2563 2516 2603 non
2541 2547 2725 2622 habet]
2751 2547 3039 2605 comedent
3062 2547 3229 2604 illud:
3261 2563 3372 2603 non
3397 2547 3691 2618 relinquent
3710 2559 3767 2600 ex

2187 2657 2255 2698 eo
2281 2641 2556 2712 quidpiam
2586 2657 2759 2713 usque
2785 2657 2965 2710 mane,
2989 2651 3043 2698 et
3064 2657 3125 2697 os
3148 2641 3269 2713 ejus
3295 2657 3403 2697 non
3427 2639 3768 2709 confringant,

2187 2749 2403 2791 omnem
2436 2735 2598 2792 ritum
2627 2735 2804 2791 Phase
2835 2736 3218 2792 observabant.
3264 2736 3325 2793 Si
3359 2736 3482 2806 quis
3518 2742 3690 2789 autem
3724 2740 3772 2787 et

2188 2831 2422 2887 mundus
2444 2840 2547 2898 est,
2574 2842 2626 2888 et
2653 2832 2707 2887 in
2736 2833 2931 2889 itinere
2958 2848 3066 2887 non
3093 2832 3215 2898 fuit,
3238 2842 3298 2889 et
3326 2844 3510 2890 tamen
3537 2849 3640 2888 non
3664 2828 3774 2887 fecit

2188 2924 2386 2991 Phase,
2437 2926 2893 2982 exterminabitur
2934 2926 3113 2983 anima
3166 2926 3255 2982 illa
3307 2926 3377 2983 de
3418 2926 3624 2998 populis
3650 2923 3769 2990 suis,

2187 3017 2311 3088 quia
2357 3019 2682 3075 sacriﬁcium
2731 3018 2962 3074 Domino
3011 3035 3117 3076 non
3144 3019 3349 3076 obtulit
3378 3028 3622 3089 tempore
3648 3030 3771 3071 suo:

2188 3122 2474 3183 peccatum
2512 3129 2669 3170 suum
2712 3114 2830 3186 ipse
2872 3115 3130 3186 portabit.
3171 3112 3554 3187 Peregrinustl
3580 3125 3775 3182 quoque

489 3202 613 3259 culo
633 3201 854 3260 foederis
882 3213 939 3258 et
968 3210 1129 3258 orent
1157 3216 1253 3273 pro
1271 3202 1369 3271 eis,
1405 3217 1474 3259 ne
1498 3202 1569 3258 sit
1599 3202 1654 3256 in
1683 3202 2075 3275 populoplaga,
2104 3207 2149 3272 C
2181 3215 2237 3262 et
2262 3207 2467 3264 advena
2498 3208 2542 3263 si
2573 3208 2734 3264 fuerit
2759 3208 2901 3279 apud
2931 3224 3027 3265 vos
3077 3209 3155 3283 [h.
3188 3209 3404 3265 advena
3444 3223 3653 3278 quoque
3694 3207 3775 3278 qui

486 3296 529 3351 si
565 3295 685 3351 ausi
710 3294 914 3351 fuerint
935 3293 1196 3351 accedere
1218 3293 1681 3352 ad‘sauctuarium
1730 3294 1810 3368 [h.
1850 3304 1906 3352 et
1929 3305 2088 3353 orent

479 3407 582 3465 pro
612 3391 734 3448 ﬁliis
760 3391 947 3461 Israel,
973 3407 1041 3449 ne
1071 3393 1143 3449 sit
1173 3392 1229 3449 in
1258 3392 1386 3449 ﬁliis
1408 3392 1571 3449 Israel
1604 3394 1785 3465 plaga,
1834 3409 1957 3450 cum
1990 3410 2085 3451 ac-

489 3486 757 3542 cesserint
781 3484 879 3541 ﬁlii
909 3486 1079 3543 Israel
1122 3486 1192 3542 ad
1242 3486 1654 3561 sanctuarium].
1712 3487 2087 3561 Feceruntque

489 3579 670 3636 Moses
692 3589 745 3636 et
768 3581 949 3637 Aaron
990 3589 1046 3637 et
1069 3581 1251 3637 omnis
1296 3582 1588 3639 multitudo
1635 3582 1875 3639 ﬁliorum
1919 3584 2085 3640 Israel

488 3688 651 3747 super
679 3674 881 3731 Levitis
911 3690 1031 3747 quae
1056 3684 1389 3748 praeceperat
1422 3676 1688 3733 Dominus
1715 3676 1853 3733 Mosi
1880 3694 1894 3732 :
1929 3676 2083 3749 puri-

489 3766 742 3839 ﬁcatique
771 3778 914 3834 sunt,
942 3775 1000 3823 et
1019 3768 1265 3825 laverunt
1292 3769 1620 3826 vestimenta
1651 3786 1771 3828 sua.
1812 3771 2084 3828 Elevavit-

489 3874 595 3931 que
624 3872 718 3915 eos
743 3858 929 3915 Aaron
958 3858 1013 3915 iu
1044 3870 1343 3931 conspectu
1382 3862 1618 3928 Domini,
1649 3874 1703 3919 et
1752 3864 1928 3920 oravit
1984 3880 2084 3936 pro

490 3951 593 4018 eis,
618 3960 678 4008 ut
702 3953 962 4023 puriﬁcati
993 3954 1414 4026 ingrederentur
1438 3955 1508 4012 ad
1539 3956 1717 4014 ofﬁcia
1746 3973 1842 4014 sua
1898 3958 1980 4032 [h.
2029 3969 2087 4015 ut

485 4044 921 4116 puriﬁcarentur.
953 4045 1021 4102 Et
1047 4057 1173 4118 post
1199 4049 1315 4105 haec
1358 4050 1589 4122 ingressi
1615 4052 1971 4108 suntLevitze
2013 4052 2080 4108 ad

483 4136 664 4195 ofﬁcia
687 4138 809 4211 sua]
838 4137 892 4194 in
925 4140 1338 4197 tabernaculum
1369 4141 1592 4199 {uideris
1648 4159 1834 4200 coram
1891 4148 2072 4201 Aaron

485 4239 543 4287 ct
572 4230 700 4288 ﬁliis
725 4231 866 4305 ejus.
887 4231 1040 4290 Sicut
1063 4242 1405 4305 praeceperat
1435 4235 1693 4292 Dominus
1717 4237 1849 4293 Mosi
1877 4238 1943 4294 de
1975 4237 2079 4295 Le-

485 4325 635 4392 vitis,
660 4324 733 4381 ila
760 4326 958 4382 factum
981 4335 1083 4383 est.
1134 4326 1219 4400 [Β.
1248 4325 1393 4401 XIX,
1451 4327 1518 4384 C.
1545 4327 1761 4402 XXIII.]
1817 4329 2082 4385 Locutus-

482 4433 590 4490 que
620 4418 879 4476 Dominus
898 4420 965 4476 ad
988 4420 1200 4488 Mosen,
1233 4419 1424 4477 dicens
1456 4438 1469 4474 :
1529 4420 1655 4478 Ilaec
1679 4433 1763 4477 est
1794 4422 1879 4478 lex
1923 4423 2081 4479 Levi-

483 4526 659 4573 tarum
692 4534 709 4573 :
740 4518 780 4573 A
802 4516 1252 4591 vigintiquinque
1279 4520 1437 4576 annis
1474 4529 1528 4577 et
1554 4534 1741 4592 supra,
1773 4522 2078 4594 ingredien-

2190 3302 2621 3373 peregrinabitur
2649 3301 2792 3373 apud
2821 3301 2962 3376 vos},
2993 3302 3153 3358 faciet
3174 3302 3357 3359 Phase
3389 3302 3616 3358 Domino
3638 3302 3773 3369 juxta

2186 3394 2541 3451 caeremonias
2573 3404 2630 3451 et
2663 3395 3083 3467 justiﬁcationes
3110 3394 3247 3466 ejus.
3278 3395 3619 3465 Praeceptum
3648 3391 3776 3447 idem

2186 3488 2291 3543 erit
2317 3487 2457 3556 apud
2481 3502 2575 3544 vos
2597 3497 2703 3544 tam
2756 3487 2979 3543 advenas
3001 3504 3161 3559 quam
3189 3487 3486 3560 indigenae.
3513 3485 3599 3561 [Β.
3625 3479 3778 3554 XXI.]

2186 3582 2352 3654 Igitur
2382 3583 2470 3639 die
2512 3601 2615 3651 qua
2666 3593 2912 3641 erectum
2956 3592 3041 3639 est
3089 3583 3529 3647 tabernaculum,
3584 3576 3783 3651 operuit

2186 3676 2323 3733 illttd
2357 3677 2548 3734 nubes.
2582 3679 2626 3732 A
2654 3692 2882 3747 vespere
2910 3686 3091 3732 autem
3126 3690 3294 3744 super
3339 3671 3636 3731 tentorium
3677 3676 3781 3725 erat

2185 3771 2337 3843 quasi
2381 3770 2588 3841 species
2632 3771 2771 3842 ignis
2818 3785 2987 3841 usque
3024 3784 3201 3824 mane.
3229 3768 3327 3826 Sic
3361 3768 3531 3824 ﬁebat
3554 3763 3781 3837 jugiter:

2187 3882 2284 3938 per
2315 3865 2456 3922 diem
2490 3866 2771 3935 operiebat
2802 3865 2930 3921 illud
2964 3864 3158 3933 nnbcs,
3187 3871 3242 3918 et
3270 3879 3372 3935 per
3395 3870 3611 3919 noctem
3643 3855 3780 3925 quasi

2184 3959 2394 4031 species
2422 3957 2578 4030 ignis.
2616 3956 2699 4031 [Β.
2736 3955 2902 4022 XXII,
2934 3958 2999 4013 C.
3041 3954 3287 4029 XXVII]
3336 3956 3587 4026 Cumque
3626 3949 3786 4007 ablata

2183 4050 2379 4108 fuisset
2423 4052 2594 4108 nubes
2643 4067 2763 4122 qua:
2815 4051 3226 4109 tabernaculum
3278 4048 3633 4122 protegebat,
3674 4054 3788 4099 tunc

2185 4145 2663 4215 proﬁciscebantur
2703 4144 2801 4200 ﬁlii
2841 4145 3031 4213 Israel,
3063 4153 3119 4201 et
3162 4144 3214 4199 in
3258 4143 3389 4200 loco
3426 4142 3520 4198 ubi
3562 4138 3791 4196 stetisset

2187 4238 2382 4304 nubes,
2433 4237 2506 4293 ibi
2548 4238 3098 4294 castrametabantur.
3132 4237 3214 4293 Ad
3247 4236 3549 4308 imperium
3590 4226 3789 4289 Domini

2183 4330 2693 4402 proﬁciscebantur,
2734 4339 2792 4386 et
2829 4330 2897 4386 ad
2935 4330 3223 4403 imperium
3259 4330 3413 4384 illius
3452 4326 3692 4400 ﬁgebant
3720 4333 3792 4376 ta-

2182 4422 2535 4479 bernaculum
2558 4422 2638 4495 [h.
2667 4421 3248 4496 castrametabantur].
3284 4420 3523 4478 Cunctis
3570 4418 3787 4479 diebus,

2183 4505 2381 4580 quibus
2409 4506 2589 4562 stabat
2615 4507 2786 4563 nubes
2812 4522 2977 4577 super
3006 4504 3427 4562 tabernaculum
3450 4545 3468 4572 ,
3510 4502 3795 4560 manebant

480 4618 592 4681 tur,
625 4621 681 4667 ttt
710 4612 1020 4670 ministrent
1044 4613 1098 4668 in
1139 4614 1485 4671 tabernaculo
1532 4615 1775 4673 foederis.
1832 4592 2078 4689 Cumque

2188 4592 2237 4648 in
2269 4595 2460 4651 eodem
2495 4597 2615 4651 loco
2635 4612 2651 4662 ;
2670 4605 2725 4651 et
2751 4596 2799 4652 si
2825 4596 3101 4651 evenisset
3130 4604 3189 4649 ut
3210 4595 3396 4651 multo
3421 4606 3670 4665 tempore
3690 4602 3794 4681 tua-

477 4704 985 4777 quinquagesimum
1012 4721 1211 4762 annum
1240 4709 1418 4763 aetatis
1459 4708 1826 4781 impleveriut,
1871 4711 2077 4771 servire

478 4797 775 4854 cessabunt
801 4814 816 4856 :
841 4809 1110 4871 eruntque
1136 4800 1371 4858 ministri
1407 4803 1632 4860 fratrum
1662 4820 1883 4862 suorum
1913 4808 1964 4862 in
1989 4816 2072 4864 ta-

479 4888 780 4947 beruaculo
832 4890 1059 4950 fcederis
1083 4936 1098 4961 ,
1154 4904 1213 4951 ut
1240 4896 1554 4955 custodiant
1592 4916 1715 4971 quas
1743 4899 1847 4956 sibi
1872 4900 2076 4959 fuerint

476 4985 883 5055 commendata,
934 5003 1105 5060 opera
1130 5000 1312 5048 autem
1338 4992 1454 5064 ipsa
1487 4992 1566 5065 [h.
1600 5009 1706 5050 non
1736 4993 1921 5068 habet]
1960 5012 2071 5054 non

550 5109 577 5138 ³
619 5100 802 5159 Monet
842 5100 929 5177 hic
968 5101 1216 5177 scholion
1261 5105 1580 5177 marginale.
1616 5116 1822 5164 textum
1854 5108 2076 5166 Hebraio

475 5187 638 5250 cum._
668 5188 765 5243 pro
800 5173 1135 5250 tabernaculo
1162 5173 1401 5250 fmderis',
1429 5194 1660 5250 [semper
1689 5178 1890 5236 habere
1916 5181 2081 5236 taber-

480 5245 724 5323 naculum
753 5245 955 5320 placiti.
984 5244 1044 5301 In
1074 5244 1309 5303 Hebraeo
1350 5244 1582 5321 quidem“
1603 5252 1835 5322 legimus
1865 5268 2081 5323 semper

477 5343 626 5419 '1th
647 5321 787 5419 bna,
806 5338 923 5393 ohel
943 5338 1093 5393 moed
1114 5355 1134 5394 :
1152 5343 1491 5419 m_t:,_m_oed
1512 5360 1642 5401 vero
1663 5321 1730 5400 ab
1752 5321 2079 5419 Hieronymo

478 5406 732 5492 placitum
772 5409 1160 5492 interpretatur
1197 5406 1349 5492 lily]
1380 5414 1585 5492 Regum
1628 5432 1746 5488 cap.
1778 5434 1869 5486 xx,
1901 5406 1991 5486 55,
2025 5430 2080 5476 et

477 5479 666 5559 alibi“:
702 5482 847 5538 unde
875 5496 997 5559 non
1017 5482 1375 5559 improbabile
1404 5479 1639 5545 su'mitur
1668 5479 2070 5559 argumentum,

477 5550 687 5626 scholia
719 5553 1035 5626 marginalia
1062 5550 1287 5610 canonis
1320 5558 1455 5614 Heb.
1485 5563 1647 5617 verit.
1671 5550 1948 5618 auctorem
1976 5550 2072 5619 ha;

475 5620 663 5700 buisse
690 5620 941 5684 eumd'em
963 5624 1386 5700 Hieronymum.
1422 5630 1596 5687 Mser.

547 5698 782 5756 —Idem
802 5714 932 5769 ms.,
953 5697 1336 5770 ingrediantur.
1370 5700 1524 5770 Quod
1548 5714 1773 5760 aunotat
1803 5705 2079 5763 Scholias-

479 5775 562 5850 tes
588 5785 804 5850 semper
851 5770 1187 5850 it_t__llebrmo
1228 5771 1414 5850 haberi
1463 5774 1846 5832 tabernaculum
1873 5780 2075 5850 placiti,

476 5837 532 5895 id
561 5849 645 5897 est
669 5851 833 5916 1m,
880 5842 1246 5915 Hieronymus
1278 5844 1603 5919 plerumque
1645 5837 1945 5921 testimoriii,
1985 5837 2083 5908 aut

2186 4684 2341 4732 neret
2360 4691 2527 4746 super
2549 4676 2700 4740 illud,
2723 4685 2878 4731 erant
2901 4674 2998 4730 ﬁlii
3023 4674 3186 4730 Israel
3206 4675 3258 4729 in
3283 4677 3545 4732 excubiis
3567 4666 3791 4730 Domini,

2185 4766 2239 4812 et
2260 4771 2366 4813 non
2393 4756 2883 4828 proﬁciscebantur
2903 4765 3169 4826 quotquot
3189 4755 3391 4812 diebus
3415 4758 3615 4813 luisset
3636 4751 3795 4808 nubes

2182 4828 2346 4907 super
2377 4836 2806 4895 tabernaculum.
2840 4836 2924 4894 Ad
2955 4836 3238 4907 imperium
3262 4836 3493 4893 Domini
3523 4834 3795 4905 erigebant

2182 4918 2411 4973 tentoria
2441 4917 2519 4991 [h.
2549 4917 3055 4988 proﬁciscebantur,
3093 4924 3149 4972 et
3168 4914 3235 4970 ad
3258 4916 3565 4987 imperium
3592 4912 3795 4972 Domini

2181 4996 2730 5072 castrametabantur]
2746 5040 2763 5067 ,
2786 5009 2840 5055 et
2855 4997 2925 5054 ad
2947 4997 3233 5067 imperium
3254 4998 3412 5056 illius
3433 4997 3795 5071 deponebant.

2189 5113 2397 5195 foederis
2422 5114 2608 5195 vertit,
2642 5112 2818 5195 rarius
2834 5112 3046 5184 ‘placiti.
3096 5113 3163 5169 Et
3185 5114 3581 5195 1)ott_tit_tamen
3605 5130 3671 5195 es
3701 5111 3797 5167 hoc

2185 5184 2307 5254 ipso
2330 5196 2519 5256 putare
2548 5186 2893 5242 Martianaaus
2920 5194 3202 5243 auctorem
3223 5184 3579 5243 seholiorum
3606 5186 3793 5241 Hiero-

2183 5270 2652 5455 :ygllliltwmgatis,
2677 5329 2742 5385 de
2765 5329 2937 5385 medio
2971 5331 3174 5403 populi,
3205 5338 3261 5386 ut
3288 5331 3530 5388 serviant
3549 5330 3677 5387 mihi
3705 5344 3795 5401 pro

2219 5417 2337 5455 arae
2365 5440 2380 5455 .

2219 5417 2439 5529 sanitas.
2490 5482 2547 5531 et
2569 5487 2766 5540 canon,
2802 5474 2979 5546 faciet,
3020 5473 3181 5547 phase
3210 5473 3475 5543 Domini;
3503 5473 3650 5548 quod
3677 5487 3798 5546 per-

2180 5563 2306 5638 inde
2335 5574 2440 5633 est,
2474 5566 2597 5636 quia
2624 5549 2800 5635 Πΐβι),
2828 5566 3063 5621 Ladonai
3096 5579 3277 5638 potest
3335 5568 3714 5638 interpretari,
3749 5571 3801 5620 et

2181 5633 2405 5764 Drmiam
2443 5633 2503 5692 et
2536 5633 2863 5706 Dominam
2907 5633 3110 5696 norunt
3148 5642 3354 5710 linguae
3397 5633 3799 5711 Hebraicaspe-

2180 5724 2228 5763 ῙῚ
2258 5726 2295 5763 Ι.
2371 5726 2498 5766 ART.

2254 5778 2281 5855 ξι
2310 5780 2542 5837 Urbinas
2556 5797 2696 5855 _m_s.,
2717 5780 3035 5855 Peregrinus
3056 5801 3173 5839 vero
3193 5790 3241 5839 et
3270 5784 3482 5841 advena
3501 5801 3516 5855 ;
3536 5800 3661 5843 mox
3679 5798 3795 5842 cum

2174 5852 2323 5931 aliis,
2359 5855 2515 5926 faciet
2546 5853 2719 5911 Phase
2748 5852 2981 5929 Doritini,
3017 5871 3116 5927 pro
3145 5856 3405 5915 domino.
