4044 6360
242 319 335 377 36!

1620 315 1821 374 LIBER
1862 316 2148 376 NUMERI.

3432 321 3535 378 569.

237 436 291 492 Si
318 433 512 490 fuisset
541 435 715 492 nubes
742 448 771 489 a
803 448 1030 508 vespere
1059 451 1228 508 usque
1259 452 1436 505 mane,
1472 448 1527 494 et
1552 441 1737 496 statim
1766 440 1837 495 di-
1866 441 1920 502 A
1945 435 2045 491 fuit
2086 434 2343 493 Selumiel
2391 433 2530 490 ﬁlius
2575 433 2910 491 Surisaddai.
2962 433 3132 491 Porro
3162 435 3214 491 in
3248 437 3387 493 tribu
3418 438 3534 493 Gad

230 529 414 585 luculo
436 532 848 587 tabernaculum
873 533 1206 604 reliquisset,
1237 533 1745 604 proﬁciscebantur:
1781 543 1836 590 et

231 622 275 675 si
305 632 430 691 post
458 622 603 679 diem
635 632 691 679 et
718 633 934 680 noctem
966 625 1307 693 recessisset,
1337 624 1673 696 dissipabant
1714 636 1834 680 ten-

231 714 366 768 toria
415 712 499 787 [h.
535 715 1059 792 proﬁciscebantur].
1100 716 1158 773 Si
1196 717 1362 774 biduo
1389 728 1483 773 aut
1514 734 1619 774 uno
1648 733 1835 774 mense

226 805 311 861 vel
366 805 601 876 longiori
648 818 894 880 tempore
940 810 1131 867 fuisset
1179 826 1345 883 super
1398 810 1830 881 tabernaculum,

228 900 529 956 manebant
572 901 667 957 ﬁlii
708 904 870 960 Israel
911 904 963 959 in
1003 905 1196 961 eodem
1230 905 1372 972 loco,
1400 914 1455 962 et
1482 922 1590 961 non
1622 905 1837 977 proﬁci-

226 994 565 1052 scebantur:
597 998 781 1053 statim
825 1009 1006 1057 autem
1052 1010 1111 1056 ut
1157 1002 1490 1067 recessisset,
1544 1001 1837 1057 movebant

225 1098 402 1144 castra
432 1090 513 1164 [h.
540 1108 648 1148 non
678 1091 906 1166 habet.].
945 1094 1048 1151 Per
1087 1095 1312 1151 verbum
1353 1095 1566 1150 Domini
1602 1094 1836 1166 ﬁgebant

226 1186 465 1240 tentoria
497 1185 578 1257 [h.
625 1188 1192 1262 castrametabantur],
1222 1198 1277 1245 et
1304 1205 1401 1259 per
1431 1189 1658 1245 verbum
1692 1188 1836 1243 illius

224 1277 754 1347 proﬁciscebantur;
782 1288 1045 1351 erantque
1077 1284 1129 1337 in
1162 1283 1404 1339 excubiis
1429 1282 1647 1339 Domini
1683 1282 1835 1352 juxta

222 1370 525 1441 imperium
554 1373 673 1444 ejus
703 1390 798 1445 per
828 1390 1045 1430 manum
1079 1376 1233 1431 Mosi.

295 1464 392 1537 [8.
422 1465 609 1534 XXIII,
655 1468 715 1523 C.
763 1467 1001 1537 XXVIII,
1050 1468 1179 1541 Cap.
1227 1468 1322 1542 X.]
1369 1464 1710 1541 LoCutusque
1756 1477 1839 1525 cst

225 1558 501 1614 Dominus
528 1560 595 1614 ad
624 1560 830 1629 Mosen,
865 1560 1052 1618 dicens
1078 1579 1090 1617 :
1124 1561 1231 1617 Fac
1260 1562 1355 1617 tibi
1387 1562 1522 1617 duas
1554 1564 1707 1618 tubas
1746 1562 1834 1633 [h.

226 1650 417 1722 tibias]
470 1662 756 1723 argenteas
804 1653 1053 1721 duetiles,
1102 1655 1297 1726 quibus
1332 1670 1636 1711 convocare
1664 1655 1840 1726 possis

223 1744 637 1801 multitudinem
668 1746 885 1816 quando
917 1748 1182 1804 movenda
1210 1757 1338 1804 sunt
1362 1760 1562 1805 castra.
1593 1750 1839 1821 Cumque

1940 540 2056 587 erat
2080 532 2331 601 princeps
2351 530 2605 600 Eliasapb
2631 530 2772 586 ﬁlius
2794 530 3017 588 Debuel.
3047 532 3388 602 Profertiqne
3410 542 3540 587 sunt

1939 634 1993 682 et
2034 624 2297 681 Caatbitae
2344 635 2621 696 portantes
2654 628 3020 706 sanctuarium
3050 626 3128 700 [h.
3162 628 3231 682 Et
3262 627 3544 697 erigebant

1940 720 2345 776 tabernaculum
2363 721 2535 777 donec
2554 720 2822 788 venirent,
2847 720 2899 776 id
2921 729 3026 789 est,
3051 721 3333 791 erigebant
3357 720 3543 776 taber-

1941 812 2197 868 naculum
2226 813 2318 868 ﬁlii
2351 813 2557 869 Gerson
2592 822 2647 870 et
2676 813 2891 879 Merari,
2920 814 3096 869 donec
3124 813 3376 870 venirent
3403 812 3541 869 Caa-

1941 904 2133 977 lbitur].
2155 905 2383 961 Tamdiu
2412 907 2818 964 tabernaculum
2847 908 3167 978 portabatur
3191 908 3367 965 donec
3393 907 3548 965 veni-

1938 1007 2062 1053 rent
2089 997 2155 1052 ad
2192 1000 2484 1055 erectionis
2532 1001 2733 1056 locum.
2784 1001 3072 1058 Moverunt
3120 1010 3298 1057 castra
3346 1009 3402 1057 et
3448 1000 3547 1057 ﬁlii

1940 1089 2195 1160 prraim
2211 1107 2307 1162 per
2325 1101 2528 1148 turmas
2550 1108 2696 1162 suas,
2715 1094 2767 1149 in
2785 1110 3013 1165 quorum
3032 1096 3270 1150 exercitu
3292 1096 3545 1165 princeps

1940 1194 2055 1240 erat
2083 1183 2319 1239 Elisama
2350 1185 2493 1241 ﬁlius
2519 1186 2795 1242 Ammiud.
2833 1186 2889 1241 ln
2922 1186 3062 1243 tribu
3093 1195 3271 1242 autem
3306 1187 3542 1242 ﬁliorum

1943 1279 2187 1334 Manasse
2228 1280 2478 1351 princeps
2520 1280 2619 1335 fuit
2652 1280 2914 1337 Gamaliel
2944 1281 3083 1336 titius
3114 1280 3443 1337 Pliadassur.
3478 1281 3546 1335 Et

1942 1372 1994 1426 in
2020 1373 2161 1430 tribu
2188 1374 2467 1444 Benjamin
2489 1374 2597 1429 dux
2619 1372 2805 1448 [Vulg.
2837 1376 2963 1429 add.
2989 1375 3125 1447 erat]
3158 1375 3370 1430 Abidan
3404 1375 3547 1430 ﬁlius

1942 1466 2206 1523 Gedeoni.
2237 1467 2528 1523 Novissimi
2552 1479 2856 1525 castrorum
2890 1470 3131 1526 omnium
3160 1470 3389 1542 profecti
3419 1484 3547 1525 sunt

1944 1560 2036 1615 ﬁlii
2069 1562 2185 1616 Dan
2218 1578 2311 1633 per
2345 1573 2549 1617 turmas
2575 1577 2720 1633 suas,
2756 1564 2810 1619 in
2839 1579 3067 1634 quorum
3105 1564 3348 1620 exercitu
3391 1564 3543 1634 prin-

1943 1668 2070 1724 ceps
2100 1655 2198 1709 fuit
2244 1655 2477 1711 Abiezer
2518 1656 2661 1712 ﬁlius
2700 1658 3035 1714 Amisaddai.
3079 1658 3136 1713 In
3180 1658 3321 1714 tribu
3362 1667 3546 1714 autem

1946 1747 2181 1803 ﬁliorum
2214 1750 2352 1805 Aser
2381 1759 2500 1807 erat
2527 1753 2783 1823 princeps
2807 1752 3099 1825 Pbagabiel
3132 1754 3275 1810 ﬁlius
3302 1753 3549 1809 Achran.

222 1836 574 1909 increpueris
598 1839 686 1913 [h.
717 1840 1110 1915 increpuerint]
1139 1842 1304 1911 tubis,
1333 1844 1747 1914 eongregabitur
1774 1843 1839 1899 ad
1870 1850 1919 1910 Β
1948 1842 2011 1897 Ει
2039 1846 2090 1897 in
2123 1843 2267 1899 tribu
2298 1844 2533 1901 ﬁliorum
2564 1846 2853 1918 Nepltthali
2900 1849 3153 1920 princeps
3190 1848 3363 1904 Aliira
3402 1850 3552 1908 ﬁlius

223 1939 276 1986 te
321 1932 512 1988 omnis
547 1934 705 1989 turba
753 1935 819 1989 ad
857 1937 1055 1991 ostium
1107 1938 1438 1994 tabernaculi
1492 1940 1732 1996 faederis.
1783 1940 1841 1995 Si

220 2025 408 2081 semel
440 2027 763 2098 clangueris,
798 2028 1014 2085 venient
1039 2030 1104 2085 ad
1146 2039 1197 2086 te
1243 2030 1536 2102 principes,
1576 2041 1627 2087 et
1666 2033 1841 2102 capita

219 2118 607 2175 multitudinis
634 2120 823 2177 Israel.
854 2123 949 2178 Sin
980 2133 1161 2179 autem
1211 2125 1474 2194 prolixior
1514 2135 1673 2197 atque
1711 2140 1843 2182 con-

220 2213 388 2268 cisus
415 2213 638 2285 clangor
660 2214 994 2286 increpuerit
1022 2216 1111 2289 [h.
1144 2217 1201 2273 Si
1228 2233 1334 2274 una
1361 2219 1571 2274 illarum
1594 2220 1843 2291 elangue-

219 2308 368 2375 rint,
422 2309 643 2365 venient
687 2309 754 2365 ad
802 2319 856 2366 te
898 2312 1206 2382 principes,
1257 2315 1431 2384 capita
1484 2315 1845 2372 multitudinis

217 2401 405 2459 Israel
430 2420 444 2457 :
472 2404 554 2458 sin
578 2413 757 2459 autem
781 2406 1035 2461 concisus
1062 2406 1280 2477 clangor
1309 2407 1662 2481 increpuerit]
1686 2454 1699 2477 ,
1730 2424 1847 2465 mo-

216 2498 449 2554 vebunt
481 2508 655 2555 castra
685 2500 847 2570 primi
875 2501 965 2571 qui
998 2511 1123 2556 sunt
1153 2502 1218 2556 ad
1247 2502 1568 2558 orientalem
1612 2503 1843 2574 plagam.

216 2590 279 2646 In
318 2592 574 2649 secundo
604 2604 783 2650 autem
811 2596 995 2651 sonitu
1021 2604 1074 2651 et
1101 2595 1217 2667 pari
1256 2596 1463 2653 ululatu
1510 2597 1653 2652 tubae
1702 2597 1847 2653 leva-

216 2685 375 2742 bunt
406 2689 635 2743 tentoria
663 2688 752 2762 [h.
785 2689 986 2763 castra]
1012 2690 1106 2761 qui
1136 2690 1380 2746 habitant
1409 2690 1477 2747 ad
1517 2690 1800 2765 meridiem
1830 2736 1843 2762 ,

216 2790 271 2835 et
301 2780 475 2848 juxta
509 2779 649 2835 hunc
679 2782 898 2837 modum
927 2782 1120 2853 reliqui
1149 2783 1367 2852 facient,
1398 2783 1735 2839 ululantibus
1765 2791 1848 2839 tu-

214 2870 314 2927 bis
347 2872 409 2926 in
440 2871 860 2943 profectionem.
885 2874 1111 2943 Quando
1136 2888 1313 2931 autem
1338 2876 1746 2948 congregandus
1768 2885 1852 2933 est

216 2966 503 3037 populus,
535 2966 762 3037 simplex
822 2968 1070 3025 tubarum
1103 2971 1326 3041 clangor
1352 2972 1479 3037 erit,
1512 2979 1566 3027 et
1598 2984 1705 3026 non
1728 2986 1852 3027 cons

217 3060 352 3115 cise
386 3059 689 3115 ulnlabunt.
717 3060 839 3116 Filii
892 3073 1072 3120 autem
1117 3065 1299 3119 Aaron
1347 3064 1660 3121 sacerdotes
1702 3066 1853 3120 clan-

218 3164 377 3225 gent
406 3153 587 3209 tubis:
618 3156 829 3227 eritque
855 3154 961 3213 hoc
1001 3157 1303 3228 legitimum
1349 3159 1745 3226 sempiternum
1795 3158 1850 3213 in

1928 1935 2154 1993 -Henan.
2188 1939 2313 1995 Ilzec
2340 1949 2466 1995 sunt
2491 1950 2669 1995 castra
2714 1941 2791 2013 [h.
2836 1940 3098 2014 lice.‘sunt
3138 1942 3548 2017 profectiones],

1946 2036 1999 2082 et
2044 2028 2411 2099 profectiones
2464 2032 2698 2088 filiorum
2748 2034 2916 2090 Israel
2968 2051 3063 2105 per
3105 2044 3313 2092 turmas
3373 2052 3501 2092 suas
3533 2076 3550 2104 ,

1945 2124 2161 2193 quando
2190 2126 2629 2196 egrediebantur.
2661 2126 2743 2198 [8.
2778 2126 2949 2193 XXV,
2981 2129 3041 2183 C.
3074 2127 3269 2200 XXX]
3299 2130 3552 2201 Dixitque

1947 2218 2122 2274 Moses
2160 2219 2347 2276 llobab
2385 2220 2496 2277 ﬁlio
2541 2221 2749 2292 Raguel
2784 2221 3093 2293 Madianiti,
3142 2233 3373 2295 cognato
3412 2240 3550 2280 suo:

1947 2309 2353 2369 Proﬁciscimur
2396 2313 2461 2369 ad
2510 2314 2689 2370 locum
2720 2331 2880 2385 quem
2913 2316 3171 2373 Dominus
3198 2317 3423 2374 daturus
3468 2327 3555 2374 est

1948 2404 2145 2460 nobis:
2191 2408 2314 2461 veni
2365 2408 2682 2475 nobiscum,
2736 2417 2796 2463 ut
2826 2409 3230 2466 benefaciamus
3261 2410 3394 2467 tibi:
3425 2412 3556 2482 quia

1948 2495 2211 2553 Dominus
2242 2498 2385 2555 bona
2424 2500 2671 2571 promisit
2714 2500 2901 2557 Israel.
2953 2502 3053 2558 Cui
3100 2502 3190 2558 ille
3233 2502 3555 2573 reSpondit:

1948 2588 2065 2646 Non
2092 2592 2285 2648 vadam
2316 2602 2511 2661 tecum,
2543 2594 2638 2650 sed
2667 2604 2911 2651 revertar
2939 2596 2993 2651 in
3026 2606 3226 2653 terram
3260 2613 3458 2663 meam,
3499 2598 3555 2651 in

1950 2702 2055 2758 qua
2081 2696 2240 2743 natus
2268 2702 2408 2743 sum.
2443 2688 2511 2743 Et
2538 2688 2662 2744 ille:
2687 2688 2832 2755 Noli,
2862 2689 3057 2760 inquit,
3085 2705 3183 2746 nos
3211 2690 3555 2761 relinquere:

1950 2789 2006 2835 tu
2052 2782 2196 2837 enim
2238 2783 2379 2837 nosti
2422 2783 2476 2837 in
2523 2782 2721 2853 quibus
2757 2781 2889 2840 locis
2936 2798 3031 2851 per
3070 2783 3346 2839 desertum
3379 2792 3559 2839 castra

1953 2888 2161 2945 ponere
2189 2874 2507 2942 debeamus,
2541 2886 2594 2931 et
2621 2874 2731 2931 eris
2752 2876 2941 2930 ductor
2972 2886 3159 2930 noster
3192 2875 3269 2948 [h.
3303 2874 3382 2930 'I‘u
3410 2875 3559 2930 enim

1951 2970 2095 3025 nosti
2143 2968 2417 3042 quomodo
2460 2971 2514 3025 in
2558 2969 2776 3025 deserto
2824 2970 3193 3025 castrametati
3234 2984 3418 3024 sumus
3446 3013 3461 3038 ,
3510 2975 3567 3024 et

1952 3064 2062 3119 eris
2093 3064 2247 3119 nobis
2274 3072 2334 3118 ut
2354 3063 2541 3135 oculi].
2572 3062 2816 3135 Cumque
2837 3063 3120 3120 nobiscum
3144 3064 3377 3129 veneris,
3405 3062 3562 3134 quid-

1953 3158 2081 3230 quid
2110 3157 2372 3229 optimum
2402 3157 2566 3212 fuerit
2592 3173 2659 3212 ex
2698 3156 2914 3226 opibus,
2965 3171 3101 3227 quas
3140 3156 3298 3211 nobis
3334 3155 3563 3211 daturus

217 3248 686 3320 generationibus
714 3252 928 3307 vestris.
953 3251 1009 3307 Si
1033 3251 1275 3308 exieritis
1298 3252 1367 3307 ad
1390 3252 1587 3309 bellum
1610 3252 1680 3309 de
1703 3261 1846 3308 terra
1873 3242 1919 3308 C
1954 3253 2139 3326 [Vulg.
2192 3251 2511 3322 traditurus]
2550 3259 2633 3305 est
2674 3249 2968 3319 Dominus,
3012 3248 3260 3305 dabimus
3309 3248 3427 3305 tibi.
3477 3248 3561 3321 [8.

220 3356 426 3399 vestra
460 3351 647 3399 contra
679 3342 885 3413 hostes,
933 3346 1024 3417 qui
1070 3346 1331 3403 dimicant
1382 3345 1666 3403 adversum
1712 3361 1846 3416 vos,

221 3435 510 3505 clangetis
548 3436 883 3494 ululantibus
930 3440 1092 3511 tubis,
1140 3449 1195 3497 et
1220 3440 1323 3497 erit
1352 3441 1659 3497 recordatio
1685 3442 1852 3497 vestri

221 3547 429 3589 coram
461 3530 689 3589 Domino
716 3533 828 3591 Deo
858 3542 1066 3601 vestro,
1101 3544 1162 3591 ut
1192 3535 1462 3592 eruamini
1493 3536 1561 3592 de
1601 3537 1851 3592 manibus

222 3625 594 3683 inimicorum
620 3638 945 3685 veStrorum.
976 3630 1032 3687 Si
1061 3631 1276 3702 quando
1306 3631 1577 3687 habebitis
1608 3631 1849 3702 epulum,

225 3732 285 3780 et
316 3722 447 3778 dies
472 3721 661 3793 festos,
696 3734 750 3781 et
778 3724 1069 3793 Kalendas,
1096 3727 1305 3783 canetis
1334 3726 1476 3782 tubis
1502 3742 1666 3798 super
1703 3727 1855 3782 holo-

225 3816 451 3873 caustis
480 3829 531 3873 et
553 3818 791 3888 paciﬁcis
817 3818 1077 3887 victimis,
1112 3829 1172 3875 ut
1199 3821 1309 3875 sint
1345 3820 1500 3877 vobis
1523 3821 1575 3876 in
1599 3821 1858 3878 recorda-

228 3912 453 3967 tionem
490 3910 584 3967 Dei
610 3912 776 3968 vestri
807 3911 893 3985 [h.
929 3913 980 3967 in
1008 3913 1439 3969 recordationem
1468 3913 1523 3968 in
1555 3922 1853 3984 conspectu

230 4003 340 4058 Dei
385 4002 605 4074 vestri].
642 4004 753 4074 Ego
795 4004 1060 4061 Dominus
1107 4005 1250 4061 Deus
1291 4015 1495 4062 vester.
1522 4005 1603 4078 [T.
1644 4005 1756 4072 VII,
1790 4007 1851 4061 Β.

232 4096 447 4163 XXIV,
480 4097 542 4153 C.
578 4096 793 4170 XXIX]
841 4100 996 4156 Anno
1044 4100 1306 4170 secundo,
1355 4114 1542 4156 mense
1589 4100 1853 4168 secundo,

229 4190 514 4263 vigesima
562 4190 651 4247 die
692 4192 917 4261 mensis,
960 4192 1169 4249 elevata
1199 4202 1281 4249 est
1313 4192 1487 4249 nubes
1510 4193 1577 4249 de
1604 4193 1857 4249 taberna-

232 4286 374 4341 culo
406 4283 627 4340 foederis
670 4284 749 4357 [h.
792 4286 1149 4358 testimonii]:
1199 4285 1536 4358 profectique
1587 4295 1713 4342 sunt
1763 4284 1859 4341 ﬁlii

233 4378 414 4434 Israel
465 4392 561 4447 per
606 4387 811 4435 turmas
840 4394 965 4435 suas
992 4378 1059 4434 de
1086 4379 1303 4436 deserto
1329 4380 1496 4445 Sinai,
1529 4389 1583 4436 et
1608 4379 1860 4436 recubuit

236 4470 423 4525 nubes
450 4470 505 4524 in
536 4469 832 4527 solitudine
860 4471 1076 4526 Pliaran
1099 4490 1112 4528 :
1138 4472 1526 4543 Moveruntque
1549 4482 1725 4529 castra
1754 4472 1860 4542 pri-

236 4563 320 4618 mi
350 4562 503 4632 juxta
534 4563 821 4634 imperium
854 4565 1066 4620 Domini
1095 4566 1146 4621 in
1177 4581 1337 4621 manu
1366 4566 1519 4622 Mosi.
1563 4566 1683 4622 Filii
1721 4565 1859 4623 Jnda

1955 3345 2171 3417 XXVI]
2212 3344 2449 3401 Profecti
2491 3352 2619 3400 sunt
2647 3358 2779 3415 ergo
2820 3342 2890 3399 de
2923 3352 3108 3399 monte
3150 3343 3363 3399 Domini
3412 3342 3559 3399 viam

1956 3438 2118 3494 trium
2149 3436 2379 3504 dierum,
2421 3451 2657 3506 arcaque
2700 3435 2923 3491 foederis
2965 3435 3181 3490 Domini
3221 3434 3567 3507 praecedebat

1955 3544 2073 3599 eos,
2100 3544 2193 3599 per
2212 3530 2331 3584 dies
2358 3537 2471 3585 tres
2497 3528 2789 3600 providens
2811 3538 3112 3583 castrorum
3144 3529 3348 3584 locum.
3381 3528 3567 3585 Nubes

1956 3639 2170 3696 quoque
2200 3621 2414 3678 Domini
2447 3637 2609 3693 super
2638 3636 2735 3679 eos
2765 3630 2881 3677 erat
2910 3638 3007 3693 per
3036 3621 3205 3689 diem,
3246 3638 3368 3678 cum
3413 3624 3565 3679 ince-

1957 3715 2173 3772 derent.
2226 3717 2468 3787 Cumque
2513 3716 2826 3771 elevaretur
2875 3730 3042 3783 arca,
3088 3715 3306 3772 dicebat
3349 3716 3563 3773 Moses:

1957 3810 2151 3883 Surge,
2180 3809 2426 3880 Domine,
2458 3819 2512 3865 et
2541 3808 2875 3879 dissipentur
2906 3808 3111 3863 inimici
3139 3808 3238 3876 tui,
3270 3818 3324 3863 et
3359 3807 3567 3879 fugiant

1959 3903 2051 3976 qui
2073 3902 2302 3959 oderunt
2326 3911 2398 3970 te,
2423 3918 2451 3957 a
2477 3901 2615 3958 facie
2640 3909 2752 3956 tua.
2783 3901 2920 3957 Cum
2952 3910 3136 3959 autem
3168 3900 3561 3971 deponeretur,

1959 4000 2143 4056 aiebat
2168 4016 2180 4053 :
2214 3999 2530 4064 Revertere,
2554 3997 2804 4061 Domine,
2834 3996 2902 4055 ad
2927 3996 3328 4054 multitudinem
3356 3999 3569 4055 exerci-

1962 4104 2048 4151 tus
2076 4093 2264 4149 Israel.

2034 4191 2116 4263 [8.
2151 4188 2365 4256 XXVII,
2396 4188 2459 4246 C.
2484 4187 2679 4256 XXXI,
2712 4188 2840 4261 Cap.
2871 4187 2987 4262 XI]
3018 4188 3225 4246 Interea
3266 4197 3446 4246 ortum
3486 4198 3575 4247 est

1962 4299 2211 4340 murmur
2239 4281 2446 4353 p0puli,
2479 4281 2631 4353 quasi
2658 4279 2957 4336 dolentium
2989 4296 3086 4350 pro
3118 4280 3329 4349 labore,
3371 4291 3565 4337 contra

1963 4376 2273 4433 Dominum.
2307 4373 2461 4442 Quod
2490 4388 2612 4429 cum
2640 4372 2880 4428 audisset
2911 4372 3193 4441 Dominus,
3237 4373 3406 4428 iratus
3452 4381 3563 4429 est.

1964 4471 2032 4526 Et
2053 4484 2314 4526 accensus
2342 4468 2393 4524 in
2424 4484 2521 4525 eos
2547 4469 2685 4539 ignis
2714 4466 2926 4523 Domini
2953 4467 3235 4523 devoravit
3258 4476 3563 4524 extremam

1964 4574 2271 4622 castrorum
2317 4573 2548 4635 partem.
2598 4562 2841 4633 Cumque
2891 4561 3184 4618 clamasset
3230 4562 3458 4631 populus
3495 4562 3565 4618 ad

240 4672 352 4727 per
413 4666 621 4712 turmas
666 4672 830 4713 suas:
875 4673 1105 4730 quorum
1155 4659 1406 4730 princeps
1453 4669 1570 4716 erat
1612 4659 1855 4716 Naasson
1887 4645 1936 4707 Ῑ)
1964 4663 2176 4727 Mosen,
2205 4660 2379 4716 oravit
2409 4661 2585 4716 Moses
2616 4657 2683 4713 ad
2717 4657 3030 4723 Dominum,
3063 4665 3118 4711 et
3143 4656 3435 4725 absorptus
3478 4663 3566 4712 est

241 4750 398 4805 filius
423 4749 750 4827 Aminadab.
783 4752 838 4807 In
871 4752 1011 4808 tribu
1039 4752 1269 4809 ﬁliorum
1304 4755 1548 4810 lssacliar
1575 4755 1674 4810 fuit
1705 4756 1854 4826 prin-

242 4856 385 4913 ceps
427 4842 729 4900 Natbanael
774 4844 919 4901 ﬁlius
966 4846 1123 4902 Suar.
1172 4848 1230 4902 In
1264 4849 1437 4904 tribus
1468 4848 1709 4903 Zabulon
1738 4854 1857 4904 erat

244 4939 509 5010 princeps
540 4939 692 4993 Eliab
722 4939 861 4994 ﬁlius
887 4939 1080 4995 Helon.
1117 4941 1539 5013 Depositumque
1568 4951 1653 4998 est
1679 4943 1857 4998 taber—

246 5031 536 5099 naculum,
569 5031 714 5101 quod
744 5042 1019 5103 portantes
1051 5034 1255 5105 egressi
1282 5046 1409 5090 sunt
1438 5036 1530 5091 ﬁlii
1559 5037 1768 5093 Gerson
1804 5046 1859 5092 et

247 5126 479 5182 Merari.
505 5124 849 5195 Profectique
872 5136 998 5182 sunt
1037 5135 1093 5182 et
1134 5127 1227 5183 ﬁlii
1263 5128 1480 5195 Ruben,
1518 5145 1618 5199 per
1655 5138 1859 5185 turmas

247 5228 309 5274 et
336 5218 587 5273 ordinem
614 5232 769 5273 suum
797 5237 811 5271 :
841 5234 1069 5289 quorum
1098 5221 1348 5291 princeps
1370 5229 1489 5278 erat
1516 5222 1695 5278 Elisur
1722 5222 1860 5277 [ilius

250 5313 489 5371 Sedeur.
521 5313 576 5369 In
610 5314 755 5370 tribu
798 5323 976 5371 autem
1030 5316 1266 5373 ﬁliorum
1312 5316 1555 5385 Simeon,
1601 5317 1859 5389 princeps

334 5534 361 5565 ι
400 5526 657 5583 Nonnulli
688 5525 907 5583 codices
948 5542 1085 5583 mss.
1113 5526 1298 5598 legunt
1334 5542 1455 5583 cum
1484 5540 1693 5584 canone
1722 5528 1858 5584 Heb.

255 5599 529 5663 veritatis,
570 5599 826 5653 desiderio
866 5600 1099 5655 carnium
1136 5617 1156 5655 :
1190 5599 1287 5655 sed
1318 5599 1454 5655 illud
1484 5600 1718 5655 carnium
1744 5615 1861 5655 me-

259 5687 382 5743 rum
413 5682 497 5727 est
522 5672 946 5726 additamentum
979 5672 1294 5743 marginale,
1324 5686 1603 5743 exponens
1632 5688 1741 5741 quo
1769 5672 1864 5727 de-

262 5738 467 5797 siderio
513 5743 703 5813 vulgus
734 5742 1065 5814 ﬂagraverit.
1099 5738 1441 5799 Translatum
1482 5752 1569 5799 est
1596 5738 1774 5800 autem
1806 5744 1863 5798 in

262 5828 482 5886 sacrum
519 5823 831 5886 contextum
875 5815 1223 5869 librariorum
1267 5816 1575 5886 imperitia,
1611 5817 1688 5871 uti
1726 5818 1865 5872 scire

265 5884 392 5944 licet
419 5903 451 5944 e
480 5902 585 5943 ms.
616 5885 915 5951 Bibliorom
946 5887 1110 5957 Regio
1140 5887 1329 5944 codice
1348 5884 1447 5946 nu.
1478 5889 1639 5959 3565,
1675 5890 1731 5947 in
1756 5902 1862 5961 quo

563 5983 841 6046 Puncta
890 5983 1190 6047 XXVIII.

1962 4754 2123 4825 ignis.
2149 4750 2481 4822 Vocavitque
2498 4764 2693 4805 nomen
2717 4749 2819 4804 loci
2842 4748 3007 4813 illius,
3028 4747 3275 4802 Incensio
3297 4766 3307 4801 :
3331 4763 3398 4803 eo
3418 4748 3565 4819 quod

1954 4847 2215 4915 incensus
2237 4845 2426 4901 fuisset
2448 4853 2635 4899 contra
2665 4857 2760 4897 eos
2789 4841 2927 4913 ignis
2954 4841 3186 4896 Domini.
3215 4840 3296 4912 [8.
3322 4839 3568 4896 XXVIII.
3628 4866 3633 4867 ν

1963 4939 2026 4997 C.
2056 4939 2296 5011 XXXII]
2319 4939 2524 5009 Vulgus
2556 4936 2754 5008 quippe
2778 4936 3167 5006 promiscuum,
3198 4934 3343 5005 quod
3372 4949 3567 4991 ascen-

1968 5037 2125 5094 derat
2151 5052 2273 5093 cum
2304 5035 2406 5099 eis,
2439 5033 2689 5105 ﬂagravit
2716 5030 2987 5088 desiderio
3019 5040 3067 5097 η,
3087 5028 3287 5085 sedens
3318 5038 3373 5085 et
3401 5028 3560 5097 ﬁens,

1963 5124 2167 5204 junctis
2210 5128 2314 5185 sibi
2361 5130 2569 5199 pariter
2613 5124 2741 5180 filiis
2784 5123 2970 5189 Israel,
3014 5131 3070 5178 et
3107 5122 3220 5177 ait:
3252 5121 3386 5190 Quis
3417 5120 3568 5178 dabit

1971 5224 2129 5283 nobis
2152 5223 2221 5280 ad
2245 5220 2574 5279 vescendum
2605 5218 2836 5276 carnes?
2877 5217 3254 5273 Recordamur
3291 5217 3522 5288 piscium
3546 5256 3564 5283 ,

1967 5335 2107 5394 quos
2144 5317 2564 5377 comedebamus
2602 5316 2658 5373 in
2699 5313 2935 5387 JEgypto
2970 5312 3184 5385 gratis,
3221 5312 3279 5370 in
3320 5321 3569 5371 mentem

1972 5542 2078 5584 vox
2114 5525 2348 5581 carnium
2384 5523 2589 5595 scripta
2617 5530 2733 5595 erat
2758 5520 2813 5575 in
2843 5508 3088 5595 margine
3137 5515 3569 5590 praecedentibus

1972 5599 2184 5655 duobus
2204 5596 2439 5667 punctis,
2464 5593 2582 5662 qua:
2612 5594 2815 5650 ibidem
2839 5593 3016 5667 adhuc
3041 5601 3568 5667 supersunt,_quam-

1971 5672 2054 5726 vis
2074 5662 2272 5726 nomen
2303 5669 2537 5723 carnium
2561 5674 2887 5738 expunctum
2915 5665 2988 5720 sit
3008 5662 3229 5721 omnino
3252 5673 3309 5718 ut
3326 5662 3567 5718 alienum

1971 5757 2001 5798 a
2035 5750 2202 5798 textu.
2234 5740 2412 5795 Mam.
3476 5788 3481 5791 _

2043 5844 2114 5855 --
2142 5812 2307 5869 Addit
2348 5811 2580 5869 Urbinas
2619 5826 2722 5867 ms.
2774 5810 3007 5864 carnium
3031 5850 3046 5879 ,
3084 5821 3246 5881 quam
3282 5817 3475 5865 vocem
3516 5812 3578 5863 et

1972 5887 2029 5945 in
2059 5886 2173 5946 suis
2199 5884 2359 5944 codd.
2390 5884 2731 5943 Martianaeus
2758 5882 2984 5941 invenit.
