4044 6360
479 289 586 350 363

1488 284 1545 340 S.
1587 277 1969 340 IIIERONYMI
2007 278 2243 344 DIVINA
2287 281 2767 341 BIBLIOTHECA.

3683 280 3790 342 364

473 406 631 462 nobis
676 401 902 459 veniunt
946 415 1285 466 cucumeres,
1339 408 1395 455 et
1433 412 1698 471 pepones,
1742 398 1999 470 porrique
2029 406 2085 456 et
2110 400 2165 466 Α
2189 400 2334 469 hem,
2369 411 2422 457 et
2466 403 2680 459 locutus
2710 410 2792 458 est
2831 400 2897 457 ad
2926 415 3049 458 eum
3082 399 3333 460 auferens
3359 400 3426 456 de
3448 399 3666 472 spiritu,
3701 401 3793 469 qui

478 513 652 569 cepas,
675 505 730 552 et
749 496 895 553 allia.
911 495 989 569 [h.
1007 495 1157 551 Nunc
1180 503 1358 550 autem
1384 495 1559 548 anima
1585 501 1767 546 nostra
1788 489 1938 546 arida
1961 489 2087 563 est].

479 582 679 646 Anima
698 597 886 644 nostra
908 588 1056 644 arida
1079 597 1181 656 est,
1199 586 1333 643 nihil
1351 584 1495 642 aliud
1513 583 1810 655 respiciunt
1829 581 1971 640 oculi
1993 598 2091 639 no-

480 686 579 742 stri
597 685 698 740 nisi
716 699 864 740 man.
881 681 962 756 ]C.
980 681 1248 753 XXXIII]
1263 681 1390 736 Erat
1405 688 1585 734 autem
1604 693 1727 733 man
1739 678 1889 749 quasi
1904 693 2090 735 semen

479 777 778 846 coriandri,
810 777 1010 833 coloris
1040 775 1245 831 bdellii.
1275 771 1720 841 Circumibatque
1751 770 2005 843 populus,
2033 779 2090 828 et

477 872 742 944 colligens
771 870 924 937 illud,
954 868 1239 940 frangebat
1272 866 1440 934 mola,
1473 866 1594 922 sive
1623 866 1838 922 terebat
1861 866 1917 922 in
1941 881 2088 921 mor—

487 965 648 1031 tario,
675 978 915 1034 coquens
940 962 993 1016 in
1025 961 1155 1026 olla,
1181 971 1237 1016 et
1265 960 1468 1015 iaciens
1497 974 1567 1014 ex
1593 973 1659 1013 eo
1683 957 1910 1013 tortulas
1930 971 2088 1027 sapo-

479 1059 558 1115 ris
601 1057 754 1130 quasi
803 1056 958 1128 panis
1001 1053 1184 1110 oleati.
1237 1052 1484 1124 Cumque
1531 1051 1891 1108 descenderet
1928 1061 2088 1106 nocte

482 1165 650 1222 super
673 1157 852 1206 castra
876 1163 988 1216 ros,
1030 1145 1397 1202 descendebat
1425 1145 1628 1216 pariter
1658 1154 1713 1200 et
1741 1157 1886 1198 man.
1915 1143 2086 1198 Audi-

477 1243 557 1296 vit
583 1256 712 1312 ergo
740 1240 919 1295 Moses
945 1237 1169 1294 ﬂentem
1205 1236 1458 1308 populum
1489 1252 1583 1306 per
1611 1236 1868 1303 familias,
1903 1235 2086 1304 singuo

479 1334 562 1390 los
594 1348 691 1403 per
719 1333 856 1387 ostia
887 1330 1109 1387 tentorii
1143 1329 1244 1386 sui.
1279 1329 1562 1400 Iratusque
1590 1335 1676 1384 est
1697 1327 1847 1381 furor
1873 1325 2082 1382 Domini

475 1425 669 1482 valde:
705 1425 798 1481 sed
830 1434 886 1480 et
916 1423 1052 1479 Mosi
1095 1421 1433 1478 intoleranda
1476 1436 1562 1478 res
1602 1421 1714 1475 visa
1757 1429 1861 1475 est.
1907 1419 1972 1474 Et
2009 1417 2086 1474 ait

477 1521 544 1576 ad
577 1520 900 1575 Dominum:
933 1515 1041 1574 Cur
1065 1517 1303 1573 afflixisti
1327 1531 1544 1573 servum
1569 1515 1756 1572 tuum?
1782 1529 1950 1586 quare
1973 1528 2082 1570 non

474 1616 694 1672 invenio
721 1613 948 1684 gratiam
983 1626 1166 1668 coram
1198 1611 1284 1666 te?
1313 1621 1365 1667 et
1392 1625 1492 1666 cur
1520 1609 1829 1680 imposuisti
1871 1608 2082 1678 pondus

476 1708 716 1765 universi
748 1709 928 1778 populi
959 1708 1116 1777 hujus
1143 1721 1308 1776 super
1337 1704 1460 1761 me?
1501 1702 1766 1776 Numquid
1810 1717 1912 1774 ego
1944 1717 2080 1757 con-

2191 502 2307 549 erat
2339 494 2390 549 in
2421 495 2590 563 Mose,
2621 504 2675 552 et
2702 495 2836 575 dans
2863 495 3200 567 septuaginta
3233 495 3381 550 viris.
3414 493 3661 564 Cumque
3702 510 3793 551 rc-

2189 585 2483 656 quievisset
2511 585 2564 642 in
2592 587 2670 643 eis
2699 587 2944 659 spiritus,
2982 589 3468 660 prophetaveruut,
3510 602 3610 642 nec
3650 587 3794 642 ultra

2189 693 2541 737 cessaverunt
2571 681 2648 756 [h.
2694 692 2748 738 et
2791 697 2899 738 non
2950 679 3354 757 cessaverunt].
3396 681 3794 737 Remanseraut

2188 782 2368 830 autem
2402 775 2452 828 in
2489 773 2684 830 castris
2713 773 2824 830 duo
2860 773 2988 840 viri,
3030 789 3260 845 quorum
3313 789 3452 830 unus
3496 771 3796 829 vocabatur

2190 865 2381 932 Eldad,
2409 875 2464 922 et
2483 866 2620 922 alter
2641 865 2853 934 Medad,
2885 881 3047 938 super
3076 881 3212 939 quos
3240 865 3512 937 requievit
3540 865 3791 937 spiritus.

2187 960 2322 1016 Nam
2351 972 2404 1018 et
2447 960 2548 1033 ipsi
2595 961 2849 1032 descripti
2894 961 3128 1028 fuerant,
3178 969 3233 1016 et
3282 976 3390 1017 non
3432 959 3681 1018 exierant
3723 957 3795 1014 ad

2190 1056 2619 1112 tabernaculum.
2679 1053 2920 1126 Cumque
2977 1053 3366 1129 prophetareut
3423 1051 3476 1107 in
3539 1049 3736 1109 castris
3779 1090 3794 1115 ,

2187 1146 2422 1204 cucurrit
2455 1163 2606 1218 puer,
2636 1155 2690 1203 et
2720 1147 2984 1204 nuntiavit
3012 1144 3144 1202 Mosi
3174 1188 3189 1211 ,
3246 1144 3431 1201 dicens
3463 1162 3474 1198 :
3511 1141 3684 1198 Eldad
3740 1150 3801 1196 et

2189 1241 2380 1298 Medad
2434 1241 2757 1314 prophetam
2805 1242 2856 1296 in
2913 1241 3128 1298 castris.
3181 1239 3378 1295 Statim
3435 1239 3606 1295 Josue
3651 1236 3799 1292 ﬁlius

2187 1335 2306 1390 Nuu
2333 1377 2346 1400 ,
2379 1335 2626 1390 minister
2655 1333 2784 1389 Mosi
2809 1376 2823 1401 ,
2857 1333 3060 1391 electus
3089 1348 3120 1389 e
3167 1331 3409 1407 pluribus
3435 1376 3450 1402 ,
3485 1331 3559 1386 ait
3589 1347 3603 1385 :
3633 1339 3660 1367 ει
3692 1330 3803 1385 Do-

2189 1428 2334 1483 mine
2365 1431 2434 1482 mi
2466 1427 2655 1496 Mose,
2693 1427 2922 1501 prohibe
2979 1442 3072 1482 eos
3124 1422 3468 1502 [h.‘reclude
3516 1422 3667 1495 eos].
3729 1423 3804 1478 At

2185 1518 2277 1578 ille
2307 1537 2320 1573 :
2354 1519 2492 1586 Quid
2525 1561 2540 1586 ,
2577 1520 2788 1591 inquit,
2843 1519 3117 1575 mmularis
3149 1518 3404 1590 prome?
3433 1515 3556 1590 quis
3596 1516 3803 1572 tribuat

2186 1620 2246 1665 ut
2275 1610 2450 1666 omnis
2478 1610 2707 1681 populus
2743 1611 3052 1683 prephetet,
3085 1618 3143 1666 et
3170 1609 3261 1666 det
3289 1609 3370 1665 eis
3401 1607 3662 1664 Dominus
3690 1607 3803 1680 spi-

2187 1703 2350 1759 ritum
2383 1706 2583 1760 suum?
2613 1704 2696 1777 [Β.
2730 1702 2955 1777 XXXI.]
3008 1703 3385 1778 Reversusque
3441 1711 3526 1758 est
3576 1700 3756 1756 Moses
3784 1743 3801 1770 ,

477 1801 598 1870 cepi
641 1813 859 1854 omnem
906 1797 1046 1853 hanc
1076 1795 1498 1862 multitudinem,
1534 1795 1618 1850 vel
1650 1795 1818 1866 genui
1851 1808 1993 1859 eam,
2025 1802 2084 1847 ut
2115 1787 2158 1848 B
2188 1806 2242 1853 et
2269 1801 2502 1868 majores
2530 1805 2656 1852 natu
2686 1796 2934 1864 Israel,‘iu
2965 1804 3166 1852 castra.
3201 1795 3406 1852 Ventus
3429 1804 3608 1850 autem
3641 1808 3806 1866 egre-

479 1894 630 1949 dicas
661 1892 792 1947 mihi
818 1909 832 1946 :
860 1891 1018 1946 Porta
1053 1905 1147 1946 eos
1173 1893 1225 1945 in
1258 1890 1378 1943 sinu
1410 1899 1502 1943 tuo
1528 1888 1669 1942 sicut
1701 1896 1919 1958 portare
1943 1889 2084 1941 solet

479 1985 665 2044 nutrix
694 1982 1039 2048 infantulum,
1069 1994 1122 2038 et
1146 1982 1302 2039 defer
1327 1982 1382 2036 in
1415 1990 1637 2048 terram,
1670 1995 1769 2051 pro
1800 1995 1904 2050 qua
1932 1979 2084 2048 jura-

477 2080 547 2135 sti
576 2079 818 2148 patribus
847 2077 1070 2132 eorum?
1103 2075 1260 2134 Unde
1289 2075 1417 2130 mihi
1442 2088 1659 2141 carnes,
1688 2081 1746 2127 ut
1772 2072 1894 2126 dem
1919 2079 2083 2126 tantm

475 2171 850 2229 multitudini?
897 2171 1029 2227 ﬂent
1075 2179 1265 2226 contra
1312 2185 1420 2234 me,
1469 2167 1752 2224 dicentes:
1804 2165 1881 2219 Da
1928 2165 2085 2220 nobis

475 2281 694 2336 carnes,
737 2276 795 2322 ut
835 2265 1204 2322 comedamus.
1237 2262 1354 2318 Non
1384 2277 1602 2333 possum
1633 2260 1785 2316 solus
1816 2259 2086 2314 sustinere

475 2377 691 2416 omnem
720 2359 862 2415 hunc
889 2359 1174 2430 populum,
1202 2358 1326 2428 quia
1358 2356 1538 2428 gravis
1569 2355 1701 2410 mihi
1730 2364 1835 2411 est.
1863 2353 1956 2410 Sin
1989 2354 2084 2407 ali-

482 2463 569 2510 ter
599 2453 693 2510 tibi
721 2454 956 2521 videtur,
988 2453 1216 2509 obsecro
1244 2452 1320 2524 μυ.
1356 2451 1411 2508 Si
1441 2451 1522 2505 sic
1552 2449 1687 2504 mihi
1717 2448 1956 2503 facturus
1993 2462 2082 2516 es,

480 2548 755 2620 obsecro],
797 2557 853 2603 ut
893 2547 1189 2602 interticias
1231 2560 1340 2610 me,
1380 2553 1436 2599 et
1466 2544 1739 2599 Inveniam
1769 2543 1998 2611 gratiam
2032 2539 2084 2594 in

485 2647 659 2702 oculis
700 2647 828 2713 tuis,
875 2661 946 2700 ne
992 2645 1156 2699 tantis
1186 2642 1393 2698 afﬁciar
1440 2641 1620 2696 malis.
1651 2639 1738 2712 [Β.
1767 2637 1988 2709 XXIX]
2023 2638 2089 2692 Et

483 2740 624 2796 dixit
653 2739 914 2795 Dominus
942 2737 1009 2792 ad
1038 2738 1250 2794 Mosen:
1285 2733 1564 2808 Cougrega
1597 2733 1728 2787 mihi
1750 2731 2087 2801 septuaginta

485 2833 632 2888 viros
661 2832 729 2887 de
757 2830 979 2887 senibus
1026 2829 1214 2898 Israel,
1265 2841 1402 2898 quos
1444 2838 1500 2880 tu
1546 2824 1688 2879 nosti
1737 2822 1876 2893 quod
1929 2836 2090 2877 senes

478 2925 664 2996 populi
696 2925 805 2978 sint
833 2939 898 2977 ac
922 2921 1201 2991 magistri:
1231 2927 1287 2974 et
1316 2918 1484 2973 duces
1529 2931 1624 2972 eos
1665 2914 1732 2970 ad
1771 2916 1972 2970 ostium
2011 2925 2090 2968 ta-

484 3018 759 3076 bernaculi
810 3014 1036 3072 fmderis
1066 3015 1144 3086 [h.
1175 3012 1240 3067 ad
1275 3011 1685 3068 tabernaculum
1715 3007 1978 3079 ftederis],
2011 3007 2090 3064 fa-

479 3113 702 3182 ciesque
742 3110 812 3164 ibi
859 3118 1004 3164 stare
1037 3117 1238 3174 tecum,
1287 3113 1346 3160 ut
1391 3102 1748 3170 descendam,
1801 3110 1856 3157 et
1898 3101 2090 3172 loquar

2185 1887 2341 1944 diens
2369 1905 2397 1942 a
2423 1889 2650 1944 Domino
2677 1930 2690 1952 ,
2721 1898 2966 1960 arreptas
2995 1900 3142 1944 trans
3171 1903 3320 1944 mare
3354 1888 3667 1944 coturnices
3695 1885 3802 1942 de-

2189 1981 2311 2035 tulit
2339 2022 2354 2048 ,
2403 1993 2456 2036 et
2487 1980 2707 2038 demisit
2745 1982 2798 2036 in
2831 1992 3004 2037 castra
3059 1982 3253 2038 itinere
3284 1991 3541 2053 quantum
3575 1996 3684 2037 uno
3712 1980 3806 2036 die

2186 2073 2378 2130 confici
2408 2082 2584 2144 potest
2612 2116 2626 2140 ,
2673 2089 2736 2129 ex
2766 2075 2914 2129 omni
2950 2084 3103 2144 parte
3135 2085 3437 2130 castrorum
3469 2088 3566 2144 per
3599 2073 3803 2129 circui-

2189 2175 2299 2221 tum
2319 2191 2339 2232 ·,
2373 2166 2732 2238 volabantque
2787 2166 2839 2221 in
2889 2182 3013 2224 aere
3043 2167 3252 2223 duobus
3285 2165 3485 2221 cubitis
3510 2164 3806 2220 altitudine

2187 2276 2351 2330 super
2379 2272 2575 2316 terram
2605 2259 2625 2333 [
2650 2260 2702 2314 h.
2739 2277 2804 2316 ex
2857 2263 3002 2316 omni
3037 2269 3189 2333 parte
3220 2271 3522 2316 castrorum
3557 2276 3654 2331 per
3696 2259 3809 2314 cir-

2188 2355 2414 2419 cuitum,
2443 2360 2498 2408 et
2526 2352 3084 2409 duorum'cubitorutn
3112 2353 3396 2410 altitudine
3419 2369 3582 2425 super
3605 2352 3804 2409 faciem

2189 2445 2393 2518 terrm].
2429 2447 2670 2517 Surgens
2694 2462 2824 2517 ergo
2850 2447 3075 2518 p0pqus
3108 2456 3220 2502 toto
3247 2447 3335 2502 die
3365 2446 3459 2502 illo
3489 2487 3503 2512 ,
3528 2455 3584 2502 et
3614 2455 3803 2516 nocte,

2189 2554 2252 2594 ac
2279 2538 2366 2594 die
2393 2540 2568 2595 altero
2593 2583 2607 2605 ,
2641 2542 2986 2612 Cougregavit
3026 2540 3366 2598 coturnicum
3395 2587 3409 2612 ,
3442 2542 3531 2614 qui
3562 2557 3754 2612 parum
3786 2583 3802 2608 ,

2189 2633 2383 2688 decem
2414 2647 2573 2688 coros
2605 2633 2682 2705 [h.
2715 2635 2805 2704 qui
2840 2649 3028 2704 parum
3061 2634 3250 2690 decem
3282 2650 3528 2708 aggeres,
3561 2635 3654 2707 qui
3691 2635 3805 2690 He-

2190 2726 2373 2781 braice
2400 2725 2658 2781 dicuntur
2685 2726 2974 2798 hamarim]
3001 2769 3016 2794 ,
3072 2739 3128 2783 et
3173 2730 3517 2784 siccaverunt
3571 2742 3666 2783 eas
3704 2743 3806 2799 per

2190 2837 2378 2893 gyrum
2411 2829 2744 2877 castrorum.
2780 2821 2973 2878 Adhuc
2995 2837 3190 2879 carnes
3235 2833 3390 2879 erant
3439 2824 3490 2880 in
3544 2823 3804 2882 dentibus

2191 2913 2212 2986 [
2227 2914 2281 2968 h.
2313 2915 2452 2970 inter
2488 2913 2701 2987 dentes]
2733 2929 2945 2982 eorum,
2981 2930 3080 2972 nec
3104 2915 3383 2972 defecerat
3423 2915 3803 2987 hujuscemodi

2191 3010 2344 3064 cibus
2371 3024 2386 3066 :
2417 3017 2473 3063 et
2500 3022 2628 3064 ecce
2659 3007 2811 3064 furor
2841 3009 3056 3066 Domini
3088 3009 3388 3066 concitatus
3425 3011 3478 3082 in
3511 3010 3801 3082 populum,

2193 3100 2462 3172 percussit
2487 3117 2607 3156 eum
2666 3103 2818 3173 plaga
2869 3119 3060 3174 magna
3111 3104 3290 3160 nimis.
3330 3104 3670 3175 Vocatusque
3713 3111 3804 3159 est

477 3207 576 3262 tibi
603 3224 614 3260 :
644 3214 700 3260 et
723 3203 959 3259 auferam
993 3201 1060 3256 de
1112 3199 1309 3271 spiritu
1358 3209 1471 3265 tuo,
1518 3196 1836 3267 tradamqne
1885 3196 1986 3262 eis,
2031 3206 2088 3249 ut
2114 3185 2160 3250 C
2192 3195 2284 3252 ille
2316 3196 2468 3251 locus
2494 3236 2509 3264 ,
2539 3193 2794 3265 Sepulcra
2835 3198 3295 3268 concupiscentize
3331 3216 3341 3250 :
3379 3197 3451 3253 ibi
3504 3197 3647 3252 enim
3703 3212 3799 3252 se-

479 3306 784 3353 sustentent
833 3305 1008 3350 tecum
1057 3307 1195 3348 onus
1236 3291 1441 3362 populi,
1482 3301 1537 3345 et
1564 3305 1671 3344 nou
1699 3299 1754 3343 tu
1785 3287 1936 3342 solus
1963 3302 2085 3358 gra-

480 3392 647 3447 veris.
678 3389 886 3459 Populo
915 3401 1128 3457 quoque
1157 3385 1305 3440 dices
1337 3401 1350 3436 :
1381 3381 1804 3440 Sanctificamiui
1845 3395 1988 3446 cras,
2036 3387 2092 3434 et

481 3480 780 3538 comedetis
805 3494 1022 3536 carnes.
1047 3476 1172 3548 ‘Ego
1198 3479 1342 3531 enim
1377 3473 1556 3528 audivi
1581 3489 1679 3527 vos
1707 3472 1892 3526 dicere
1919 3487 1932 3523 :
1957 3469 2090 3537 Quis

479 3575 630 3632 dabit
659 3574 818 3629 nobis
843 3585 998 3628 escas
1025 3569 1310 3625 carnium?
1340 3569 1478 3623 bene
1507 3565 1664 3622 nobis
1691 3573 1811 3620 erat
1837 3565 1890 3619 iu
1920 3563 2093 3634 AEgy-

482 3676 597 3738 pto.
627 3665 696 3723 Ut
724 3666 818 3720 det
847 3664 999 3720 vobis
1032 3662 1290 3717 Dominus
1321 3674 1535 3727 carnes,
1567 3668 1621 3714 et
1658 3656 1958 3714 comedatis
2008 3655 2087 3728 [h.

483 3761 643 3816 Dabit
672 3772 889 3828 quoque
915 3755 1176 3811 Dominus
1205 3753 1357 3808 vobis
1384 3766 1597 3814 carnes,
1631 3760 1683 3806 et
1721 3746 2048 3819 comedetis]
2075 3764 2090 3801 :

490 3869 597 3910 non
628 3868 738 3908 uno
764 3851 873 3918 die,
905 3866 1004 3904 nec
1031 3848 1264 3912 duobus,
1293 3847 1379 3902 vel
1429 3846 1668 3917 quinque
1719 3853 1809 3898 aut
1859 3843 2048 3898 decem
2074 3882 2088 3907 ,

483 3961 586 4002 nec
621 3944 808 4016 viginti
836 3940 1074 4014 quidem,
1109 3939 1204 3995 sed
1236 3954 1405 4009 usque
1441 3937 1508 3993 ad
1549 3952 1790 3992 mensem
1830 3935 2043 3990 dierum
2074 3975 2090 4002 ,

487 4039 665 4096 donec
693 4043 854 4090 exeat
885 4049 980 4105 per
1008 4046 1166 4088 nares
1188 4041 1422 4096 vestras,
1468 4039 1524 4086 et
1567 4039 1810 4084 vertatur
1857 4029 1909 4082 in
1964 4042 2096 4081 nau-

487 4146 661 4200 seam,
706 4145 772 4184 eo
815 4127 956 4199 quod
1007 4125 1316 4206 repuleritis
1371 4123 1680 4190 Dominum,
1709 4122 1803 4191 qui
1832 4121 1885 4175 in
1916 4120 2095 4176 medio

489 4225 656 4281 vestri
701 4232 806 4287 est,
859 4230 912 4275 et
959 4218 1215 4274 ﬂeveritis
1266 4232 1450 4272 coram
1491 4231 1558 4270 eo
1595 4214 1882 4269 dicentes:
1918 4215 2096 4280 Quare

492 4318 697 4390 egressi
722 4328 908 4372 sumus
928 4329 998 4368 ex
1022 4311 1256 4384 Egypto
1277 4311 1300 4365 i
1320 4309 1402 4383 [C.
1426 4307 1694 4379 XXXIV]
1721 4309 1781 4364 Et
1799 4308 1876 4363 ait
1899 4307 2092 4362 Moses:

493 4410 762 4467 Sexcenta
817 4405 980 4460 millia
1025 4402 1262 4472 peditum
1311 4402 1474 4471 hujus
1518 4400 1701 4470 populi
1745 4407 1891 4455 sunt.
1944 4399 2013 4454 Et
2041 4407 2096 4453 tu

492 4501 628 4558 dicis
653 4516 667 4554 :
702 4499 850 4554 Dabo
874 4499 956 4553 eis
982 4510 1133 4552 esum
1157 4491 1400 4549 carnium
1439 4506 1626 4547 mense
1654 4491 1904 4562 integro?
1934 4489 2099 4545 Num-

2195 3288 2463 3358 pelierunt
2520 3289 2778 3359 populum
2834 3290 2923 3360 qui
2982 3289 3410 3346 desideraverat.
3471 3289 3579 3362 [T.
3616 3288 3801 3361 VIII.]

2194 3380 2408 3451 Egressi
2438 3391 2616 3436 autem
2649 3382 2717 3436 de
2740 3381 3018 3452 Scpulcris
3049 3383 3511 3454 concupiscentia
3533 3393 3809 3440 venerunt

2194 3476 2248 3528 iu
2284 3474 2542 3540 Asaroth,
2573 3484 2626 3529 et
2656 3484 2975 3530 manserunt
3004 3475 3096 3530 ibi.

2267 3567 2350 3638 {8.
2383 3567 2621 3634 XXXII,
2659 3565 2719 3622 C.
2757 3566 2978 3624 XXXVI
2999 3612 3013 3636 ,
3045 3568 3174 3639 Cap.
3206 3567 3347 3643 XII.]
3377 3568 3687 3640 Locutaque
3719 3579 3813 3626 est.

2194 3661 2361 3716 Maria
2406 3670 2461 3716 et
2511 3664 2688 3715 Aaron
2719 3671 2910 3732 contra
2945 3663 3123 3718 Mosen
3171 3672 3397 3736 pr0pter
3427 3679 3649 3720 uxorem
3679 3663 3811 3734 ejus

2194 3751 2582 3823 Ethiopissatu
2612 3795 2626 3819 ,
2666 3763 2722 3809 et
2750 3753 3009 3810 dixerunt
3037 3772 3052 3811 :
3085 3754 3222 3810 Num
3269 3772 3365 3827 per
3391 3758 3567 3812 solum
3614 3756 3810 3813 Mosen

2195 3847 2405 3902 locutus
2434 3858 2514 3903 est
2546 3848 2849 3904 Dominus?
2885 3866 3066 3906 nonne
3105 3862 3160 3907 et
3210 3852 3369 3909 nobis
3412 3853 3667 3909 similiter
3718 3861 3820 3910 est

2196 3941 2632 4011 Iocutus‘IQuod
2657 3957 2779 3998 cum
2829 3944 3066 3999 audisset
3124 3943 3389 4002 Dominus
3438 3947 3603 4017 (erat
3654 3947 3813 4001 enim

2196 4036 2377 4093 Moses
2405 4038 2491 4090 vir
2537 4036 2856 4092 mitissimus
2906 4052 3075 4108 super
3123 4053 3318 4095 omnes
3367 4038 3650 4107 homines,
3709 4041 3820 4111 qui

2198 4128 2551 4183 morabantur
2577 4128 2628 4182 in
2664 4127 2856 4200 terra),
2892 4131 3071 4185 statim
3099 4129 3314 4185 locutus
3335 4139 3417 4186 est
3444 4129 3512 4186 ad
3543 4145 3665 4187 eum
3701 4171 3718 4198 ,
3748 4141 3821 4188 et

2197 4220 2263 4274 ad
2320 4219 2506 4276 Aaron
2558 4229 2613 4276 et
2659 4219 2726 4275 ad
2767 4221 2987 4276 Mariam
3027 4221 3405 4292 :Egredimini
3441 4238 3539 4279 vos
3591 4232 3818 4280 tantum

2198 4323 2310 4368 tres
2367 4313 2434 4369 ad
2485 4314 2888 4370 tabernaculum
2945 4314 3191 4372 fmderis.
3268 4317 3512 4390 Cumque
3571 4318 3818 4375 fuissent

2197 4405 2445 4476 egressi,
2475 4405 2761 4461 descendit
2809 4407 3068 4463 Dominus
3096 4409 3148 4463 in
3181 4409 3435 4465 columna
3495 4411 3650 4467 nubis
3676 4457 3690 4481 ,
3753 4422 3819 4469 et

2200 4498 2351 4552 stetit
2381 4498 2433 4551 in
2482 4498 2708 4553 introitu
2757 4498 3095 4555 tabernaculi
3142 4515 3344 4572 vocans
3392 4503 3572 4557 Aaron
3609 4513 3664 4557 et
3694 4503 3819 4558 Ma-

492 4593 626 4666 quid
653 4593 834 4648 ovium
868 4599 924 4646 et
969 4589 1129 4644 boum
1173 4584 1460 4642 multitudo
1510 4584 1771 4649 caedetur,
1825 4591 1884 4638 ut
1928 4583 2100 4653 possit
2128 4583 2175 4642 Ι)
2203 4589 2364 4643 riam.
2396 4588 2645 4654 Quicum
2673 4589 2878 4658 issent,
2911 4590 3052 4646 dixit
3093 4596 3159 4648 ad
3201 4608 3333 4650 eos:
3367 4593 3563 4651 Audite
3593 4609 3817 4653 sermo-

493 4689 744 4746 suflicere
771 4684 839 4740 ad
864 4681 1079 4740 cibum?
1110 4681 1195 4737 vel
1219 4694 1411 4734 omnes
1437 4677 1616 4748 pisces
1645 4677 1810 4732 maris
1836 4677 1888 4732 in
1929 4691 2092 4730 unum

492 4781 990 4852 congregabuntur,
1023 4784 1083 4829 ut
1105 4789 1202 4830 eos
1226 4773 1458 4828 satient?
1487 4772 1582 4827 Cui
1608 4771 1890 4842 respondit
1917 4770 2099 4826 Domi-

498 4891 636 4931 nus:
663 4871 934 4942 Numquid
963 4885 1152 4924 manus
1173 4868 1392 4926 Domini
1416 4866 1647 4922 invalida
1672 4866 1790 4922 est?
1813 4867 1931 4922 Jam
1955 4880 2096 4921 nunc

499 4965 713 5022 videbis
756 4973 933 5019 utrum
983 4975 1137 5016 meus
1179 4974 1360 5014 sermo
1409 4973 1578 5028 opere
1609 4958 1966 5028 compleatur.
2009 4956 2096 5029 [Β.

499 5059 673 5124 XXX,
705 5060 765 5114 Ο.
801 5054 1046 5128 XXXV]
1083 5054 1245 5110 Venit
1291 5054 1450 5123 igitur
1496 5053 1674 5108 Moses
1706 5094 1720 5115 ,
1763 5063 1816 5106 et
1857 5052 2100 5108 narravit

501 5155 703 5227 populo
729 5153 896 5210 verba
928 5150 1160 5217 Domini,
1192 5162 1528 5218 congregans
1569 5147 1908 5217 septuaginta
1955 5147 2099 5203 viros

495 5251 566 5306 de
615 5248 836 5306 senibus
887 5244 1075 5316 populi
1117 5241 1306 5315 [Vulg.
1357 5239 1572 5313 Israel].
1618 5256 1754 5305 quos
1800 5249 1945 5296 stare
1976 5241 2100 5296 fecit

499 5343 645 5400 circa
684 5338 1114 5396 tabernaculum.
1159 5333 1554 5405 Descenditque
1584 5333 1841 5389 Dominus
1869 5347 1965 5403 per
1995 5349 2100 5390 nu-

570 5553 597 5582 ι
625 5541 892 5600 Hohraice
921 5519 1093 5604 nubs,
1124 5538 1340 5602 Iulum,
1368 5536 1482 5592 sive
1497 5531 1751 5602 chelaem;
1769 5535 1912 5605 quod
1930 5533 2097 5591 Chal-

497 5617 647 5676 (ἥκω
689 5613 853 5670 vertit
875 5623 1067 5701 mox.
1099 5610 1383 5676 esuriam,
1416 5608 1466 5664 id
1497 5618 1601 5673 est,
1626 5609 1767 5664 mitte
1790 5624 1876 5664 eos
1906 5609 1958 5662 in
1986 5625 2101 5662 car-

498 5723 686 5773 cerem,
717 5708 832 5763 sive
859 5698 1066 5761 reclude
1092 5718 1178 5756 eos
1201 5702 1349 5770 juxta
1382 5700 1647 5756 scholiou.
1675 5701 1844 5754 Porro
1873 5698 2097 5755 verbum

496 5785 628 5874 ιώ),
652 5797 803 5856 chata
826 5795 911 5855 vel
940 5793 1078 5864 cata,
1108 5792 1468 5864 Hieronymus
1500 5790 1801 5864 saepissime
1833 5790 2101 5866 interpr-9.

2200 4696 2296 4736 nes
2320 4696 2473 4737 meos
2505 4699 2518 4734 :
2553 4681 2608 4737 Si
2638 4683 2759 4751 quis
2786 4682 2947 4737 fuerit
2980 4684 3124 4740 inter
3149 4701 3239 4740 vos
3271 4686 3534 4758 pr0plteta
3558 4686 3812 4756 Domini,

2199 4773 2254 4826 in
2287 4773 2498 4827 visione
2523 4773 2798 4843 apparebo
2828 4775 2878 4829 ei
2905 4815 2919 4840 ,
2955 4775 3041 4830 vel
3079 4791 3177 4847 per
3205 4777 3480 4832 somnium
3514 4777 3710 4848 loquar
3738 4778 3815 4834 ad

2197 4863 2369 4919 illum.
2404 4868 2470 4917 At
2499 4879 2606 4918 non
2640 4863 2762 4918 talis
2785 4878 2979 4920 servus
3011 4881 3166 4922 meus
3188 4867 3363 4923 Moses
3390 4910 3405 4933 ,
3445 4869 3534 4939 qui
3568 4869 3622 4923 in
3653 4869 3814 4924 omni

2200 4957 2364 5011 domo
2397 4971 2513 5011 mea
2540 4956 2887 5012 ﬁdelissimus
2912 4968 2996 5012 est
3028 4978 3040 5013 :
3075 4974 3170 5014 ore
3200 4961 3346 5015 enim
3378 4961 3445 5017 ad
3501 4977 3564 5017 os
3609 4962 3818 5032 loquor

2199 5050 2249 5105 ei
2279 5095 2290 5117 ,
2315 5058 2370 5104 et
2403 5050 2599 5118 palam,
2625 5059 2678 5104 et
2711 5064 2818 5105 non
2849 5066 2943 5121 per
2971 5052 3258 5123 aenigmata
3306 5063 3362 5109 et
3390 5055 3590 5126 figuras
3617 5055 3816 5111 Domi-

2202 5156 2328 5196 num
2355 5139 2502 5195 videt
2551 5139 2647 5212 [h.
2680 5149 2735 5195 et
2765 5140 2991 5212 figuram
3046 5143 3258 5199 Domini
3305 5145 3583 5219 aspexit].
3625 5146 3818 5215 Quare

2201 5246 2332 5301 ergo
2363 5247 2471 5286 non
2503 5230 2762 5288 timuistis
2788 5233 3080 5290 detrahere
3103 5250 3265 5290 servo
3293 5252 3415 5291 meo
3462 5237 3638 5293 Mosi?
3686 5237 3816 5294 Ira-

2205 5335 2399 5397 tusque
2426 5335 2615 5382 contra
2644 5342 2740 5382 eos
2766 5369 2780 5392 ,
2827 5327 3000 5382 abiit:
3034 5330 3206 5384 nubes
3258 5345 3477 5402 quoque
3529 5330 3765 5388 recessit
3793 5375 3814 5403 ,

2208 5542 2349 5614 tatur
2368 5535 2638 5614 pretiosos
2665 5547 2768 5614 aut
2787 5537 3047 5614 claudere,
3075 5547 3130 5594 et
3160 5515 3312 5606 Μῦς
3343 5538 3482 5608 calu,
3512 5539 3814 5614 apudeurn

2209 5606 2261 5660 in
2291 5605 2574 5676 Prophetis
2596 5608 2864 5677 significat
2881 5611 3186 5664 clausuram
3211 5605 3306 5666 seu
3326 5605 3626 5668 carcerein.
3650 5612 3811 5667 Nihil

2207 5677 2373 5747 igitur
2415 5677 2614 5739 obstat.
2656 5679 2784 5748 quin
2830 5680 3076 5736 scholion
3104 5681 3247 5738 istud
3288 5697 3417 5740 vere
3445 5683 3818 5754 sitHierony-

2208 5751 2466 5805 mianum.
2499 5748 2678 5805 llam.
