4044 6360
245 343 342 402 ωδ

1584 327 1788 390 LIBER
1829 326 2115 388 NUMERI.

3417 329 3522 386 568

246 469 357 524 quae
386 460 502 508 erat
526 464 689 519 super
718 445 1129 506 tabernaculum
1160 463 1172 500 :
1210 452 1265 504 et
1294 458 1422 500 ecce
1464 442 1632 500 Maria
1659 458 1828 513 appa-
1856 445 1903 504 Α
1933 457 2102 514 usque
2125 440 2192 496 ad
2218 446 2515 498 torrentem
2540 438 2712 509 Botri,
2732 439 3373 514 abseideruntpalmitem
3403 457 3526 499 cum

245 547 348 604 ruit
371 541 607 599 candens
636 541 789 611 lepra
818 539 974 610 quasi
1029 537 1141 594 nix.
1201 534 1446 606 Cumque
1494 535 1828 606 respexisset

245 652 355 694 eam
382 633 564 692 Aaron
594 676 608 699 ,
633 641 690 690 et
717 631 945 688 vidisset
979 628 1250 700 perfusam
1280 628 1427 698 lepra
1453 669 1467 692 ,
1524 627 1600 682 ait
1625 627 1690 682 ad
1719 628 1830 683 Mo-

245 745 370 787 sen:
401 728 664 788 Obsecro.
693 726 919 782 domine
949 725 1057 793 mi,
1094 738 1164 780 ne
1217 723 1466 794 imponas
1519 719 1677 778 nobis
1727 721 1830 776 hoc

247 833 555 896 peccatum,
586 821 728 892 quod
774 819 940 876 stulte
993 817 1404 886 commisimus,
1451 831 1519 872 ne
1569 815 1665 872 liat
1716 813 1832 870 h-ec

245 917 391 990 quasi
438 925 677 980 mortua.
718 923 774 970 et
822 925 879 970 ut
909 913 1217 970 abortivum
1272 910 1415 984 quod
1454 909 1736 983 projicitur
1765 909 1833 966 de

244 1010 392 1064 vulva
421 1009 613 1068 matris
637 1022 771 1062 sum.

307 1099 450 1154 Ecce
473 1097 586 1169 jam
615 1096 854 1154 medium
889 1098 1068 1154 carnis
1117 1094 1236 1163 ejus
1292 1091 1609 1149 devoratum
1665 1103 1748 1147 cSt
1802 1103 1832 1143 a

242 1195 378 1264 lepra
407 1192 483 1265 [h.
515 1191 806 1250 medietate
833 1191 1014 1247 carnis
1049 1189 1166 1260 ejus
1188 1188 1299 1257 jam
1323 1183 1687 1258 consumpta].
1718 1183 1836 1239 Cla-

243 1286 510 1355 mavitque
540 1285 720 1342 Moses
745 1282 812 1338 ad
843 1282 1130 1338 Dominum
1164 1325 1178 1348 ,
1213 1279 1404 1337 dicens
1435 1297 1450 1335 :
1483 1280 1643 1342 Deus,
1676 1277 1835 1332 obsc-

242 1397 348 1450 cro,
401 1395 535 1437 sana
599 1394 741 1436 eam.
799 1376 900 1433 Cui
925 1375 1209 1448 respondit
1239 1373 1498 1431 Dominus
1531 1389 1544 1427 :
1581 1372 1635 1428 Si
1684 1380 1836 1439 pater

242 1474 347 1545 ejus
373 1471 682 1544 exspuisset
726 1471 777 1525 in
829 1469 1022 1526 faciem
1083 1467 1270 1534 illius,
1331 1482 1513 1521 nonne
1573 1464 1837 1518 debuerat

243 1570 420 1628 saltem
470 1575 682 1638 septem
720 1565 929 1624 dierum
989 1563 1189 1620 rubore
1228 1562 1463 1620 Sul'fundi
1489 1562 1512 1616 ?
1543 1562 1838 1632 Separetur

243 1670 436 1730 septem
468 1658 664 1717 diebus
691 1667 845 1714 extra
876 1666 1056 1716 castra
1079 1701 1092 1726 ,
1143 1667 1197 1709 et
1245 1667 1436 1726 postea
1493 1653 1837 1712 revocabitur

245 1755 316 1827 [h.
341 1753 676 1828 colligetur].
709 1753 938 1810 Exclusa
968 1760 1053 1810 est
1082 1752 1263 1822 itaque
1290 1749 1453 1806 Maria
1477 1759 1627 1806 extra
1658 1758 1836 1804 castra

1933 549 2034 590 uva
2092 549 2186 588 sua
2211 579 2226 600 ,
2279 549 2439 605 quem
2485 543 2835 604 portaveruut
2876 535 2926 588 in
2962 543 3114 592 recte
3144 534 3252 591 duo
3283 535 3403 591 viri.
3447 537 3524 593 De

1936 629 2093 686 malis
2121 644 2334 701 quoque
2359 630 2603 700 grauatis
2625 637 2681 685 et
2707 628 2775 688 de
2797 629 2914 686 licis
2937 629 3040 688 loci
3071 631 3214 687 illius
3245 632 3522 688 tulerunt:

1935 721 2026 790 qui
2058 723 2364 793 appellatus
2405 733 2488 780 est
2542 721 2938 780 Nehel—Eschol
2967 765 2982 790 ,
3033 723 3084 779 id
3139 733 3261 789 est,
3292 723 3528 780 Torrens

1939 814 2108 884 Botri,
2138 831 2204 871 eo
2233 815 2382 888 quod
2415 817 2632 874 botrum
2683 816 2807 873 inde
2859 827 3171 886 portassent
3209 817 3308 875 lilii
3339 818 3526 874 Israel.

1937 907 2271 979 Reversique
2327 909 2704 980 exploratores
2761 920 2920 968 terrae
2991 920 3110 978 post
3172 911 3527 983 quadraginta

1935 1000 2054 1058 dies
2084 1044 2097 1064 .
2129 1000 2268 1056 omni
2291 1003 2499 1076 regione
2527 1003 2744 1060 circuitu
2774 1001 2852 1075 [h.
2889 1017 2998 1064 non
3050 1002 3232 1076 habet]
3261 1011 3531 1060 venerunt

1937 1093 2007 1150 ad
2061 1093 2247 1154 Mosen
2297 1104 2351 1152 et
2382 1097 2564 1150 Aaron
2593 1107 2646 1152 et
2683 1095 2750 1150 ad
2783 1111 3002 1154 onmem
3050 1103 3250 1153 emtum
3297 1095 3530 1150 liliorum

1939 1185 2102 1245 Israel
2132 1184 2184 1240 in
2214 1185 2495 1247 desertum
2529 1185 2743 1244 Pharan
2771 1228 2785 1253 ,
2815 1188 2958 1259 quod
2987 1196 3077 1244 est
3109 1186 3163 1242 in
3198 1186 3394 1244 Cades.
3428 1186 3534 1243 Lo-

1939 1277 2158 1350 cutique
2189 1280 2269 1332 eis
2291 1289 2344 1336 ct
2371 1279 2516 1336 0mm
2557 1279 2894 1336 multitudini
2939 1279 3299 1340 OSteuderuut
3329 1279 3534 1336 fructus

1942 1378 2102 1424 terrae
2128 1411 2143 1439 ,
2175 1379 2229 1426 et
2276 1380 2636 1430 narravernnt
2667 1411 2681 1436 ,
2722 1370 2967 1428 dicentes
2999 1371 3294 1430 :Venimus
3335 1372 3384 1426 in
3424 1379 3535 1426 ter-

1941 1474 2055 1516 ram
2080 1501 2096 1525 ,
2124 1459 2189 1514 ad
2221 1475 2381 1534 quain
2416 1460 2611 1516 misisti
2638 1476 2739 1518 nos
2767 1477 2888 1532 quze
2920 1477 3106 1522 revera
3137 1462 3258 1520 lluit
3301 1462 3441 1520 lacte
3481 1475 3535 1518 et

1942 1550 2107 1606 melle
2133 1592 2148 1618 ,
2172 1558 2232 1607 ut
2251 1567 2316 1608 ex
2344 1551 2428 1608 his
2469 1552 2734 1610 fructibus
2755 1556 3011 1624 cognosci
3043 1563 3220 1625 potest
3249 1573 3261 1610 :
3289 1556 3386 1616 sed
3420 1556 3537 1614 cul-

1943 1653 2092 1698 tores
2141 1641 2469 1700 l‘ortissimos
2520 1645 2726 1714 habet,
2783 1655 2838 1701 et
2885 1647 3048 1702 urbes
3095 1649 3330 1718 grandes
3372 1647 3536 1706 nimis

1943 1734 2132 1806 [ναις.
2168 1747 2270 1790 (ac.
2302 1736 2491 1808 nimis]
2523 1746 2685 1808 atque
2715 1749 2975 1794 muratas.
3005 1739 3240 1810 Stirpem
3278 1740 3425 1795 Enac
3454 1739 3538 1796 vi-

243 1825 442 1916 septem
471 1825 670 1904 diebus
703 1861 718 1900 :
750 1855 803 1901 et
837 1844 1066 1916 populus
1095 1859 1205 1902 non
1255 1853 1338 1900 est
1378 1853 1558 1899 motus
1611 1841 1679 1897 de
1719 1841 1838 1898 loco

1956 1825 2120 1884 limus
2143 1828 2236 1884 ibi.
2260 1828 2482 1886 Amalec
2515 1829 2721 1888 habitat
2768 1831 2820 1888 in
2855 1833 3083 1888 meridie
3108 1874 3122 1898 ,
3176 1832 3435 1888 Hethzeus
3485 1843 3541 1890 et

244 1940 329 1996 illo
351 1980 368 2006 ,
398 1939 581 1996 donec
610 1950 863 1996 revocata
891 1940 968 2010 [h.
1001 1937 1256 2008 collecta]
1287 1946 1373 1996 est
1405 1937 1591 1994 Maria.

309 2033 388 2105 [Β.
416 2031 684 2098 XXXIII,
714 2031 843 2106 Cap.
879 2031 1042 2103 Xlll.]
1077 2031 1472 2102 Profectusque
1503 2039 1588 2087 est
1611 2029 1842 2102 populus

244 2125 304 2184 de
329 2126 598 2193 Aserotb,‘
626 2125 747 2182 lixis
772 2124 1028 2180 tentoriis
1072 2125 1148 2196 [h.
1179 2122 1554 2180 eaStrametati
1585 2121 1734 2192 sunt]
1788 2122 1841 2177 in

246 2217 454 2273 deserto
516 2216 753 2272 Pharao.
803 2216 991 2288 ibique
1021 2258 1035 2284 ,
1070 2215 1284 2274 locutus
1341 2225 1425 2274 est
1474 2214 1732 2270 Dominus
1776 2212 1842 2267 ad

246 2308 443 2375 Mosen,
480 2308 672 2364 ditens
697 2327 709 2362 :
737 2308 889 2366 Mitte
917 2309 1065 2364 viros
1089 2349 1103 2375 ,
1139 2309 1229 2378 qui
1264 2308 1616 2364 considerent
1647 2318 1842 2362 terram

250 2399 526 2467 Chanaan,
558 2415 722 2470 quam
751 2400 977 2458 daturus
1007 2414 1127 2456 sum
1159 2399 1287 2456 liliis
1335 2399 1501 2455 Israel
1531 2431 1552 2468 ,-
1605 2397 1844 2470 singulos

251 2493 310 2550 de
325 2493 562 2564 singulis
596 2493 870 2561 tribubus,
893 2509 960 2548 ex
987 2491 1319 2563 principibus
1350 2490 1446 2565 [h.
1475 2498 1683 2561 patrum
1715 2505 1844 2544 suo-

253 2583 400 2658 rum].
417 2583 766 2642 FecitMoses
789 2583 931 2656 quod
962 2584 1226 2640 Dominus
1250 2584 1637 2653 imperaverat,
1662 2581 1728 2637 de
1749 2581 1845 2638 de.

252 2686 388 2734 serto
418 2675 642 2731 Pharan
675 2676 896 2732 mittens
926 2674 1197 2748 principes
1227 2676 1379 2730 vires
1404 2717 1416 2740 ,
1466 2690 1693 2746 quorum
1747 2675 1848 2729 ista

252 2777 369 2826 sunt
395 2769 644 2824 nomina.
671 2768 749 2823 De
781 2768 918 2824 tribu
950 2767 1140 2825 Ruben
1169 2808 1183 2833 ,
1236 2768 1491 2823 Sammtta
1519 2767 1687 2821 lilium
1719 2766 1851 2821 Zec-

253 2858 396 2916 chur.
445 2860 532 2918 De
590 2860 737 2916 tribu
794 2860 1053 2928 Simeou,
1110 2860 1316 2928 Saphat
1372 2858 1542 2914 lilium
1587 2858 1740 2913 lluri.
1775 2858 1852 2912 De

254 2953 386 3008 tribu
430 2951 573 3009 Juda
603 2993 619 3018 ,
659 2952 863 3010 Cbaleb
893 2953 1062 3007 lilium
1089 2950 1399 3020 .lephonue.
1435 2953 1508 3007 De
1541 2951 1681 3006 tribu
1716 2951 1854 3006 Issa-

255 3045 397 3111 char,
426 3045 542 3118 Igal
569 3045 738 3101 ﬁlium
771 3043 996 3114 .loseph.
1031 3043 1104 3099 De
1159 3045 1302 3100 tribu
1357 3043 1616 3114 Ephraim
1651 3086 1664 3109 ,
1715 3042 1854 3098 Osee

255 3137 414 3195 ﬁlium
445 3137 596 3195 Nun.
628 3139 700 3196 De
724 3137 865 3194 tribu
895 3137 1202 3207 Beujamin,
1230 3135 1408 3191 Phalti
1443 3136 1609 3190 lilium
1638 3135 1851 3207 liaphu.

1943 1921 2228 1978 .lehusteus
2271 1932 2326 1978 et
2365 1923 2720 1982 Amorrhaeus
2761 1927 2814 1982 in
2841 1925 3116 1984 montanis
3148 1943 3161 1979 :
3195 1925 3540 1981 Cltananzetts

1943 2031 2073 2072 vero
2103 2024 2350 2072 moratur
2376 2017 2530 2088 juxta
2573 2035 2724 2074 mare
2774 2028 2828 2074 et
2856 2020 2998 2074 circa
3029 2018 3233 2076 ﬂuenta
3263 2017 3538 2077 Iordanis.

1944 2105 2091 2164 Inter
2119 2108 2237 2164 haec
2258 2108 2462 2168 Cbaleb
2507 2126 2862 2180 compescens
2906 2128 3153 2170 murmur
3183 2113 3407 2184 populi,
3454 2113 3546 2183 qui

1945 2201 2224 2260 oriebatur
2253 2215 2446 2260 contra
2477 2205 2661 2261 Mosen
2687 2246 2702 2270 ,
2737 2207 2814 2262 ait
2844 2224 2854 2256 :
2890 2205 3264 2264 Asceudamus
3288 2248 3302 2273 ,
3334 2218 3392 2262 et
3421 2223 3546 2277 pos-

1946 2291 2220 2350 sideamus
2249 2305 2480 2364 terram,
2509 2297 2768 2368 quoniam
2804 2298 3100 2366 poterimus
3131 2299 3380 2356 obtinere
3400 2315 3540 2357 eam.

1945 2385 2052 2443 Alii
2078 2402 2229 2454 vero,
2259 2389 2344 2457 qui
2374 2387 2587 2446 fuerant
2609 2404 2731 2446 cum
2755 2405 2844 2456 eo,
2867 2390 3124 2448 dicebant
3154 2409 3168 2445 :
3193 2391 3544 2463 Nequaquam

1945 2480 2012 2534 ad
2047 2480 2188 2536 hunc
2221 2481 2478 2552 populum
2503 2484 2748 2538 valemus
2781 2485 3082 2542 ascendere
3114 2529 3128 2553 ,
3181 2489 3302 2556 quia
3355 2487 3548 2544 fortior

1951 2577 2106 2634 nobis
2131 2587 2235 2629 est.
2266 2575 2746 2648 Detraxeruntque
2777 2587 2961 2648 terrae,
2987 2596 3146 2650 quam
3171 2581 3544 2651 inspexerant,

1950 2668 2092 2738 apud
2124 2668 2468 2737 lilioslsrael,
2496 2669 2738 2728 dicentes
2759 2689 2770 2732 ;
2791 2682 2958 2739 terra,
2989 2689 3151 2742 quam
3178 2675 3548 2742 lustravimus,

1952 2765 2180 2822 devorat
2204 2765 2536 2822 habitatores
2559 2781 2726 2824 suos:
2759 2769 3010 2842 populus,
3030 2785 3187 2840 quem
3213 2774 3550 2840 aspeximus,

1957 2871 2196 2926 procerae
2247 2865 2469 2912 staturae
2501 2866 2604 2914 est.
2637 2858 2714 2912 lbi
2739 2858 2968 2916 vidimus
3017 2871 3260 2917 monstra
3301 2863 3548 2932 quaedam

1957 2951 2190 3006 liliorum
2222 2949 2370 3008 ane
2412 2951 2478 3006 de
2526 2967 2728 3022 genere
2757 2952 3010 3024 giganteo
3038 2971 3050 3007 :
3080 2955 3280 3023 quibus
3331 2970 3554 3026 compa-

1957 3041 2085 3110 rati,
2119 3041 2271 3112 quasi
2303 3042 2531 3100 locustae
2557 3042 2898 3100 videbamur.

2031 3135 2114 3207 [Β.
2149 3133 2369 3192 XXXIV
2391 3178 2406 3202 ,
2459 3134 2593 3204 Cap.
2625 3135 2792 3210 ΚΝ]
2842 3136 3006 3207 Igitur
3036 3137 3341 3194 vociferans
3383 3138 3560 3194 otnnis

259 3232 330 3290 De
372 3233 520 3289 tribu
570 3230 814 3288 Zabulon
842 3271 856 3295 ,
916 3229 1148 3286 Geddiel
1203 3228 1371 3284 lilium
1411 3228 1562 3284 Sodi.
1598 3228 1674 3282 De
1706 3227 1849 3281 tribu
1879 3230 1924 3295 C
1959 3227 2112 3284 turba
2145 3226 2292 3282 ﬂevit
2338 3237 2497 3284 nocte
2533 3229 2654 3297 illa,
2707 3242 2758 3284 et
2820 3231 3140 3288 iuurmurati
3189 3242 3314 3288 sunt
3366 3245 3557 3288 contra

255 3324 469 3396 Ioseph,
504 3339 575 3381 ex
601 3324 742 3381 tribu
771 3321 963 3396 [Vulg.
995 3321 1234 3395 sceptri]
1290 3322 1560 3387 MauaSse,
1594 3319 1766 3378 Gaddi
1795 3320 1853 3373 li-

257 3417 374 3473 lium
403 3417 559 3475 Susi.
596 3417 674 3473 De
705 3416 847 3473 tribu
877 3417 1031 3482 Dan,
1096 3415 1328 3472 Animiel
1381 3414 1550 3470 lilimn
1599 3414 1850 3471 Gcmalli.

260 3509 332 3566 De
362 3512 514 3567 tribu
546 3513 706 3581 Aser,
739 3509 942 3565 Satbur
974 3509 1160 3582 [γι-τηις.
1191 3507 1380 3580 Stltur]
1412 3507 1577 3563 ﬁlium
1607 3506 1852 3564 Michael.

258 3603 325 3658 De
357 3603 498 3660 tribu
534 3603 820 3674 Nephtali,
869 3602 1037 3664 Naabi
1097 3605 1264 3659 lilium
1300 3603 1523 3672 Vaphsi.
1578 3603 1655 3658 De
1712 3602 1853 3658 tribu

256 3696 360 3753 Gad
386 3740 400 3764 ,
432 3696 582 3754 Guel
607 3695 780 3753 liliqu
804 3697 998 3754 Macbi.
1028 3698 1109 3769 LC.
1136 3695 1430 3768 XXXVII.]
1453 3695 1580 3753 Ilzec
1607 3708 1732 3752 sunt
1759 3713 1856 3750 no-

257 3790 388 3846 mina
425 3790 695 3856 virorum,
730 3805 866 3860 quos
895 3790 1044 3846 misit
1075 3790 1256 3846 Moses
1285 3792 1354 3846 ad
1390 3790 1853 3848 considerandam

258 3893 445 3940 terram
483 3901 498 3938 :
534 3883 865 3954 vocavitque
905 3883 1048 3940 Osee
1088 3883 1259 3938 lilium
1289 3883 1406 3940 Nun
1434 3925 1449 3951 ,
1497 3885 1682 3940 Josue.
1716 3882 1860 3938 Misit

258 3993 376 4048 ergo
403 3993 506 4034 eos
535 3977 715 4034 Moses
741 3977 809 4032 ad
839 3975 1292 4033 considerandam
1326 3987 1525 4033 terram
1556 3974 1812 4031 Chanaan
1839 4015 1854 4043 ,

259 4080 308 4126 et
332 4072 464 4127 dixit
488 4070 560 4128 ad
585 4085 679 4127 eos
709 4088 722 4124 :
748 4069 1046 4127 Ascendite
1080 4086 1177 4141 per
1209 4070 1568 4126 meridianam
1623 4069 1854 4140 plagam.

257 4164 496 4237 Cumque
529 4163 795 4220 veneritis
816 4163 882 4219 ad
914 4172 1128 4220 montes
1153 4165 1231 4235 [h.
1265 4173 1524 4230 montem,
1559 4163 1609 4218 id
1637 4171 1741 4233 est,
1765 4161 1856 4217 Je-

258 4256 515 4330 rusalem]
542 4300 558 4326 ,
592 4257 939 4312 considerate
969 4266 1168 4314 terram
1196 4297 1211 4324 ,
1255 4257 1432 4328 qualis
1459 4255 1569 4322 sit,
1602 4266 1656 4309 et
1685 4269 1857 4326 popu-

260 4348 360 4406 lum
402 4351 497 4422 qui
532 4349 809 4405 habitator
838 4358 921 4405 est
949 4349 1101 4422 ejus,
1131 4359 1313 4404 utrum
1359 4349 1514 4404 fortis
1557 4348 1628 4404 sit
1678 4363 1746 4401 an
1781 4349 1862 4400 in-

268 4443 447 4500 lirmus
484 4461 500 4497 :
534 4443 692 4514 pauci
740 4459 968 4500 numero
1001 4458 1067 4497 an
1102 4442 1280 4515 plures
1313 4458 1327 4500 :
1359 4443 1473 4512 ipsa
1507 4449 1646 4496 terra
1673 4483 1686 4508 ,
1719 4440 1858 4495 bona

264 4551 324 4592 an
347 4537 492 4594 mala
528 4553 545 4598 :
577 4537 742 4594 urbes
774 4537 987 4609 quales,
1035 4547 1262 4592 muratte
1291 4552 1357 4590 an
1394 4535 1595 4606 absque
1641 4534 1810 4589 nmris
1843 4551 1856 4591 :

1958 3320 2143 3376 Mosen
2171 3328 2227 3376 et
2257 3321 2434 3375 Aaron
2458 3321 2639 3376 cuncti
2673 3321 2767 3374 lilii
2791 3321 2981 3388 Israel,
3011 3321 3260 3378 dicentes
3293 3342 3304 3377 :
3341 3323 3558 3380 Utinam

1959 3413 2158 3472 mortui
2189 3429 2437 3471 essemus
2481 3415 2532 3468 in
2563 3413 2800 3486 Egypto
2839 3433 2849 3468 :
2889 3425 2913 3451 ιι
2945 3418 3077 3471 etin
3120 3418 3220 3474 hac
3248 3428 3399 3474 vasta
3428 3419 3563 3474 soli-

1959 3507 2146 3564 tudine
2179 3510 2382 3564 utinam
2417 3523 2724 3577 pereamus,
2759 3522 2808 3564 et
2848 3526 2954 3566 non
2991 3509 3208 3566 inducat
3236 3526 3335 3570 nos
3377 3511 3562 3567 Domi-

1959 3616 2060 3655 nus
2087 3599 2138 3654 in
2174 3608 2373 3655 terram
2404 3599 2582 3664 iStam,
2608 3616 2674 3656 ne
2705 3600 2960 3660 cadamns
2987 3601 3191 3672 gladio,
3228 3602 3304 3676 [h.
3341 3602 3558 3659 Utinam

1961 3696 2160 3750 tnortui
2186 3709 2434 3751 essemus
2462 3693 2516 3750 in
2545 3692 2783 3766 [Egypto
2806 3737 2821 3762 ,
2855 3706 2946 3750 aut
2975 3695 3027 3750 iu
3057 3697 3160 3751 hac
3189 3706 3341 3754 vasta
3367 3697 3561 3754 solitu-

1960 3787 2110 3843 dine.
2144 3788 2323 3856 Quare
2364 3787 2628 3846 Dominus
2683 3787 2889 3846 inducit
2930 3805 3028 3845 uos
3061 3793 3114 3846 in
3147 3799 3343 3847 terram
3377 3790 3560 3857 istam,

1962 3891 2021 3937 ut
2043 3881 2304 3940 cadamns
2328 3881 2510 3953 gladio
2531 3881 2574 3954 ?]
2599 3893 2653 3938 et
2683 3898 2880 3942 uxores
2902 3897 2965 3942 ac
2988 3883 3149 3940 liberi
3171 3883 3343 3940 nostri
3360 3885 3564 3941 ducan-

1961 3983 2048 4031 tur
2073 3975 2296 4046 captivi.
2327 3974 2520 4034 Nonne
2552 3975 2748 4032 melius
2778 3987 2862 4034 est
2895 3979 3106 4033 reverti
3137 3978 3190 4034 in
3220 3979 3562 4052 IEgyptum‘I

1961 4070 2339 4140 Dixeruutque
2366 4070 2505 4125 alter
2534 4069 2600 4124 ad
2644 4070 2916 4128 alterum:
2951 4071 3356 4128 Constituamus
3405 4071 3562 4128 nobis

1961 4160 2198 4228 ducem,
2253 4169 2309 4216 et
2347 4171 2687 4220 revertamur
2726 4163 2778 4218 in
2833 4161 3153 4236 Egyptum.
3203 4166 3322 4237 Quo
3373 4166 3564 4220 audito

1964 4252 2138 4308 Moses
2171 4263 2226 4307 et
2252 4255 2428 4306 Aaron
2453 4253 2766 4310 ceciderunt
2812 4255 2970 4325 proni
3020 4255 3074 4311 in
3120 4264 3320 4314 terrain
3373 4271 3557 4312 coram

1962 4345 2114 4402 omni
2143 4345 2493 4405 multitudine
2544 4347 2772 4402 liliorum
2808 4347 2990 4403 Israel.
3036 4347 3108 4405 At
3137 4365 3268 4404 vero
3306 4349 3472 4405 Josue
3502 4350 3564 4404 li-

1964 4440 2070 4496 lius
2099 4439 2216 4496 Nun
2245 4479 2260 4508 ,
2287 4449 2344 4498 et
2369 4439 2576 4497 Cbaleb
2599 4441 2740 4496 lilius
2762 4440 3048 4512 Jephonne
3078 4485 3093 4511 ,
3144 4441 3238 4512 qui
3265 4452 3320 4498 et
3344 4441 3447 4512 ipsi
3471 4442 3526 4498 lu
3545 4474 3559 4484 ο

1964 4541 2269 4591 straverunt
2296 4543 2530 4602 terram,
2565 4536 2846 4590 sciderunt
2880 4536 3198 4592 vestimenta
3241 4550 3337 4590 sua
3361 4581 3376 4605 ,
3418 4545 3474 4593 et
3494 4537 3562 4592 ad

262 4627 474 4697 humus,
521 4632 736 4701 pinguis
790 4647 858 4685 an
898 4630 1142 4694 sterilis,
1207 4643 1490 4686 nemorosa
1539 4644 1604 4682 an
1657 4627 2184 4701 absqueDomuem
2212 4625 2616 4682 multitudinem
2674 4625 2908 4684 ﬁliorum
2951 4627 3122 4686 Israel
3175 4629 3337 4683 locuti
3389 4638 3560 4684 sunt:

262 4721 559 4778 arboribus.
587 4713 1000 4791 Conlortamiui,
1031 4729 1088 4776 et
1115 4719 1303 4776 all‘erte
1331 4719 1488 4776 nobis
1510 4719 1576 4774 de
1594 4718 1857 4776 fructibus

264 4825 434 4872 teme.
500 4815 638 4874 Erat
687 4824 868 4870 autem
927 4825 1136 4886 tempus
1196 4814 1412 4887 quando
1437 4814 1546 4886 jam
1579 4828 1856 4886 praecoces

262 4921 370 4962 uva:
401 4909 550 4966 vesci
583 4918 834 4982 possunt.
863 4904 1108 4978 Cumque
1154 4907 1567 4973 ascendissent,
1602 4908 1856 4977 explora-

265 5012 448 5062 veruut
482 5013 683 5059 terram
715 5019 744 5057 a
771 5001 991 5058 deserto
1022 5001 1121 5059 Sin
1143 5047 1156 5071 ,
1190 5017 1364 5074 usque
1396 5001 1550 5058 Roob
1599 5000 1855 5056 intranti-

266 5094 357 5152 btts
389 5095 610 5152 Ematb.
638 5095 1128 5166 Ascenderuntque
1159 5094 1224 5151 ad
1263 5095 1544 5150 meridiem
1573 5139 1587 5164 ,
1624 5103 1678 5149 et
1704 5110 1860 5149 vene-

264 5201 387 5245 runt
433 5191 489 5246 in
547 5190 810 5260 llebrou,
860 5190 952 5246 ubi
1004 5201 1162 5244 erant
1218 5187 1452 5246 Ahiman
1503 5200 1554 5244 et
1607 5189 1760 5245 Sesai
1806 5197 1861 5243 et

267 5277 509 5338 Tholmai
538 5279 634 5338 ﬁlii
668 5281 840 5336 Euac.
873 5280 1005 5338 Nam
1039 5281 1256 5336 llebrou
1288 5291 1492 5352 septem
1526 5279 1682 5334 annis
1737 5287 1862 5335 ante

265 5368 492 5430 Thauim
548 5375 740 5432 urbem
799 5373 1017 5448 ZEgypti
1053 5375 1273 5431 condita
1302 5386 1405 5431 est.
1464 5375 1863 5446 Pergentesque

332 5564 358 5642 ξ
398 5555 534 5612 Cum
577 5558 882 5642 negatione
907 5559 1051 5615 hunc
1086 5559 1263 5642 locum
1297 5559 1478 5642 legunt
1510 5571 1700 5640 omnes
1730 5573 1861 5614 mss.

268 5636 496 5693 veteres,
538 5637 585 5682 et
627 5645 727 5682 non
766 5631 819 5684 in
862 5629 958 5684 hac
986 5642 1129 5685 casta
1155 5628 1438 5686 solitudine
1465 5628 1659 5682 utinam
1689 5645 1867 5699 perea-

271 5714 399 5755 mus.
444 5699 871 5774 Athmanilestus
918 5703 990 5757 ibi
1033 5713 1116 5758 est
1162 5719 1315 5757 error
1360 5699 1726 5774 librariortmt,
1773 5703 1864 5774 qui

272 5772 815 5846 sensumScripturze
848 5789 1184 5846 nequaquam
1219 5781 1602 5846 assequuntur.
1631 5769 1866 5828 Consule

274 5843 670 5899 cunctationem
702 5843 947 5900 canonis;
981 5843 1158 5901 Μὰκτ.

1963 4721 2132 4776 Terra
2160 4735 2320 4789 quam
2353 4718 2725 4786 circuivimus,
2743 4719 2901 4774 valde
2923 4719 3061 4776 bona
3088 4731 3192 4777 est.
3216 4721 3270 4776 Si
3299 4723 3564 4792 prepitius

1967 4813 2127 4870 fuerit
2159 4809 2420 4871 Dominus
2447 4854 2461 4882 ,
2519 4811 2738 4868 inducet
2769 4827 2870 4868 nos
2897 4811 2951 4868 in
2976 4828 3094 4894 eam
3123 4855 3138 4880 ,
3173 4822 3228 4868 et
3252 4813 3431 4870 tradet
3463 4817 3561 4871 hu-

1967 4925 2112 4966 mum
2146 4911 2289 4966 lacte
2315 4917 2369 4965 et
2393 4909 2554 4963 melle
2582 4919 2917 4964 manantem.
2950 4906 3127 4964 Nolite
3161 4909 3398 4966 rebelles
3439 4923 3561 4966 8560

1964 5013 2156 5062 contra
2217 5002 2500 5060 Dominum
2542 5020 2555 5056 :
2592 5018 2764 5074 neque
2812 5003 3048 5057 timeatis
3103 5003 3364 5074 populum
3407 5011 3564 5060 terra:

1967 5098 2148 5169 hujus,
2181 5099 2305 5170 quia
2331 5100 2475 5154 sicut
2506 5113 2696 5169 panem
2730 5098 2802 5151 ita
2835 5112 2928 5151 eos
2958 5111 3247 5170 possumus
3271 5099 3557 5155 deVorare.

1966 5191 2212 5248 Recessit
2237 5191 2305 5248 ab
2336 5191 2443 5248 illis
2472 5207 2633 5245 omne
2673 5189 2989 5260 praesidium
3025 5208 3037 5244 :
3069 5191 3330 5248 Dominus
3374 5192 3560 5252 nobis-

1969 5298 2093 5338 cum
2124 5291 2207 5338 est
2232 5324 2246 5349 ,
2299 5283 2464 5338 nolite
2501 5291 2764 5337 metuere.
2806 5282 3051 5352 Cumque
3089 5286 3349 5341 clamaret
3381 5287 3560 5342 omnis

1973 5374 2282 5440 multitudo,
2310 5382 2364 5430 et
2388 5372 2658 5444 lapidibus
2685 5389 2780 5429 eos
2808 5374 2972 5430 vellet
2999 5377 3311 5446 Opprimere
3333 5420 3346 5445 ,
3387 5393 3558 5449 appa-

2044 5591 2113 5600 —
2138 5559 2329 5631 Nostri
2369 5566 2425 5613 et
2465 5573 2600 5628 quos
2625 5557 2887 5631 Martiali.
2929 5563 3231 5631 consuluit,
3269 5578 3399 5618 mss.
3436 5564 3564 5619 libri

1973 5648 2094 5687 cum
2123 5629 2353 5701 negandi
2407 5630 2705 5700 particula,
2757 5639 2801 5684 et
2855 5649 2953 5686 non
2986 5637 3038 5687 in
3069 5635 3165 5688 hac
3189 5629 3332 5687 vesta
3377 5636 3560 5688 solitu-

1975 5703 2113 5828 diner.
2149 5704 2221 5758 lta
2255 5712 2309 5756 et
2339 5704 2534 5776 vulgati
2564 5714 2693 5758 ante
2736 5706 3130 5762 correctionem
3183 5704 3320 5760 Sixti
3370 5707 3557 5773 Quinti

1977 5791 2084 5828 nne
2108 5783 2288 5828 erunt.

1977 5791 2288 5844 prieterunt.
