4098 6366
525 348 631 405 567

1530 346 1586 403 S.
1632 341 2013 402 HIERONYMI
2054 337 2286 399 DIVINA
2327 336 2814 397 BIBLIOTHECA.‘

3721 331 3826 391 368

521 464 838 536 ruit'gloria
894 463 1107 519 Domini
1159 477 1328 534 super
1354 469 1553 518 tectum
1585 460 1808 517 fmderis
1840 459 1928 532 [h.
1960 458 2012 512 in
2047 454 2487 525 ta-Ajacebunt
2531 454 2584 508 in
2625 449 2920 508 solitudine
2972 445 3049 521 [h.
3108 445 3161 501 in
3208 442 3504 502 solitudine
3531 441 3676 515 ista].
3702 441 3825 496 Filii

521 558 818 615 hernaculo
857 556 1096 628 hederis]
1150 556 1360 613 cunctis
1391 555 1516 609 filiis
1539 553 1838 626 Israel..[B.
1874 549 2117 618 XXXV]

523 651 595 728 Et
621 652 760 706 dixit
780 651 1046 706 Dominus
1072 650 1139 705 ad
1164 648 1376 704 Mosen:
1400 647 1696 717 Usquequo
1714 645 1964 700 detrahet
1986 641 2118 698 mihi

523 744 755 815 populus
791 744 933 798 iste?
981 743 1273 812 Quousque
1303 756 1411 796 non
1443 738 1685 808 credent_
1713 737 1843 792 mihi
1870 778 1884 803 ,
1918 737 1972 792 in
2004 752 2120 790 om-

525 835 683 891 nibus
707 834 894 906 signis,
947 850 1066 906 quze
1098 833 1198 889 feci
1226 847 1412 888 coram
1443 831 1561 888 eis?
1591 830 1804 886 Feriam
1838 829 2004 900 igitur
2025 841 2119 883 eos

523 926 852 996 pestilentia,
881 933 1042 996 atque
1068 938 1384 979 consumam
1412 944 1424 980 :
1456 932 1509 979 te
1535 931 1715 978 autem
1747 921 1939 977 faciam
1969 921 2117 992 prin-

523 1018 699 1088 cipem
727 1032 892 1086 super
919 1026 1134 1086 gentem
1162 1031 1410 1086 magnam
1436 1057 1452 1083 ,
1486 1025 1541 1072 et
1574 1015 1856 1070 fortiorem
1885 1055 1900 1080 ,
1954 1027 2116 1087 quam

523 1112 644 1168 haec
673 1124 755 1168 est
781 1112 857 1185 [h.
888 1111 962 1168 Te
993 1120 1171 1168 autem
1214 1112 1409 1167 faciam
1451 1113 1503 1168 in
1537 1122 1754 1184 gentem
1784 1126 2035 1181 magnam
2063 1118 2120 1167 et

518 1204 841 1270 fortiorem,
894 1220 1053 1273 quam
1091 1205 1207 1261 ἰ)ωο
1261 1204 1388 1277 est].
1436 1204 1541 1276 [C.
1569 1202 1884 1274 XXXVIIH
1936 1202 2005 1257 Et
2046 1202 2120 1256 ait

518 1296 700 1352 Moses
720 1296 787 1350 ad
816 1297 1105 1352 Dominum
1133 1315 1146 1354 :
1177 1297 1246 1354 Ut
1270 1297 1491 1352 audiant
1512 1295 1771 1368 Egyptii,
1795 1295 1863 1350 de
1888 1310 2116 1364 quorum

521 1389 702 1445 medio
732 1389 967 1446 eduxisti
992 1392 1247 1461 populum
1277 1392 1471 1456 istum,
1503 1401 1558 1446 et
1590 1389 1925 1445 habitatores
1957 1397 2119 1444 terrae

517 1480 682 1552 hujus
711 1523 725 1548 ,
755 1482 845 1552 qui
874 1483 1166 1538 audierunt
1193 1483 1336 1554 quod
1368 1493 1422 1537 tu
1451 1524 1467 1550 ,
1500 1481 1736 1538 Domine
1768 1523 1782 1548 ,
1842 1481 1896 1535 in
1921 1479 2118 1550 pepnlo

517 1575 621 1631 isto
671 1577 745 1630 sis
777 1619 792 1644 ,
844 1586 898 1630 et
944 1575 1081 1632 facie
1098 1576 1334 1630 videaris
1361 1574 1427 1630 ad
1459 1573 1676 1630 faciem.
1729 1574 1794 1628 Et
1825 1572 1998 1629 nubes
2031 1581 2119 1628 tua

516 1676 766 1739 protegat
815 1667 975 1735 illos,
1026 1677 1080 1724 et
1133 1668 1189 1724 in
1238 1668 1490 1724 columna
1523 1667 1685 1723 nubis
1717 1665 1994 1736 praecedas
2021 1680 2119 1721 eos

519 1776 619 1830 per
665 1760 808 1816 diem
839 1802 852 1826 ,
875 1767 932 1816 et
979 1761 1032 1814 in
1063 1761 1314 1815 columna
1371 1760 1508 1832 ignis
1554 1775 1650 1830 per
1677 1767 1888 1814 noctem
1920 1775 1932 1811 :
1975 1757 2119 1828 quod

2226 550 2392 604 vestri
2420 556 2580 603 erunt
2601 548 2720 617 vagi
2748 545 2826 616 [h.
2861 542 3131 614 pastores]
3163 543 3212 596 in
3247 540 3472 596 deserto
3526 538 3654 592 anni
3693 552 3827 606 qua-

2227 642 2497 712 draginta,
2523 650 2579 696 et
2603 640 2898 712 portabunt
2923 635 3342 692 fornicationem
3366 641 3622 700 vestram,
3649 630 3827 686 donec

2221 747 2616 794 consumantur
2647 736 2914 792 cadavera
2941 733 3020 806 [h.
3052 731 3254 804 vestra]
3299 739 3515 801 patrum
3545 727 3597 782 in
3641 726 3826 782 deser-

2223 844 2300 901 to,
2327 834 2479 904 juxta
2508 847 2792 887 numerum
2815 828 3170 900 quadraginta
3197 825 3432 891 dierum,
3466 821 3665 892 quibus
3691 835 3826 876 con-

2222 926 2502 982 siderastis
2538 935 2740 980 terram
2776 938 2988 978 :annus
3036 935 3137 993 pro
3185 919 3274 975 die
3315 916 3691 988 imputabitur.
3753 911 3825 966 Et

2224 1021 2302 1093 [h.
2334 1038 2444 1075 non
2472 1019 2654 1091 habet]
2695 1017 3054 1090 quadraginta
3110 1015 3270 1070 annis
3321 1009 3595 1081 recipietis
3627 1006 3827 1080 iniqui-

2222 1124 2364 1172 tates
2391 1127 2630 1184 vestras,
2665 1122 2719 1170 et
2765 1114 2948 1170 scietis
3005 1111 3269 1166 ultionem
3310 1121 3484 1163 meam
3519 1123 3534 1159 :
3566 1103 3826 1175 quoniam

2220 1210 2362 1267 sicut
2384 1209 2598 1265 locutus
2620 1224 2741 1264 sum
2767 1248 2782 1275 ,
2818 1207 2889 1261 ita
2918 1205 3108 1260 faciam
3141 1202 3291 1258 omni
3334 1196 3668 1255 multitudini
3701 1193 3828 1250 huic

2223 1305 2496 1376 pessimae,
2529 1318 2648 1374 quae
2687 1300 3033 1358 consurrexit
3055 1297 3345 1352 adversum
3377 1307 3466 1348 me
3498 1310 3512 1348 :
3541 1291 3594 1346 in
3628 1290 3826 1345 solitu-

2221 1397 2349 1454 dine
2376 1399 2474 1452 hac
2499 1395 2739 1462 deficiet,
2769 1401 2825 1449 et
2847 1391 3130 1448 morietur.
3159 1389 3241 1461 [(3.
3269 1385 3407 1456 XL.]
3439 1384 3610 1456 Igitur
3635 1395 3830 1438 omnes

2222 1491 2350 1556 viri,
2383 1505 2521 1562 quos
2544 1489 2771 1544 miserat
2801 1486 2978 1542 Moses
3003 1484 3068 1540 ad
3097 1477 3568 1552 contemplandam
3601 1483 3828 1542 terram,

2221 1594 2277 1639 et
2303 1583 2392 1653 qui
2421 1580 2626 1637 reversi
2653 1592 2992 1634 murmurare
3041 1575 3284 1630 fecerant
3330 1583 3520 1627 contra
3551 1583 3674 1624 eum
3705 1581 3828 1621 om-

2223 1693 2347 1733 nem
2399 1673 2838 1740 multitudinem,
2896 1667 3248 1727 detrahentes
3305 1673 3465 1720 terra:
3504 1659 3647 1732 quod
3679 1665 3833 1713 esset

2221 1769 2363 1824 mala
2391 1809 2415 1837 ,ν
2439 1767 2640 1823 mortui
2677 1772 2805 1820 sunt
2845 1772 3006 1834 atque
3031 1757 3272 1832 percussi
3306 1758 3359 1812 in
3388 1761 3686 1824 conspectu
3716 1750 3830 1805 Do-

520 1853 790 1909 occideris
854 1861 1060 1908 tantam
1111 1852 1512 1908 multitudinem
1559 1851 1716 1922 quasi
1799 1867 1962 1907 unum
2023 1850 2120 1905 ho-
2149 1849 2197 1911 B
2231 1864 2384 1919 mgni,
2420 1844 2604 1918 ’,ιυευθ
2649 1869 2830 1915 autem
2882 1856 3026 1912 mins
3052 1854 3172 1910 Nu"
3199 1894 3214 1920 ,
3245 1860 3301 1908 ει
3326 1847 3532 1907 Chaleb
3557 1846 3703 1901 ﬁlius
3731 1842 3829 1900 ιε-

522 1947 749 2014 minem,
779 1953 834 2002 et
861 1945 1041 2001 dicant
1070 1963 1084 2003 :
1108 1945 1227 2001 Non
1252 1956 1465 2016 poterat
1489 1944 1837 2001 introducere
1866 1944 2122 2016 populum

519 2039 575 2096 in
608 2048 808 2096 terram
835 2080 849 2108 ,
903 2055 1004 2111 pro
1029 2055 1134 2110 qua
1173 2039 1463 2110 juraverat
1497 2057 1510 2094 :
1544 2039 1750 2094 idcirco
1789 2039 1990 2093 occidit
2029 2052 2124 2092 eos

521 2138 578 2192 in
631 2126 1359 2207 solitudineCMagniﬁcetur
1407 2151 1542 2207 ergo
1584 2133 1851 2190 fortitudo
1904 2131 2123 2187 Domini

520 2230 665 2286 sicut
707 2228 901 2300 jurasti
952 2228 1138 2284 dicens
1170 2227 1256 2300 [h.
1303 2228 1686 2284 sicutlocntus
1731 2240 1822 2294 es,
1859 2221 2069 2295 dicens]
2105 2237 2118 2276 :

520 2323 783 2378 Dominus
814 2321 1023 2391 patiens
1050 2327 1107 2376 et
1150 2320 1335 2375 multae
1377 2316 1773 2374 misericordiae
1798 2359 1814 2382 ,
1867 2311 2156 2371 auferens'

522 2415 869 2486 iniquitatem
919 2423 972 2470 et
1012 2414 1218 2470 scelera
1247 2456 1262 2483 ,
1314 2413 1637 2483 nullumque
1665 2420 1690 2448 δι
1717 2409 2000 2465 innoxium
2027 2408 2123 2464 de-

519 2507 839 2579 relinquens
863 2549 878 2575 ,
928 2506 1022 2578 qui
1072 2507 1262 2562 visitas
1299 2516 1524 2579 peccata
1555 2515 1766 2575 patrum
1807 2503 1861 2558 in
1896 2502 2033 2558 filios
2069 2502 2120 2556 in

523 2602 735 2660 tertiam
762 2611 820 2659 et
847 2611 1096 2673 quartem
1126 2602 1558 2673 generationem.
1591 2599 1836 2667 Dimitte,
1867 2597 2118 2665 obsecro,

523 2708 805 2767 peccatum
832 2697 1017 2767 populi
1043 2696 1202 2767 hujus
1233 2695 1532 2752 secundum
1559 2693 1990 2765 magnitudinem
2021 2691 2122 2747 mi-

522 2791 844 2847 sericordia:
874 2799 978 2847 tuae
1003 2832 1019 2858 ,
1069 2792 1211 2846 sicut
1229 2791 1498 2862 propitius
1525 2790 1672 2844 fuisti
1716 2787 2121 2859 egredientibus

520 2883 591 2939 de
639 2883 878 2955 Egypto
920 2898 1091 2953 usque
1142 2882 1211 2938 ad
1260 2883 1441 2938 locum
1502 2883 1688 2938 istum.
1730 2879 1823 2952 [B.
1852 2877 2119 2948 XXXVI.]

524 2976 784 3047 Dixitque
815 2977 1076 3032 Dominus
1111 2993 1124 3030 :
1156 2977 1344 3031 Dimisi
1370 2977 1528 3046 juxta
1543 2976 1769 3031 verbum
1795 2983 1967 3029 tuum.
1987 2971 2120 3026 Vivo

520 3083 645 3139 ego,
676 3079 732 3125 et
756 3068 1072 3139 implebitur
1097 3068 1270 3140 gloria
1301 3068 1518 3125 Domini
1542 3069 1800 3124 universa
1827 3075 1993 3122 terra.
2027 3069 2122 3120 At-

522 3172 704 3220 tamen
752 3178 944 3220 omnes
1004 3163 1253 3220 homines
1313 3161 1402 3234 qui
1452 3162 1708 3218 viderunt
1777 3159 2118 3230 maiestatem

521 3274 698 3315 meam
724 3298 739 3325 ,
763 3267 817 3314 et
842 3260 994 3329 signa
1021 3299 1036 3326 ,
1065 3274 1184 3329 quae
1213 3257 1317 3314 feci
1373 3258 1427 3313 in
1456 3257 1693 3329 IEgypto
1735 3265 1790 3312 et
1840 3257 1895 3311 in
1928 3255 2122 3311 solitu-
2147 3246 2193 3310 C

521 3351 670 3420 dine,
719 3359 774 3407 et
801 3361 1154 3408 tentaverunt
1200 3366 1287 3408 me
1313 3351 1424 3422 jam
1454 3367 1552 3422 per
1579 3350 1766 3406 decem
1792 3351 1945 3406 vices
1975 3393 1991 3420 ,
2020 3363 2120 3405 nec

521 3444 846 3500 obedierunt
874 3443 1000 3500 voci
1024 3459 1182 3514 meat,
1214 3459 1321 3500 non
1349 3445 1613 3500 videbunt
1647 3453 1847 3500 terram
1877 3459 1975 3514 pro
2014 3459 2119 3515 qua

517 3535 697 3606 juravi
735 3537 981 3607 patribus
1011 3553 1226 3605 eorum,
1259 3552 1358 3593 nec
1413 3539 1697 3608 quisquam
1750 3552 1818 3592 ex
1850 3537 1960 3592 illis
1985 3578 1999 3603 ,
2027 3539 2119 3607 qui

525 3627 764 3684 detraxit
789 3629 957 3698 mihi,
989 3622 1292 3685 intuebitur
1322 3645 1462 3685 eam.
1497 3629 1604 3686 Sed
1634 3629 1819 3702 [Vulg.
1854 3639 1956 3685 (ac.
1991 3630 2118 3702 Sed]

520 3737 740 3780 servum
764 3739 946 3782 meum
971 3724 1200 3789 Chaleb,
1225 3725 1316 3794 qui
1338 3723 1534 3794 plenus
1555 3723 1662 3779 alio
1684 3723 1877 3794 spiritu
1904 3733 2121 3780 secutus

522 3826 605 3871 est
632 3831 741 3882 me,
767 3816 1018 3872 inducam
1052 3818 1106 3872 in
1137 3827 1339 3873 terram
1371 3816 1531 3884 hanc,
1561 3832 1722 3887 quam
1756 3816 2033 3883 circuivit,
2068 3826 2124 3873 et

523 3922 711 3966 semen
735 3910 853 3980 ejus
885 3909 1190 3981 possidebit
1211 3925 1352 3966 eam.
1405 3910 1672 3977 Quoniam
1712 3909 2040 3966 Amalecites
2068 3917 2124 3965 et

523 4002 864 4059 Chananaeus
886 4003 1139 4058 habitant
1159 4003 1214 4059 in
1237 4003 1490 4060 vallibus.
1521 4003 1656 4059 Cras
1677 4012 1892 4060 movete
1920 4014 2119 4070 castra,

523 4106 582 4151 et
608 4097 945 4153 revertimini
974 4097 1028 4152 in
1053 4096 1403 4154 solitudinem
1431 4114 1526 4168 per
1557 4099 1700 4153 viam
1734 4100 1901 4155 maris
1926 4098 2119 4154 Rubri.

527 4189 610 4262 [Ο.
645 4189 916 4261 XXXIX]
965 4189 1314 4261 Locutusque
1350 4200 1435 4247 est
1465 4189 1730 4246 Dominus
1758 4190 1827 4245 ad
1854 4190 2037 4247 Mosen
2069 4198 2124 4246 et

525 4285 708 4339 Aaron
736 4325 750 4349 ,
774 4283 963 4339 dicens
1011 4301 1025 4336 :
1073 4281 1373 4354 Usquequo
1405 4283 1698 4339 multitudo
1721 4283 1838 4339 hmc
1883 4283 2121 4354 pessima

521 4385 829 4432 murmurat
855 4384 1049 4430 contra
1082 4377 1212 4431 me?
1239 4376 1494 4446 querelas
1541 4376 1776 4431 ﬁliorum
1818 4375 1986 4432 Israel
2027 4391 2124 4430 au-

523 4470 653 4526 divi.
712 4469 809 4524 Dic
852 4483 984 4540 ergo
1026 4469 1104 4524 eis
1144 4487 1155 4522 :
1187 4468 1320 4525 Vivo
1349 4484 1448 4538 ego
1473 4511 1487 4537 ,
1538 4471 1613 4524 ait
1641 4470 1905 4524 Dominus
1935 4485 1950 4523 :
1983 4470 2124 4525 sicut

527 4563 693 4619 locuti
724 4565 880 4628 estis,
906 4562 1162 4618 audiente
1183 4577 1293 4629 me,
1322 4563 1402 4617 sic
1424 4561 1615 4617 faciam
1639 4561 1815 4616 vobis.
1842 4562 1899 4616 In
1933 4562 2123 4617 solitu-

2229 1958 2473 2028 phonne,
2522 1955 2777 2009 vixerunt
2802 1967 2865 2008 ex
2895 1947 3167 2016 omnibus,
3221 1945 3313 2016 qui
3355 1950 3711 2015 perrexerant
3755 1935 3828 1992 ad

2228 2047 2684 2104 considerandam
2717 2055 2937 2101 terram.
2968 2043 3316 2110 Locutusque
3368 2045 3460 2098 est.
3498 2034 3676 2090 Moses
3708 2031 3835 2086 uni-

2226 2158 2388 2199 versa
2417 2141 2583 2198 verba
2613 2140 2726 2195 hmc
2757 2137 2824 2193 ad
2851 2132 3042 2193 omnes
3075 2133 3214 2188 ﬁlios
3245 2128 3449 2195 Israel,
3480 2137 3534 2182 et
3567 2125 3706 2181 luxit
3732 2137 3834 2194 po-

2227 2237 2386 2307 pulus
2409 2235 2591 2289 nimis.
2617 2232 2686 2288 Et
2715 2246 2845 2288 ecce
2891 2243 3052 2286 mane
3082 2226 3257 2297 primo
3301 2231 3583 2292 surgentes
3631 2232 3831 2273 ascen-

2227 2328 2425 2384 derunt
2469 2326 2728 2382 verticem
2782 2325 3020 2386 montis,
3091 2328 3255 2390 atque
3308 2316 3609 2372 dixerunt:
3642 2311 3832 2368 Parati

2171 2406 2180 2418 ’
2225 2437 2416 2478 sumus
2443 2420 2743 2478 ascendere
2773 2419 2839 2474 ad
2868 2418 3072 2483 locum,
3100 2414 3169 2470 de
3190 2427 3300 2484 quo
3327 2410 3592 2466 Dominus
3616 2406 3832 2464 locutus

2225 2525 2310 2572 est
2337 2559 2352 2584 ,
2387 2517 2509 2587 quia
2542 2513 2904 2585 peccavimus.
2935 2509 3147 2579 Quibus
3179 2506 3356 2562 Moses
3391 2522 3403 2559 :
3436 2503 3567 2568 Cur,
3615 2499 3792 2571 inquit
3814 2539 3831 2566 ,

2225 2609 2672 2682 transgredimini
2728 2607 2956 2664 verbum
3015 2601 3278 2668 Domini,
3333 2597 3478 2671 quod
3509 2596 3663 2653 vobis
3718 2609 3830 2650 non

2223 2704 2384 2760 cedet
2422 2704 2475 2758 in
2528 2699 2891 2774 prosperum?
2917 2695 2998 2769 [C.
3033 2693 3202 2766 XL1.]
3258 2691 3436 2748 Nolite
3475 2687 3781 2746 ascendere
3812 2727 3831 2755 ,

2225 2813 2332 2854 non
2387 2797 2532 2852 enim
2583 2804 2668 2852 est
2717 2795 2981 2849 Dominus
3010 2786 3392 2860 vobiscnm[h.
3435 2787 3488 2842 in
3517 2783 3698 2840 medio
3728 2797 3832 2838 ve-

2224 2890 2418 2961 strum]
2441 2931 2454 2956 ,
2493 2905 2560 2946 ne
2608 2888 2875 2943 corruatis
2911 2899 3098 2940 coram
3130 2879 3366 2937 inimicis
3399 2877 3618 2934 vestris.
3664 2877 3836 2932 Ama-

2224 2986 2412 3042 lecites
2447 2994 2501 3040 et
2524 2983 2864 3038 Chananzeus
2893 2986 3020 3034 ante
3049 2991 3147 3032 vos
3179 2984 3343 3043 sunt,
3384 2987 3614 3045 quorum
3645 2967 3834 3040 gladio

2223 3077 2522 3143 corruetis,
2551 3091 2619 3131 eo
2642 3073 2786 3143 quod
2822 3070 3109 3128 nolueritis
3151 3067 3506 3139 acquiescere
3551 3063 3784 3119 Domino
3813 3102 3831 3130 ,

2225 3187 2327 3226 nec
2352 3171 2454 3225 erit
2480 3169 2744 3224 Dominus
2775 3166 3080 3222 vobiscum.
3112 3163 3183 3218 At
3215 3161 3297 3216 illi
3325 3156 3702 3216 contenebrati
3740 3169 3835 3210 as-

2225 3265 2529 3320 cenderunt
2559 3264 2610 3318 in
2663 3261 2928 3318 verticem
2977 3258 3197 3315 montis.
3227 3255 3374 3313 Area
3418 3265 3600 3311 autem
3656 3260 3833 3307 testa-

2224 3357 2396 3414 menti
2426 3356 2642 3412 Domini
2674 3365 2730 3411 et
2756 3355 2937 3410 Moses
2965 3367 3072 3408 non
3103 3356 3452 3407 recesserunt
3491 3346 3560 3403 de
3610 3342 3828 3401 castris.

2223 3451 2626 3520 Descenditque
2670 3446 3003 3504 Amalecites
3027 3456 3083 3502 et
3109 3445 3454 3501 Chananzeus
3480 3484 3495 3510 ,
3554 3442 3642 3512 qui
3674 3437 3836 3494 habi-

2225 3543 2374 3599 tabat
2408 3544 2460 3597 in
2495 3551 2706 3610 monte,
2734 3549 2791 3596 et
2819 3538 3128 3610 percutiens
3156 3552 3274 3606 eos,
3314 3545 3474 3607 atque
3499 3531 3831 3598 concidens,

2225 3646 2543 3706 persecutus
2567 3644 2650 3689 est
2675 3648 2771 3688 eos
2794 3645 2967 3703 usque
3000 3631 3227 3686 Horma.
3594 3637 3614 3689 ’ἑ

2299 3727 2385 3800 ['r.
2423 3727 2516 3794 ιχ,
2551 3728 2610 3782 s.
2639 3723 2908 3793 xxxvn,
2943 3721 3200 3793 c.x1.n,
3234 3721 3363 3792 Cap.
3396 3716 3543 3791 xv.]
3583 3717 3831 3774 Locutus

2225 3831 2308 3877 est
2355 3819 2613 3876 Dominus
2651 3819 2717 3874 ad
2766 3818 2984 3883 Mosen,
3019 3817 3207 3873 dicens
3249 3833 3265 3872 ε
3309 3814 3559 3884 Loquere
3587 3809 3654 3866 ad
3685 3810 3834 3865 ﬁlios

2224 3917 2411 3986 lsrael,
2444 3925 2498 3972 et
2524 3915 2670 3972 dices
2713 3913 2781 3969 ad
2824 3928 2919 3970 eos
2955 3929 2969 3970 :
3021 3911 3156 3968 Cum
3200 3908 3434 3981 ingressi
3468 3905 3680 3962 fueritis
3714 3914 3828 3960 ter-

2224 4025 2341 4066 ram
2369 4008 2727 4064 habitationis
2761 4016 2955 4062 vestra:
2982 4046 2997 4071 ,
3047 4019 3208 4074 quam
3237 4017 3338 4073 ego
3378 4000 3521 4056 dabo
3551 3997 3704 4054 vobis
3725 4036 3739 4063 ,
3776 4005 3835 4051 et

2225 4101 2466 4159 feceritis
2518 4099 2848 4156 oblationem
2892 4095 3127 4152 Domino
3179 4096 3233 4150 in
3282 4093 3687 4157 holocaustum,
3733 4097 3834 4142 aut

2225 4197 2528 4264 victimam,
2560 4206 2687 4250 vcta
2709 4193 2985 4249 solventes
3004 4236 3018 4262 ,
3053 4191 3139 4247 vel
3165 4199 3360 4260 Sponte
3386 4185 3682 4243 offerentes
3709 4196 3834 4238 mu-

2226 4305 2379 4358 nera,
2409 4298 2501 4344 aut
2528 4288 2580 4342 in
2603 4285 3038 4342 solemnitatibus
3065 4283 3264 4340 vestris
3291 4281 3571 4337 adolentes
3602 4277 3831 4334 odorem

2225 4383 2507 4440 suavitatis
2536 4381 2780 4448 Domino,
2808 4382 2877 4437 de
2905 4379 3098 4445 bobus,
3133 4379 3251 4434 sive
3274 4377 3343 4433 de
3365 4376 3560 4433 ovibus
3588 4392 3601 4428 :
3632 4372 3834 4428 offeret

2225 4476 2551 4548 quicumque
2599 4473 2965 4529 immolaverit
3009 4472 3320 4536 victimam,
3375 4467 3699 4524 sacrificium
3751 4465 3833 4518 si-

2225 4569 2370 4624 milae
2392 4567 2658 4623 decimam
2695 4574 2906 4637 partem
2935 4563 3052 4635 ephi
3096 4562 3177 4637 [h.
3207 4576 3314 4618 non
3340 4558 3527 4632 habet]
3555 4570 3830 4626 consper-

525 4657 706 4712 dinem
735 4655 875 4711 hanc
910 4653 1172 4724 jacehunt
1215 4655 1480 4711 cadavera
1511 4665 1715 4712 vestra.
1779 4655 1982 4712 Omnes
2031 4657 2122 4728 qui
2151 4649 2202 4709 D
2228 4677 2343 4719 sam
2374 4663 2530 4730 οιεο,
2561 4661 2705 4732 quod
2738 4674 3046 4716 mensuram
3085 4656 3306 4712 habebit
3333 4665 3583 4726 quanam
3614 4659 3830 4721 parlem

522 4750 948 4821 numerati‘estis
976 4765 1008 4804 a
1034 4749 1223 4820 viginti
1253 4753 1411 4805 annis
1441 4760 1498 4806 et
1523 4765 1686 4821 supra
1713 4793 1728 4817 ,
1787 4759 1843 4806 et
1872 4767 2120 4808 murmu-

527 4844 689 4900 rastis
718 4853 907 4899 contra
938 4857 1048 4910 me,
1076 4857 1184 4897 non
1212 4842 1491 4898 intrahitis
1524 4851 1749 4910 terram,
1776 4858 1940 4914 super
1960 4860 2120 4916 quam

527 4939 703 4998 levavi
733 4953 954 4994 manum
983 4952 1162 4992 meam
1194 4946 1252 4991 ut
1283 4936 1529 4992 habitare
1553 4951 1650 4992 vos
1679 4934 1919 4992 facerem
1951 4937 2028 5009 [h.
2065 4938 2118 4993 in

526 5034 648 5105 ea],
710 5040 910 5103 praeter
949 5028 1156 5086 Chaleb
1208 5029 1377 5085 lilium
1409 5028 1729 5098 Jephonne,
1763 5039 1813 5085 et
1845 5030 2010 5086 Josue
2054 5031 2118 5085 li-

527 5129 661 5185 lium
686 5129 826 5183 Nun.
853 5125 1116 5182 Parvulos
1138 5134 1316 5180 autem
1341 5123 1656 5188 vestros,de
1675 5124 1868 5192 quibus
1881 5125 2120 5193 dixistis,

527 5222 674 5295 quod
723 5223 922 5293 przeda:
975 5218 1221 5276 hostibus
1257 5217 1474 5282 forent,
1519 5217 1888 5284 introducam,
1945 5228 2002 5273 ut
2045 5218 2126 5273 vi-

529 5318 694 5374 deant
740 5325 939 5372 terram
959 5356 975 5383 ,
1003 5329 1124 5385 qum
1145 5312 1299 5367 vobis
1320 5310 1613 5381 displicuit.
1641 5310 1831 5367 Vestra
1861 5311 2124 5370 cadavera

524 5442 529 5464 ς
603 5445 630 5475 ,ι
662 5434 927 5492 Hebraeus
979 5437 1106 5520 πρυ
1135 5411 1208 5487 x5
1233 5435 1362 5516 ripa
1395 5445 1408 5482 :
1435 5440 1556 5496 quae
1589 5426 1657 5481 ad
1686 5427 1912 5482 verbum
1968 5429 2124 5486 reddi

534 5539 802 5604 possunt,
856 5537 903 5585 et
934 5524 1260 5598 puriﬁcando
1283 5539 1384 5604 non
1408 5523 1736 5604 puriﬁeabis.
1768 5522 1973 5604 Eadem
2027 5526 2122 5582 illa

531 5593 701 5661 verba
729 5593 1278 5670 lli—eronymussupra
1308 5593 1374 5670 ad
1408 5594 1579 5649 Exod.
1612 5611 1780 5670 xxxiv
1800 5638 1814 5661 ,
1848 5596 1878 5650 7
1902 5637 1917 5662 ,
1953 5597 2124 5652 inter-

529 5685 773 5747 pretatus
822 5667 1184 5747 est,'_Nu_l_lus
1231 5667 1372 5736 apud
1424 5674 1471 5719 te
1514 5685 1604 5747 per
1631 5668 1993 5747 ‘se.innoceus
2023 5680 2118 5724 est.

527 5738 766 5873 Emicuit
795 5758 927 5800 vero
967 5743 1022 5797 in
1055 5739 1279 5810 Dialogo
1319 5738 1520 5794 contra
1554 5738 1874 5810 Pelagianos
1896 5781 1911 5807 ,
1958 5751 2121 5812 atque

527 5836 552 5873 ἱΙ
583 5838 594 5872 Ι
619 5837 674 5873 Η.

525 5837 916 5948 δΗῘῘιίὶοὺτωιιδ
943 5885 1235 5946 hodiernus
1257 5900 1368 5944 non
1399 5882 1579 5953 habet,
1607 5899 1697 5956 per
1722 5884 1955 5956 singulos
1980 5887 2121 5968 arie:

2227 4758 2343 4826 hin,
2377 4769 2432 4814 et
2477 4758 2662 4812 vinum
2693 4755 2760 4811 ad
2803 4755 2909 4812 liba
2941 4751 3214 4809 fundenda
3254 4750 3502 4822 ejusdem
3551 4759 3831 4802 mensura:

2231 4851 2382 4909 dabit
2431 4851 2482 4905 in
2515 4849 2924 4916 holocaustum,
2954 4848 3070 4902 sive
3102 4846 3155 4901 in
3184 4845 3483 4900 victimam.
3519 4839 3622 4895 Per
3654 4850 3832 4907 agnos

2226 4943 2473 5014 singulos
2495 4941 2522 4980 ι)
2549 4953 2604 4997 et
2631 4940 2709 5014 [h.
2747 4941 2816 4995 Et
2848 4956 2943 5010 per
2969 4937 3236 5011 singulos]
3265 4937 3464 4992 arietes
3486 4931 3592 4991 erit
3621 4929 3834 4986 sacriﬁ-

2228 5038 2368 5094 cium
2403 5035 2597 5090 simila:
2618 5034 2846 5089 duarum
2878 5034 3212 5089 decimarum
3235 5072 3248 5098 ,
3280 5045 3399 5102 qua:
3423 5039 3726 5097 conspersa
3758 5022 3840 5079 sit

2228 5129 2350 5204 oleo
2400 5127 2576 5183 tertiac
2626 5126 2790 5197 partis
2832 5126 2926 5180 hin
2983 5143 2995 5179 :
3040 5135 3096 5180 et
3145 5125 3327 5178 vinum
3360 5121 3426 5176 ad
3467 5120 3830 5175 libamentum

2229 5222 2403 5278 tertire
2433 5219 2603 5290 partis
2633 5218 2724 5274 hin
2772 5217 2958 5292 [γαίῃ.
2994 5229 3099 5275 tae.
3132 5216 3250 5288 hin]
3281 5212 3524 5285 ejusdem
3550 5223 3832 5266 mensura:

2229 5316 2420 5374 offeret
2455 5317 2508 5372 in
2551 5316 2774 5373 odorem
2813 5312 3097 5370 suavitatis
3136 5311 3392 5367 Domino.
3432 5304 3661 5376 Quando
3694 5316 3834 5358 vero

2226 5441 2322 5497 tes,
2356 5431 2459 5487 etsi
2492 5429 2735 5485 scholion
2765 5439 3002 5484 moneat.
3035 5426 3207 5498 Syrus
3233 5435 3412 5498 tamen
3442 5419 3635 5477 eodem
3663 5415 3834 5498 modo

2227 5490 2377 5574 legit,
2406 5503 2458 5558 id
2488 5511 2590 5566 est,
2622 5519 2715 5572 pro
2743 5501 2902 5556 ariete
2924 5516 3047 5566 uno,
3070 5490 3214 5569 quod
3240 5494 3507 5567 significat
3535 5507 3625 5564 per
3647 5490 3834 5561 singu-

2229 5573 2306 5630 los
2334 5575 2537 5631 arietes.
2564 5573 2735 5628 MART.

2298 5701 2368 5710 —
2401 5669 2495 5725 llic
2521 5669 2715 5727 τελείαν
2739 5669 2958 5740 στίγμην
2987 5664 3212 5737 apponit
3246 5661 3481 5740 Urbinas
3512 5669 3835 5740 'ms.._supe-

2228 5741 2464 5797 rioribus
2488 5753 2712 5796 nectens
2737 5728 2900 5794 verba
2923 5728 3206 5810 ρετ-’ἀρκοε
3235 5735 3484 5810 singulos.
3511 5728 3786 5810 Legijque
3812 5744 3826 5781 :

2230 5813 2298 5868 Et
2313 5813 2500 5868 Arietis
2522 5807 2949 5878 eritsacriﬁcium
2970 5807 3170 5862 simile:
3189 5824 3309 5878 quae
3326 5807 3450 5861 licet
3465 5807 3832 5878 temeritatem

2229 5885 2402 5945 critici
2432 5883 2720 5956 antiquarii
2737 5869 3043 5952 redoleant,
3067 5869 3292 5937 minime
3313 5878 3494 5952 pigeat
3516 5869 3755 5932 novisse.
3825 5902 3836 5943 ί
