4098 6366
290 327 390 387 569

1663 324 1866 384 LIBER
1906 324 2189 385 NUMERI.

3452 336 3459 403 ξ
3474 335 3581 394 570

290 443 353 498 de
378 438 556 497 bobus
605 439 798 497 feceris
845 441 1221 497 holocaustum
1249 450 1340 497 aut
1372 440 1629 507 hostiam,
1671 450 1730 497 ut
1773 443 1875 499 im-
1902 447 1957 508 Α
1982 440 2313 496 fornicantes
2349 457 2362 496 :
2415 442 2511 497 sed
2542 440 2712 513 magis
2741 455 3015 500 memores
3040 454 3433 518 praeceptorum
3468 449 3576 504 Do-

288 533 431 605 pleas
465 543 669 602 votum,
696 535 782 590 vel
811 534 1067 604 paciﬁcas
1094 535 1361 603 victimas,
1383 534 1540 591 dabis
1567 550 1664 605 per
1689 534 1878 607 singu-

288 627 364 682 los
388 627 558 683 boves
583 628 777 683 similae
808 639 918 683 tres
946 628 1185 685 decimas
1213 643 1524 701 conspersa:
1545 630 1670 684 oleo
1691 671 1705 695 ,
1732 629 1876 699 quod

287 719 477 776 habeat
532 721 769 776 medium
809 736 1079 778 mensurae
1124 722 1215 777 Itin
1247 764 1261 789 ,
1316 732 1370 779 et
1421 724 1606 777 vinum
1657 724 1723 777 ad
1768 721 1877 777 liba

285 814 551 870 fundenda
582 816 829 887 ejusdem
869 832 1139 872 mensurre
1187 818 1243 872 in
1284 816 1613 873 oblationem
1658 816 1873 872 suavis-

284 908 398 965 simi
428 908 616 965 odoris
646 910 897 966 Domino.
930 909 1021 967 Sic
1050 910 1215 966 facies
1240 926 1337 980 per
1362 910 1600 981 singulos
1633 909 1797 964 boves
1819 918 1875 965 et

281 1004 471 1059 arietes
501 1012 560 1060 et
585 1020 754 1076 agnos
782 1013 836 1061 et
866 1005 1069 1062 haedos.
1104 1006 1236 1061 Tam
1268 1006 1564 1076 indigenae,
1593 1021 1751 1076 quam
1778 1020 1872 1076 pe-

281 1102 472 1172 regrini
516 1103 711 1158 eodem
756 1105 861 1159 ritu
909 1104 1138 1160 offerent
1169 1106 1452 1161 sacriﬁcia.
1508 1104 1680 1161 Unum
1731 1119 1871 1175 prae-

280 1203 487 1262 ceptum
530 1195 637 1249 erit
670 1206 832 1266 atque
860 1196 1117 1265 judicium
1151 1198 1231 1270 [h.
1271 1197 1574 1269 legitimum
1616 1214 1776 1251 unum
1819 1207 1870 1252 et

271 1288 524 1361 judicium
578 1289 762 1360 unum]
810 1298 920 1344 tam
970 1292 1125 1346 vobis
1181 1308 1343 1363 quam
1402 1292 1628 1347 advenis
1681 1302 1862 1348 terra).

279 1378 351 1450 [Β.
396 1377 695 1446 XXXVIII,
728 1380 791 1437 C.
823 1381 1033 1454 XLIII.]
1062 1383 1297 1440 Locutus
1343 1395 1425 1440 est
1483 1385 1743 1440 Dominus
1795 1386 1861 1441 ad

276 1473 472 1538 Mosen,
507 1474 701 1532 dicens
747 1494 761 1531 :
815 1478 1066 1549 Loquere
1116 1479 1241 1534 Iiliis
1280 1479 1466 1547 Israel,
1521 1486 1573 1535 et
1603 1479 1752 1535 dices
1795 1479 1862 1535 ad

272 1580 358 1621 eos
386 1583 399 1619 :
426 1567 567 1623 Cum
600 1569 859 1625 veneritis
888 1572 942 1626 in
983 1580 1206 1639 terram,
1235 1588 1396 1643 quam
1423 1572 1565 1629 dabo
1596 1571 1774 1637 vobis,
1806 1580 1861 1627 et

272 1658 615 1715 comederitis
655 1660 725 1717 de
769 1663 1004 1732 panibus
1050 1664 1288 1733 regionis
1332 1664 1501 1729 illius,
1535 1663 1860 1734 separabitis

272 1750 557 1825 primitias“
577 1753 807 1810 Domino
858 1755 926 1811 de
964 1755 1103 1811 cibis
1142 1757 1358 1813 vestris.
1415 1757 1568 1813 Sicut
1604 1756 1672 1812 de
1711 1757 1857 1811 areis

1980 533 2113 588 mini
2143 533 2343 588 faciant
2373 548 2458 597 ea,
2491 534 2707 604 sintque
2738 535 2913 589 sancti
2944 536 3053 590 Deo
3079 552 3197 591 suo.
3247 538 3363 609 Ego
3392 539 3578 595 Domi-

1980 643 2081 682 nus
2112 627 2253 683 Deus
2284 637 2463 683 vester
2491 630 2581 699 qui
2625 628 2793 684 eduxi
2826 644 2921 684 vos
2953 630 3021 685 de
3052 638 3195 687 terra
3225 631 3480 705 Egypti,
3513 643 3575 691 ut

1978 742 2154 783 essem
2183 706 2362 783 vester
2394 728 2534 781 Deus
2559 726 2637 798 [h.
2673 728 2783 797 Ego
2812 728 3075 783 Dominus
3105 729 3251 784 Deus
3274 731 3494 802 vester].

2050 817 2135 890 [T.
2169 818 2239 883 X,
2270 818 2330 872 Β.
2363 817 2504 884 XLI,
2526 817 2657 890 Cap.
2691 817 2859 890 λη]
2895 819 3033 875 Ecce
3053 830 3235 876 autem
3262 819 3402 877 Core
3428 822 3573 877 ﬁlius

1976 909 2145 977 Isaac,
2181 911 2279 964 ﬁlii
2303 910 2495 976 Caatb,
2523 910 2615 964 ﬁlii
2646 910 2798 975 Levi,
2832 919 2888 966 et
2917 912 3128 967 Datltan
3153 922 3319 985 atque
3346 915 3572 970 Abiram

1974 1005 2072 1060 ﬁlii
2105 1005 2279 1071 Eliab,
2310 1004 2388 1060 On
2423 1020 2639 1075 quoque
2678 1005 2820 1061 ﬁlius
2846 1006 3074 1061 Pheletlt
3105 1008 3173 1063 de
3200 1008 3327 1063 ﬁliis
3352 1009 3568 1077 Ruben,

1973 1108 2324 1153 surrexerunt
2350 1104 2538 1153 contra
2567 1098 2774 1161 Mosen,
2802 1100 3003 1167 aliique
3025 1100 3259 1156 ﬁliorum
3285 1100 3449 1157 Israel
3471 1102 3573 1158 du-

1972 1193 2114 1247 centi
2162 1194 2545 1264 quinquaginta
2581 1193 2681 1248 viri
2723 1208 2980 1263 proceres
3022 1210 3333 1266 synagogas,
3383 1206 3437 1251 et
3479 1198 3571 1268 qui

1970 1291 2214 1355 tempore
2254 1284 2474 1341 concilii
2523 1299 2620 1355 per
2673 1285 2892 1341 nomina
2932 1287 3287 1343 vocabantur.
3317 1288 3566 1360 Cumque

1968 1380 2245 1434 stetissent
2293 1379 2584 1434 adversum
2638 1379 2823 1435 Mosen
2879 1388 2934 1435 et
2991 1383 3198 1449 Aaron,
3243 1382 3504 1439 dixerunt
3546 1400 3560 1436 :

1966 1468 2209 1525 Sufﬁciat
2226 1471 2379 1526 vobis
2411 1489 2423 1525 :
2449 1472 2572 1542 quia
2595 1472 2771 1527 omnis
2802 1471 3092 1527 multitudo
3115 1482 3431 1530 sanctorum
3453 1485 3559 1543 est,

1965 1573 2020 1619 et
2054 1565 2105 1618 in
2140 1565 2273 1635 ipsis
2302 1573 2388 1621 est
2426 1564 2690 1619 Dominus
2728 1564 2807 1635 [h.
2844 1565 2897 1619 in
2933 1565 3114 1621 medio
3145 1581 3332 1622 eorum
3373 1567 3561 1623 Domi-

1964 1654 2085 1725 nus]
2115 1673 2129 1711 :
2167 1654 2280 1710 Cur
2305 1656 2595 1712 elevamini
2627 1671 2791 1725 super
2819 1656 3076 1726 populum
3108 1657 3370 1712 Domini?
3400 1659 3560 1726 Quod

1960 1764 2082 1805 cum
2113 1750 2356 1805 audisset
2383 1751 2585 1815 Moses,
2614 1749 2812 1805 cecidit
2840 1764 3041 1819 pronus
3072 1750 3126 1804 in
3154 1750 3346 1805 faciem
3372 1750 3449 1823 [h.
3473 1767 3563 1807 cc-

272 1843 521 1913 primitias
550 1846 839 1915 separatis,
874 1850 946 1903 ita
979 1849 1121 1904 etde
1149 1850 1445 1919 pulmentis
1476 1850 1553 1923 [h.
1583 1850 1651 1906 de
1684 1850 1856 1905 farina
1888 1842 1937 1904 B
1963 1842 2093 1899 cidit
2130 1857 2293 1914 super
2332 1842 2519 1914 facies]
2561 1862 2572 1898 :
2614 1844 2936 1914 locutnsque
2978 1853 3062 1901 est
3093 1844 3162 1900 ad
3207 1842 3350 1900 Core
3391 1855 3444 1901 et
3490 1847 3561 1902 ad

268 1938 573 2010 conSpersa]
626 1940 825 1996 dabitis
868 1943 1141 2012 primitiva
1185 1944 1413 1999 Domino
1453 1944 1533 2016 [h.
1565 1959 1594 1998 a
1627 1958 1855 2015 genera-

264 2030 399 2087 tione
433 2043 487 2088 et
516 2034 969 2103 generationibus
1001 2037 1239 2109 vestris].
1272 2036 1582 2110 [C.XLIV.]
1609 2037 1764 2107 Quod
1806 2038 1851 2092 si

265 2142 349 2195 per
367 2127 734 2196 ignorantiam
761 2129 1135 2199 prtetcrieritis
1160 2132 1455 2201 quidquam
1485 2131 1701 2198 ltorurn,
1724 2145 1846 2201 quae

265 2217 459 2274 locutus
480 2228 573 2275 est
602 2219 865 2276 Dominus
890 2221 955 2276 ad
980 2222 1187 2289 Mosen,
1211 2230 1265 2277 et
1289 2223 1569 2278 mandavit
1600 2238 1694 2292 per
1721 2238 1848 2278 eum

264 2313 321 2368 ad
344 2329 457 2379 vos,
492 2329 523 2367 a
567 2314 692 2381 die,
729 2331 835 2386 qua
864 2316 1030 2386 coepit
1061 2316 1252 2385 jubere
1284 2326 1339 2373 et
1368 2318 1541 2383 ultra,
1572 2317 1850 2389 oblitaque

264 2404 405 2461 fuerit
431 2404 620 2461 facere
642 2407 930 2463 multitudo
962 2426 973 2461 :
1006 2408 1202 2465 offeret
1224 2410 1450 2464 vitulum
1479 2409 1547 2465 de
1574 2421 1841 2475 armento,

262 2497 633 2555 holocaustum
667 2502 719 2555 in
770 2501 994 2557 odorem
1050 2502 1437 2557 suavissimum
1494 2502 1761 2570 Domino,
1793 2511 1849 2558 et

258 2593 580 2649 sacriﬁcium
625 2594 744 2665 ejus
775 2609 839 2651 ac
884 2595 1013 2664 liba,
1064 2607 1123 2651 ut
1160 2597 1503 2652 caeremoniae
1547 2597 1840 2667 postulant,

260 2685 564 2758 ltircuinque
618 2704 716 2759 pro
765 2698 1024 2759 peccato,
1059 2699 1113 2745 et
1168 2692 1376 2762 rogabit
1434 2691 1697 2747 sacerdos
1747 2706 1845 2762 pro

259 2779 389 2834 omni
418 2780 783 2836 multitudine
813 2781 1051 2837 ﬁliorum
1085 2781 1271 2849 Israel,
1309 2790 1364 2838 et
1394 2782 1700 2838 dimittetur
1737 2785 1837 2851 eis,

259 2875 490 2942 quoniam
520 2889 635 2929 non
665 2882 861 2944 sponte
892 2887 1290 2945 peccaverunt,
1319 2877 1676 2933 nihilominus
1706 2877 1841 2934 οπε-

257 2976 420 3024 rentes
453 2968 746 3024 incensum
774 2969 1007 3024 Domino
1029 2985 1128 3039 pro
1157 2985 1215 3025 se
1240 2980 1293 3026 et
1317 2986 1414 3041 pro
1435 2981 1661 3042 peccato
1682 2980 1843 3039 atque

257 3074 427 3116 errore
462 3076 573 3116 suo
636 3078 651 3115 :
693 3070 749 3117 et
787 3060 1090 3117 dimittetur
1116 3064 1389 3118 universa:
1426 3065 1573 3134 plebi
1600 3064 1839 3119 ﬁliorum

256 3149 432 3219 Israel,
487 3160 552 3208 et
590 3153 860 3220 advenis,
914 3154 1004 3224 qui
1062 3157 1481 3226 peregrinantur
1540 3158 1685 3211 inter
1742 3171 1839 3211 vos

1960 1952 2181 1992 omnem
2240 1936 2643 1992 multitudinem
2685 1955 2698 1991 :
2732 1937 2907 2005 Mane,
2939 1937 3135 2008 inquit,
3184 1947 3371 1994 notum
3401 1940 3562 1997 faciet

1958 2031 2221 2086 Dominus
2247 2029 2339 2100 qui
2363 2029 2431 2084 ad
2463 2044 2522 2084 se
2551 2029 2895 2100 pertineant,
2927 2039 2982 2086 et
3010 2040 3229 2086 sanctos
3266 2032 3562 2102 applicabit

1956 2126 2059 2181 sibi
2093 2144 2104 2178 :
2140 2133 2194 2180 et
2215 2139 2352 2195 quos
2380 2124 2628 2195 elegerit,
2661 2124 3179 2195 appropinquabunt
3207 2125 3280 2181 ei.
3312 2126 3424 2181 Hoc
3456 2127 3558 2196 igi-

1958 2228 2045 2274 tur
2093 2218 2253 2274 facite
2305 2238 2315 2272 :
2369 2218 2544 2273 Tollat
2585 2218 2958 2290 unusquisque
3006 2220 3279 2275 thuribula
3324 2236 3443 2291 sua,
3495 2229 3554 2277 ttt

1952 2311 2114 2379 Core,
2147 2322 2202 2367 et
2226 2327 2388 2367 omne
2418 2311 2712 2367 concilium
2741 2322 2890 2367 tuum
2916 2331 2927 2366 :
2962 2322 3016 2367 ct
3043 2312 3237 2368 hausto
3263 2328 3387 2369 cras
3404 2315 3551 2384 igne,

1952 2407 2136 2477 ponite
2164 2406 2401 2477 desuper
2437 2392 2732 2477 tliymiama
2754 2421 2940 2461 coram
2970 2406 3209 2462 Domino
3235 2426 3246 2460 ε
3277 2415 3332 2462 et
3359 2423 3541 2478 quem-

1950 2516 2183 2571 cumque
2226 2501 2475 2570 elegerit,
2522 2500 2637 2571 ipse
2673 2503 2779 2556 erit
2818 2510 3042 2557 sanctus
3074 2519 3088 2556 :
3136 2503 3360 2558 multum
3391 2503 3547 2573 erigi-

1949 2595 2104 2662 mini,
2123 2594 2217 2648 ﬁlii
2243 2594 2392 2650 Levi.
2409 2594 2660 2665 Dixitque
2684 2610 2896 2651 rursum
2921 2595 2987 2652 ad
3007 2596 3147 2652 Core
3177 2597 3425 2663 :Audite,
3453 2597 3549 2652 lilii

1949 2687 2078 2743 Levi
2133 2703 2146 2741 :
2208 2687 2346 2742 Num
2396 2704 2587 2757 parum
2616 2688 2772 2743 vobis
2799 2698 2905 2756 est,
2950 2689 3095 2760 quod
3141 2690 3416 2758 separavit
3445 2704 3546 2745 vos

1952 2780 2093 2835 Deus
2124 2780 2289 2835 Israel
2319 2779 2387 2834 ab
2418 2781 2563 2835 omni
2603 2781 2801 2851 populo
2823 2823 2836 2848 ,
2872 2791 2926 2837 et
2950 2781 3130 2851 junxit
3159 2781 3263 2837 sibi
3288 2823 3303 2849 ,
3333 2790 3393 2837 ut
3423 2795 3541 2837 ser-

1953 2872 2148 2927 viretis
2192 2871 2244 2927 ei
2283 2872 2336 2927 in
2368 2873 2514 2928 cultu
2538 2873 2903 2939 tabernaculi,
2934 2882 2990 2929 et
3032 2884 3091 2929 ut
3117 2874 3337 2929 staretis
3362 2889 3546 2929 coram

1952 2965 2254 3035 frequentia
2287 2965 2490 3034 populi,
2518 2976 2572 3020 et
2614 2965 2996 3021 ministraretis
3034 2966 3085 3021 ei
3133 2965 3210 3037 [h.
3242 2966 3314 3033 ei,
3362 2965 3412 3020 id
3442 2974 3547 3031 est,

1945 3058 2205 3131 populo]?
2239 3058 2447 3113 Idcirco
2490 3059 2559 3114 ad
2607 3074 2667 3115 se
2711 3060 2841 3115 fecit
2886 3060 3148 3115 accedere
3192 3071 3243 3115 te
3272 3069 3327 3115 et
3355 3076 3547 3117 omnes

1946 3151 2143 3207 fratres
2182 3162 2304 3207 tuos
2336 3154 2478 3207 Iilios
2516 3153 2683 3219 Levi,
2718 3163 2777 3208 ut
2811 3153 2966 3208 vobis
2988 3155 3150 3209 etiam
3183 3155 3547 3211 sacerdotium

257 3242 424 3317 [Yulg.
476 3244 600 3317 eos]
650 3264 663 3301 :
706 3247 962 3317 quoniam
993 3246 1149 3317 culpa
1192 3257 1275 3303 est
1314 3249 1494 3304 omnis
1527 3249 1710 3319 populi
1742 3265 1838 3319 per
1865 3237 1910 3300 C
1942 3244 2262 3314 vindicetis,
2297 3254 2353 3299 et
2388 3245 2567 3299 omnis
2594 3244 2786 3315 globus
2823 3255 2946 3300 tuus
2995 3255 3101 3300 stet
3136 3257 3326 3301 contra
3359 3246 3546 3301 Domi-

256 3335 621 3407 ignorantiam.
669 3336 825 3405 Quod
850 3338 896 3393 si
923 3339 1103 3393 anima
1137 3353 1244 3393 una
1285 3339 1532 3395 nesciens
1570 3354 1836 3409 peccave-

258 3430 337 3495 rit,
362 3430 559 3486 oﬁ‘eret
606 3444 825 3500 capram
875 3431 1181 3486 anniculam
1209 3446 1305 3501 pro
1337 3440 1563 3501 peccato
1604 3447 1742 3497 suo,
1783 3440 1841 3488 et

262 3522 637 3595 deprecabitur
666 3539 765 3595 pro
794 3540 857 3582 ea
886 3525 1168 3592 sacerdos,
1198 3526 1346 3597 quod
1377 3526 1548 3581 inscia
1577 3540 1839 3596 peccave-

257 3616 318 3673 rit
343 3614 526 3673 coram
557 3618 825 3673 Domino:
860 3617 1283 3688 impetrabitqne
1314 3618 1365 3673 ei
1396 3619 1630 3685 veniam,
1672 3628 1727 3673 et
1751 3618 1838 3673 di-

258 3711 483 3767 mittetur
512 3712 619 3767 illi.
650 3711 783 3767 Tam
830 3712 1103 3783 indigenis
1135 3728 1293 3781 quam
1344 3711 1568 3767 advenis
1613 3728 1718 3767 una
1749 3713 1837 3767 lex

257 3803 346 3857 erit
367 3805 637 3871 omnium,
668 3806 759 3875 qui
789 3804 1131 3873 peccaverint
1162 3804 1493 3874 ignorantes.
1533 3802 1613 3874 lC.
1646 3803 1835 3875 XLV.]

258 3899 427 3954 Anima
455 3915 616 3967 vero,
645 3914 767 3971 qum
799 3914 895 3969 per
921 3899 1230 3968 superbiam
1258 3899 1457 3968 aliquid
1481 3899 1835 3968 commiserit,

257 3990 352 4046 sive
377 3992 511 4047 civis
545 3994 617 4047 sit
642 3993 751 4060 ille,
784 3992 903 4048 sive
925 3993 1241 4062 peregrinus
1271 3992 1549 4064 (quoniam
1577 3992 1840 4047 adversus

260 4082 528 4141 Dominum
560 4086 782 4142 rebellis
810 4085 956 4156 fuit),
992 4086 1187 4156 peribit
1217 4086 1285 4141 de
1307 4086 1509 4157 popqu
1531 4102 1630 4142 suo
1664 4105 1677 4141 :
1712 4102 1837 4142 ver-

259 4174 365 4231 bum
401 4178 550 4234 enim
595 4178 811 4233 Domini
841 4178 1193 4247 contempsit,
1236 4187 1291 4233 et
1333 4188 1661 4253 princeptum
1689 4180 1839 4234 illius

260 4270 368 4324 fecit
392 4271 608 4325 irritum
649 4290 661 4325 :
712 4271 916 4327 idcirco
951 4271 1246 4338 delebitur,
1277 4281 1332 4328 et
1375 4273 1611 4342 portabit
1638 4273 1839 4343 iniqui-

261 4370 403 4418 tatem
431 4380 615 4420 suam.
649 4364 734 4435 [Β.
773 4364 1098 4430 XXXIX,C.
1133 4364 1341 4435 XLVI.]
1375 4366 1598 4423 Factum
1634 4376 1718 4422 est
1744 4382 1840 4422 au—

249 4462 351 4523 tem
385 4472 507 4512 cum
544 4468 731 4513 essent
760 4458 856 4513 ﬁlii
896 4460 1063 4514 Israel
1096 4458 1149 4514 in
1182 4460 1494 4529 solitudine,
1526 4472 1578 4516 et
1604 4462 1841 4517 invenis-

265 4557 366 4602 sent
396 4550 675 4605 hominem
718 4551 1068 4621 colligentem
1098 4551 1240 4622 ligna
1268 4552 1321 4606 in
1353 4552 1443 4607 die
1472 4553 1706 4623 sabbati,
1739 4556 1838 4610 ob—

1944 3339 2109 3393 num?
2137 3338 2263 3407 quid
2308 3346 2392 3392 est
2437 3338 2584 3392 enim
2629 3336 2811 3392 Aaron
2855 3346 2915 3392 ut
2961 3340 3314 3395 murmuretis
3355 3350 3542 3395 contra

1943 3431 2106 3486 eum?
2133 3430 2278 3485 Misit
2301 3445 2436 3500 ergo
2464 3430 2639 3486 Moses
2673 3440 2730 3485 ut
2758 3442 2981 3486 vocaret
3005 3431 3214 3486 Datltan
3237 3444 3291 3488 et
3317 3432 3543 3489 Abiram

1944 3522 2085 3579 ﬁlios
2110 3523 2288 3578 Eliab.
2323 3523 2427 3590 Qui
2454 3523 2853 3593 responderunt
2884 3542 2896 3576 :
2929 3523 3047 3578 Non
3074 3526 3345 3581 venimus.
3378 3526 3546 3582 Num-

1942 3623 2069 3694 quid
2101 3638 2287 3693 parum
2317 3632 2400 3679 est
2426 3623 2517 3677 tibi
2548 3622 2627 3693 [h.
2662 3638 2772 3677 non
2804 3622 2987 3694 habet]
3019 3625 3163 3694 quod
3186 3624 3419 3681 eduxisti
3445 3641 3544 3682 nos

1943 3717 2011 3772 dc
2044 3726 2184 3772 terra
2206 3759 2220 3783 ,
2249 3731 2369 3787 quae
2409 3716 2550 3771 lacte
2576 3725 2631 3770 et
2661 3715 2823 3770 melle
2852 3716 3141 3783 manabat,
3176 3727 3236 3772 ut
3264 3718 3543 3773 occideres

1945 3824 2045 3865 nos
2068 3812 2119 3863 in
2142 3810 2359 3863 deserto
2380 3853 2394 3876 ,
2424 3807 2531 3862 nisi
2560 3816 2616 3862 et
2655 3807 2967 3862 dominatus
2995 3806 3170 3863 fueris
3198 3808 3408 3863 nostri?
3438 3809 3546 3864 Re-

1943 3918 2068 3957 vera
2104 3902 2359 3956 induxisti
2384 3917 2482 3955 nos
2511 3901 2567 3954 in
2599 3910 2819 3967 terram,
2846 3915 2969 3970 quae
2997 3900 3115 3955 ﬁuit
3146 3902 3279 3955 rivis
3304 3902 3463 3959 lactis
3490 3912 3546 3958 et

1944 3996 2142 4060 mellis,
2175 4003 2229 4050 et
2265 3994 2465 4049 dedisti
2503 3994 2663 4048 nobis
2692 3994 3069 4063 possessiones
3094 4008 3347 4063 agrorum
3372 4002 3426 4049 et
3464 3996 3542 4050 vi-

1940 4103 2189 4152 nearum,
2219 4102 2285 4141 an
2326 4097 2379 4141 et
2410 4086 2598 4141 oculos
2621 4094 2836 4140 nostros
2866 4087 2949 4141 vis
2976 4087 3206 4141 eruere?
3232 4086 3349 4141 Non
3382 4087 3539 4142 veni-

1943 4197 2064 4238 mus
2092 4181 2169 4253 ]h.
2193 4180 2310 4235 Non
2342 4180 2487 4235 enim
2526 4179 2792 4235 induxisti
2820 4194 2921 4235 nos
2957 4180 3011 4233 in
3040 4188 3243 4235 terram
3281 4196 3401 4252 quae
3429 4180 3544 4236 ﬁuit

1943 4279 2073 4334 rivis
2095 4277 2248 4332 lactis
2290 4285 2346 4332 et
2372 4276 2584 4341 mellis,
2620 4292 2725 4332 nec
2757 4276 2951 4331 dedisti
2975 4277 3136 4349 nobis
3162 4279 3543 4347 possessiones

1943 4385 2196 4442 agrorum
2223 4380 2274 4424 et
2296 4370 2596 4424 vinearum.
2630 4368 2859 4423 Etiamsi
2892 4369 3032 4423 oculi
3064 4369 3302 4425 virorum
3326 4371 3540 4425 illorum

1944 4473 2303 4528 cruerentur,
2338 4478 2446 4517 non
2478 4461 2799 4532 veniemus].
2835 4460 3118 4531 [ratusque
3161 4462 3338 4516 Moses
3362 4462 3538 4531 valde,

1946 4558 2019 4613 ait
2060 4557 2127 4612 ad
2170 4556 2459 4611 Dominum
2485 4574 2495 4608 :
2527 4554 2606 4609 Ne
2637 4556 2897 4624 respicias
2926 4556 3187 4610 sacriﬁcia
3214 4571 3403 4611 eorum
3440 4577 3451 4610 :
3483 4567 3542 4612 tu

264 4642 480 4698 tulerunt
511 4660 635 4699 eum
666 4644 799 4699 Mosi
828 4653 881 4699 et
902 4642 1084 4699 Aaron
1108 4655 1163 4699 et
1189 4645 1457 4700 universae
1484 4646 1834 4703 multitudini.
1866 4637 1919 4697 D
1944 4652 2049 4707 scis
2081 4650 2225 4720 quod
2256 4665 2322 4703 ne
2354 4647 2583 4703 asellum
2613 4647 2829 4717 quidem
2862 4662 3115 4716 umquam
3147 4650 3450 4717 acceperim
3474 4650 3542 4705 ab

264 4734 346 4803 Qui
386 4739 728 4794 recluserunt
759 4754 881 4793 eum
936 4740 987 4793 in
1022 4754 1323 4804 carcerem,
1366 4741 1672 4795 nescientes
1711 4741 1840 4811 quid

265 4842 408 4899 super
436 4847 503 4886 eo
534 4832 715 4886 facere
742 4831 1025 4886 deberent.
1064 4831 1309 4903 Dixitque
1340 4832 1599 4887 Dominus
1631 4833 1695 4888 ad
1725 4834 1841 4889 Mo-

266 4935 347 4977 sen
378 4943 389 4978 :
430 4925 605 4980 Morte
634 4925 899 4980 moriatur
922 4924 1084 4980 homo
1111 4925 1233 4991 iste,
1266 4926 1465 4981 obruat
1494 4942 1616 4982 eum
1644 4926 1845 4997 lapidi-

268 5013 355 5071 bus
381 5018 556 5072 omnis
588 5018 746 5073 turba
797 5029 950 5072 extra
982 5029 1187 5073 castra.
1242 5017 1491 5089 Cumque
1534 5020 1849 5076 eduxissent

267 5123 374 5164 eum
420 5110 590 5177 foras,
636 5112 941 5167 obruerunt
981 5111 1168 5185 [Vulg.
1213 5114 1341 5169 add.
1372 5113 1520 5185 eum]
1546 5115 1834 5185 lapidibus,

269 5215 314 5260 et
351 5218 591 5263 mortuus
622 5219 707 5265 est
753 5210 894 5265 sicut
933 5219 1264 5280 praeceperat
1296 5210 1576 5265 Dominus.
1615 5212 1697 5281 [Β.
1726 5210 1839 5279 XL,

270 5296 319 5351 C.
350 5299 577 5373 XLVII]
632 5302 777 5358 Dixit
824 5317 1038 5374 quoque
1081 5304 1342 5358 Dominus
1370 5303 1436 5359 ad
1468 5303 1657 5360 Mosen
1686 5322 1699 5358 :
1732 5304 1842 5360 Lo-

272 5409 418 5462 quere
444 5396 567 5451 ﬁliis
598 5398 788 5464 Israel,
814 5407 867 5452 et
892 5397 1042 5453 dices
1067 5398 1133 5453 ad
1166 5413 1260 5453 eos
1284 5407 1341 5452 ut
1370 5399 1573 5453 faciant
1593 5399 1696 5453 sibi
1720 5398 1841 5453 ﬁm-

272 5484 396 5543 brias
423 5504 516 5559 per
550 5492 780 5563 angulos
808 5492 1121 5562 palliorum,
1157 5502 1424 5563 ponentes
1450 5494 1527 5565 [h.
1553 5508 1650 5563 per
1676 5508 1841 5563 gene-

271 5581 490 5636 rationes
518 5597 645 5638 suas
666 5625 681 5650 ,
732 5592 1020 5653 ponentes,
1051 5583 1181 5654 etc.]
1227 5585 1281 5638 in
1317 5584 1397 5638 eis
1425 5588 1590 5639 vittas
1621 5584 1843 5655 hyacin-

274 5668 434 5728 thinas
481 5692 495 5728 :
545 5690 679 5745 quas
706 5690 829 5731 cum
863 5676 1123 5743 viderint,
1166 5676 1598 5732 recordabuntur
1656 5676 1840 5749 [Vulg.

277 5765 629 5839 recordentur]
684 5767 925 5823 omnium
996 5768 1375 5824 mandatorum
1428 5768 1680 5837 Domini,
1744 5785 1845 5826 nec

274 5864 547 5926 sequantur
574 5861 932 5932 cogitationes
956 5876 1101 5933 suas,
1133 5870 1189 5919 et
1209 5862 1397 5920 oculos
1423 5878 1519 5933 per
1547 5876 1635 5920 res
1664 5863 1845 5921 varias

1945 4747 2047 4812 eis,
2082 4759 2180 4798 nec
2217 4743 2499 4797 afﬁixerim
2546 4741 2854 4810 quempiam
2896 4756 3084 4796 eorum
3133 4759 3146 4795 :
3186 4742 3440 4813 Dixitque
3475 4743 3544 4797 ad

1946 4838 2089 4892 Core
2138 4854 2151 4889 :
2198 4835 2281 4890 Tu
2317 4844 2370 4888 et
2415 4832 2593 4888 omnis
2624 4833 2977 4904 congregatio
3009 4842 3097 4887 tua
3123 4841 3263 4888 state
3293 4848 3543 4889 seorsum

1949 4946 2131 4988 coram
2180 4929 2434 4997 Domino,
2484 4938 2539 4983 et
2581 4928 2762 4984 Aaron
2814 4928 2902 4983 die
2946 4929 3185 4986 crastino
3222 4931 3541 4998 separatim.

1949 5024 2146 5081 Tollite
2190 5024 2383 5093 singuli
2422 5022 2695 5077 thuribula
2734 5030 2917 5075 vestra
2945 5063 2959 5088 ,
2995 5029 3050 5076 et
3077 5023 3261 5091 ponite
3285 5038 3452 5093 super
3483 5037 3545 5078 ea

1952 5118 2264 5183 incensum,
2309 5114 2601 5171 offerentes
2637 5115 2868 5169 Domino
2898 5113 3126 5169 ducenta
3156 5114 3550 5185 quinquaginta

1950 5210 2223 5265 thuribula
2276 5230 2289 5265 :
2332 5209 2519 5264 Aaron
2542 5223 2755 5279 quoque
2784 5216 2967 5263 teneat
3004 5206 3337 5263 thuribulum
3364 5222 3548 5265 suum.

1949 5303 2103 5372 Quod
2154 5318 2281 5358 cum
2339 5302 2621 5370 fecissent,
2680 5301 2948 5357 stantibus
2976 5300 3123 5357 Mose
3158 5309 3215 5357 et
3251 5302 3462 5369 Aaron,
3494 5312 3553 5359 et

1952 5404 2371 5453 coacervassent
2415 5397 2706 5450 adversum
2748 5410 2843 5451 eos
2893 5410 3109 5450 omnem
3141 5396 3549 5452 multitudinem

1950 5490 2018 5545 ad
2050 5490 2251 5543 ostium
2295 5486 2666 5556 tabernaculi,
2700 5489 2948 5559 apparuit
2991 5489 3199 5544 cunctis
3231 5490 3405 5560 gloria
3432 5488 3545 5543 Do-

1953 5583 2107 5639 mini.
2142 5582 2224 5653 [B.
2258 5581 2446 5654 XLII.|
2477 5582 2819 5652 Locutusque
2857 5582 3120 5637 Dominus
3162 5581 3229 5635 ad
3279 5582 3461 5635 Mosen
3491 5591 3547 5635 et

1954 5674 2155 5743 Aaron,
2181 5675 2291 5729 ait:
2316 5675 2652 5744 Separamini
2683 5676 2751 5730 de
2773 5675 2952 5730 medio
2980 5674 3415 5746 congregationis
3445 5673 3548 5728 hu-

1949 5770 2059 5841 jus,
2094 5779 2149 5826 ut
2180 5784 2274 5826 eos
2303 5778 2529 5840 repente
2548 5769 2882 5840 diSperdam.
2914 5768 3015 5836 Qui
3044 5767 3359 5824 ceciderunt
3388 5767 3548 5839 proni

1952 5864 2008 5919 in
2053 5860 2269 5932 faciem,
2318 5858 2493 5934 atque
2527 5863 2786 5921 dixerunt
2814 5877 2830 5915 :
2860 5859 3181 5923 Fortissime
3210 5858 3358 5919 Deus
3386 5861 3549 5932 spiri-
