4098 6366
318 300 421 357 573

1642 344 1645 347 -
1698 306 1897 364 LIBER
1937 302 2227 367 NUMERI.

3505 324 3612 380 δτι

318 416 623 489 antygdalas
666 417 952 474 deformati
989 426 1113 474 sunt
1144 419 1222 491 [h.
1253 420 1344 492 qui
1381 422 1434 475 in
1471 416 1782 491 amygdalas
1812 416 1880 477 de
1938 422 1986 485 Α
2019 423 2268 493 Domino,
2303 426 2417 481 sive
2439 442 2502 482 ex
2528 427 2860 497 hominibus,
2889 430 3002 487 sive
3020 432 3085 487 de
3107 436 3395 503 pecoribus
3423 435 3609 504 fuerit,

319 510 533 565 formati
578 508 747 584 sunt].
773 510 1007 565 Protulit
1037 527 1167 581 ergo
1198 510 1376 569 Moses
1420 526 1609 569 omnes
1640 519 1819 583 virgas
1843 510 1911 570 de

317 611 606 676 conspectu
658 600 868 659 Domini
921 604 984 660 ad
1032 616 1258 662 cunctos
1308 602 1449 661 lilios
1497 605 1656 661 lsrael
1704 623 1716 659 :
1765 605 1913 662 vide-

316 705 569 767 runtque,
601 707 652 751 et
685 708 1007 768 receperunt
1040 697 1237 770 singuli
1269 700 1449 771 virgas
1478 714 1621 755 suas.
1657 699 1912 771 Dixitque

319 788 577 846 Dominus
608 790 673 846 ad
703 792 887 848 Mosen
929 809 941 846 :
984 792 1148 849 Refer
1179 792 1386 865 virgam
1418 795 1600 851 Aaron
1634 796 1685 850 in
1724 795 1910 851 taber-

315 885 567 939 naculum
594 884 918 953 testimonii,
953 897 1013 941 ut
1041 896 1287 943 servetur
1312 888 1385 943 ibi
1418 887 1470 942 in
1498 890 1709 960 signum
1734 888 1913 945 rebel-

318 977 436 1032 lium
473 975 712 1033 ﬁliorum
746 975 937 1051 [Vulg.
969 978 1095 1033 add.
1129 977 1345 1052 Israel],
1380 987 1435 1036 et
1466 983 1751 1049 quiescant
1779 997 1909 1052 que-

317 1068 437 1124 relze
476 1084 669 1124 eorum
707 1086 735 1125 a
784 1085 908 1136 me,
949 1084 1016 1126 ne
1062 1074 1385 1127 moriantur.
1432 1073 1689 1145 Fecitque
1734 1070 1911 1129 Moses

315 1164 446 1218 sicut
505 1172 845 1233 praeceperat
896 1163 1181 1221 Dominus.
1254 1166 1521 1221 Dixerunt
1576 1177 1754 1223 autem
1814 1167 1908 1223 ﬁlil

310 1251 467 1311 Israel
493 1256 562 1311 ad
606 1254 791 1313 Mosen
831 1275 843 1310 :
878 1259 1016 1313 Ecce
1041 1256 1339 1314 defecimus
1379 1258 1565 1332 [Vulg.
1601 1259 1909 1329 consumpti

310 1348 539 1422 sumus],
598 1366 788 1406 omnes
835 1352 1158 1421 perivimus.
1205 1352 1544 1424 Quicumque
1591 1353 1791 1409 accedit
1841 1352 1909 1409 ad

311 1443 711 1499 tabernaculum
763 1443 1002 1510 Domini,
1061 1445 1327 1501 morietur
1378 1444 1593 1519 [Vulgu
1623 1444 1897 1518 moritur].

310 1533 433 1588 Num
465 1549 643 1606 usque
667 1535 732 1591 ad
762 1537 1187 1594 internecionem
1215 1539 1395 1594 cuncti
1427 1540 1647 1595 delendi
1677 1538 1903 1595 sumus?

373 1625 453 1697 [τ.
480 1626 578 1690 XI,
613 1627 674 1681 B.
710 1627 869 1697 XLV,
903 1627 965 1683 c.
1001 1630 1062 1698 L,
1108 1630 1238 1699 Cap.
1274 1629 1485 1703 xvuL]
1510 1630 1759 1703 Dixitque
1796 1634 1897 1687 Do-

313 1718 483 1774 minus
532 1721 602 1775 ad
632 1720 813 1776 Aaron
847 1739 860 1775 :
895 1722 997 1790 Tu,
1050 1732 1104 1778 et
1144 1725 1236 1779 lilii
1281 1725 1379 1794 tui,
1414 1737 1468 1781 et
1507 1724 1701 1781 domus
1734 1726 1904 1797 patris

2016 515 2090 572 tui
2116 517 2257 586 juris
2287 520 2391 574 erit
2424 537 2436 573 :
2469 521 2541 573 ita
2581 520 2877 585 dumtaxat,
2912 533 2968 577 ut
2998 540 3095 593 pro
3133 520 3371 580 hominis
3400 527 3606 598 primo-

2012 610 2199 679 genito
2230 611 2457 681 pretium
2490 614 2750 685 aecipias,
2795 625 2850 671 et
2894 632 3057 674 omne
3094 618 3295 675 animal
3326 621 3469 691 quod
3508 622 3609 676 im-

2015 704 2272 759 mundum
2318 713 2427 775 est,
2475 705 2670 762 redimi
2717 709 2906 780 facies,
2950 711 3105 782 cujus
3153 710 3459 784 redemptio
3503 712 3609 770 erit

2015 804 2136 866 post
2167 813 2331 852 unum
2356 814 2623 867 mensem,
2656 800 2800 856 siclis
2826 804 3035 873 argenti
3062 803 3302 876 quinque
3327 804 3405 877 [h.
3439 804 3608 875 Cujus

2014 888 2316 961 redemptio
2342 892 2435 946 erit
2460 901 2580 962 post
2607 908 2771 948 unum
2797 910 3060 965 mensem,
3090 896 3155 951 ad
3181 898 3605 954 mstimationem

2014 992 2157 1035 tuam
2208 982 2357 1038 siclis
2402 985 2618 1056 argenti
2661 986 2950 1060 quinque],
2996 988 3241 1058 pondere
3289 989 3603 1045 sanctuarii.

2013 1072 2189 1129 Siclus
2240 1075 2431 1146 viginti
2461 1078 2654 1132 obolos
2699 1078 2881 1135 habet.
2940 1078 3364 1153 Primogenitum
3418 1092 3601 1138 autem

2012 1166 2167 1223 bovis
2190 1176 2247 1224 et
2270 1169 2389 1224 ovis
2412 1180 2464 1224 et
2491 1185 2668 1241 capra:
2704 1187 2815 1226 non
2859 1172 3025 1229 facies
3052 1175 3267 1243 redimi,
3296 1178 3421 1247 quia
3446 1191 3605 1232 sanc-

2011 1258 2208 1317 tiﬁcata
2264 1269 2391 1316 sunt
2445 1261 2710 1329 Domino;
2769 1264 3091 1335 sanguinem
3150 1276 3358 1323 tantum
3418 1284 3605 1324 eorum

2012 1352 2204 1410 fundes
2234 1369 2399 1426 super
2438 1359 2629 1427 altare,
2660 1368 2715 1413 et
2743 1359 2929 1430 adipes
2968 1361 3210 1419 adolebis
3254 1365 3309 1418 in
3344 1364 3607 1419 suavissi-

2011 1462 2157 1501 mum
2204 1449 2426 1504 odorem
2466 1450 2716 1505 Domino.
2752 1450 2959 1508 Carnes
2988 1469 3123 1509 vero
3163 1455 3215 1509 itt
3257 1471 3412 1511 usum
3455 1464 3602 1510 tuum

2008 1541 2219 1608 cedent,
2271 1542 2413 1597 sicut
2456 1547 2825 1614 peetuscuium
2874 1558 3281 1617 consecratum,
3327 1557 3380 1604 et
3419 1562 3605 1603 armus

2008 1633 2228 1702 dexter,
2260 1645 2345 1689 tua
2370 1645 2549 1691 erunt.
2584 1637 2784 1693 Omnes
2815 1638 3082 1708 primitias
3114 1638 3429 1705 sanctuarii,
3462 1653 3597 1708 quas

2006 1728 2240 1787 ot'l‘erunt
2282 1732 2378 1787 lilii
2424 1732 2588 1789 lsrael
2638 1734 2888 1801 Domino,
2936 1734 3030 1790 tibi
3076 1734 3225 1801 dedi,
3262 1744 3316 1790 et
3366 1733 3496 1790 ﬁliis
3534 1748 3599 1789 ac

311 1813 377 1867 tui
414 1822 623 1879 tecum,
656 1815 948 1886 portabilis
986 1816 1326 1887 iniquitatem
1374 1821 1663 1875 sanctitarii
1707 1838 1719 1873 :
1752 1828 1806 1876 et
1845 1828 1902 1876 tu
1932 1814 1976 1873 B
2007 1821 2218 1878 ﬁliabus
2248 1824 2375 1891 tuis,
2406 1824 2527 1894 jure
2554 1834 2837 1896 perpetuo.
2872 1824 3094 1880 Pactum
3138 1826 3270 1880 salis
3297 1832 3379 1880 est
3403 1824 3604 1892 sempi-

306 1916 354 1961 et
383 1904 476 1960 ﬁlii
503 1906 584 1962 tui
618 1907 783 1963 simul
833 1911 1177 1968 sustinebitis
1208 1924 1429 1984 peccata
1460 1915 1754 1971 sacerdotii
1780 1931 1899 1972 ves-

310 1997 391 2052 tri.
435 1999 545 2054 Sed
594 2009 649 2055 et
696 2001 896 2059 fratres
951 2014 1074 2059 tuos
1121 2005 1190 2060 de
1233 2007 1375 2061 tribu
1420 2006 1582 2073 Levi,
1625 2016 1897 2079 sceptrum

308 2091 462 2159 patris
492 2092 571 2147 tui
607 2108 761 2149 sume
788 2106 989 2166 tecum,
1028 2109 1333 2169 pra‘stoque
1365 2101 1475 2156 sint
1503 2111 1556 2156 et
1589 2102 1902 2157 ministrent

311 2183 416 2251 tibi,
446 2194 499 2239 tu
534 2197 721 2243 autem
746 2200 799 2244 et
823 2190 918 2246 lilii
954 2193 1026 2245 tui
1053 2191 1431 2250 ministrabitis
1462 2197 1513 2250 in
1554 2196 1900 2252 tabernaculo

310 2280 619 2335 testimonii.
654 2280 1117 2354 Excubabuntque
1149 2282 1352 2339 Levita:
1383 2285 1448 2341 ad
1476 2298 1745 2357 praecepta
1786 2298 1897 2356 tua,

308 2380 355 2424 et
381 2369 443 2424 ad
470 2379 675 2427 cuncta
701 2388 865 2443 opera
890 2374 1229 2431 tabernaculi
1263 2395 1276 2431 :
1312 2377 1380 2431 ita
1412 2378 1715 2445 dumtaxat,
1743 2389 1801 2434 ut
1830 2380 1898 2435 ad

308 2477 417 2517 vasa
445 2466 748 2521 sanctuarii
781 2475 837 2522 et
866 2467 933 2522 ad
966 2469 1136 2525 altare
1176 2486 1284 2525 non
1324 2471 1604 2538 accedant,
1638 2489 1703 2527 ne
1736 2484 1789 2526 et
1818 2471 1900 2527 illi

311 2558 626 2626 muriantur,
659 2569 714 2615 et
740 2575 838 2615 vos
867 2563 1105 2632 pereatis
1127 2564 1305 2617 simul.
1340 2563 1461 2619 Sint
1483 2576 1664 2619 autem
1696 2577 1897 2633 tecum,

310 2657 356 2704 et
379 2651 655 2707 excubent
685 2652 735 2706 in
771 2654 1032 2709 custodiis
1077 2655 1432 2723 tabernaculi,
1467 2666 1521 2711 et
1549 2656 1600 2710 in
1643 2656 1901 2711 omnibus

311 2746 648 2799 czrremoniis
686 2747 828 2816 ejus.
876 2746 1196 2819 Alienigena
1226 2764 1334 2804 non
1366 2744 1682 2805 miscebitur
1721 2750 1897 2805 vobis.

311 2833 580 2892 Excubate
623 2840 676 2891 in
725 2837 972 2895 custodia
1017 2842 1347 2907 sanctuarii,
1392 2848 1451 2898 et
1492 2843 1546 2897 iu
1596 2842 1899 2898 ministerio

312 2930 503 2999 altaris,
534 2947 605 2987 ne
629 2934 842 2989 oriatur
866 2936 1167 3007 indignatio
1198 2952 1360 3007 super
1394 2937 1535 2993 ﬁlios
1568 2938 1751 2993 lsrael.
1786 2938 1900 3009 Ego

312 3023 422 3078 dedi
449 3025 611 3081 vobis
640 3028 840 3082 fratres
871 3038 1082 3084 vestros
1110 3029 1327 3085 Levitas
1354 3030 1421 3085 de
1452 3028 1633 3084 tuedin
1666 3030 1896 3085 ﬁliorum

315 3118 485 3186 Israel,
509 3128 566 3174 et
590 3119 784 3175 tradidi
811 3129 835 3158 ⁸
859 3121 1076 3177 domum
1099 3123 1347 3191 Domino,
1374 3132 1431 3177 ut
1452 3125 1695 3177 serviant
1725 3124 1776 3175 itt
1800 3122 1900 3175 mi-

2006 1926 2220 1971 ternum
2250 1932 2435 1973 coram
2487 1917 2736 1987 Domino,
2773 1916 2868 1972 tibi
2916 1932 2979 1972 ac
3020 1917 3149 1971 ﬁliis
3182 1916 3312 1972 tuis.
3345 1912 3431 1987 [(1.
3464 1914 3601 1987 Ll|.]

2007 2009 2259 2080 Dixitque
2295 2008 2554 2064 Dominus
2601 2010 2668 2065 ad
2698 2010 2877 2066 Aaron
2914 2028 2926 2064 :
2961 2012 3017 2066 lit
3058 2020 3204 2065 terra
3246 2024 3437 2065 eorum
3471 2006 3604 2063 nihil

2005 2096 2377 2169 possidebitis,
2425 2114 2524 2156 nec
2559 2101 2829 2157 habebitis
2872 2111 3079 2172 partem
3126 2101 3276 2157 inter
3310 2117 3404 2156 eos
3444 2119 3456 2154 :
3501 2115 3602 2170 ego

2005 2204 2129 2261 pars
2176 2200 2232 2245 et
2276 2190 2572 2247 haarcditas
2621 2203 2707 2247 tua
2762 2191 2818 2248 in
2865 2192 3051 2249 medio
3103 2192 3339 2247 ﬁliorum
3383 2190 3597 2247 lsrael:

2004 2284 2155 2340 Filiis
2201 2294 2381 2341 autem
2430 2286 2556 2341 Levi
2600 2284 2726 2343 dedi
2770 2302 2959 2343 omnes
3005 2286 3249 2342 decimas
3288 2284 3505 2341 Israelis
3545 2284 3602 2340 itt

2004 2378 2428 2448 possessionem,
2467 2393 2562 2447 pro
2612 2378 2919 2435 ministerio
2948 2392 3059 2449 quo
3094 2379 3341 2434 serviunt
3382 2376 3510 2431 mihi
3544 2376 3599 2430 in

2003 2468 2351 2524 tabernaculo
2377 2466 2594 2525 foederis
2615 2486 2629 2524 :
2653 2480 2710 2525 ut
2734 2486 2839 2524 non
2858 2468 3126 2525 accedant
3150 2468 3287 2524 ultra
3313 2468 3407 2523 ﬁlii
3430 2467 3597 2523 Israel

2000 2563 2066 2614 ad
2103 2560 2513 2614 tabernaculum
2547 2557 2628 2632 [h.
2659 2560 2929 2633 fmderis],
2964 2576 3063 2616 nec
3093 2561 3439 2615 committant
3467 2574 3597 2629 pec-

2001 2664 2184 2710 catum
2217 2654 2580 2722 mortiferum,
2610 2655 2740 2710 solis
2772 2652 2895 2709 liliis
2922 2654 3050 2710 Levi
3082 2654 3215 2709 mihi
3247 2655 3299 2708 in
3342 2654 3593 2708 taberna-

2002 2748 2124 2802 culo
2156 2746 2559 2817 servientibus,
2612 2758 2666 2802 et
2724 2746 3067 2818 portantibus
3118 2755 3341 2817 peccata
3390 2745 3595 2815 populi.

2002 2839 2327 2911 Legititnum
2360 2841 2752 2910 sempiternum
2782 2842 2888 2896 erit
2918 2839 2972 2895 in
3002 2839 3446 2910 generationibus
3471 2852 3599 2893 ves-

2006 2934 2123 2987 tris.
2169 2932 2311 2987 Nihil
2345 2934 2489 2986 aliud
2528 2933 2907 3003 possidebunt,
2951 2930 3289 2987 decimarum
3322 2931 3601 2986 oblatione

2003 3027 2267 3093 contenti,
2298 3040 2432 3097 quas
2457 3029 2510 3081 in
2536 3042 2665 3083 usus
2688 3041 2876 3082 eorum
2903 3032 2959 3082 et
2985 3026 3301 3082 necessaria
3321 3027 3595 3097 separavi.

2004 3119 2087 3191 lC.
2116 3117 2275 3191 LIII.]
2296 3120 2641 3190 Locutusque
2662 3129 2746 3175 est
2768 3110 3031 3175 Dominus
3050 3119 3117 3174 ad
3138 3119 3345 3186 Mosen,
3370 3118 3558 3174 dicens
3580 3130 3595 3172 ε

314 3211 540 3266 nisteriis
572 3213 907 3268 tabernaculi
938 3215 1073 3285 ejus.
1108 3214 1186 3270 Tu
1217 3225 1399 3270 autem
1428 3222 1484 3269 et
1515 3214 1604 3268 ﬁlii
1639 3213 1735 3281 tui,
1769 3228 1893 3269 cus-
1926 3194 1972 3259 (ἶ
2003 3214 2246 3284 Ρτωοῑρθ
2270 3213 2496 3279 Levitis,
2522 3222 2685 3284 atque
2715 3213 2973 3268 denuntia
3012 3231 3025 3265 :
3056 3210 3194 3267 Cum
3224 3212 3542 3282 acceperitis
3566 3227 3597 3267 a

315 3303 464 3358 todite
485 3306 859 3361 sacerdotium
885 3319 1125 3362 vesnum
1150 3323 1163 3373 ;
1190 3316 1243 3363 et
1258 3309 1440 3362 omnia
1459 3323 1579 3377 quae
1596 3305 1663 3360 ad
1690 3307 1894 3361 cultum

314 3397 483 3453 altaris
510 3399 818 3471 pertinent,
843 3410 896 3456 et
922 3402 1060 3456 intra
1083 3402 1263 3457 velum
1287 3412 1432 3472 sunt,
1461 3412 1555 3470 per
1584 3402 1898 3457 sacerdotes

313 3490 847 3551 administrabantur.
879 3495 933 3550 Si
960 3498 1081 3566 quis
1113 3505 1372 3551 externus
1402 3493 1718 3560 accesserit,
1752 3494 1900 3549 occi-

314 3585 462 3644 detur
495 3587 580 3661 [h.
628 3591 934 3665 ntorietur].
970 3591 1049 3664 [Β.
1092 3590 1280 3657 XLVI,
1304 3591 1365 3647 C.
1401 3592 1514 3663 LI].
1555 3590 1899 3662 Locutusque

314 3688 385 3734 est
415 3682 681 3739 Dominus
724 3685 789 3738 ad
829 3686 1009 3740 Aaron
1047 3704 1058 3738 :
1096 3685 1234 3741 Ecce
1274 3701 1375 3756 ego
1411 3684 1535 3740 dedi
1580 3686 1674 3741 tibi
1718 3696 1900 3740 custo¢

317 3773 441 3829 diam
476 3775 847 3845 primitiarum
891 3793 1157 3833 mearum.
1190 3777 1384 3833 Omnia
1408 3794 1529 3848 qua:
1555 3778 1901 3832 sanctiﬁcan-

319 3874 436 3922 tura
470 3867 599 3923 ﬁliis
629 3868 831 3937 Israel,
862 3870 958 3925 tibi
992 3868 1189 3926 tradidi
1222 3881 1275 3926 et
1301 3870 1424 3926 ﬁliis
1456 3872 1558 3926 tuis
1592 3886 1687 3939 pro
1717 3870 1901 3926 ofﬁcio

317 3960 634 4015 sacerdotali
680 3962 915 4032 legitima
941 3964 1292 4034 sempiterna.
1342 3962 1470 4019 Hmc
1510 3978 1638 4034 ergo
1666 3963 1899 4034 accipies

318 4048 385 4119 [h.
414 4052 543 4107 Ilaec
570 4068 703 4124 ergo
733 4063 895 4109 erunt
928 4052 1045 4127 tibi]
1076 4055 1145 4110 de
1176 4055 1259 4110 Itis
1292 4071 1413 4127 quae
1466 4057 1897 4123 sanctilicantur,

318 4154 363 4199 et
394 4147 575 4202 oblata
618 4158 746 4203 sunt
784 4149 1035 4206 Domino.
1080 4150 1269 4206 Omnis
1316 4151 1547 4217 oblatio,
1588 4161 1642 4206 et
1685 4152 1897 4206 sacriﬁ-

319 4238 467 4310 cium,
492 4252 552 4296 et
577 4242 838 4313 quidquid
871 4256 967 4313 pro
992 4254 1221 4314 peccato
1243 4254 1407 4313 atque
1425 4244 1626 4299 delicto
1653 4244 1901 4300 redditur

322 4330 454 4400 mihi,
499 4340 557 4389 et
603 4334 747 4389 cedit
790 4337 842 4389 in
894 4346 1078 4391 sancta
1126 4347 1462 4401 sanctorum,
1493 4344 1640 4390 tuum
1678 4336 1813 4404 erit,
1847 4343 1901 4392 et

323 4425 537 4483 ﬁliorum
572 4438 811 4486 tuorum.
844 4429 902 4483 Itt
932 4432 1249 4484 sanctuario
1281 4424 1538 4485 comedes
1569 4430 1698 4484 illud
1730 4427 1808 4501 [h.
1842 4428 1899 4486 In

320 4521 507 4575 sanctis
544 4529 858 4576 sanctorum
901 4522 1158 4577 comedas
1198 4522 1363 4594 illud]
1413 4540 1427 4577 :
1462 4538 1643 4578 mares
1688 4532 1894 4578 tantum

2002 3306 2128 3361 ﬁliis
2157 3306 2323 3363 Israel
2366 3308 2633 3373 decimas,
2665 3321 2802 3376 quas
2848 3306 2974 3362 dedi
3005 3306 3160 3361 vobis
3192 3307 3269 3378 [h.
3305 3316 3441 3377 quas
3472 3304 3597 3361 dedi

2002 3404 2157 3457 vobis
2185 3403 2235 3455 itt
2268 3400 2694 3473 [nereditatem],
2725 3402 2993 3471 primitias
3036 3412 3222 3456 earum
3267 3400 3461 3457 offerte
3491 3402 3598 3455 Do-

2003 3500 2172 3562 mino,
2207 3497 2258 3552 id
2289 3506 2395 3564 est,
2428 3494 2697 3552 decimam
2728 3506 2945 3565 partem
2980 3495 3231 3561 decimas,
3265 3500 3325 3551 ut
3370 3500 3594 3566 repute-

2004 3599 2090 3645 tur
2131 3589 2283 3644 vobis
2311 3589 2365 3643 in
2398 3588 2731 3644 oblationem
2764 3586 3184 3657 primitivorum,
3213 3592 3321 3642 tam
3352 3589 3421 3643 de
3450 3588 3598 3642 areis

2002 3699 2164 3755 quam
2192 3681 2262 3737 de
2306 3681 2669 3736 torcularibus
2700 3692 2715 3737 :
2750 3684 2805 3735 et
2836 3680 3105 3735 universis
3134 3695 3367 3751 quorum
3396 3680 3593 3749 accipi-

2004 3778 2073 3831 tis
2099 3776 2365 3846 primitias
2398 3774 2476 3845 [h.
2507 3782 2561 3829 et
2606 3773 2954 3844 reputabitur
2982 3774 3156 3838 vobis,
3183 3775 3336 3843 quasi
3360 3772 3430 3829 de
3459 3782 3586 3828 arca

2003 3882 2051 3925 et
2105 3869 2357 3924 torculari
2391 3867 2651 3921 dederitis
2680 3865 2986 3936 primitias],
3033 3865 3224 3921 oﬁ'erte
3256 3866 3509 3933 Domino,
3543 3871 3598 3921 et

2002 3963 2123 4017 date
2166 3962 2347 4017 Aaron
2378 3959 2671 4014 sacerdoti.
2703 3959 2897 4015 Omnia
2936 3973 3057 4029 qua:
3088 3957 3334 4014 oﬁ‘eretis
3356 3972 3420 4014 ex
3449 3959 3594 4013 deci-

2005 4059 2128 4125 mis,
2174 4063 2231 4110 et
2276 4055 2327 4109 itt
2359 4054 2585 4109 donaria
2645 4055 2853 4109 Domini
2903 4054 3252 4123 separabitis,
3304 4054 3506 4123 optima
3543 4056 3599 4107 et

2002 4150 2172 4204 electa
2203 4158 2382 4202 erunt.
2411 4146 2677 4216 Dicesque
2702 4146 2768 4200 ad
2794 4161 2927 4201 eos:
2956 4145 3012 4201 Si
3042 4146 3117 4216 μ..
3147 4143 3303 4216 Cum]
3336 4146 3594 4216 praeclara

2002 4251 2056 4295 et
2076 4241 2300 4295 meliora
2320 4250 2547 4309 qumque
2560 4238 2867 4293 obtuleritis
2886 4253 2951 4293 ex
2978 4237 3226 4303 decimis,
3255 4237 3594 4307 reputabitur

2002 4334 2154 4390 vobis
2176 4335 2327 4405 quasi
2359 4334 2426 4388 de
2455 4346 2579 4388 area
2611 4345 2663 4387 et
2689 4331 2948 4387 torculari
2979 4330 3240 4387 dederitis
3275 4329 3537 4399 primitias
3574 4347 3587 4383 :

2001 4433 2055 4483 et
2083 4426 2382 4483 comedetis
2408 4442 2499 4481 eas
2546 4423 2598 4480 in
2628 4425 2881 4481 omnibus
2924 4425 3061 4479 locis
3107 4423 3324 4491 vestris,
3358 4433 3463 4478 tam
3498 4436 3593 4479 vos

2004 4536 2162 4592 quam
2180 4520 2390 4574 familia:
2404 4527 2601 4574 vestra:
2618 4536 2629 4572 :
2648 4518 2771 4588 quia
2791 4515 3017 4588 pretium
3037 4525 3121 4571 est
3145 4526 3239 4585 pro
3267 4515 3592 4583 ministerio,

321 4611 469 4668 edent
509 4626 575 4669 ex
620 4626 709 4681 eo,
741 4614 867 4685 quia
910 4627 1286 4671 consecratum
1333 4591 1415 4672 est
1455 4617 1573 4672 tibi.
1623 4616 1897 4673 Primitias
1925 4591 1979 4650 Ῐ)
2003 4591 2108 4682 quo
2131 4612 2346 4666 servitis
2369 4611 2425 4664 in
2458 4609 2806 4665 tabernacqu
2841 4609 3155 4663 testimonii.
3183 4608 3247 4663 Et
3271 4622 3378 4662 non
3405 4622 3599 4678 pecca-

324 4714 511 4773 autem,
555 4723 693 4778 quas
727 4708 977 4764 voverint
1012 4718 1067 4764 et
1107 4709 1403 4764 obtulerint
1436 4709 1533 4764 lilii
1575 4709 1761 4779 Israel,
1802 4710 1900 4766 tibi

324 4797 452 4867 dedi,
483 4812 535 4855 et
577 4801 724 4871 ﬁliis,
755 4817 819 4858 ac
852 4804 1069 4859 liliabus
1120 4806 1256 4870 tuis,
1300 4804 1424 4875 jure
1469 4815 1728 4875 perpetuo
1762 4823 1775 4859 :
1809 4808 1899 4876 qui

326 4891 542 4947 mundus
573 4904 655 4948 eat
689 4895 739 4947 in
774 4895 934 4949 domo
968 4904 1077 4963 tua,
1110 4902 1358 4951 vescetur
1384 4896 1483 4951 eis.
1510 4896 1741 4952 Omnem
1780 4913 1897 4953 me-

327 4980 508 5038 dullam
545 4984 625 5057 [h.
659 4985 1064 5059 pinguedinem]
1098 4988 1224 5057 olei,
1258 4997 1313 5043 et
1346 4990 1474 5059 vini,
1520 5004 1582 5044 ac
1616 4989 1898 5057 frumenti,

326 5073 569 5146 quidquid
617 5076 853 5133 offerunt
898 5080 1253 5150 primitiarum
1299 5083 1557 5147 Domino,
1602 5082 1695 5137 tibi
1743 5083 1890 5139 dedi.

331 5164 598 5224 Universae
629 5170 840 5241 frugum
887 5170 1168 5241 primitize,
1206 5186 1340 5243 quas
1379 5175 1552 5245 gignit
1596 5174 1813 5241 humus,
1846 5182 1901 5231 et

331 5254 545 5315 Domino
576 5261 957 5334 deportantur,
984 5266 1178 5320 cedent
1208 5266 1260 5320 itt
1285 5282 1411 5321 usus
1442 5279 1561 5322 tuos
1587 5284 1598 5319 :
1626 5268 1717 5337 qui
1748 5283 1901 5324 mun-

330 5347 416 5405 dus
448 5353 613 5409 estin
658 5355 823 5410 domo
857 5366 968 5422 tua,
1018 5368 1268 5413 vescetur
1315 5357 1414 5414 eis.
1464 5360 1639 5413 Omne
1667 5359 1809 5429 quod
1838 5376 1906 5416 ex

332 5456 442 5497 vnto
472 5446 810 5503 reddiderint
830 5448 920 5502 ﬁlii
945 5449 1136 5516 lsrael,
1161 5459 1311 5504 tuum
1342 5451 1442 5505 erit
1475 5450 1550 5521 [h.
1582 5466 1741 5506 omne
1763 5452 1906 5520 quod

332 5547 668 5594 consecratur
707 5556 739 5595 a
762 5540 888 5596 ﬁliis
924 5542 1094 5599 Israel
1127 5549 1274 5597 tuuut
1309 5542 1458 5614 erit].
1490 5542 1762 5614 Quidquid
1798 5546 1909 5615 pri-

336 5642 464 5685 mum
487 5633 724 5706 erumpit
759 5650 790 5691 e
817 5638 972 5692 vulva
997 5647 1209 5693 cuncta:
1240 5636 1451 5705 carnis,
1484 5652 1644 5708 quant
1678 5637 1913 5696 offerunt

2007 4704 2129 4760 bitis
2150 4719 2314 4773 super
2336 4704 2456 4769 hoc,
2482 4703 2697 4773 egregia
2718 4702 2870 4758 vobis
2894 4712 2947 4757 et
2978 4701 3194 4773 pinguia
3228 4712 3589 4771 reservantes,

2007 4819 2071 4859 uc
2103 4801 2352 4873 polluatis
2379 4800 2680 4855 oblationes
2709 4799 2937 4853 ﬁliorum
2968 4796 3154 4865 Israel,
3189 4805 3242 4853 et
3268 4790 3595 4852 moriemini.

2075 4893 2159 4966 [Τ.
2202 4892 2322 4958 XII,
2366 4893 2425 4947 Β.
2476 4891 2688 4957 XLVII,
2736 4890 2868 4963 Cap.
2918 4889 3089 4962 XIX]
3138 4890 3483 4961 Locutusque
3515 4898 3601 4945 est

2006 4986 2268 5042 Dominus
2314 4984 2379 5039 ad
2418 4985 2606 5040 Mosen
2644 4992 2699 5038 et
2726 4982 2942 5049 Aaron,
2973 4983 3165 5037 dicens
3203 5000 3214 5035 :
3250 4982 3356 5037 Ista
3412 4982 3601 5052 religio

2006 5079 2242 5135 victim-.e
2276 5077 2351 5151 [h.
2388 5078 2581 5148 religio
2617 5075 2774 5147 legis]
2804 5090 2962 5145 quant
2993 5073 3275 5130 constituit
3314 5073 3598 5130 Dominus.

2008 5175 2249 5245 Praecipe
2299 5172 2425 5228 ﬁliis
2487 5170 2650 5225 Israel
2678 5212 2692 5235 ,
2750 5180 2808 5223 ut
2850 5168 3117 5224 adducant
3152 5167 3219 5224 ad
3266 5181 3317 5224 te
3364 5182 3589 5223 vaccam

2008 5268 2185 5323 rufam
2218 5267 2394 5321 aetatis
2430 5265 2680 5335 integrae,
2726 5263 2780 5317 in
2819 5277 2923 5333 qua
2954 5262 3099 5317 nulla
3133 5263 3206 5317 sit
3230 5262 3466 5328 macula,
3502 5273 3605 5316 nec

2008 5358 2512 5431 portaveritjugum
2547 5373 2559 5409 :
2594 5352 2931 5426 tradetisque
2953 5370 3074 5411 eam
3108 5354 3373 5410 Eleazaro
3414 5368 3602 5407 sacer-

2010 5450 2144 5506 dOti.
2180 5449 2280 5517 Qui
2311 5448 2560 5504 eductam
2608 5457 2762 5502 extra
2793 5459 2996 5514 castra,
3046 5446 3346 5501 immolabit
3390 5447 3439 5498 in
3468 5459 3605 5498 con-

2009 5555 2199 5614 spectu
2225 5540 2467 5595 omniuut
2498 5558 2510 5595 :
2544 5546 2598 5595 et
2627 5541 2842 5609 tingeus
2865 5540 3090 5611 digitum
3127 5539 3178 5592 itt
3202 5538 3463 5608 sanguine
3485 5536 3607 5605 ejus

2011 5637 2087 5710 [h.
2120 5645 2174 5692 et
2205 5636 2400 5691 tollens
2428 5635 2492 5690 de
2521 5635 2783 5705 sanguine
2809 5635 2926 5704 ejus
2959 5635 3010 5687 in
3035 5632 3210 5703 digito
3240 5630 3383 5700 suo],
3412 5644 3599 5699 asper-

408 5821 429 5847 ι
456 5813 760 5886 Legendum
796 5817 1024 5887 donum,
1064 5832 1129 5875 ex
1169 5817 1337 5876 Hebr.
1362 5827 1521 5880 mai:
1558 5826 1613 5874 et
1661 5817 2063 5890 Vulgatafquze
2091 5825 2352 5890 praeterea
2378 5815 2527 5872 addit
2554 5814 2713 5869 vobis.
