4098 6366
442 276 551 336 575

1457 279 1517 338 s.
1557 277 1940 338 utsnonrut
1978 276 2211 340 DIVINA
2250 250 2729 343 cinnameus.

3633 290 3742 348 376

439 403 535 467 get
578 399 771 452 contra
821 394 973 452 fores
1014 393 1349 453 tabernaculi
1376 403 1587 469 septem
1622 396 1860 467 vicibus,
1893 411 2045 454 com-
2069 402 2124 462 Α
2148 399 2313 457 modo
2353 399 2588 457 mundus
2628 399 2884 458 lustrabit
2926 401 3268 460 immundum
3313 404 3479 462 tertio
3524 413 3579 463 et
3617 420 3748 479 sep-

439 486 715 560 buretqne
743 503 863 546 eam
886 489 1100 545 cunctis
1124 488 1454 559 videntibus,
1490 497 1597 544 tam
1620 488 1763 560 pelle
1783 498 1839 545 et
1862 490 2043 546 carni-

441 584 550 641 bus
579 584 698 655 ejus
738 599 900 655 quam
947 586 1213 655 sanguine
1254 593 1311 640 et
1344 584 1472 639 limo
1518 581 1756 638 ﬂammae
1800 583 2038 641 traditis.

441 680 672 754 Lignum
703 695 919 753 quoque
940 680 1244 745 cedrinum,
1275 687 1331 735 et
1359 677 1682 751 hyssopum,
1707 693 2041 750 coccumque

440 775 529 833 bis
561 775 789 831 tinctum
821 773 1082 831 sacerdos
1125 773 1307 829 mittet
1335 773 1389 828 in
1429 771 1727 841 ﬂammam,
1758 787 1881 844 quae
1909 786 2039 829 vac-

438 882 563 926 cam
586 876 759 925 vorat.
791 866 858 923 Et
880 875 1011 922 tunc
1038 865 1165 922 dem
1176 881 1288 933 um,
1317 864 1443 921 lotis
1458 864 1703 922 vestibus
1724 873 1781 921 et
1809 879 2042 938 corpore

443 977 568 1031 suo,
623 960 959 1035 ingredietur
1003 961 1060 1017 in
1112 968 1315 1029 castra,
1354 960 1895 1031 commaculatusque
1937 960 2042 1016 erit

437 1074 614 1132 usque
642 1058 711 1115 ad
734 1072 1044 1128 veSperum.
1061 1056 1171 1114 Sed
1201 1066 1259 1114 et
1279 1056 1373 1114 ille
1395 1055 1489 1128 qui
1510 1054 1871 1113 combusserit
1892 1041 2039 1122 eam,

439 1150 646 1207 levabit
669 1150 991 1206 vestimenta
1015 1164 1113 1206 sua
1153 1158 1208 1206 et
1252 1163 1475 1220 corpus,
1505 1158 1563 1205 et
1592 1146 1906 1205 immundus
1934 1147 2041 1204 erit

440 1257 615 1313 usque
652 1243 723 1298 ad
752 1257 1066 1314 vesperum.
1108 1241 1348 1316 Colliget
1381 1250 1564 1298 autem
1591 1241 1677 1297 vir
1704 1239 1940 1298 mundus
1964 1240 2045 1296 ci-

440 1349 603 1392 neres
614 1350 811 1402 vaccac,
828 1344 882 1392 et
894 1335 1136 1393 eﬂ‘undet
1150 1351 1245 1392 eos
1262 1336 1340 1408 [h.
1364 1345 1418 1392 et
1439 1341 1604 1406 ponet
1616 1334 1733 1407 eos]
1756 1343 1910 1391 extra
1924 1347 2046 1390 cas—

442 1440 524 1486 tra
555 1431 609 1485 in
643 1430 765 1487 loco
795 1430 1108 1503 purissimo,
1162 1440 1222 1487 ut
1270 1431 1380 1486 sint
1421 1429 1754 1486 multitudini
1805 1429 2041 1486 filiorum

441 1523 616 1581 Israel
658 1524 713 1580 in
759 1524 1087 1592 custodiam,
1119 1525 1255 1581 etin
1282 1539 1478 1595 aquam
1504 1522 1838 1595 aspersionis
1870 1539 1884 1578 :
1917 1522 2043 1593 quia

442 1632 545 1690 pro
577 1626 800 1690 peccato
832 1617 912 1692 [h.
937 1618 1079 1690 ;quia
1107 1632 1209 1690 pro
1254 1626 1475 1689 peccato
1501 1615 1645 1689 sunt]
1678 1631 1840 1675 vacca
1891 1631 2043 1673 com-

443 1714 609 1770 busta
652 1723 761 1771 est.
816 1714 1061 1784 Cumque
1117 1713 1363 1782 laverit,
1416 1714 1509 1785 qui
1567 1726 1743 1769 vaccae
1789 1720 2041 1783 portave-

2147 495 2281 551 timo
2317 494 2427 551 die.
2469 494 2843 569 Expiatusque
2894 496 2984 553 die
3038 500 3304 571 septimo,
3343 501 3545 559 lavabit
3592 510 3651 559 et
3686 518 3752 561 se

2145 594 2203 643 et
2250 586 2576 644 vestimenta
2626 603 2758 657 sua,
2813 599 2873 646 et
2923 590 3241 648 immundus
3293 593 3402 651 erit
3454 609 3626 668 usque
3678 594 3752 652 ad

2144 694 2450 751 vesperam.
2514 681 2572 738 Si
2631 683 2757 754 quis
2808 680 2915 740 hoc
2976 685 3088 741 ritu
3159 700 3267 742 non
3330 686 3493 743 fuerit
3554 689 3751 760 expia-

2133 782 2272 858 .tus,
2325 774 2531 845 peribit
2582 774 2770 830 anima
2831 776 2979 834 illius
3032 777 3101 833 de
3162 778 3344 835 medio
3407 768 3668 837 Ecclesia:
3734 798 3753 839 :

2145 868 2269 939 quia
2309 869 2676 925 sanctuarinm
2725 870 2941 927 Domini
2987 871 3209 944 polluit,
3254 883 3310 929 et
3337 889 3445 931 non
3488 884 3572 933 est
3612 889 3756 946 aqua

2146 962 2487 1019 lustrationis
2516 979 2794 1035 aspersus.
2820 966 2937 1022 Erit
2965 965 3045 1040 [h.
3093 966 3213 1024 Non
3246 977 3330 1024 est
3379 983 3517 1041 aqua
3557 970 3758 1028 lustra-
3838 1010 3841 1015 ς

2145 1055 2311 1111 tionis
2348 1070 2624 1129 aspersus,
2675 1058 2991 1114 immundus
3024 1059 3151 1133 erit]
3182 1059 3289 1116 hoc
3316 1070 3643 1134 prtrceptum
3670 1063 3751 1120 le-

2145 1149 2395 1222 gitimum
2444 1150 2860 1221 sempiternum.
2912 1150 3037 1223 lpse
3089 1168 3307 1224 quoque
3367 1154 3459 1226 qui
3516 1157 3757 1227 aspergit

2146 1258 2336 1317 aquas,
2389 1244 2590 1302 lavabit
2632 1246 2951 1303 vestimenta
2999 1262 3116 1303 sua.
3165 1247 3353 1305 Omnis
3395 1248 3488 1321 qui
3513 1251 3757 1322 tetigerit

2146 1351 2315 1408 aquas
2326 1337 2673 1408 expiationis,
2700 1336 3013 1395 immundus
3039 1340 3145 1395 erit
3170 1354 3339 1412 usque
3359 1341 3428 1398 ad
3444 1357 3753 1412 veSperum.

2147 1430 2421 1502 Quidquid
2468 1433 2706 1504 tetigerit
2753 1433 3085 1504 immundus,
3147 1433 3486 1505 immundum
3536 1434 3700 1495 faciet
3738 1455 3754 1492 :

2147 1531 2205 1582 et
2241 1525 2421 1581 anima
2473 1541 2596 1597 qua:
2626 1525 2820 1583 horum
2848 1526 3131 1599 quidpiam
3182 1528 3445 1602 tetigerit,
3477 1530 3756 1588 immunda

2147 1618 2255 1675 erit
2281 1634 2455 1690 usque
2488 1619 2558 1675 ad
2588 1634 2899 1691 vesperam.
3109 1692 3112 1695 λ

2223 1713 2310 1786 [Β.
2354 1711 2592 1781 XLVII],
2620 1712 2683 1770 C.
2726 1713 2840 1783 LV,
2887 1714 3017 1785 Cap.
3060 1713 3208 1787 XX.]
3240 1716 3629 1790 Veneruntque
3657 1718 3758 1774 filii

443 1808 519 1865 rit
563 1808 772 1865 cineres
796 1853 811 1880 ,
862 1808 1188 1865 vestimenta
1224 1822 1320 1863 sua
1347 1852 1362 1877 ,
1395 1806 1707 1862 immundus
1737 1806 1842 1862 erit
1871 1818 2041 1877 usque
2072 1809 2122 1871 B
2148 1807 2340 1874 Israel,
2373 1816 2430 1864 et
2469 1809 2647 1864 omnis
2674 1808 2969 1865 multitudo
3018 1811 3071 1865 in
3112 1810 3391 1868 desertum
3421 1811 3539 1882 Sin,
3568 1829 3757 1871 mense

444 1901 515 1958 ad
544 1918 853 1975 vesperum.
890 1901 1192 1958 Habebunt
1236 1901 1342 1958 hoc
1371 1899 1470 1956 ﬁlii
1497 1899 1666 1957 Israel
1701 1908 1758 1956 et
1785 1898 2040 1966 advenae,

444 1997 539 2067 qui
562 1995 809 2051 habitant
832 1995 974 2051 inter
991 2009 1114 2062 eos,
1135 2003 1161 2032 ⁸
1181 2002 1425 2050 sanctum
1438 1992 1564 2065 jure
1587 1999 1848 2064 perpetuo
1862 1991 1939 2064 [h.
1965 1990 2043 2047 le-

445 2089 694 2161 gitimum
723 2087 1164 2161 sempiternum].
1198 2087 1303 2158 Qui
1336 2086 1577 2159 tetigerit
1604 2085 1837 2142 cadaver
1865 2084 2043 2140 homi-

447 2185 554 2253 nis,
586 2192 640 2240 et
667 2192 893 2256 propter
917 2184 1022 2239 hoc
1041 2192 1249 2253 septem
1271 2181 1466 2237 diebus
1495 2180 1663 2238 fuerit
1682 2178 1997 2236 immundus
2028 2196 2041 2233 :

445 2286 774 2349 aspergetur
794 2292 863 2334 ex
903 2275 1008 2333 hac
1035 2290 1174 2347 aqua
1202 2274 1292 2332 die
1322 2274 1483 2331 tertio
1509 2281 1567 2331 et
1592 2274 1850 2345 septimo,
1882 2281 1938 2329 et
1967 2273 2046 2329 sic

445 2370 825 2429 mundahitur.
868 2369 927 2428 Si
956 2369 1046 2426 die
1077 2368 1239 2426 tertio
1267 2381 1527 2440 aspersus
1549 2382 1659 2424 non
1696 2366 1879 2434 fuerit,
1913 2380 2043 2437 sep-

445 2465 585 2521 timo
613 2479 721 2522 non
754 2463 959 2536 poterit
987 2462 1296 2520 emundari.
1327 2461 1518 2517 Omnis
1549 2460 1642 2532 qui
1671 2460 1909 2532 tetigerit
1940 2459 2044 2516 bu-

447 2570 626 2612 mante
652 2554 850 2612 anima:
876 2554 1249 2621 morticinum,
1269 2563 1326 2610 et
1359 2566 1622 2624 aSpersus
1652 2551 1755 2608 hac
1778 2553 2046 2609 commix-

444 2652 596 2709 tione
642 2667 753 2707 non
788 2650 989 2717 fuerit,
1018 2649 1230 2721 polluet
1269 2646 1683 2705 tabernaculum
1715 2646 1964 2714 Domini,
1993 2655 2049 2702 et

446 2744 651 2817 peribit
691 2760 764 2802 ex
813 2744 983 2801 Israel
1026 2760 1041 2798 :
1080 2743 1208 2815 quia
1254 2757 1394 2815 aqua
1432 2740 1766 2815 expiationis
1809 2757 1917 2797 non
1968 2748 2050 2797 est

449 2851 732 2909 aspersus,
763 2835 1076 2893 immundus
1107 2837 1247 2903 erit,
1278 2843 1336 2890 et
1363 2834 1607 2892 manebit
1635 2833 1899 2904 spurcitia
1927 2833 2050 2905 ejus

447 2945 616 3003 super
648 2946 795 2987 eum.
825 2932 937 2989 Ista
968 2938 1055 2988 est
1080 2930 1166 2986 lex
1200 2929 1440 2986 hominis
1480 2929 1572 3001 qui
1617 2930 1851 2985 moritur
1881 2929 1934 2985 in
1967 2936 2049 2984 ta-

449 3023 783 3083 bernaculo:
806 3024 1008 3083 Omnes
1030 3026 1122 3097 qui
1154 3023 1534 3096 ingrediuntur
1560 3023 1851 3079 tentorium
1875 3022 2045 3094 illius,

447 3124 510 3174 et
549 3118 801 3174 universa
826 3132 957 3175 vasa
988 3133 1110 3189 quae
1135 3117 1211 3174 ibi
1238 3124 1385 3184 sunt,
1415 3116 1621 3189 polluta
1651 3126 1810 3172 erunt
1835 3124 2046 3186 septem

2148 1900 2349 1971 primo,
2394 1908 2450 1956 ct
2488 1899 2691 1956 mansit
2721 1900 2950 1972 pepulus
2980 1902 3034 1958 in
3078 1901 3273 1960 Cades.
3302 1903 3617 1977 Mortuaque
3671 1913 3759 1962 est

2148 1992 2223 2050 ibi
2254 1994 2441 2063 Maria,
2495 2002 2552 2051 et
2592 1995 2805 2066 sepulta
2847 1995 2902 2051 iu
2932 1995 3124 2053 eodem
3156 1998 3299 2054 loco.
3326 1998 3575 2070 Cumque
3604 2000 3751 2056 indi-

2147 2096 2303 2158 geret
2354 2101 2496 2159 aqua
2546 2088 2800 2158 pepulus,
2849 2088 3099 2145 coierunt
3149 2088 3413 2148 adversus
3466 2092 3653 2148 Mosen
3700 2102 3758 2149 et

2148 2178 2373 2237 Aaron:
2417 2187 2473 2235 et
2518 2179 2660 2236 versi
2703 2180 2757 2236 in
2800 2179 3153 2249 seditionem,
3195 2182 3453 2239 dixerunt
3486 2202 3499 2238 :
3532 2184 3755 2241 Utinam

2148 2273 2508 2346 periissemus
2554 2275 2697 2329 inter
2749 2272 2948 2331 fratres
3003 2283 3224 2333 nostros
3259 2291 3443 2333 coram
3500 2278 3753 2337 Domino.

2148 2365 2259 2424 Cur
2287 2366 2555 2424 eduxistis
2585 2367 2887 2424 Ecclesiam
2925 2368 3141 2426 Domini
3172 2370 3227 2426 in
3281 2371 3650 2439 solitudinem,
3697 2384 3759 2430 ut

2150 2470 2205 2518 et
2223 2475 2325 2518 nos
2347 2470 2402 2519 et
2419 2469 2606 2517 nostra
2621 2460 2865 2532 jumenta
2883 2463 3184 2520 moriantur
3201 2463 3389 2537 [Vulg.
3408 2464 3757 2539 moriamur]?

2150 2554 2332 2624 Quare
2387 2568 2488 2611 nos
2546 2555 2751 2611 fecistis
2791 2556 3089 2614 ascendere
3138 2557 3206 2615 de
3254 2556 3513 2632 Egypto,
3560 2569 3618 2616 et
3654 2559 3758 2615 ad-

2151 2647 2385 2705 duxistis
2411 2650 2462 2704 iu
2486 2649 2666 2705 locum
2691 2649 2856 2706 istum
2886 2653 3204 2720 pessimum,
3236 2652 3330 2723 qui
3361 2651 3471 2708 seri
3509 2667 3615 2710 non
3656 2667 3756 2725 po.

2153 2749 2281 2810 test,
2327 2741 2420 2812 qui
2475 2756 2577 2798 nec
2619 2740 2783 2799 ficum
2826 2743 3019 2815 gignit,
3070 2758 3175 2800 nec
3216 2745 3438 2813 vineas,
3481 2759 3582 2802 nec
3611 2747 3755 2803 mala

2151 2842 2396 2905 grauata,
2441 2834 2664 2906 insuper
2692 2844 2749 2892 et
2771 2851 2964 2908 aquam
2994 2851 3104 2892 non
3128 2836 3295 2895 habet
3318 2837 3387 2894 ad
3414 2838 3750 2897 bibendum?

2154 2927 2543 3000 Ingressusque
2590 2928 2767 2987 Moses
2808 2940 2863 2987 et
2890 2930 3358 3000 Aaron,.dimissa
3380 2934 3749 3002 multitudine,

2153 3020 2565 3078 tabernaculum
2596 3021 2841 3092 hederis,
2861 3035 3190 3081 corruerunt
3212 3026 3369 3097 proni
3394 3027 3450 3083 in
3479 3017 3676 3084 terram
3698 3027 3752 3084 ι).

2156 3113 2241 3186 [0.
2262 3114 2425 3189 LVI.]
2474 3114 2542 3170 Et
2579 3117 2829 3186 apparuit
2855 3116 3029 3189 gloria
3055 3117 3270 3174 Domini
3302 3116 3382 3191 [h.
3407 3120 3475 3176 Et
3501 3121 3757 3192 apparuit

446 3207 666 3266 diebus.
696 3209 825 3277 Vas,
855 3210 999 3282 quod
1027 3225 1136 3265 non
1172 3207 1432 3266 habuerit
1469 3207 1816 3278 operculum,
1849 3223 1949 3262 nec
1977 3206 2043 3262 li-
2072 3219 2119 3284 ρ
2151 3206 2257 3263 illis
2284 3206 2457 3277 gloria
2488 3207 2729 3281 Domini]
2774 3223 2938 3281 super
2961 3225 3077 3267 eos.
3128 3211 3472 3284 Locutusque
3519 3222 3606 3269 est
3643 3214 3760 3269 Do-

449 3312 697 3373 gaturam
740 3302 1009 3373 desuper,
1043 3302 1388 3358 immundum
1432 3301 1561 3357 erit.
1592 3300 1652 3356 Si
1680 3299 1803 3371 quis
1840 3301 1894 3355 in
1919 3313 2053 3372 agro
2154 3299 2334 3355 minus
2364 3298 2434 3355 ad
2477 3300 2689 3367 Mosen,
2717 3301 2905 3358 dicens
2934 3301 3125 3359 :Tolle
3151 3302 3380 3375 virgam,
3403 3313 3460 3360 et
3483 3318 3756 3376 congrega

447 3395 695 3468 tetigerit
719 3396 957 3453 cadaver
995 3396 1165 3453 occisi
1194 3395 1455 3465 hominis,
1482 3402 1581 3466 aut
1606 3408 1706 3466 per
1734 3410 1795 3451 se
1824 3394 2048 3464 mortui,
2154 3394 2435 3465 populum,
2479 3402 2536 3449 tu
2564 3403 2622 3450 et
2664 3395 2846 3451 Aaron
2896 3394 3069 3452 frater
3099 3403 3244 3465 tuus,
3277 3404 3332 3453 et
3369 3396 3652 3469 loquimini
3683 3397 3755 3454 ad

445 3490 565 3547 sive
584 3505 649 3547 os
674 3490 842 3558 illius,
871 3491 958 3547 vel
985 3491 1324 3564 sepulcrum,
1356 3489 1671 3546 immundus
1700 3490 1806 3547 erit
1832 3496 2048 3560 septem
2153 3496 2363 3559 petram
2412 3501 2598 3544 coram
2655 3488 2759 3557 eis,
2808 3496 2866 3544 et
2920 3488 3011 3544 illa
3064 3488 3218 3545 dabit
3263 3505 3453 3561 aquas.
3513 3490 3758 3562 Cumque

448 3581 660 3640 diebus.
707 3582 794 3656 [(1.
828 3582 988 3656 LIV.]
1032 3582 1361 3654 Tolleutque
1390 3582 1461 3639 de
1494 3582 1770 3638 cineribus
1798 3582 2054 3638 combus—
2154 3580 2411 3639 eduxeris
2442 3596 2638 3654 aquam
2678 3581 2746 3638 de
2794 3590 2969 3653 petra,
3000 3582 3151 3640 bibet
3176 3584 3353 3640 omnis
3388 3583 3679 3641 multitudo
3699 3592 3759 3641 et

449 3675 619 3732 tionis
656 3685 825 3747 atque
875 3674 1083 3745 peccati
1125 3674 1205 3749 [h.
1254 3674 1651 3732 combustionis
1695 3675 1949 3747 peccati],
1992 3686 2049 3732 et

447 3768 670 3825 mittent
695 3782 865 3840 aquas
884 3769 1037 3829 vivas
1066 3784 1232 3840 super
1259 3783 1354 3825 eos
1380 3769 1434 3824 in
1463 3783 1580 3825 vas.
1612 3766 1672 3823 lu
1696 3768 1898 3839 quibus
1922 3784 2046 3825 cum

448 3859 616 3917 homo
666 3861 902 3918 mundus
950 3861 1173 3918 tinxerit
1218 3862 1545 3935 hyssopum,
1585 3871 1839 3932 asperget
1872 3877 1937 3918 ex
1980 3877 2046 3919 eo

449 3970 613 4013 omne
643 3956 964 4027 tentorium,
1010 3965 1068 4015 et
1089 3964 1343 4014 cunctam
1393 3955 1795 4029 supellectilem
1816 4000 1831 4025 ,
1864 3965 1921 4012 et
1948 3955 2048 4012 ho-

447 4050 628 4108 mines
657 4049 1036 4123 hujuscemodi
1077 4050 1404 4124 contagione
1432 4048 1669 4122 pollutos
1704 4066 1718 4104 :
1749 4058 1911 4122 atque
1938 4048 2042 4107 hoc

520 4266 549 4296 ι
576 4257 635 4312 In
668 4256 901 4315 Hebraeo
918 4263 1005 4313 est
1021 4240 1160 4323 ώΊῖ
1185 4240 1362 4347 nprb,
1388 4253 1695 4347 lehhuccatlt
1717 4254 1893 4347 olant,
1904 4252 2050 4347 quod

446 4348 588 4406 infra
621 4364 679 4403 v.
716 4348 811 4412 Ἡ,
854 4348 924 4404 ab
960 4348 1082 4419 ipso
1120 4343 1455 4419 Hieronymo
1494 4344 1843 4419 transfertur,
1874 4343 2051 4419 legiti-

447 4436 593 4476 mum
618 4417 1011 4491 sempiternum,
1034 4419 1188 4489 juxta
1219 4417 1542 4491 praesentem
1570 4417 1710 4491 hanc
1735 4417 2047 4491 annqtatio-

446 4507 574 4548 nem
604 4484 954 4561 marginalem
974 4484 1232 4561 gamma;
1252 4489 1532 4546 Hebraicat
1552 4487 1820 4543 veritatis.
1847 4484 2049 4561 Confer

446 4563 611 4618 etiam
652 4559 917 4627 scholion,
962 4559 1032 4615 Et
1070 4561 1413 4631 reputabitur,
1456 4570 1589 4628 etc.,
1618 4572 1742 4615 cum
1769 4573 1928 4614 versu
1953 4560 2044 4628 50,

446 4632 762 4690 immediate
788 4633 1061 4702 sequenti.
1093 4632 1273 4688 MART.

2150 3672 2401 3745 jumenta
2453 3674 2594 3745 ejus.
2627 3673 2774 3730 Tulit
2814 3675 2977 3747 igitur
3016 3676 3195 3732 Moses
3223 3676 3451 3748 virgam,
3484 3692 3608 3748 qua:
3634 3686 3757 3733 erat

2154 3766 2211 3823 in
2260 3774 2554 3838 conspectu
2606 3765 2841 3836 Domini,
2892 3768 3035 3824 sicut
3066 3778 3398 3840 praeceperat
3422 3768 3497 3832 ei.
3520 3783 3755 3835 congre-

2154 3869 2278 3934 gata
2306 3861 2660 3918 multitudine
2681 3869 2808 3918 ante
2846 3871 3078 3932 petram,
3108 3861 3354 3934 dixitque
3383 3863 3463 3918 eis
3493 3862 3755 3929 :Audite,

2154 3956 2388 4014 rebelles
2453 3965 2509 4013 et
2557 3955 2822 4013 increduli
2872 3955 2962 4030 [h.
3012 3971 3121 4013 non
3179 3956 3377 4025 habet,
3435 3955 3751 4029 increduli].

2159 4061 2182 4091 ο
2206 4050 2344 4107 Num
2373 4048 2442 4108 de
2464 4058 2618 4123 petra
2674 4048 2776 4106 bac
2818 4049 2973 4107 vobis
2991 4064 3186 4122 aquam
3214 4049 3511 4122 poterimus
3538 4047 3618 4121 [h.
3653 4064 3757 4121 po-

2156 4251 2298 4327 apud
2340 4251 2476 4327 alios
2512 4253 2864 4327 interpretes,
2904 4253 3414 4327 Chaldmumﬂputa,
3443 4255 3667 4327 Syrum,
3700 4266 3758 4313 ct

2153 4323 2414 4380 Arabem.
2446 4323 2690 4395 Denique
2712 4336 3004 4395 supersunt
3029 4327 3209 4382 adhuc
3234 4323 3415 4383 Latini
3448 4323 3755 4384 B’ibliorunt

2153 4394 2702 4469 sacrorumucodices
2732 4394 2954 4469 optimae
2993 4408 3175 4463 notat,
3225 4399 3277 4452 in
3316 4400 3511 4469 quibus
3549 4399 3757 4457 absunt

2151 4481 2274 4539 qua;
2301 4466 2355 4539 in
2380 4467 2541 4523 editis
2566 4467 2845 4523 abundare
2869 4470 3147 4539 videntur.
3172 4466 3346 4539 Hujus
3371 4470 3451 4526 rei
3483 4469 3640 4525 fidem
3669 4471 3754 4526 fa-

2150 4539 2226 4593 cit
2249 4538 2553 4613 Bibliorum
2584 4540 2860 4613 exemplar
2888 4538 3223 4613 Corbeiense
3250 4538 3381 4597 ante
3409 4543 3756 4613 octingentos

2152 4623 2325 4665 annos
2367 4609 2724 4683 descriptum,
2748 4609 2805 4665 in
2838 4627 2947 4683 quo
2989 4611 3125 4667 nihil
3155 4612 3402 4669 invenias
3437 4609 3637 4683 praeter
3663 4630 3752 4681 ea,

520 4680 1334 4762 S'EE'tii'aE'r'BEEI'iéré'iiiit'ties
1353 4703 1478 4759 libri
1501 4702 1646 4758 hunc
1669 4702 1844 4759 locum
1876 4702 1945 4757 ita
1969 4700 2048 4759 le—
2072 4680 2127 4743 Ῑ)
2151 4694 2273 4762 qum
2296 4680 2643 4762 “hilebralcf?
2667 4691 2816 4762 ‘9‘”
2837 4680 3127 4762 ιδευηίιένὲ
3151 4686 3251 4739 “Si
3275 4680 3544 4754 Poswi'ms
3568 4680 3756 4762 99'0";

444 4786 601 4848 gunt,
646 4786 944 4832 corruerunt
986 4777 1138 4848 proni
1178 4776 1233 4830 iu
1260 4783 1473 4848 terram,
1502 4774 1946 4848 cjamaveruutque
1976 4776 2045 4828 ad

445 4844 753 4918 Dominum,
782 4857 933 4918 atque
960 4844 1474 4918 dixerunt:Domine
1505 4844 1665 4915 Deus,
1696 4846 1821 4900 audi
1850 4844 2045 4918 clamo-

444 4933 558 4972 rem
586 4916 742 4991 hujus
770 4916 973 4991 populi,
991 4927 1040 4972 et
1067 4920 1209 4991 aperi
1236 4919 1309 4973 eis
1340 4917 1639 4991 thesaurum
1668 4927 1832 4982 tuum,
1849 4917 2043 4991 [partem

443 5005 595 5059 aqua:
620 4987 1052 5059 uivw.'uiisatiati
1076 4987 1232 5045 cesset
1255 4990 1596 5045 murmuratio
1624 5004 1823 5044 eorum.
1854 4987 1919 5041 Et
1945 5005 2043 5059 ap-

443 5062 619 5131 paruit
646 5060 812 5133 gloria
836 5058 1047 5133 Doun‘ni
1073 5077 1227 5127 super
1255 5078 1363 5116 eos.
1389 5060 1517 5133 Haec
1545 5071 1725 5133 autem
1755 5059 1920 5114 verba
1950 5058 2045 5113 ex-

441 5130 860 5213 pungit-tamn
911 5132 1235 5213 lleh._ver_it.
1267 5148 1295 5187 a
1339 5130 2037 5213 verbo,-clantaveruutqiue,

442 5200 710 5258 inclusive
751 5217 924 5273 usque
954 5203 1020 5258 ad
1053 5202 1209 5269 illud,
1241 5203 1585 5258 murmuratio
1611 5218 1809 5256 eorum.
1843 5200 2039 5273 Addita

441 5276 591 5330 credi
622 5272 848 5344 possunt
886 5273 954 5330 ab
992 5274 1176 5345 aliquo
1201 5276 1499 5345 interprete
1527 5274 1866 5345 Latinorum,
1897 5272 2040 5342 apud

441 5359 613 5413 quos,
642 5355 703 5400 ut
731 5352 999 5401 testantur
1030 5344 1409 5417 llieronymus
1454 5355 1509 5401 et
1555 5344 1910 5417 Augustinus,
1958 5352 2041 5417 tot

440 5428 598 5471 erant
640 5419 971 5488 exemplaria
1011 5414 1268 5480 diversa,
1309 5425 1442 5486 quot
1483 5414 1720 5488 codices.
1768 5414 1920 5488 Sunt
1947 5415 2036 5483 qui

437 5496 632 5557 putant
672 5486 774 5543 hoc
799 5486 1223 5558 additamentum
1254 5496 1527 5558 sumptum
1555 5486 1724 5543 fuisse
1750 5501 1819 5542 ex
1850 5486 2033 5555 aliqua

436 5561 755 5628 paraphrasi
787 5557 1528 5630 Chaldaicatquarutn’olim
1570 5559 1740 5630 major
1769 5572 2031 5614 numerus

434 5641 573 5697 erat,
601 5645 759 5701 quam
788 5631 859 5686 sit
885 5629 1065 5685 hodie.
1096 5629 1367 5701 Quidquid
1410 5645 1537 5686 vero
1562 5630 1792 5695 dicatur,
1821 5640 2027 5701 certum

434 5709 519 5754 est
540 5699 701 5756 verba
725 5700 841 5757 haec
861 5701 1299 5772 superabundare
1320 5700 1375 5755 in
1398 5702 1804 5772 exemplaribus
1828 5699 2029 5772 Biblio~

431 5784 574 5835 rum,
605 5772 728 5843 quia
761 5789 867 5828 non
894 5770 1108 5829 esstant
1139 5771 1191 5827 in
1224 5781 1369 5843 textu
1397 5770 1645 5843 Hebraeo,
1677 5772 1759 5827 vel
1792 5771 2028 5827 Samari-

433 5848 562 5897 tauo
602 5842 635 5896 :’
660 5858 768 5901 non
815 5845 869 5901 in
910 5843 1265 5903 translatione
1301 5842 1446 5901 LXX
1485 5842 1811 5912 Seniorum,
1851 5857 2027 5915 neque

2154 4752 2545 4826 datorvitiosus
2567 4754 2780 4825 aliquis,
2807 4752 2980 4808 totum
2999 4752 3432 4810 additamentum
3459 4757 3752 4826 suppleve-

2153 4822 2226 4896 rit
2250 4824 2315 4878 ad
2335 4839 2484 4879 oram
2513 4822 3212 4896 marginalemvoluminis,
3239 4841 3362 4881 cum
3389 4822 3543 4896 signo
3566 4822 3754 4895 posito

2154 4894 2209 4950 in
2239 4904 2414 4965 textu,
2442 4896 2595 4966 quasi
2624 4895 2740 4950 haec
2774 4895 2938 4951 verba
2970 4896 3043 4952 ibi
3068 4894 3534 4954 desiderarentur.
3566 4894 3750 4956 Man'r.

2216 4967 2504 5040 e—lnsiguc
2522 4966 2652 5021 illud
2670 4966 3116 5040 additamentum,
3141 4969 3282 5039 quod
3303 4968 3639 5040 subjungunt
3660 4971 3753 5027 hic

2152 5036 2257 5108 loci
2292 5037 2464 5091 Latini
2493 5052 2682 5093 omnes
2710 5037 2911 5108 vulgati
2942 5036 3239 5094 Bibliorum
3267 5036 3601 5107 codicesfin
3639 5057 3751 5098 uno

2152 5106 2411 5183 Drbinate
2433 5122 2533 5162 ms.
2564 5106 2873 5183 invenimus
2898 5125 2913 5162 :
2940 5110 3168 5183 scilicet,
3201 5106 3652 5183 quinaverumque
3680 5115 3752 5168 ad

2151 5175 2457 5248 Dominum,
2484 5189 2632 5248 atque
2665 5182 2942 5236 dixerunt:
2960 5175 3179 5236 Domine
3199 5179 3363 5247 Deus,
3398 5184 3525 5238 audi
3556 5175 3752 5239 clamo-

2149 5266 2255 5305 rem
2277 5246 2436 5325 hujus
2459 5246 2657 5323 populi,
2685 5261 2733 5307 et
2763 5253 2910 5325 aperi
2937 5253 3007 5307 eis
3031 5250 3335 5307 thesaurum
3352 5246 3524 5322 tuum,
3551 5256 3749 5324 [autem

2148 5336 2300 5394 aqua:
2325 5321 2470 5387 vita},
2511 5321 2565 5375 ut
2596 5321 2807 5394 satiati,
2830 5333 2989 5378 cesset
3016 5326 3359 5378 murmuratio
3386 5321 3584 5379 eorum.
3616 5328 3750 5394 Quae

2147 5393 2371 5468 minime
2419 5394 2568 5468 novit
2606 5393 2835 5450 Palatia.
2874 5409 2977 5449 ms.
3009 5404 3064 5450 et
3094 5395 3153 5468 in
3179 5394 3503 5452 Memmiana
3529 5413 3749 5468 quoque

2154 5464 2755 5540 exemplariudicuntur
2787 5465 3308 5540 expuncta._Notum
3330 5482 3462 5540 vero
3489 5464 3671 5540 ireque
3691 5469 3749 5525 in

2148 5534 2396 5611 ll_ebr:no,
2430 5534 3222 5611 Chaldaeo,autSeptuaginta,
3248 5538 3366 5595 sive
3395 5538 3451 5594 in
3473 5534 3750 5611 expressis

2133 5604 2201 5660 ad
2232 5621 2329 5663 eos
2353 5615 2534 5663 textus
2563 5604 2935 5664 Versionibus'
2964 5604 3180 5665 haberi.

2208 5709 2231 5737 ο
2274 5699 2356 5755 Ad
2394 5701 2570 5755 solum
2614 5700 2799 5757 Mosen
2841 5701 3156 5770 loquentem
3187 5701 3290 5758 hoc
3319 5702 3546 5758 verbum
3572 5701 3748 5760 refert

2133 5769 2467 5846 Scholiastes
2507 5785 2732 5846 noSter;
2774 5773 2868 5846 sed
2911 5769 2964 5846 in
3007 5773 3248 5846 Hebraeo
3280 5789 3384 5830 vox
3409 5785 3494 5832 est
3519 5774 3746 5846 pluralis

2132 5843 2365 5914 numeri,
2396 5843 2682 5916 ejiciemus,
2716 5842 2827 5915 vel,
2868 5844 3170 5904 educentur.
3200 5843 3380 5903 Man‘r.
