4098 6366
275 349 365 406 377
1626 340 1828 399 LIBER
1867 340 2148 401 NUMERI.
3423 350 3529 405 578

274 462 389 536 tero]
438 460 669 531 ejicere?
729 455 975 530 Cumque
1030 458 1298 516 elevasset
1341 458 1520 516 Moses
1582 475 1820 528 manum,
1853 468 1908 528 Α
1930 460 2011 517 eis
2043 461 2367 518 Eleazarum
2390 460 2561 518 ﬁlium
2582 461 2719 533 ejus.
2751 460 2849 519 Illo
2871 469 3085 519 mortuo
3115 462 3169 518 in
3204 463 3405 520 montis
3432 478 3525 521 su.

270 557 544 631 percutiens
570 554 723 625 virga
760 552 845 609 bis
871 552 1105 621 silicem,
1130 568 1363 624 egressa:
1394 562 1689 625 suntaquze
1717 554 1829 609 lar-
1936 554 2161 626 percilio
2185 597 2199 622 ,
2256 554 2542 611 descendit
2588 570 2711 611 cum
2760 554 3046 611 Eleazaro.
3100 554 3290 612 Omnis
3346 566 3526 613 autem

268 650 492 723 gissimre,
519 649 587 702 ita
628 657 689 704 ut
720 646 947 718 populus
976 645 1187 703 biberet
1217 647 1554 719 etjumenta.
1580 648 1830 719 Dixitque
1934 648 2222 704 multitudo
2264 648 2453 705 videns
2494 649 2818 705 occubuisse
2848 650 3056 715 Aaron,
3088 648 3235 706 ﬂevit
3274 664 3437 721 super
3461 666 3527 709 eo

268 746 496 802 Dominus
532 740 599 796 ad
631 740 817 796 Mosen
846 751 901 796 et
932 742 1114 796 Aaron
1142 749 1161 794 ὲ
1195 740 1331 808 Quia
1375 755 1481 795 non
1519 740 1831 797 credidistis
1935 740 2150 811 triginta
2184 740 2376 797 diebus
2412 758 2507 811 per
2536 749 2762 798 cunctas
2803 742 3035 797 familias
3055 758 3203 799 suas.

266 836 394 901 mihi,
426 843 481 887 ut
508 834 925 890 sanctiﬁcaretis
959 849 1047 890 me
1092 848 1279 889 coram
1311 832 1437 888 ﬁliis
1496 833 1683 900 Israel,
1720 848 1830 891 non
2007 833 2092 905 [Β.
2148 834 2231 898 LI,
2272 834 2332 890 C.
2386 834 2523 903 LIX,
2555 835 2684 908 Cap.
2727 835 2898 908 XXI.j
2943 835 3098 905 Quod
3139 852 3261 893 cum
3288 840 3530 897 audisset

268 928 592 987 introducetis
628 929 727 985 bos
758 930 986 1000 populos
1037 930 1090 985 in
1127 939 1325 985 terram
1366 944 1524 1001 quam
1556 928 1697 985 dabo
1727 929 1825 985 eis.
1935 928 2272 985 Chananteus
2318 944 2417 985 rex
2460 929 2625 998 Arad,
2673 929 2765 1001 qui
2806 930 3083 985 habitabat
3122 930 3189 987 ad
3222 932 3525 1000 meridiem,

265 1025 370 1080 llaec
397 1032 473 1079 est
498 1038 636 1094 aqua
668 1023 1139 1091 contradicﬁonis,
1194 1024 1283 1079 ubi
1322 1024 1522 1095 jurgati
1566 1033 1693 1079 sunt
1732 1023 1831 1079 ﬁlii
1934 1024 2149 1079 venisse
2188 1023 2395 1079 scilicet
2440 1022 2605 1080 Israel
2645 1039 2743 1095 per
2773 1024 3183 1093 exploratorum
3234 1025 3396 1093 viam,
3432 1043 3529 1099 pu-

264 1118 403 1175 Israel
430 1127 614 1173 contra
649 1119 962 1187 Dominum,
990 1130 1044 1175 et
1091 1118 1463 1175 sanctiﬁcatus
1512 1126 1596 1175 est
1643 1119 1696 1173 in
1726 1118 1826 1174 eis.
1933 1116 2114 1187 guavit
2142 1126 2327 1172 contra
2361 1116 2537 1181 illum,
2575 1125 2632 1172 et
2660 1117 2833 1173 victor
2858 1118 3149 1183 exsislens,
3178 1117 3332 1173 duxit
3354 1134 3419 1175 ex
3460 1136 3527 1177 eo

265 1210 332 1284 [T.
366 1208 496 1275 XIII,
532 1210 595 1266 Β.
626 1209 841 1283 XLIX]
878 1212 1023 1267 Misit
1062 1211 1269 1267 interea
1305 1212 1524 1266 nuntios
1553 1212 1730 1267 Moses
1760 1210 1830 1267 de
1934 1207 2193 1279 praedam.
2222 1208 2292 1265 At
2320 1207 2486 1265 Israel
2516 1218 2643 1265 voto
2670 1224 2731 1265 se
2768 1210 2998 1265 Domino
3026 1209 3273 1281 obligans
3308 1210 3381 1265 ait
3411 1229 3426 1268 :
3468 1212 3527 1269 Si

264 1304 409 1361 Cades
450 1302 518 1359 ad
549 1319 733 1375 regem
773 1304 967 1375 Edom,
1001 1305 1093 1376 qui
1132 1305 1377 1361 dicerent
1413 1322 1426 1360 :
1462 1306 1590 1360 Haec
1612 1304 1831 1360 mandat
1934 1304 2225 1361 tradideris
2252 1308 2511 1377 populum
2562 1308 2725 1363 istum
2756 1310 2809 1362 in
2851 1322 3013 1363 manu
3042 1323 3184 1377 mea,
3219 1306 3415 1364 delebo
3445 1307 3523 1380 [h.

264 1397 326 1469 [h.
365 1395 508 1468 dicit]
541 1397 735 1453 Frater
759 1406 885 1453 tuus
916 1397 1104 1454 Israel.
1135 1399 1288 1454 NoSti
1327 1414 1547 1453 omnem
1581 1399 1826 1454 laborem
1934 1398 2423 1471 anatltematizabo]
2456 1400 2619 1455 urbes
2667 1402 2807 1469 ejus.
2838 1400 3233 1471 Exaudivitque
3266 1400 3527 1456 Dominus

260 1490 332 1562 qui
364 1490 719 1560 apprehendit
747 1490 823 1563 [h.
858 1491 1091 1565 invenit]
1134 1507 1255 1560 nos,
1285 1491 1561 1564 quomodo
1601 1491 1829 1547 descen-
1934 1505 2126 1560 preces
2150 1491 2341 1555 Israel,
2373 1501 2429 1547 et
2460 1492 2679 1547 tradidit
2705 1490 3096 1562 Cltauanteum,
3124 1508 3285 1565 quem
3311 1493 3404 1549 ille
3446 1494 3529 1548 in-

260 1583 409 1640 derint
433 1594 616 1653 patres
646 1585 818 1641 nostri
862 1585 915 1640 in
959 1585 1279 1657 Egyptum,
1310 1595 1365 1642 et
1403 1586 1829 1641 habitaverimus
1940 1582 2177 1651 terfecit,
2204 1586 2484 1641 subversis
2510 1586 2735 1641 urbibus
2794 1587 2935 1657 ejus,
2977 1598 3031 1643 et
3070 1590 3281 1643 vocavit
3334 1603 3531 1645 nomen

264 1677 324 1734 ibi
366 1677 528 1731 multo
583 1687 847 1749 tempore,
892 1679 1302 1751 afﬁixerintque
1347 1694 1446 1735 nos
1481 1678 1743 1749 Egyptii,
1773 1686 1829 1733 et
1934 1676 2038 1732 loci
2069 1676 2212 1732 illius
2260 1679 2482 1747 llorma,
2544 1678 2597 1733 id
2642 1688 2745 1746 est,
2793 1680 3099 1735 anathema.
3137 1678 3372 1735 Profecti
3401 1690 3529 1737 sunt

260 1780 413 1840 patres
439 1779 681 1837 nostros,
712 1779 766 1825 et
794 1771 1068 1842 quomodo
1101 1771 1520 1828 clamaverimus
1549 1771 1617 1826 ad
1644 1770 1827 1826 Domi-
1932 1779 2111 1825 autem
2140 1780 2196 1826 et
2224 1770 2289 1826 de
2319 1780 2500 1826 monte
2530 1771 2640 1826 Hor
2666 1787 2760 1842 per
2785 1773 2950 1840 viam,
2970 1788 3088 1844 qua:
3116 1772 3265 1829 ducit
3286 1773 3354 1828 ad
3377 1788 3527 1830 mare

260 1878 384 1928 num,
435 1873 487 1917 et
532 1863 844 1919 exaudierit
875 1880 999 1932 nos,
1044 1864 1359 1937 miseritque
1404 1866 1685 1935 angelum,
1732 1862 1827 1935 qui
1858 1876 1904 1937 Β
1936 1862 2201 1931 Rubrum,
2253 1872 2312 1920 ut
2365 1864 2715 1921 circumirent
2756 1874 2959 1921 terram
2990 1866 3185 1921 Edom.
3229 1865 3297 1922 Et
3329 1865 3531 1922 taedere

257 1954 472 2011 eduxerit
507 1970 615 2010 nos
674 1955 745 2011 de
800 1954 1056 2027 Egypto.
1094 1958 1159 2012 Et
1210 1972 1340 2014 ecce
1370 1959 1422 2012 in
1466 1957 1599 2013 urbe
1627 1956 1821 2024 Gades,
1934 1959 2383 2029 cmpitpopulum
2419 1958 2631 2014 itineris
2665 1973 2728 2013 ac
2757 1958 2977 2015 laboris.
3031 1958 3115 2031 [Β.
3166 1957 3303 2031 LII.]
3355 1958 3536 2014 Locu-

256 2062 355 2119 qua:
373 2057 450 2103 est
482 2048 536 2103 in
577 2051 837 2105 extremis
866 2051 1065 2106 ﬁnibus
1097 2052 1225 2118 tuis,
1259 2052 1422 2122 positi
1448 2051 1822 2117 obsecramus,
1932 2059 2125 2121 tusque
2150 2060 2339 2106 contra
2372 2051 2541 2106 Deum
2575 2060 2631 2107 et
2657 2050 2865 2120 Mosen,
2889 2052 3004 2107 ait:
3036 2052 3147 2108 Cur
3171 2052 3403 2107 eduxisti
3428 2066 3527 2108 nos

256 2151 300 2196 ut
319 2140 461 2195 nobis
487 2142 729 2197 transire
759 2142 921 2199 liceat
942 2158 1037 2213 per
1063 2152 1261 2200 terram
1292 2154 1457 2199 tuam.
1486 2144 1603 2199 Non
1631 2143 1827 2200 ibimus
1930 2143 1998 2199 de
2016 2142 2278 2214 Egypto,
2307 2152 2720 2199 utmoreremur
2740 2142 2795 2197 in
2821 2142 3145 2199 solitudine?
3172 2142 3336 2199 Deest
3350 2143 3524 2213 panis,

258 2246 335 2302 per
358 2246 528 2302 agros,
561 2248 665 2289 nec
715 2250 813 2305 per
852 2235 1064 2305 vineas,
1098 2252 1204 2291 non
1246 2236 1497 2293 bibemus
1541 2251 1707 2308 aquas
1757 2236 1826 2291 de
1930 2252 2039 2293 non
2090 2247 2216 2292 sunt
2261 2252 2414 2307 aquze
2451 2236 2671 2292 :anima
2703 2244 2887 2291 nostra
2930 2236 3041 2305 jam
3083 2245 3309 2291 nauseat
3362 2249 3527 2305 super

255 2329 401 2397 puteis
438 2328 575 2397 tuis,
616 2330 713 2385 sed
745 2330 1057 2401 gradiemur
1087 2334 1172 2388 via
1209 2334 1442 2403 publica,
1478 2348 1577 2389 nec
1606 2333 1674 2388 ad
1697 2333 1828 2388 dex-
1929 2331 2051 2387 cibo
2084 2332 2187 2386 isto
2228 2330 2530 2385 levissimo.
2563 2330 2929 2397 Quamobrem
2977 2329 3125 2385 misit
3172 2328 3433 2384 Dominus
3476 2330 3530 2383 in

257 2431 396 2478 teram
428 2438 523 2478 nec
574 2424 642 2479 ad
672 2424 949 2481 sinistram
976 2426 1339 2495 declinantes,
1372 2426 1545 2482 donec
1578 2439 1823 2489 transea-
1929 2424 2189 2494 populum
2222 2422 2422 2493 ignitos
2473 2430 2778 2493 serpentes,
2820 2422 2887 2477 ad
2935 2436 3164 2493 quorum
3221 2421 3403 2492 plagas
3440 2419 3520 2493 [h.

256 2530 354 2569 mus
389 2516 654 2571 terminos
687 2528 829 2573 tuos.
851 2518 935 2590 [(3.
961 2518 1147 2591 LVII.]
1176 2520 1275 2575 Cui
1298 2520 1577 2590 respondit
1605 2520 1773 2575 Edoni
1806 2536 1821 2574 :
1928 2517 2184 2589 morsus].
2213 2526 2266 2573 et
2293 2527 2496 2573 mortes
2526 2516 2905 2588 plurimorum,
2941 2522 3205 2573 venerunt
3222 2516 3289 2571 ad
3310 2516 3520 2583 Mosen,

258 2609 351 2665 Non
396 2611 654 2667 transibis
694 2628 790 2682 per
832 2628 941 2679 me,
981 2614 1222 2683 alioquin
1262 2623 1499 2669 armatus
1542 2628 1823 2670 occurram
1930 2623 2091 2685 atque
2118 2614 2417 2670 dixerunt:
2452 2611 2804 2668 Peccavimus
2834 2612 2955 2682 quia
2988 2611 3153 2667 locuti
3185 2625 3371 2667 sumus
3396 2625 3529 2665 con-

259 2704 352 2759 tibi.
383 2704 747 2777 Dixeruntque
777 2706 873 2761 ﬁlii
910 2706 1073 2763 Israel
1106 2725 1119 2762 :
1152 2708 1258 2763 Per
1298 2710 1479 2763 tritam
1516 2708 1826 2781 gradiemur
1929 2717 2008 2762 tra
2040 2707 2324 2762 Dominum
2352 2714 2406 2761 et
2437 2713 2488 2761 te
2515 2720 2639 2763 :ora
2672 2712 2730 2759 ut
2758 2704 2910 2759 tollat
2938 2719 2969 2758 a
3008 2703 3164 2759 nobis
3189 2712 3521 2774 serpentem.

257 2797 394 2864 viam,
417 2807 471 2855 et
498 2800 545 2854 si
573 2800 877 2857 biberimus
906 2816 1074 2873 aquas
1114 2810 1233 2858 tuas
1272 2817 1371 2859 nos
1393 2812 1449 2859 et
1470 2818 1666 2873 pecora
1691 2818 1822 2860 nos-
1927 2798 2223 2870 Oravitque
2276 2798 2454 2853 Moses
2492 2812 2592 2868 pro
2641 2796 2862 2868 populo.
2920 2796 3004 2867 [(3.
3036 2793 3176 2866 LX.]
3208 2795 3275 2850 Et
3309 2796 3525 2850 locutus

258 2899 343 2955 tra,
374 2890 625 2947 dabimus
665 2894 809 2963 quod
843 2894 1045 2965 justum
1092 2904 1174 2951 est
1208 2914 1221 2950 :
1263 2897 1407 2952 nulla
1437 2897 1541 2952 erit
1570 2898 1619 2953 in
1651 2874 1843 2967 pretio.
1927 2904 2011 2949 est
2036 2894 2291 2948 Dominus
2317 2891 2384 2947 ad
2413 2906 2535 2947 eum
2568 2890 2714 2947 :Fac
2741 2900 3048 2961 serpentem
3076 2899 3125 2956 δ,
3153 2900 3205 2946 et
3232 2904 3373 2958 pone
3397 2904 3522 2945 eum

257 2984 531 3055 difﬁcultas,
558 2995 769 3043 tantum
804 2988 1060 3044 velociter
1092 2998 1457 3046 transeamus.
1510 2993 1580 3046 At
1611 2991 1703 3046 ille
1734 3006 1819 3046 re-
1927 3002 2028 3059 pro
2051 2988 2230 3058 signo,
2260 2986 2351 3055 qui
2386 2998 2677 3057 percussus
2708 2985 2980 3055 aspexerit
3014 2998 3159 3049 eum,
3185 2984 3349 3040 vivet.
3374 2982 3527 3039 Fecit

256 3080 481 3149 spondit:
510 3079 635 3135 Non
684 3081 959 3137 transibis.
994 3083 1300 3152 Statimque
1330 3098 1584 3154 egressus
1612 3092 1697 3139 est
1726 3083 1824 3139 ob-
1926 3096 2057 3152 ergo
2087 3082 2265 3136 Moses
2291 3089 2602 3150 serpentem
2635 3093 2868 3144 aeneum,
2930 3088 2985 3135 et
3034 3079 3212 3149 posuit
3254 3094 3375 3135 eum
3426 3093 3524 3149 pro

257 3172 371 3237 vius,
400 3188 516 3228 cum
566 3174 776 3229 inﬁnita
832 3174 1197 3240 multitudine,
1231 3186 1286 3232 et
1320 3193 1480 3231 manu
1524 3177 1671 3243 forti,
1722 3191 1821 3232 nec
1925 3174 2115 3245 signo;
2150 3188 2308 3245 quem
2341 3188 2463 3228 cum
2506 3173 2750 3244 percussi
2803 3173 3135 3243 aspicerent,
3169 3172 3522 3228 sanabantur.

256 3268 396 3321 voluit
439 3268 794 3339 acquiescere
822 3268 1158 3339 deprecanti,
1193 3278 1252 3325 ut
1281 3270 1607 3325 concederet
1635 3280 1813 3325 trans-
1845 3281 1892 3344 ρ
1928 3265 2275 3336 Profeetique
2324 3265 2421 3319 ﬁlii
2457 3264 2623 3320 Israel
2667 3269 3031 3321 castrametati
3063 3275 3188 3319 sunt
3235 3266 3289 3319 in
3319 3264 3519 3320 Obotlt.

254 3359 363 3414 itum
403 3376 493 3430 per
538 3362 678 3417 ﬁnes
718 3376 847 3417 suos
872 3405 886 3429 ,
926 3363 1274 3433 quamobrem
1309 3364 1530 3419 divertit
1551 3365 1619 3419 ab
1647 3380 1712 3420 eo
1742 3365 1817 3419 Is-
1925 3359 2082 3416 Unde
2124 3357 2333 3429 egressi
2361 3358 2529 3413 ﬁxere
2554 3358 2786 3413 tentoria
2815 3358 2866 3412 in
2910 3358 3243 3425 Ilieabarint,
3288 3358 3342 3413 in
3393 3358 3524 3413 soli-

255 3452 365 3507 rael.
405 3454 652 3524 Cumque
686 3464 864 3511 castra
908 3455 1203 3511 movissent
1228 3457 1297 3512 de
1321 3456 1518 3525 Gades,
1551 3466 1818 3513 venerunt
1924 3450 2134 3517 tudine.
2184 3466 2305 3522 quae
2349 3450 2577 3521 respicit
2632 3449 2790 3505 Moab
2829 3461 3017 3505 contra
3052 3450 3368 3505 orientalem
3412 3449 3522 3519 pla-

254 3545 296 3599 in
319 3560 544 3603 montem
597 3548 730 3614 Hor,
754 3549 954 3619 quiest
980 3551 1033 3603 in
1062 3549 1259 3605 ﬁnibus
1290 3560 1452 3606 terra:
1500 3551 1695 3606 Edom.
1730 3551 1815 3623 [(2.
1921 3562 2067 3619 gam.
2095 3548 2161 3602 I‘Jt
2198 3546 2324 3602 inde
2356 3556 2661 3614 moventes,
2694 3554 2960 3601 venerunt
2987 3545 3055 3599 ad
3088 3554 3384 3600 torrentem
3414 3543 3518 3598 Za—

252 3636 430 3710 LVIII.]
458 3639 561 3696 Ubi
610 3640 824 3695 locutus
876 3650 964 3697 est
1001 3642 1262 3697 Dominus
1312 3642 1379 3698 ad
1426 3644 1612 3699 Mosen
1644 3662 1655 3698 :
1688 3644 1817 3699 Per-
1922 3641 2040 3697 red.
2067 3641 2150 3712 [Β.
2188 3641 2348 3713 LIII.]
2381 3642 2554 3709 Quem
2600 3642 2972 3712 relinquentes
2998 3641 3363 3695 castrametati
3392 3648 3521 3695 sunt

251 3744 339 3802 gat,
380 3734 572 3805 inquit,
632 3737 812 3791 Aaron
843 3737 908 3791 ad
942 3736 1170 3807 populos
1192 3752 1317 3792 suos
1351 3756 1362 3791 :
1411 3754 1517 3793 non
1550 3738 1693 3794 enim
1737 3740 1819 3794 in-
1924 3746 2112 3793 contra
2144 3738 2354 3801 Arnon,
2408 3751 2529 3806 qum
2584 3744 2669 3791 est
2718 3736 2771 3790 in
2800 3738 3040 3801 deserto,
3086 3742 3143 3789 et
3173 3732 3440 3804 prominet
3465 3733 3518 3787 in

253 3826 391 3880 trahit
437 3835 669 3893 terram,
706 3844 869 3899 quam
916 3828 1041 3885 dedi
1098 3829 1221 3884 ﬁliis
1260 3829 1445 3898 Israel,
1475 3847 1539 3886 eo
1564 3831 1710 3901 quod
1740 3833 1818 3886 in-
1925 3829 2121 3885 ﬁnibus
2148 3827 2474 3883 Amorrhtei.
2522 3827 2803 3898 Siquidem
2835 3828 3023 3882 Arnen
3070 3826 3336 3880 terminus
3356 3823 3517 3880 estin

251 3922 471 3978 credulus
518 3924 684 3979 fuerit
746 3924 825 3996 [h.
870 3939 937 3980 eo
983 3926 1126 3995 quod
1176 3925 1440 3979 increduli
1483 3925 1715 3998 fueritis]
1737 3927 1819 3982 ori
1924 3923 2103 3986 Moab,
2126 3921 2642 3978 dividensMoabitas
2667 3930 2721 3976 et
2754 3918 3297 3976 AﬂIOI‘I‘IImOS.UIIde
3322 3918 3520 3974 dicitur

250 4029 370 4083 meo,
398 4016 463 4071 ad
511 4016 698 4088 Aquas
729 4018 1200 4072 contradictionis.
1234 4017 1387 4073 Tolle
1416 4018 1621 4089 Aaron,
1654 4028 1708 4073 ct
1751 4021 1814 4074 li-
1920 4015 1974 4071 itt
2000 4016 2138 4070 libro
2160 4014 2429 4071 Bellorum
2461 4014 2670 4068 Domini
2696 4012 2879 4068 :Sicut
2908 4011 3036 4067 fecit
3060 4014 3110 4065 in
3144 4012 3279 4065 mari
3305 4010 3520 4075 Rubro,

247 4106 353 4161 lium
396 4109 509 4179 ejus
554 4123 680 4164 eum
742 4125 831 4178 eo,
888 4118 944 4166 et
969 4111 1133 4166 duces
1162 4126 1256 4167 eos
1300 4112 1351 4165 in
1388 4119 1626 4166 montem
1676 4112 1811 4169 Hor.
1920 4111 2000 4165 sic
2031 4108 2195 4164 faciet
2239 4107 2294 4163 in
2325 4107 2661 4163 torrentibus
2692 4110 2900 4160 Arnen.
2932 4104 3163 4175 Scopuli
3194 4102 3520 4159 torrentium

245 4196 458 4268 Cumque
513 4200 810 4257 nudaveris
868 4213 1076 4272 patrem
1128 4214 1282 4263 veste
1332 4218 1460 4269 sua,
1510 4203 1697 4259 indues
1748 4219 1811 4260 ea
1922 4204 2163 4259 inclinati
2196 4212 2343 4267 sunt,
2378 4210 2437 4256 ut
2468 4200 2878 4271 requiescerent
2931 4199 2983 4253 itt
3013 4196 3040 4236 δ
3074 4201 3170 4265 Ar,
3205 4204 3260 4252 et
3306 4211 3520 4252 recum-

246 4289 537 4348 Eleazarum
573 4294 745 4350 filium
776 4295 916 4365 ejus,
968 4305 1024 4351 et
1065 4299 1244 4351 Aaron
1270 4296 1572 4367 colligetur,
1605 4306 1661 4352 et
1695 4311 1811 4352 mo-
1919 4297 2110 4352 berent
2161 4295 2214 4349 in
2266 4294 2463 4348 finibus
2512 4291 2889 4348 Moabitarum.
2922 4288 3001 4361 [Ο.
3040 4289 3202 4359 LXH
3233 4289 3296 4343 Et
3341 4304 3405 4343 ex
3452 4302 3520 4343 eo

245 4384 387 4440 rietur
430 4387 526 4442 ibi.
577 4387 732 4444 Fecit
787 4389 963 4444 Moses
1008 4398 1066 4444 ut
1092 4397 1421 4459 praeceperat
1448 4390 1730 4455 Dominus,
1759 4400 1815 4446 et
1918 4388 2040 4444 Ioco
2068 4386 2317 4457 apparuit
2366 4394 2580 4455 puteus,
2613 4400 2776 4454 super
2820 4398 2927 4454 quo
2971 4382 3187 4437 locutus
3217 4389 3299 4436 est
3338 4379 3520 4435 Domi-

245 4479 578 4535 ascenderunt
612 4480 665 4535 in
719 4491 962 4536 montem
996 4480 1108 4535 IIor
1155 4496 1336 4537 coram
1369 4482 1514 4536 omni
1566 4482 1814 4537 multitu-
1916 4498 2019 4538 nus
2075 4481 2142 4537 ad
2199 4481 2382 4536 Mosen
2442 4498 2454 4533 :
2515 4476 2793 4549 Congrega
2851 4475 3127 4547 p0pulutn,
3182 4484 3237 4529 et
3290 4471 3430 4527 dabo
3467 4472 3519 4527 ei

245 4567 365 4626 dine.
395 4569 643 4645 Cumque
664 4575 846 4630 Aaron
875 4574 1163 4645 spoliasset
1190 4574 1433 4631 vestibus
1467 4574 1605 4643 suis,
1639 4576 1812 4631 induit
1918 4591 2134 4647 aquam.
2166 4574 2321 4630 Tunc
2346 4572 2545 4630 cecinit
2576 4571 2743 4628 Israel
2777 4581 2799 4608 ο
2831 4584 3051 4626 carmen
3083 4566 3225 4624 istud
3256 4583 3271 4623 :
3311 4566 3519 4622 Ascen-

299 4763 617 4839 —Nolatum
641 4765 1024 4839 etMartianaeo
1041 4774 1228 4821 contra
1247 4765 1566 4821 Scholiastis
1586 4777 1808 4822 senten-
1834 4770 1888 4831 D
1912 4767 1985 4822 ita
2011 4767 2183 4839 posuit
2212 4775 2269 4819 ut
2295 4765 2485 4835 legitur
2512 4766 2565 4818 in
2600 4762 2818 4819 Hebrwo
2848 4804 2861 4829 ,
2890 4762 3083 4839 Aquila
3105 4773 3151 4816 et
3175 4762 3518 4839 Symmachus

246 4832 368 4896 tiam.
402 4838 449 4891 in
499 4838 731 4892 IIebrmo
781 4836 1076 4908 archetypo
1123 4839 1229 4893 dici
1286 4839 1519 4907 plurium
1580 4854 1807 4895 numero
1914 4832 2091 4893 urbem
2132 4832 2455 4900 interpretati
2495 4845 2635 4908 sunt,
2684 4852 2785 4889 non
2814 4834 3192 4908 considerantes
3221 4832 3520 4908 quod_iuter

245 4912 373 4980 R’S‘l;
399 4925 409 4960 :
442 4910 810 4980 exprimemus.
972 4905 987 4908 ⁷
1009 4905 1024 4907 “
1288 4905 1302 4907 ⁷
1916 4926 2003 4965 AIN
2032 4918 2079 4962 et
2116 4925 2209 4963 nes
2240 4908 2493 4961 elementa
2529 4906 2803 4973 llebraica,
2841 4922 2935 4980 7100
2965 4907 3190 4980 litteram
3218 4923 3322 4960 non
3363 4905 3521 4959 habe-

302 4987 323 5011 ἰ
352 4978 566 5033 Addunt
628 4979 843 5050 Vulgati
902 4981 1025 5035 libri
1066 4996 1286 5045 aureum,
1334 4996 1434 5051 pro
1485 4997 1592 5050 quo
1623 4981 1803 5036 malim
1916 4990 1992 5036 ret
2019 4997 2037 5035 :
2064 4996 2178 5044 qua:
2207 4982 2251 5034 si
2281 4991 2431 5044 esset,
2456 4988 2590 5033 recte
2616 4980 2795 5051 civitas
2815 4979 3088 5051 diceretur.
3120 4978 3301 5032 MART.

244 5044 447 5115 ignrum;
467 5044 900 5106 Hebrzeus'enitn
923 5062 1210 5120 serpentem
1238 5044 1461 5108 hic'non
1494 5044 1680 5119 liabet,
1710 5054 1806 5108 sed
1993 5064 2015 5091 ο
2045 5051 2237 5106 Totum
2268 5066 2485 5107 carmen
2521 5051 2650 5121 illud
2696 5050 2885 5121 recitat
2916 5049 2974 5104 S.
3020 5048 3382 5121 Hieronymus
3408 5049 3525 5120 epi-

244 5123 417 5205 tautunt
446 5132 599 5205 ιγςω,
618 5123 785 5205 “quod
812 5133 918 5187 est,
945 5134 1197 5205 urentem.
1676 5194 1710 5205 η
1919 5125 2056 5205 stola
2085 5123 2150 5177 ad
2182 5122 2455 5205 Fabiolam
2490 5122 2555 5177 de
2580 5120 3050 5205 f12_ntansit_)ni_bus
3074 5120 3439 5176 Israelitarum
3465 5122 3518 5175 in

298 5188 322 5225 ἲ)
363 5191 460 5246 Pro
478 5188 580 5259 'Ar,
614 5188 799 5247 canon
830 5202 885 5249 et
914 5194 1003 5249 alii
1036 5194 1150 5249 fere
1187 5210 1377 5251 omnes
1420 5210 1551 5250 mss.
1590 5194 1810 5251 codices
1918 5196 2138 5250 deserto
2187 5212 2200 5248 :
2247 5196 2388 5264 quod
2420 5209 2539 5248 cum
2580 5193 2819 5264 insignes
2864 5192 3061 5247 habeat
3095 5208 3125 5247 a
3156 5202 3343 5248 nostro
3370 5201 3520 5247 textu

242 5257 419 5336 legunt,
451 5257 663 5331 Arnen;
694 5265 787 5319 sed
814 5281 972 5320 error
998 5264 1086 5319 hic
1109 5276 1191 5321 est
1218 5267 1589 5332 librariorum,
1622 5270 1711 5336 qui
1739 5283 1806 5322 ex
1918 5266 2195 5322 variantes
2244 5257 2522 5333 lectiones,
2569 5257 2809 5319 non'abs
2860 5265 3123 5336 reivisum
3151 5273 3237 5319 est
3269 5265 3374 5319 huc
3406 5266 3518 5334 ipsa

244 5328 528 5407 immediate
574 5328 908 5407 praecedenti
949 5336 1126 5390 Arnen
1172 5338 1381 5407 decepti
1415 5328 1698 5404 sonu-non
1728 5340 1810 5392 in-
1912 5337 2231 5407 Hieronymi
2283 5336 2444 5407 verba
2498 5328 2859 5407 transtulisse.
2914 5335 3003 5391 Sic
3053 5336 3217 5404 igitur
3270 5328 3441 5407 legas'
3464 5336 3517 5390 in

244 5406 515 5479 telligentes
544 5406 686 5475 apud
735 5408 1122 5479 Hieronymum
1154 5409 1294 5464 libro
1312 5406 1390 5464 ide
1416 5410 1552 5464 locis
1582 5410 1808 5465 llebrai-
1912 5406 2191 5464 Mansione
2232 5408 2299 5462 59
2343 5426 2355 5460 :
2398 5406 2527 5461 Post
2570 5406 2681 5479 Ita'c
2704 5416 2947 5461 venerunt
2973 5408 3039 5460 ad
3066 5420 3300 5478 puteum,
3331 5406 3417 5461 ubi
3437 5424 3519 5460 ce-

242 5474 320 5553 cis,
361 5476 533 5553 Anton
572 5474 707 5553 esse
751 5474 956 5553 rupem'
985 5480 1275 5553 quamdam
1319 5481 1370 5534 in
1411 5481 1642 5553 sublime
1674 5496 1806 5553 pro-
1912 5483 2032 5535 ciuit
2064 5478 2460 5553 Israclrcarmen
2491 5480 2585 5532 hoc
2615 5494 2633 5531 :
2659 5478 2929 5553 Ascende,
2964 5474 3143 5545 putee,
3176 5494 3333 5549 quem
3370 5479 3519 5553 fode-

238 5549 422 5620 j_ectam_
458 5549 510 5600 in
564 5549 757 5620 finibus
809 5551 1248 5606 Amorrhaeorum
1279 5592 1294 5615 ,
1352 5552 1495 5606 inter
1547 5552 1703 5605 Moab
1753 5563 1809 5607 et
1912 5563 2039 5608 runt
2085 5552 2377 5620 principes,
2423 5559 2482 5604 ct
2521 5560 2858 5617 aperuerunt
2888 5550 3053 5604 duces
3084 5553 3406 5619 populorum
3458 5550 3510 5605 in

242 5618 559 5692 Amorrltznos
608 5638 620 5673 :
664 5619 739 5674 Ar
779 5622 1113 5677 vero'locnm
1148 5623 1229 5677 vel
1259 5624 1515 5692 oppidum
1546 5622 1806 5692 Arnonaa,
1912 5618 2102 5678 dature
2134 5618 2330 5692 legunt,
2373 5633 2429 5676 et
2470 5623 2523 5676 in
2562 5623 2752 5676 baculo
2783 5622 2925 5692 ejus,
2956 5633 3009 5677 et
3035 5618 3102 5675 de
3131 5618 3426 5675 solitudine
3456 5622 3510 5676 in

241 5690 355 5763 quod
375 5704 413 5763 Ξ
424 5690 769 5763 Septuaginta
799 5692 1185 5761 interpretibus
1214 5690 1310 5763 per
1336 5690 1613 5749 extensam
1647 5690 1806 5749 voca;
1913 5690 2209 5755 Matthana,
2261 5703 2315 5748 et
2355 5693 2420 5748 de
2466 5692 2737 5748 Matthana
2782 5690 2845 5747 ad
2895 5701 3189 5748 torrentem
3219 5692 3336 5755 Dei,
3364 5701 3418 5746 et
3446 5692 3514 5747 de

241 5754 327 5837 lem
371 5754 701 5837 Erﬁdicitur.
750 5763 826 5817 Dc
874 5754 1092 5818 nomine
1134 5754 1233 5837 ᾼνί
1255 5766 1394 5837 idem
1444 5765 1805 5837 Hieronymus
1914 5774 2152 5823 torrente
2199 5765 2293 5819 Dei
2343 5763 2409 5819 ad
2454 5766 2693 5829 excelsa,
2737 5775 2789 5821 et
2828 5767 2896 5819 de
2936 5766 3166 5837 excelsis
3193 5764 3257 5816 ad
3288 5754 3510 5830 vallem,

239 5823 317 5879 lib.
355 5844 413 5908 vr
444 5828 749 5908 Co_rn_men_t.
797 5837 852 5908 in
891 5850 1008 5908 cap.
1042 5850 1109 5908 xv
1136 5836 1290 5891 Isaiae
1320 5836 1433 5891 htec
1460 5852 1487 5890 a
1521 5823 1676 5908 nobis
1704 5837 1800 5892 ob-
1910 5854 2030 5908 quae
2055 5838 2215 5893 estin
2259 5837 2483 5907 regione
2505 5837 2657 5893 Moab
2683 5823 2737 5908 in
2770 5838 2970 5892 vertice
2999 5836 3229 5908 Pltasga,
3262 5838 3363 5908 qui
3386 5823 3512 5904 pro;

240 5902 417 5958 servari
446 5903 613 5961 voluit
645 5923 658 5961 :
690 5904 796 5961 Pro
819 5905 911 5975 Ar,
942 5902 1133 5981 inquit,
1174 5909 1313 5979 quod
1342 5909 1485 5965 solus
1512 5907 1799 5966 Theodalio
1909 5902 2068 5981 spicit
2107 5919 2293 5967 contra
2325 5902 2634 5971 desertum.
2678 5907 2807 5965 Haec
2848 5908 2965 5964 loca
3008 5907 3065 5961 in
3101 5902 3294 5978 finibus
3330 5902 3515 5963 Antor-
