3956 6338
493 323 597 381 579

1503 327 1563 381 S.
1609 315 1987 383 IIIERONYMI
2028 317 2260 382 DIVINA
2301 318 2779 384 BIBLIOTHECA.

3644 335 3736 395 380

483 443 576 498 dat
623 450 836 512 puteus.
879 439 1251 496 Concinebaut
1292 459 1304 495 :
1359 441 1573 506 Puteus,
1608 454 1770 509 quem
1819 439 2073 496 foderunt
2103 437 2235 500 Ain
2261 440 2664 510 campestribus
2705 439 2884 506 Moab,
2912 440 3006 495 ubi
3056 448 3206 496 trans
3245 440 3518 500 Iordanem
3544 443 3736 507 Iericho

487 534 781 606 principes,
805 541 861 588 et
887 540 1216 604 paraverunt
1234 531 1400 588 duces
1431 529 1794 587 multitudinis
1828 533 1878 586 in
1901 525 2093 587 dature

487 626 619 696 legis
650 625 725 695 [h.
760 626 812 680 in
855 625 1078 680 doctore
1128 624 1316 693 legis],
1366 635 1419 679 et
1452 624 1502 678 in
1550 621 1755 679 baculis
1789 621 1922 681 suis.
1957 632 1984 662 ο
2014 624 2093 680 De

486 717 800 782 solitudine,
833 716 1102 771 Mattliana
1140 733 1151 768 :
1184 721 1240 770 et
1269 715 1336 771 de
1369 715 1667 780 Matthana,
1700 715 1943 771 Nabaliel
1978 733 1990 772 τ
2023 716 2094 772 de

491 809 737 866 Nabalicl
770 811 823 864 in
839 810 1089 864 Bamoth.
1119 809 1194 865 De
1222 805 1470 874 Bamoth,
1496 806 1650 864 vallis
1677 815 1764 865 est
1792 809 1845 863 in
1868 809 2093 880 regione

492 903 670 971 Moab,
721 905 775 958 in
827 901 1031 958 vertice
1061 901 1298 971 Phasga,
1348 901 1490 972 quod
1523 901 1746 973 respicit
1771 911 1959 956 contra
1989 901 2089 958 de-

489 1005 719 1054 sertum.
763 997 905 1051 Misit
953 1007 1132 1050 autem
1165 995 1327 1049 Israel
1359 994 1578 1049 nuntios
1616 993 1682 1049 ad
1723 993 1868 1049 Seon
1905 1009 2090 1064 regem

488 1089 950 1156 Amorrimorum,
1009 1087 1196 1142 dicens
1236 1073 1525 1144 iObsecro
1566 1094 1623 1141 ut
1670 1086 1903 1142 transire
1957 1084 2094 1141 mibi

492 1183 650 1237 liceat
681 1197 775 1251 per
807 1189 1007 1236 terram
1043 1189 1210 1240 tuam.
1247 1197 1354 1234 non
1399 1179 1799 1234 declinabimua
1827 1180 1879 1233 in
1934 1192 2093 1250 agros

490 1285 544 1330 et
573 1276 624 1329 in
682 1273 888 1340 vineas,
942 1288 1052 1328 non
1111 1273 1358 1328 bibemus
1406 1271 1432 1310 δ
1474 1285 1643 1342 aquas
1679 1289 1745 1326 ex
1777 1272 1973 1341 puteis,
2009 1271 2092 1325 via

491 1367 636 1439 regia
669 1366 1006 1438 gradiemur,
1058 1366 1232 1421 donec
1283 1374 1623 1421 transeamus
1649 1365 1913 1420 terminos
1950 1375 2092 1420 tuos.

493 1461 595 1529 Qui
626 1459 932 1515 concedere
966 1459 1157 1525 uoluit,
1210 1467 1268 1512 ut
1307 1458 1569 1513 transiret
1621 1456 1786 1512 Israel
1837 1471 1930 1526 per
1958 1456 2095 1512 ﬁnes

500 1569 630 1609 suos
655 1571 668 1608 :
699 1555 828 1624 quin
856 1551 1058 1624 potius,
1087 1553 1328 1607 exercitu
1354 1558 1702 1622 congregato,
1733 1565 1984 1621 egressus
2013 1557 2097 1606 est

492 1648 706 1705 obviam
741 1651 792 1703 in
833 1649 1134 1713 desertum,
1165 1656 1221 1702 et
1253 1647 1399 1701 venit
1444 1645 1499 1700 in
1537 1645 1685 1710 Jasa,
1728 1644 2096 1715 pugnavitque

499 1751 689 1798 contra
739 1758 885 1798 sum.
936 1744 976 1796 Α
1025 1757 1132 1812 quo
1162 1755 1455 1812 percussus
1485 1747 1569 1794 est
1599 1739 1652 1794 in
1699 1754 1794 1795 ore
1825 1739 2010 1809 gladii,
2041 1748 2094 1795 et

2194 533 2292 588 sita
2322 541 2422 588 est.
2457 532 2542 605 [Τ.
2567 528 2707 601 XIV,
2723 533 2782 589 C.
2799 531 3011 606 LXIII.]
3038 531 3238 588 Videns
3257 543 3429 592 autem
3451 536 3598 595 Baiae
3617 541 3738 600 ﬁlius

2193 621 2443 694 Seppbor
2468 624 2673 689 omnia,
2715 635 2835 695 qua:
2876 623 3083 680 fecerat
3127 625 3294 681 Israel
3343 629 3659 696 Atnorrbuo,
3691 643 3741 693 et

2192 715 2336 788 quod
2367 716 2772 787 pertimuissent
2817 729 2941 773 eum
2979 716 3254 787 Moabitae,
3286 728 3338 775 et
3369 719 3612 792 impetum
3637 727 3742 797 ejus

2194 808 2338 864 ferre
2370 824 2477 864 non
2513 817 2754 878 possent,
2785 808 2921 864 dixit
2963 809 3030 864 ad
3077 810 3312 881 majores
3340 823 3463 868 natu
3507 813 3696 874 Madian
3727 833 3742 875 :

2193 901 2267 957 ita
2295 901 2502 957 delebit
2532 901 2619 957 hic
2643 901 2879 972 populus
2908 916 3119 968 omnes,
3147 904 3239 974 qui
3277 903 3332 958 in
3364 907 3551 961 nostris
3576 907 3750 968 ﬁnibus

2193 1006 2619 1062 commorantur,
2651 995 2925 1067 quomodo
2976 996 3117 1052 solet
3149 996 3248 1051 bos
3297 997 3486 1052 herbas
3516 1001 3747 1071 usquead

2196 1089 2406 1145 radices
2435 1104 2682 1161 carpere.
2725 1089 2844 1158 Ipse
2876 1097 2997 1144 erat
3018 1103 3086 1145 eo
3117 1099 3358 1159 tempore
3388 1105 3483 1146 rex
3508 1092 3558 1147 in
3589 1092 3745 1149 Moab.

2195 1183 2339 1241 Misit
2366 1197 2498 1254 ergo
2524 1183 2745 1238 nuntios
2777 1182 2842 1237 ad
2879 1183 3095 1238 Balaam
3126 1182 3296 1238 ﬁlium
3322 1184 3458 1240 Beor
3490 1182 3750 1253 hariolum,

2195 1276 2288 1346 qui
2314 1274 2592 1330 habitabat
2619 1289 2788 1346 super
2815 1273 3021 1330 ﬁumen
3046 1281 3214 1330 terra:
3247 1273 3268 1313 ί
3301 1273 3526 1331 ﬁliorum
3549 1275 3755 1334 Ammon

2198 1367 2288 1441 [h.
2323 1367 2466 1422 Misit
2501 1383 2632 1437 ergo
2663 1367 2886 1423 nuntios
2916 1367 2983 1421 ad
3015 1367 3235 1422 Balaam
3271 1366 3437 1422 ﬁlium
3465 1367 3652 1438 Bebor,
3678 1369 3756 1440 qui

2197 1462 2465 1516 habitabat
2495 1465 2547 1516 in
2574 1461 2786 1517 Pbetho
2817 1477 2974 1532 super
3003 1459 3203 1516 ﬁumen
3243 1469 3402 1516 terra?
3428 1461 3647 1531 ﬁliorum
3671 1479 3756 1531 po-

2197 1555 2310 1625 puli
2335 1554 2467 1628 sui],
2493 1563 2551 1610 ut
2565 1564 2831 1610 vocarent
2847 1569 2995 1624 eum,
3015 1563 3072 1610 et
3087 1553 3333 1609 dicereut
3351 1571 3364 1609 :
3383 1555 3515 1609 Ecce
3531 1565 3763 1624 egressus

2197 1659 2276 1705 est
2298 1649 2528 1720 populus
2545 1665 2610 1704 ex
2624 1647 2887 1721 Egypto,
2909 1649 3001 1719 qui
3020 1650 3238 1719 operuit
3255 1648 3590 1716 superﬁciem
3607 1657 3765 1714 terrae,

2198 1741 2395 1795 sedens
2424 1749 2614 1796 contra
2646 1755 2758 1800 me.
2809 1739 2946 1795 Veni
2986 1739 3153 1810 igitur
3177 1779 3192 1806 ,
3238 1747 3299 1794 et
3338 1739 3562 1794 maledic
3589 1738 3769 1809 populo

509 1851 764 1907 possessa
795 1846 872 1891 est
907 1844 1048 1891 terra
1093 1838 1210 1906 ejus
1256 1835 1326 1890 ab
1373 1838 1559 1890 Arnon
1593 1849 1763 1905 usque
1788 1833 2013 1902 Iebboe,
2043 1839 2095 1890 et
2125 1831 2175 1892 B
2204 1834 2349 1901 huic,
2379 1836 2505 1905 quia
2533 1833 2726 1890 fortior
2752 1849 2840 1890 me
2867 1844 2951 1890 est
2983 1853 2995 1889 :
3030 1834 3076 1889 si
3107 1848 3217 1906 quo
3242 1833 3410 1890 modo
3443 1835 3636 1904 possim
3663 1849 3772 1904 per-

501 1928 641 1984 ﬁlios
691 1930 921 1983 AmmOn
970 1944 984 1984 l
1037 1929 1162 1998 quia
1196 1927 1318 1984 forti
1348 1926 1607 1999 prmsidio
1629 1926 1954 1982 tenebantur
1985 1935 2096 1982 ter-

499 2022 628 2076 mini
690 2021 1144 2076 Ammouitarum.
1189 2019 1270 2091 lC.
1329 2019 1515 2090 LXIH
1555 2019 1708 2074 Tulit
1749 2034 1880 2090 ergo
1927 2017 2096 2075 Israel

499 2130 694 2170 nantes
721 2116 968 2171 civitates
997 2115 1137 2185 ejus,
1171 2124 1224 2170 et
1255 2113 1516 2168 habitavit
1549 2114 1601 2167 iu
1632 2113 1862 2167 urbibus
1899 2111 2098 2168 Amor-

497 2211 652 2279 rbaai,
671 2211 723 2265 in
755 2210 973 2265 Esebon
1003 2201 1231 2279 scilicet,
1266 2218 1322 2265 et
1341 2209 1532 2264 viculis
1554 2209 1692 2278 ejus.
1714 2207 1856 2264 Urbs
1879 2209 2095 2264 Esebon

497 2302 746 2359 fuitSeon
772 2303 919 2373 regis
932 2301 1258 2369 Amorrhtei,
1281 2301 1368 2372 qui
1391 2301 1648 2371 pugnavit
1664 2310 1851 2355 contra
1872 2315 2054 2371 regem
2070 2310 2093 2340 ε

500 2397 706 2452 Moab:
749 2394 776 2434 ά
827 2408 878 2452 et
923 2397 1045 2452 tulit
1094 2411 1310 2452 omnem
1352 2397 1429 2468 [h.
1467 2405 1655 2450 contra
1708 2408 1890 2466 regem
1940 2393 2099 2449 Moab

501 2490 757 2564 priorem]
805 2502 1027 2558 terram,
1069 2508 1189 2563 qua!
1216 2491 1442 2547 ditionis
1496 2492 1645 2546 illius
1682 2491 1878 2556 fuerat,
1929 2504 2100 2561 usque

501 2586 709 2639 Arnen.
743 2583 948 2640 Idcirco
969 2585 1169 2641 dicitur
1196 2587 1247 2640 in
1282 2585 1576 2640 Proverbio
1610 2602 1622 2638 :
1661 2584 1850 2640 Venite
1879 2584 1930 2638 in
1962 2583 2099 2639 Esc-

497 2673 632 2742 hon,
664 2677 984 2745 aediﬁcetur,
1016 2687 1072 2734 et
1116 2688 1466 2734 construatur
1506 2675 1698 2731 civitas
1735 2675 1903 2732 Seon.
1956 2674 2099 2746 Ignis

497 2784 748 2840 egressus
777 2780 861 2826 est
885 2771 955 2826 de
986 2770 1225 2836 Esebon,
1255 2769 1471 2824 ﬂamma
1511 2769 1584 2824 de
1626 2768 1828 2839 oppido
1851 2769 2020 2831 Seon,
2046 2775 2102 2824 et

499 2863 783 2917 devoravit
812 2861 886 2916 Ar
913 2863 1298 2927 Moabitarum,
1324 2870 1381 2917 et
1403 2860 1733 2916 habitatores
1759 2860 2100 2916 excelsorum

499 2955 708 3010 Arnen.
739 2954 833 3009 Va:
862 2953 978 3017 tibi,
1015 2955 1203 3010 Moab!
1236 2954 1445 3024 peristi,
1475 2953 1676 3024 popule
1701 2951 1964 3009 Cbamos!
1992 2953 2098 3010 De-

499 3046 579 3101 dit
605 3045 752 3100 liiios
777 3047 897 3117 ejus
919 3047 973 3100 in
1020 3045 1224 3117 fugam,
1251 3055 1307 3101 et
1331 3046 1469 3100 ﬁlias
1501 3047 1554 3100 in
1594 3046 1960 3116 captivitatem
1987 3045 2102 3116 regi

502 3140 965 3210 Amorrltaeorum,
1023 3141 1188 3195 Seon.
1242 3140 1437 3212 Jugum
1484 3142 1723 3211 ipsorum
1761 3140 2106 3210 disperiitab

2197 1941 2385 1986 cutere
2414 1945 2560 1997 eum,
2592 1937 2648 1984 et
2676 1929 2884 2000 ejicere
2913 1928 2982 1984 de
3009 1937 3152 1984 terra
3181 1943 3305 1984 mea
3335 1926 3424 2001 [h.
3457 1943 3559 1982 non
3589 1925 3768 1992 habet,

2198 2020 2350 2094 mea]
2384 2039 2398 2074 :
2433 2021 2560 2077 novi
2591 2022 2740 2078 enim
2767 2022 2911 2092 quod
2938 2020 3267 2078 benedictus
3295 2023 3408 2088 sit,
3449 2021 3534 2076 cui
3569 2019 3770 2076 benedi-

2200 2117 2366 2182 xeris,
2399 2126 2454 2172 et
2480 2115 2824 2182 maledictus,
2856 2117 2909 2170 in
2931 2131 3094 2186 quem
3119 2115 3412 2170 maledicta
3435 2115 3774 2184 congesseris.

2201 2209 2674 2278 Perrexeruutque
2699 2208 2947 2264 seniores
2970 2208 3148 2275 Moab,
3181 2217 3238 2264 et
3264 2207 3502 2278 majores
3530 2214 3653 2263 natu
3670 2207 3771 2262 Ma-

2197 2305 2323 2362 dian
2353 2349 2366 2369 ,
2420 2305 2682 2362 habentes
2729 2304 3088 2360 divinationis
3128 2305 3369 2374 pretium
3421 2306 3474 2359 in
3519 2303 3771 2359 manibus.

2200 2400 2444 2472 Cumque
2492 2401 2771 2456 venissent
2820 2399 2887 2455 ad
2937 2399 3156 2454 Balaam
3188 2441 3203 2465 ,
3265 2408 3323 2455 et
3373 2405 3688 2454 narrassent
3738 2398 3781 2452 ei

2203 2494 2383 2546 omnia
2432 2493 2593 2547 verba
2639 2492 2800 2547 Baiae
2828 2532 2842 2556 ,
2911 2492 3006 2546 ille
3049 2490 3338 2562 respondit
3387 2508 3402 2546 :
3451 2491 3660 2546 Mauete
3702 2488 3778 2544 hic

2204 2596 2363 2642 nocte
2385 2628 2401 2654 ,
2443 2595 2500 2642 et
2539 2586 2884 2656 respondebo
2913 2585 3182 2656 quidquid
3216 2585 3352 2640 mihi
3382 2583 3584 2640 dixerit
3615 2581 3778 2637 Domi-

2203 2695 2323 2736 nus.
2376 2680 2720 2736 Maneutibns
2761 2688 2942 2735 autem
2991 2679 3098 2734 illis
3145 2682 3290 2750 apttd
3345 2679 3606 2746 Balaam,
3655 2675 3790 2732 venit

2201 2776 2344 2830 Deus
2371 2813 2385 2841 ,
2420 2783 2473 2828 et
2502 2775 2578 2829 ait
2606 2773 2672 2827 ad
2701 2787 2826 2828 eum
2854 2789 2869 2828 :
2900 2772 3042 2840 Quid
3069 2772 3172 2826 sibi
3204 2771 3404 2826 volunt
3438 2769 3682 2824 homines
3711 2768 3790 2823 isti

2201 2869 2341 2936 apud
2375 2868 2469 2924 te?
2501 2867 2580 2940 [h.
2608 2866 2701 2938 qui
2732 2877 2860 2922 sunt
2882 2881 3075 2922 omnes
3100 2864 3186 2920 isti
3213 2865 3309 2933 qui
3339 2873 3471 2920 sunt
3501 2862 3642 2934 apud
3670 2858 3790 2932 tet]

2203 2963 2544 3033 Respondit:
2583 2963 2768 3029 Baiae,
2802 2961 2948 3016 ﬁlius
2995 2959 3247 3030 Sapphor
3289 2975 3387 3015 rex
3427 2958 3790 3021 Moabitarum,

2207 3057 2353 3113 misit
2383 3055 2449 3110 ad
2482 3070 2584 3121 me,
2619 3055 2808 3110 dicens
2833 3071 2846 3108 :
2883 3053 3025 3108 Ecce
3054 3051 3294 3124 populus
3320 3051 3416 3122 qui
3443 3063 3694 3120 egressus
3720 3055 3796 3102 est

2209 3151 2276 3206 de
2301 3150 2559 3222 Eeypto,
2595 3149 2808 3218 operuit
2835 3147 3184 3217 superliciem
3216 3154 3392 3200 terrae
3423 3161 3434 3199 :
3462 3142 3587 3198 veni
3613 3149 3668 3197 et
3693 3153 3797 3194 ma-

499 3234 713 3289 Esebou
763 3249 932 3302 usque
978 3235 1147 3290 Dibon
1179 3252 1193 3289 :
1241 3235 1369 3289 lassi
1404 3244 1771 3303 pervenerunt
1802 3235 1855 3289 in
1883 3233 2096 3303 Nophe,

2208 3243 2347 3299 ledic
2377 3242 2451 3310 ei,
2485 3242 2529 3296 si
2553 3256 2662 3312 quo
2692 3239 2854 3294 modo
2883 3238 3088 3308 possim
3123 3253 3378 3308 pugnans
3413 3236 3639 3306 abigere
3664 3247 3798 3288 eum.

503 3339 558 3383 et
589 3338 612 3366 ε
638 3344 807 3399 usque
845 3328 923 3402 [h.
964 3345 1084 3400 quae
1114 3329 1325 3400 contra]
1369 3329 1610 3384 Medaba.
1641 3329 1723 3402 [Β.
1752 3327 1910 3402 LIV.]
1936 3329 2102 3383 Habia

505 3424 634 3476 tavit
653 3423 833 3490 itaque
854 3423 1016 3477 Israel
1044 3423 1094 3476 in
1125 3433 1266 3477 terra
1297 3425 1618 3478 Amorrba‘i.
1647 3424 1900 3492 Misitque
1927 3423 2104 3479 Moses

502 3513 594 3584 qui
629 3515 978 3585 explorarent
1024 3515 1182 3570 .Iazer
1219 3534 1232 3570 :
1263 3517 1415 3585 cujus
1463 3526 1734 3586 ceperunt
1777 3518 2010 3583 viculns,
2049 3528 2106 3574 et

505 3607 867 3676 possederunt
893 3607 1246 3663 habitatores.
1282 3609 1679 3680 Verteruntque
1707 3622 1787 3674 se,
1826 3617 1880 3665 ct
1906 3623 2099 3666 ascen-

504 3699 702 3754 derunt
734 3716 830 3770 per
868 3704 1006 3756 viam
1035 3704 1231 3769 Rasan,
1259 3714 1312 3758 et
1337 3706 1575 3759 occurrit
1598 3706 1679 3760 eis
1706 3706 1784 3775 0g
1813 3721 1905 3760 rex
1929 3706 2101 3761 Busan

504 3809 626 3848 eum
665 3795 815 3848 omni
866 3796 1064 3866 popqu
1092 3811 1213 3864 suo,
1243 3809 1582 3869 pugnaturus
1625 3801 1679 3854 in
1709 3799 1889 3855 Edrai.
1936 3801 2107 3856 Dixit-

504 3901 611 3956 que
646 3887 904 3943 Dominus
935 3889 999 3943 ad
1051 3890 1234 3946 Manen
1272 3909 1286 3945 τ
1334 3892 1412 3948 Ne
1450 3893 1644 3948 timeas
1684 3907 1828 3960 eum,
1877 3895 2001 3966 quia
2049 3896 2102 3950 in

508 3993 672 4032 manu
701 3985 787 4033 tua
838 3979 1031 4034 tradidi
1081 3981 1252 4047 illum,
1292 3993 1347 4037 et
1374 3999 1588 4038 (illlllt’m
1620 3985 1874 4055 populum
1908 4001 1970 4041 ac
1998 3995 2108 4040 ter-

507 4087 621 4126 rain
652 4072 792 4142 ejus,
821 4073 1095 4143 faciesque
1119 4075 1198 4129 illi
1229 4076 1364 4131 sicut
1396 4077 1570 4132 feciin
1605 4079 1749 4135 Seon
1772 4082 1882 4152 regi
1911 4082 2106 4137 Amord

508 4165 778 4218 rbaeorum
823 4166 1113 4221 liabitalori
1157 4168 1392 4224 Esebon.
1427 4169 1822 4228 Percusserunt
1861 4173 2022 4244 igitur
2049 4183 2107 4231 et

509 4255 654 4311 buuc
695 4272 819 4312 cum
869 4257 993 4313 ﬁliis
1043 4261 1179 4325 suis,
1221 4261 1642 4334 universumque
1684 4265 1938 4334 populum
1988 4267 2108 4338 ejus

506 4367 684 4422 usque
741 4354 806 4406 ad
857 4353 1320 4420 internecionem,
1377 4368 1434 4412 et
1493 4358 1855 4429 possederunt
1901 4368 2104 4417 terram

509 4441 675 4500 illius.

581 4535 664 4607 [Β.
692 4535 802 4604 LV,
833 4536 962 4608 Cap.
996 4538 1191 4613 XXII.]
1220 4539 1562 4613 Proiectique
1587 4547 1958 4600 castrametatl
1981 4557 2105 4601 sunt

2210 3337 2460 3405 Dixitque
2493 3334 2634 3387 Deus
2666 3333 2732 3386 ad
2762 3333 2978 3386 Balaam
3008 3350 3020 3385 :
3054 3330 3175 3386 Noli
3209 3331 3294 3384 ire
3328 3344 3456 3384 cum
3483 3328 3568 3383 eis
3589 3368 3603 3389 ,
3639 3338 3803 3395 neque

2207 3427 2494 3482 maledicus
2527 3424 2728 3496 popqu
2752 3466 2767 3490 ,
2818 3426 2940 3494 quia
2984 3423 3316 3479 benedictus
3365 3431 3474 3478 est.
3507 3419 3614 3488 Qui
3646 3431 3790 3473 mane

2204 3535 2546 3591 consurgens
2563 3519 2780 3574 dixitad
2809 3519 3114 3590 principes:
3138 3517 3214 3573 ite
3240 3519 3295 3572 in
3323 3527 3538 3572 terram
3560 3525 3805 3581 vestram,

2207 3615 2327 3684 quia
2356 3612 2630 3684 prohibuit
2655 3626 2740 3666 me
2761 3611 3024 3664 Dominus
3044 3609 3232 3664 venire
3252 3608 3575 3663 vobiscum.
3601 3603 3809 3659 Reversi

2208 3709 2490 3781 principes
2529 3707 2787 3761 dixerunt
2814 3704 2881 3759 ad
2917 3704 3078 3759 Balac
3107 3722 3120 3758 :
3153 3702 3349 3757 Noluit
3378 3701 3607 3756 Balaam
3637 3695 3814 3753 venire

2207 3801 2511 3857 nobiscum.
2566 3800 2798 3853 Rursum
2848 3797 2940 3852 ille
2982 3795 3152 3851 multo
3191 3795 3386 3865 plures
3432 3801 3493 3849 et
3523 3790 3817 3848 nobiliores

2205 3911 2364 3968 quam
2407 3903 2534 3948 ante.
2580 3892 2842 3959 miserat,
2877 3891 3044 3946 misit.
3078 3889 3203 3959 Qui,
3249 3904 3381 3944 cum
3430 3887 3712 3944 venissent
3756 3880 3819 3937 ad

2210 3989 2426 4045 Balaam
2455 4027 2471 4055 ,
2517 3986 2774 4042 direrunt
2803 4002 2816 4039 :
2846 3984 2937 4040 Sic
2965 3983 3099 4039 dicit
3137 3983 3152 4056 ι
3179 3983 3233 4036 h.
3271 3983 3413 4038 Hmc
3444 3977 3622 4053 dicit]
3669 3976 3822 4033 Baiae

2209 4083 2353 4138 ﬁlius
2376 4079 2622 4151 Sepphor
2651 4097 2664 4133 :
2691 4077 2769 4134 Ne
2807 4078 3083 4133 cunctaris
3110 4076 3304 4132 venire
3340 4077 3414 4130 ad
3446 4090 3540 4131 me
3567 4093 3579 4126 :
3609 4079 3817 4142 paratus

2208 4189 2327 4229 sum
2359 4173 2634 4229 honorare
2665 4182 2716 4227 te
2737 4215 2749 4238 ,
2782 4181 2836 4226 et
2865 4169 3127 4241 quidquid
3156 4169 3412 4224 volueris
3448 4167 3601 4224 dabo
3631 4165 3722 4238 [h.
3752 4162 3826 4217 fa-

2209 4271 2370 4326 ciam.
2409 4268 2565 4340 Vulg.
2597 4269 2722 4322 add.
2755 4266 2875 4338 tibi]
2904 4281 2919 4321 :
2952 4265 3102 4330 veni,
3135 4273 3193 4320 et
3215 4263 3466 4318 maledic
3496 4261 3702 4332 populo
3725 4256 3826 4313 isti.

2211 4362 2512 4433 Respondit
2541 4361 2760 4416 Balaam
2794 4378 2806 4412 :
2838 4357 2897 4415 Si
2939 4356 3150 4412 dederit
3194 4354 3338 4411 mihi
3393 4353 3571 4409 Baiae
3623 4352 3830 4422 plenam

2211 4455 2429 4510 domum
2461 4467 2614 4508 suam
2646 4451 2855 4523 argenti
2878 4460 2933 4506 et
2963 4449 3104 4520 auri,
3150 4463 3258 4504 non
3300 4456 3511 4517 potero
3546 4446 3833 4501 immutare

2214 4548 2440 4602 verbum
2484 4543 2699 4600 Domini
2731 4542 2826 4599 Dei
2857 4543 2967 4598 mei
3010 4559 3022 4595 :
3063 4550 3125 4596 ut
3162 4539 3251 4596 vel
3299 4538 3440 4608 plus
3469 4579 3484 4610 ,
3529 4538 3622 4594 vel
3666 4534 3839 4590 minus

509 4691 768 4774 rimorum
795 4696 1011 4774 quidam
1037 4699 1455 4774 interpretantes,
1482 4711 1664 4768 pulanl
1686 4719 1786 4756 non
1814 4705 2106 4760 mansiones
2136 4712 2186 4772 1)
2211 4705 2389 4762 Seone
2417 4720 2596 4774 regem
2623 4703 2976 4774 Moabitarum
3009 4703 3266 4772 primum,
3296 4704 3397 4760 vel
3431 4719 3566 4760 eum
3614 4701 3708 4773 qui
3752 4712 3838 4754 re-

511 4778 638 4846 esse,
671 4763 759 4818 sed
789 4763 1064 4834 transitus,
1095 4763 1199 4846 etc.
1233 4763 1560 4846 Prudentem
1584 4774 2003 4846 studiosumque
2035 4776 2111 4832 Ie-

515 4843 720 4918 etorem
763 4849 1003 4918 rogatum
1043 4841 1248 4918 .veiim,
1297 4851 1352 4918 ut
1396 4845 1531 4918 sciat
1582 4841 1967 4918 liietjonymuin
2007 4847 2109 4904 hoc

516 4903 877 4990 locooverter'e
904 4910 1148 4990 qna-dam
1171 4903 1664 4990 nominailehraica
1688 4903 1836 4985 jnxia
1865 4903 2110 4987 proprias

513 4978 975 5058 signiﬁcationes,
1019 4981 1245 5058 licetuin
1292 4999 1446 5040 sacro
1492 4996 1640 5042 textu
1684 4978 1746 5043 ea
1785 4978 2026 5058 posuerit
2053 4999 2114 5045 ut

513 5045 765 5116 leguntur
789 5050 838 5104 in
869 5051 1111 5110 Hebraeo.
1143 5055 1321 5111 MART.

588 5126 614 5154 ⁸
645 5119 1082 5202 codex‘prbinas
1113 5127 1254 5202 plus,
1283 5137 1446 5202 atque
1466 5127 1815 5202 aliterltabet
1841 5149 1854 5186 :
1879 5129 2106 5202 Profec-

517 5189 740 5274 l‘ique‘de
760 5191 1037 5274 solitudine
1059 5189 1124 5249 iu'
1155 5189 1429 5274 illa-tlha'na
1454 5216 1472 5274 ς
1505 5201 1567 5254 de
1597 5199 1875 5274 Manliana
1907 5203 1960 5256 in
1993 5189 2108 5257 Να-

515 5261 694 5345 Ilali_e_l,
723 5263 1052 5345 ete.,.l_"erme
1085 5271 1608 5345 rergnsﬁonferﬁi
1644 5272 1792 5345 libet,
1826 5274 1994 5341 Epist.
2021 5275 2110 5341 78,

516 5333 587 5409 de
615 5333 1007 5409 Mausionibus,
1067 5341 1132 5392 ad
1183 5340 1416 5407 Fabioi.,
1451 5333 1621 5398 illans.
1655 5344 1746 5409 59,
1779 5333 1886 5400 'ubi
1937 5333 2110 5402 totum

519 5405 619 5479 huc
641 5419 856 5479 carmen
886 5405 1004 5462 aliis
1035 5425 1180 5479 δευρί)
1203 5413 1385 5468 verbis
1406 5405 1606 5470 recitat
1633 5415 1689 5470 S.
1718 5405 1894 5473 Pater.

587 5476 614 5554 ιζ
643 5475 841 5532 Vocem
866 5495 1028 5554 aquas
1057 5475 1285 5536 Urbinas
1318 5501 1415 5539 ms.
1455 5486 1706 5554 ignorat;
1739 5487 1900 5544 habet
1930 5499 2112 5545 tamen

519 5545 818 5624 Hebro-unt
838 5545 1216 5624 archetypum,
1244 5554 1444 5624 aliique
1475 5545 1622 5612 libri.

592 5632 613 5658 ο
649 5621 911 5688 Equidem
938 5635 992 5674 et
1025 5621 1074 5676 in
1109 5621 1334 5682 Hebrteo
1360 5621 1578 5684 additur
1604 5639 1828 5711 prima
1856 5633 2106 5704 primunt.

591 5714 617 5754 ά
649 5717 795 5772 Bene
826 5729 1010 5774 mouet
1041 5719 1406 5781 Scboliastes.
1437 5723 1578 5790 quod
1625 5726 1770 5781 Seon
1799 5740 1892 5781 rex
1925 5726 2114 5782 Amor-

521 5787 1149 5868 rbaaorumexpuguavit
1181 5805 1362 5868 regem
1406 5787 1561 5868 Moab
1599 5796 1836 5858 priorem
1867 5815 1879 5850 :
1911 5797 2116 5868 signili.

520 5866 608 5912 cat
637 5861 784 5915 enim
807 5859 1088 5935 Scriptura
1130 5859 1290 5935 hujus
1344 5863 1446 5920 loci
1475 5876 1845 5938 expugnatum
1885 5859 2052 5926 fuisse
2078 5883 2111 5928 a

2220 4773 2634 4849 guaverat’ante
2659 4773 2837 4849 Baiae.
2864 4773 3041 4849 Mans.

2297 4861 2318 4886 θ
2343 4847 2480 4903 Olim
2505 4865 2602 4914 pro
2628 4857 2720 4912 ay,
2747 4845 3013 4914 ad,,quod
3045 4845 3303 4901 scribitur
3359 4848 3418 4902 in
3467 4845 3714 4902 Hebraeo
3745 4838 3839 4896 lto—

2218 4895 3325 5001 ᾱ-ῑοιηιῖὁίὶὲᾷὲῐηὲῖιίίίἑ’Βῆξαἳξιῖίςιῖέιῖιὲι
3360 4895 3614 5001 signa
3632 4895 3845 4994 sam..-

2216 4993 2423 5116 manu“,
2460 5005 2522 5043 ac
2561 5005 2624 5044 ex
2665 4993 2918 5060 praesenti
2945 4993 3172 5046 canonis
3214 4993 3598 5044 annotatione
3650 4999 3843 5054 margi-

2220 5079 2282 5116 na
2313 5081 2347 5116 i.
2376 5103 2386 5115 .
2426 5077 2553 5116 sar.

2220 5064 2579 5204 "3:15:33:
2594 5132 2952 5197 Scholiastes,
2965 5129 3444 5202 quemadmodum
3460 5131 3848 5188 Samaritanus

2221 5226 2510 5291 interpres,
2540 5207 2612 5289 ἓν
2643 5240 2738 5294 pro
2766 5234 2857 5290 Ἰν,
2891 5222 3035 5294 quod
3057 5231 3113 5278 et
3141 5221 3404 5280 Martian.
3438 5233 3627 5293 putat.

2296 5294 2312 5333 ί
2357 5297 2606 5350 Omnium
2648 5293 2862 5364 optime
2911 5293 3307 5364 interpretatur
3355 5295 3648 5352 Hebrzcus
3687 5293 3854 5351 Sebo-

2220 5368 2403 5422 liastes
2426 5409 2440 5433 ,
2472 5369 2523 5420 in
2565 5366 2756 5420 Pltelor
2786 5382 2940 5438 super
2967 5368 3159 5438 ﬂumen
3191 5377 3350 5438 terra?
3379 5367 3636 5437 ﬁliorum
3673 5365 3853 5434 pepuli

2218 5440 2296 5493 sui
2322 5483 2336 5507 ,
2373 5456 2469 5507 pro
2497 5439 2723 5508 ﬁliorum
2752 5437 2990 5491 Ammon.
3025 5437 3156 5492 Nam
3199 5437 3409 5492 ﬂuvius
3442 5475 3456 5500 ,
3507 5441 3610 5509 qui
3647 5449 3856 5492 terram

2219 5513 2650 5566 Amtnonitarum
2681 5511 2983 5578 perlueret,
3024 5512 3236 5578 penitus
3267 5509 3612 5577 ignoratur.
3653 5509 3713 5564 S.
3737 5509 3859 5563 Ilie-

2218 5597 2483 5654 ronymus
2523 5580 2799 5654 acceperit
2849 5595 3036 5654 vocem
3079 5585 3264 5641 m1?!)
3291 5622 3308 5646 ,
3367 5581 3549 5654 juxta
3587 5579 3859 5654 etymolo-

2217 5651 2359 5724 giam
2389 5697 2403 5721 ,
2455 5653 2581 5725 quia
2613 5651 2823 5725 Aricina
2853 5651 3227 5725 signiﬁcatur,
3284 5653 3558 5720 prosloc't
3595 5651 3824 5708 nomine
3845 5687 3861 5715 ,

2222 5723 2272 5782 id
2302 5735 2425 5792 est,
2476 5723 2716 5800 Phalor,
2761 5723 2951 5780 Graece
2987 5723 3216 5800 φαθουρὸε
3260 5733 3275 5776 z
3333 5725 3676 5800 Iegeritque
3723 5738 3866 5792 prtec

2220 5807 2365 5924 terlea
2393 5807 2550 5883 nm,
2583 5795 2802 5851 Ammon
2824 5837 2840 5862 ,
2871 5811 2970 5867 pro
2996 5795 3110 5859 ππ
3134 5795 3159 5861 ,”
3182 5795 3377 5850 Ληιηιο
3409 5833 3427 5860 ,
3460 5796 3624 5867 quod
3654 5805 3744 5853 est
3774 5809 3870 5864 po-

2220 5886 2289 5924 ou
2314 5887 2330 5923 ι
2361 5886 2462 5923 ειη.

2220 5886 2330 5940 putt
2361 5886 2462 5923 ειη.
