4098 6366
480 336 593 398 383

1484 339 1546 397 S.
1586 332 1968 396 HILRONYMI
2005 333 2240 395 DIVINA
2277 337 2755 397 BIBLIOTHECA.

3669 337 3778 398 584

484 448 696 524 plebit?
729 459 754 490 ι
782 449 864 510 Ad
893 451 1328 511 benedicendum
1355 452 1616 510 adductus
1643 467 1784 522 sum,
1818 450 2072 508 benedic-
2098 455 2154 515 Α
2175 455 2321 527 genti
2349 465 2404 512 et
2427 457 2564 527 auri,
2614 472 2725 513 non
2785 465 2977 529 potero
3018 454 3301 529 praeterire
3329 470 3642 514 sermonem
3671 456 3786 512 Do;

486 543 690 601 tionem
719 545 1014 617 prohibere
1041 562 1149 604 non
1172 548 1328 604 valeo
1360 547 1456 620 [h.
1492 546 1637 603 Ecce
1662 546 2076 604 benedictiones

485 641 694 711 accepi,
724 655 754 695 a
781 642 980 713 quibus
1009 641 1290 714 prohiberi
1321 657 1428 697 non
1459 640 1662 714 valeo].
1695 641 1812 698 Non
1845 649 1932 698 est
1960 639 2081 696 ido-

483 733 596 790 lum
656 734 710 791 in
757 734 925 792 Jacob
949 777 966 805 ,
1017 751 1119 792 nec
1155 736 1370 792 videtur
1411 735 1766 791 simulacrum
1803 735 1853 789 in
1887 733 2072 790 Israel.

487 823 750 882 Dominus
785 828 925 883 Deus
952 826 1068 898 ejus
1093 843 1217 884 cum
1244 843 1313 884 eo
1337 838 1418 884 est
1440 868 1456 895 ,
1499 837 1555 885 et
1585 828 1808 899 clangor
1835 827 2079 884 victorias

479 921 623 992 regis
654 922 708 977 in
746 922 860 976 illo.
909 923 1052 979 Deus
1091 922 1280 978 eduxit
1320 937 1443 978 eum
1489 922 1560 979 de
1600 921 1837 994 Egypto
1862 963 1878 989 ,
1920 921 2078 992 cujus

477 1012 744 1070 fortitudo
772 1015 965 1072 similis
993 1025 1077 1072 est
1102 1014 1513 1072 Rhinocerotis.
1537 1015 1655 1072 Non
1682 1023 1766 1071 est
1792 1015 2076 1086 augurium

479 1107 534 1164 in
561 1107 730 1164 Jacob
754 1149 769 1173 ,
817 1124 919 1165 nec
947 1109 1214 1166 divinatio
1254 1111 1307 1166 in
1344 1110 1531 1166 Israel.
1569 1109 1932 1180 Temporibus
1963 1109 2079 1164 suis

481 1200 699 1258 dicetur
727 1203 899 1258 Jacob
927 1210 984 1258 et
1010 1202 1199 1260 Israeli
1226 1204 1354 1276 quid
1385 1213 1640 1275 operatus
1676 1202 1750 1258 sit
1790 1202 1932 1258 Deus
1973 1199 2072 1273 [h.

480 1293 608 1365 quid
631 1301 890 1364 operatur
911 1293 1099 1367 Deus].
1135 1296 1276 1353 Ecce
1304 1297 1535 1368 populus
1563 1306 1622 1351 ut
1651 1295 1820 1351 lezena
1850 1307 2079 1350 consur-

480 1396 612 1458 get,
658 1395 714 1443 et
743 1388 902 1461 quasi
931 1387 1015 1444 leo
1045 1391 1287 1462 erigetur
1330 1408 1343 1444 :
1392 1405 1499 1446 non
1528 1389 1858 1454 accubabit,
1903 1386 2079 1444 donec

485 1480 717 1538 devoret
765 1482 1008 1553 praedam
1039 1525 1055 1548 ,
1101 1493 1157 1541 et
1199 1484 1503 1542 occisorum
1542 1484 1862 1554 sanguinem
1903 1482 2075 1538 bibat.

485 1573 741 1646 Dixitque
765 1575 925 1632 Balac
953 1577 1022 1632 ad
1050 1579 1268 1635 Balaam
1302 1597 1317 1635 :
1348 1579 1460 1636 Nec
1484 1578 1776 1635 maledicas
1803 1578 1853 1634 ei
1885 1576 2073 1649 [ναις.

487 1674 589 1720 (ac.
621 1665 718 1740 ei],
755 1682 857 1725 nec
884 1669 1201 1726 benedicas.
1236 1671 1305 1727 Et
1335 1671 1424 1728 ille
1448 1671 1525 1727 ait
1554 1689 1565 1724 :
1590 1671 1783 1728 Nonne
1811 1669 1923 1726 dixi
1956 1668 2073 1735 tibi,

483 1760 629 1830 quod
657 1761 922 1832 quidquid
953 1762 1089 1819 mihi
1121 1763 1384 1820 Dominus
1415 1763 1602 1838 [Vulg.
1633 1763 1802 1835 Deus]
1837 1762 2073 1832 impera-

2181 549 2314 604 mini
2344 547 2442 605 Dei
2472 550 2576 606 mei
2618 549 2701 622 [h.
2735 564 2840 606 non
2871 549 3034 606 habet
3061 550 3156 606 Dei
3188 550 3343 617 mei],
3395 558 3454 605 ut
3510 550 3596 606 vel
3650 548 3784 604 boni

2180 641 2306 712 quid
2337 641 2428 698 vel
2459 643 2584 698 mali
2609 641 2885 713 proferam
2909 658 2976 698 ex
3005 643 3172 698 corde
3203 657 3359 699 meo:
3387 642 3483 698 sed
3514 639 3784 715 quidquid

2181 734 2442 790 Dominus
2469 735 2687 806 dixerit,
2724 736 2827 792 hoc
2855 737 3084 808 loquar?
3114 735 3497 792 Verumtamen
3546 750 3784 806 pergens

2180 828 2247 884 ad
2294 829 2552 901 populum
2608 845 2808 898 meum,
2865 830 3008 886 dabo
3043 829 3348 898 consilium,
3384 829 3516 901 quid
3548 829 3785 901 populus

2182 935 2304 980 tuus
2330 924 2455 980 huic
2487 925 2681 995 p0pulo
2732 924 2892 980 faciat
2933 933 3186 981 extremo
3243 935 3507 995 tempore.
3558 923 3785 994 Sumpta

2180 1017 2344 1089 igitur
2383 1019 2660 1088 parabola,
2719 1033 2932 1074 rursum
2995 1019 3071 1074 ait
3111 1037 3122 1072 :
3169 1018 3324 1074 Dixit
3371 1017 3588 1073 Balaam
3639 1017 3787 1072 ﬁlius

2181 1111 2360 1168 Beor:
2393 1111 2530 1168 dixit
2558 1112 2741 1179 homo,
2774 1112 2929 1182 cujus
2954 1113 3240 1170 obturatus
3278 1121 3364 1168 est
3393 1112 3582 1168 oculus
3608 1129 3622 1165 :
3645 1112 3787 1168 dixit

2181 1202 2398 1260 auditor
2445 1219 2756 1260 sermonum
2781 1203 2898 1271 Dei,
2926 1206 3016 1276 qui
3057 1205 3214 1260 novit
3252 1203 3560 1261 doctrinam
3614 1203 3790 1259 Altis-

2181 1296 2304 1352 simi
2351 1305 2409 1352 et
2454 1297 2691 1352 visiones
2737 1297 3142 1367 Omnipotentis
3195 1297 3382 1364 videt,
3438 1298 3531 1368 qui
3579 1297 3788 1354 cadens

2179 1397 2401 1460 apertos
2429 1389 2593 1446 habet
2633 1390 2840 1446 oculos.
2882 1389 3093 1447 Videbo
3116 1405 3263 1457 eum,
3295 1389 3391 1446 sed
3423 1404 3531 1445 non
3579 1389 3785 1446 modo:

2179 1483 2429 1540 intuebor
2457 1483 2631 1550 illum,
2681 1481 2776 1538 sed
2809 1497 2916 1538 non
2944 1497 3114 1554 prope
3160 1482 3239 1555 [h.
3271 1482 3444 1539 Video
3487 1498 3638 1551 eum,
3685 1481 3788 1538 sed

2181 1591 2286 1633 non
2310 1575 2506 1642 modo;
2537 1575 2824 1633 considero
2850 1575 3022 1644 illum,
3048 1576 3269 1643 sedjnon
3304 1574 3518 1648 prope].
3566 1575 3790 1633 Orietur

2179 1669 2338 1726 stella
2367 1684 2436 1725 ex
2463 1668 2652 1736 Jacob,
2681 1677 2736 1724 et
2753 1677 3048 1740 consurget
3069 1669 3216 1741 virga
3241 1685 3310 1725 ex
3339 1669 3529 1735 Israel,
3573 1678 3628 1724 et
3655 1683 3783 1739 per-

2180 1763 2345 1820 cutiet
2367 1763 2532 1819 duces
2558 1763 2740 1827 Moab,
2764 1763 3108 1835 vastabitque
3147 1779 3340 1821 omnes
3372 1764 3516 1820 ﬁlios
3544 1764 3698 1822 Seth.
3717 1764 3787 1820 Et

481 1859 588 1919 ret,
605 1852 708 1908 hoc
729 1854 1001 1911 facerem?
1025 1855 1092 1910 Et
1111 1855 1360 1910 aitBalac
1381 1855 1448 1911 ad
1467 1872 1589 1911 eum
1612 1874 1624 1909 :
1648 1854 1784 1910 Veni
1807 1863 1861 1910 et
1881 1852 2075 1909 ducam
2109 1855 2156 1915 B
2181 1856 2287 1912 erit
2310 1855 2543 1912 Idumzea
2575 1857 2854 1928 possessio
2909 1856 3062 1926 ejus:
3111 1855 3400 1913 haereditas
3448 1857 3573 1913 Seir
3621 1856 3784 1913 cedet

479 1953 533 2002 te
561 1945 627 2000 ad
655 1945 824 2004 alium
852 1947 1031 2004 locum
1063 1966 1076 2004 :
1109 1949 1157 2005 si
1187 1949 1326 2005 forte
1351 1950 1563 2020 placeat
1581 1949 1694 2005 Deo
1724 1958 1783 2004 ut
1809 1947 1937 2004 inde
1962 1962 2074 2002 ma-

480 2037 684 2095 ledicas
731 2041 804 2095 ei.
851 2040 1098 2113 Cumque
1136 2041 1383 2099 duxisset
1425 2059 1548 2099 eum
1595 2057 1762 2114 super
1807 2027 2075 2099 verticeni

485 2132 688 2188 montis
718 2132 940 2190 Phohor
967 2177 981 2202 ,
1022 2136 1115 2207 qui
1161 2136 1388 2208 respicit
1424 2136 1775 2193 solitudinem
1803 2178 1818 2202 ,
1864 2136 2001 2192 dixit
2027 2135 2078 2191 ei

482 2222 702 2280 Balaam
733 2245 748 2280 :
780 2225 1017 2283 Edilica
1049 2227 1182 2284 mihi
1214 2228 1302 2285 hic
1331 2238 1543 2300 septem
1572 2243 1718 2297 aras,
1753 2236 1808 2285 et
1835 2244 1965 2300 para
2000 2239 2082 2286 to-

487 2318 657 2375 tidem
706 2321 945 2388 vitulos,
997 2321 1354 2395 ejusdemque
1398 2323 1613 2379 numeri
1653 2323 1874 2394 arietes.
1927 2321 2081 2404 Fecit

484 2411 650 2470 Balac
694 2423 754 2471 ut
783 2414 1005 2472 Balaam
1044 2416 1262 2473 dixerat
1314 2435 1325 2471 :
1375 2417 1741 2490 imposuitque
1783 2417 1983 2474 vitulos
2026 2427 2081 2474 et

484 2508 683 2564 arietes
711 2522 811 2579 per
838 2509 1081 2580 singulas
1107 2525 1256 2567 aras.

557 2599 709 2674 [Cap.
739 2601 961 2676 XXIV.]
999 2601 1244 2676 Cumque
1270 2605 1500 2663 vidisset
1528 2606 1753 2662 Balaam
1786 2608 1940 2680 quod
1964 2609 2080 2678 pla-

481 2701 638 2748 ceret
668 2693 898 2750 Domino
923 2735 940 2763 ,
996 2705 1053 2751 ut
1080 2695 1437 2754 benediceret
1468 2698 1653 2754 Israeli
1685 2740 1699 2765 ,
1744 2714 2080 2772 nequaquam

476 2785 610 2842 abiit
634 2795 692 2841 ut
717 2797 842 2844 ante
875 2800 1219 2859 perrexerat,
1249 2801 1306 2846 ut
1333 2791 1622 2862 augurium
1646 2803 1924 2863 quaereret
1948 2811 1959 2847 :
1984 2793 2081 2849 sed

483 2878 729 2950 dirigens
758 2890 947 2937 contra
976 2882 1258 2940 desertum
1289 2885 1499 2940 vultum
1526 2899 1683 2940 suum
1710 2930 1724 2955 ,
1775 2895 1830 2942 et
1860 2886 2084 2942 elevans

485 2973 674 3029 oculos
705 2975 841 3029 vidit
869 2975 1036 3032 Israel
1061 2977 1114 3032 in
1141 2977 1393 3032 tentoriis
1417 2988 1843 3035 commorantem
1869 2994 1964 3050 per
1988 2981 2083 3036 tri-

484 3064 590 3120 bus
621 3079 751 3121 suas
773 3106 789 3132 ,
839 3075 897 3121 et
926 3067 1167 3124 irruente
1199 3069 1251 3124 in
1282 3084 1343 3126 se
1374 3069 1585 3140 Spiritu
1629 3071 1724 3126 Dei
1752 3113 1768 3140 ,
1799 3082 2080 3143 assumpta

482 3159 767 3231 parabola,
798 3160 876 3215 ait
908 3179 920 3215 :
952 3162 1097 3217 Dixit
1120 3163 1336 3218 Balaam
1361 3163 1505 3219 filius
1527 3165 1668 3221 Beor
1695 3185 1706 3218 :
1731 3166 1868 3222 dixit
1889 3167 2078 3235 homo,

2179 1950 2412 2008 inimicis
2439 1949 2550 2005 suis
2579 1968 2592 2004 :
2622 1947 2789 2006 Israel
2817 1964 2951 2005 vero
2981 1949 3194 2006 fortiter
3230 1960 3372 2021 aget.
3399 1951 3474 2007 De
3496 1951 3665 2008 Jacob
3680 1950 3788 2006 erit

2178 2045 2266 2114 qui
2289 2042 2616 2112 dominetur,
2641 2050 2696 2098 et
2720 2042 2913 2113 perdat
2937 2043 3195 2114 reliquias
3217 2043 3479 2100 civitatis.
3535 2043 3786 2114 Cumque

2178 2135 2405 2192 vidisset
2444 2136 2689 2204 Amalec,
2737 2151 3021 2193 assumens
3069 2137 3385 2207 parabolam
3430 2137 3786 2194 ait:Princi-

2179 2229 2328 2302 pium
2357 2230 2593 2302 gentium
2624 2229 2869 2298 Amalec,
2901 2231 3053 2302 cujus
3080 2241 3325 2288 extrema
3351 2233 3670 2303 perdentur.
3689 2231 3783 2287 Vi-

2182 2322 2262 2378 dit
2283 2337 2498 2393 qttoque
2521 2320 2763 2378 Cinzeum
2790 2339 2803 2376 :
2836 2331 2892 2377 et
2916 2332 3194 2393 assumpta
3233 2324 3492 2394 parabola
3518 2325 3598 2379 ait
3627 2341 3640 2378 :
3675 2324 3787 2379 Ro-

2179 2416 2400 2473 bustum
2426 2417 2747 2486 estquidem
2777 2417 3155 2473 ltabitaeulum
3189 2418 3492 2475 tuumzsed
3523 2420 3568 2474 si
3603 2418 3655 2473 in
3687 2433 3786 2490 pe-

2183 2520 2262 2567 tra
2289 2511 2539 2581 posueris
2569 2511 2756 2567 nidum
2789 2516 2964 2582 tuum,
2997 2521 3055 2569 et
3082 2511 3245 2569 fueris
3265 2513 3476 2571 electus
3502 2513 3572 2570 de
3600 2514 3778 2584 stirpe

2181 2602 2350 2659 Cinaei
2389 2602 2778 2674 [Librariorum
2811 2619 3002 2660 errore
3052 2606 3243 2660 vitium
3276 2605 3536 2675 inolevit,
3566 2618 3626 2662 ut
3684 2621 3785 2677 pro

2183 2697 2370 2753 Cinaeo
2399 2695 2490 2752 hic
2509 2696 2643 2754 Cain
2674 2697 2972 2770 scribatur]
2997 2741 3012 2764 ,
3047 2698 3310 2769 quamdiu
3336 2699 3542 2769 poteris
3564 2715 3788 2770 perma-

2185 2807 2316 2849 nere
2339 2792 2362 2845 ?
2384 2792 2557 2848 Assur
2585 2791 2730 2848 enim
2757 2793 2938 2862 capiet
2980 2802 3054 2848 te.
3087 2792 3494 2865 Assumptaque
3525 2795 3784 2864 parabola

2184 2885 2384 2942 iterum
2414 2885 2624 2940 locutus
2671 2893 2754 2940 est
2780 2901 2796 2940 :
2826 2884 2955 2952 heu,
2985 2886 3108 2955 quis
3135 2883 3380 2941 victurus
3410 2895 3514 2954 est,
3565 2885 3786 2957 quando

2186 2979 2290 3035 ista
2318 2978 2479 3033 faciet
2534 2976 2716 3032 Deus?
2745 2976 2980 3032 Venient
3000 2977 3055 3033 in
3098 2977 3358 3034 trieribus
3388 2978 3456 3034 de
3488 2978 3659 3053 Italia,
3687 2993 3788 3033 su-

2186 3075 2452 3147 perabunt
2480 3073 2759 3145 Assyrios,
2790 3073 3190 3143 vastabuntque
3211 3071 3491 3138 Hebraeos,
3521 3081 3578 3127 et
3598 3071 3665 3126 ad
3688 3086 3791 3127 ex-

2189 3178 2417 3223 tremum
2449 3167 2614 3223 etiam
2638 3165 2738 3236 ipsi
2767 3164 3038 3235 peribunt.
3071 3165 3444 3235 Surrexitque
3465 3163 3704 3229 Balaam,
3733 3171 3791 3218 et

483 3253 638 3323 cujus
665 3253 947 3310 obturatus
981 3258 1280 3314 est‘ocultts
1309 3275 1322 3314 :
1354 3258 1492 3314 dixit
1519 3260 1739 3316 auditor
1766 3276 2078 3318 sermonum
2109 3246 2154 3310 C
2185 3273 2439 3318 reversus
2461 3260 2622 3316 estin
2652 3258 2831 3314 locum
2854 3272 3013 3313 suum
3045 3273 3058 3311 :
3092 3256 3254 3313 Balac
3284 3271 3502 3328 quoque
3540 3256 3650 3323 via,
3679 3268 3790 3326 qua

486 3344 623 3412 Dei,
667 3347 760 3418 qui
793 3348 1058 3404 visionem
1091 3350 1496 3423 Omnipotentis
1541 3354 1773 3411 intuitus
1811 3364 1893 3411 est
1923 3399 1937 3423 ,
1986 3357 2079 3427 qui

484 3440 670 3508 cadit,
718 3451 774 3497 et
809 3443 887 3497 sic
927 3443 1246 3514 aperiuntur
1271 3446 1413 3502 oculi
1453 3447 1591 3516 ejus.
1635 3447 1808 3516 Quam
1850 3450 2079 3520 pulchra

483 3532 834 3590 tabernacula
863 3544 952 3590 tua
978 3581 993 3606 ,
1037 3537 1238 3604 Jacob,
1269 3547 1323 3594 et
1354 3541 1582 3595 tentoria
1614 3550 1726 3606 tua,
1759 3542 1924 3598 Israel
1955 3545 1968 3599 !
2017 3553 2077 3601 ut

490 3627 661 3683 valles
691 3643 1021 3699 nemorosae,
1071 3640 1132 3686 ut
1171 3631 1313 3687 borti
1351 3633 1509 3707 juxta
1546 3632 1742 3690 ﬁuvios
1771 3635 1983 3707 irrigui,
2027 3645 2085 3692 ut

483 3718 833 3775 tabernacula
863 3736 983 3792 quae
1013 3721 1128 3777 ﬁxit
1159 3704 1454 3792 Dominus,
1489 3727 1646 3796 quasi
1677 3727 1822 3783 cedri
1857 3704 2082 3800 propter

489 3824 676 3880 aquas.
703 3811 858 3869 Fluet
875 3829 1012 3885 aqua
1035 3815 1104 3871 de
1125 3815 1282 3872 situla
1307 3817 1422 3888 ejus
1442 3863 1456 3887 ,
1487 3828 1541 3874 et
1579 3835 1766 3876 semen
1803 3821 1954 3878 illius
1976 3824 2084 3880 erit

483 3905 537 3960 in
563 3921 728 3976 aquas
752 3907 973 3964 multas.
997 3909 1240 3966 Tolletur
1269 3920 1490 3982 propter
1522 3913 1691 3984 Agag,
1725 3929 1824 3971 rex
1858 3915 1998 3986 ejus,
2030 3927 2084 3972 et

485 3997 763 4053 auferetur
784 4013 1012 4070 regnum
1036 4001 1205 4057 illius.
1224 4005 1364 4059 Deus
1381 4004 1565 4060 eduxit
1585 4021 1708 4062 eum
1733 4006 1800 4062 de
1818 4008 2077 4080 Egypto,

487 4090 647 4161 cujus
680 4090 942 4150 fortitudo
973 4095 1168 4152 similis
1195 4108 1278 4154 est
1304 4097 1689 4155 rhinocerotis.
1736 4100 2084 4158 Devorabunt

491 4192 686 4254 gentes
714 4183 900 4242 hostes
933 4185 1102 4254 illius,
1135 4203 1369 4261 ossaque
1395 4205 1585 4247 eorum
1615 4192 1979 4265 confringent,
2030 4203 2085 4250 et

491 4275 851 4348 perforabunt
881 4279 1108 4351 sagittis.
1159 4283 1444 4338 Accubans
1473 4283 1730 4341 dormivit
1767 4293 1824 4340 ut
1861 4285 1948 4341 leo
1974 4327 1988 4352 ,
2030 4294 2085 4340 et

480 4371 634 4442 quasi
669 4371 864 4441 leaena,
892 4389 1052 4445 quam
1074 4375 1336 4432 suscitare
1364 4378 1543 4434 nullus
1573 4378 1812 4436 audebit.
1843 4378 1924 4452 [h.
1950 4379 2083 4447 Quis

477 4468 765 4524 sttscitabit
795 4469 980 4543 eum?]
1009 4470 1110 4540 Qui
1148 4472 1492 4530 benedixerit
1548 4475 1683 4542 tibi,
1717 4474 1822 4530 erit
1872 4483 1926 4530 et
1965 4474 2084 4545 ipse

479 4558 796 4617 benedictus
821 4579 835 4617 :
860 4565 950 4634 qui
976 4563 1316 4621 tnaledixerit
1349 4566 1454 4622 tibi
1484 4565 1672 4640 [Vulg.
1707 4575 1812 4622 tac.
1849 4567 1991 4640 tibi],
2029 4569 2080 4622 in

2185 3364 2426 3419 venerat,
2458 3353 2638 3410 rediit.

2259 3447 2345 3521 [T.
2371 3446 2490 3517 xv,
2525 3446 2586 3500 B.
2614 3445 2751 3516 LVI,
2780 3445 2844 3503 c.
2876 3444 3040 3512 va,
3082 3443 3212 3514 Cap.
3256 3441 3453 3515 xxv]
3477 3441 3792 3497 Morabatur

2183 3548 2371 3596 autem
2421 3553 2487 3594 eo
2526 3547 2775 3607 tempore
2819 3536 2987 3593 Israel
3015 3537 3069 3592 iu
3102 3535 3362 3602 Settbim,
3398 3543 3452 3590 et
3485 3533 3790 3589 fornicatus

2185 3644 2270 3690 est
2298 3634 2527 3705 populus
2567 3648 2691 3688 cum
2725 3631 2941 3687 ﬁliabus
2966 3631 3144 3700 Moab,
3178 3646 3299 3701 quae
3329 3636 3667 3686 vocaverunt
3692 3643 3794 3683 eos

2186 3725 2254 3782 ad
2281 3725 2543 3780 sacriﬁcia
2577 3740 2671 3781 sua
2707 3725 2786 3797 [h.
2842 3724 2910 3780 ad
2957 3723 3224 3779 sacriﬁcia
3257 3723 3487 3779 deorum
3515 3719 3790 3793 suorum].

2194 3817 2266 3873 At
2293 3816 2370 3871 illi
2391 3815 2748 3871 comederunt
2776 3824 2832 3870 et
2859 3813 3228 3870 adoraverunt
3255 3814 3390 3870 deos
3431 3827 3642 3870 earum.
3678 3810 3792 3866 lni-

2187 3907 2457 3977 tiatusque
2483 3915 2569 3962 est
2589 3905 2755 3961 Israel
2786 3904 3181 3972 Beel-Phehor,
3214 3914 3282 3960 et"
3315 3905 3490 3960 iratus
3531 3902 3797 3958 Dominus

2185 4002 2347 4058 Israel
2378 4001 2457 4073 [h.
2491 4000 2902 4071 Adjunctusque
2929 4009 3014 4056 est
3043 3999 3234 4055 Israel.
3268 3997 3426 4069 Vulg.
3445 4007 3546 4053 tac.
3572 3995 3790 4068 Israel],

2186 4096 2263 4150 ait
2299 4095 2365 4149 ad
2397 4095 2585 4150 Mosen
2620 4111 2634 4148 :
2666 4093 2823 4150 Tolle
2865 4103 3096 4150 cunctos
3141 4092 3420 4165 principes
3472 4091 3662 4163 pepuli
3689 4134 3704 4157 ,
3737 4099 3798 4147 et

2188 4185 2467 4257 suspende
2501 4200 2596 4242 eos
2623 4196 2811 4242 contra
2842 4187 3013 4242 solem
3049 4187 3103 4242 in
3135 4185 3392 4257 patibulis
3443 4203 3458 4239 :
3489 4196 3546 4240 ut
3578 4193 3800 4240 averta-

2191 4290 2279 4336 tur
2310 4281 2458 4335 furor
2480 4294 2634 4334 meus
2663 4279 2730 4334 ab
2750 4278 2942 4334 Israel.
2976 4279 3230 4346 Dixitque
3261 4278 3444 4334 Moses
3473 4277 3543 4332 ad
3571 4276 3798 4333 Iudices

2186 4375 2352 4433 Israel
2377 4392 2392 4430 :
2424 4373 2650 4430 Occidat
2680 4373 3051 4445 unusquisque
3080 4373 3360 4443 proximos
3389 4387 3546 4439 suos,
3572 4371 3663 4442 qui
3691 4372 3800 4426 ini-

2190 4469 2306 4523 tiati
2331 4467 2412 4540 [h.
2441 4465 2702 4539 adjuncti]
2732 4475 2858 4522 sunt
2885 4463 3285 4522 Beel—Pheltor.
3315 4464 3385 4520 Et
3403 4479 3536 4521 ecce
3558 4479 3700 4520 unus
3723 4463 3798 4520 de

2189 4560 2318 4615 ﬁliis
2340 4559 2515 4614 Israel
2535 4558 2760 4614 intravit
2784 4573 2968 4615 coram
3002 4557 3262 4613 fratribus
3289 4557 3405 4614 suis
3449 4558 3516 4612 ad
3547 4567 3798 4613 scortum

481 4633 921 4712 maledictionem
953 4659 1313 4730 reputabitur.
1357 4633 1640 4732 Iratusque
1682 4661 1845 4718 Balac
1895 4633 2167 4717 contra‘D
2192 4653 2549 4721 Madianilin.
2599 4653 2820 4709 Videnle
2849 4652 3028 4720 M059.
3067 4661 3122 4706 θῑ
3157 4651 3308 4707 omni
3358 4652 3516 4706 ml‘ba
3553 4651 3800 4706 ίίιίοτιιῐῐι

477 4747 723 4817 Balaam,
755 4752 1051 4822 complosis
1094 4753 1363 4822 manibus,
1392 4755 1468 4810 ait
1503 4776 1514 4809 :
1545 4754 1628 4810 Ad
1652 4755 2083 4812 maledicendum

482 4837 720 4898 inimicis
746 4844 880 4900 meis
908 4843 1094 4900 vocavi
1129 4853 1201 4910 te,
1234 4846 1432 4917 quibus
1463 4847 1772 4903 econtrario
1799 4848 1962 4902 tertio
1990 4847 2086 4904 be-

2191 4744 2380 4813 Israel,
2405 4746 2497 4814 qui
2523 4744 2730 4800 ﬁebant
2758 4755 2887 4800 ante
2920 4744 3067 4800 fores
3098 4744 3435 4800 tabernaculi
3473 4743 3558 4816 |C.
3581 4742 3796 4814 LXVI].

2190 4836 2348 4905 Quod
2379 4852 2502 4893 cum
2532 4837 2759 4894 vidisset
2783 4836 3020 4894 Phinees
3045 4835 3187 4892 ﬁlius
3213 4835 3440 4892 Eleazar
3472 4835 3571 4890 ﬁlii
3607 4838 3794 4890 Aaron

2191 4931 2513 5000 sacerdotis,
2537 4930 2778 4986 surrexit
2819 4930 2889 4986 de
2910 4929 3091 4986 medio
3118 4928 3517 4993 multitudinis,
3553 4937 3610 4983 et
3646 4941 3804 4982 arre-

2195 5034 2287 5096 pto
2319 5027 2585 5096 pugione,
2615 5025 2899 5096 ingressus
2930 5034 3015 5080 est
3054 5034 3175 5096 post
3198 5025 3373 5080 virum
3425 5021 3704 5078 Israeliten
3738 5024 3800 5078 in

2200 5118 2447 5190 lupanar,
2475 5128 2530 5173 et
2557 5117 2796 5189 perfodit
2822 5118 3012 5173 ambos
3037 5117 3196 5173 simul
3221 5161 3236 5185 ,
3285 5117 3465 5171 virum
3497 5115 3714 5171 scilicet
3740 5122 3805 5171 et

485 4933 776 4992 nedixisti:
811 4946 1088 4994 revertere
1122 4937 1200 5010 [h.
1239 4938 1382 5010 fuge]
1414 4938 1482 4993 ad
1526 4939 1704 4994 locum
1765 4948 1940 4995 tuum.
1978 4939 2084 4995 De-

476 5042 761 5085 creverant
794 5029 1009 5100 quidem
1039 5030 1324 5101 magniﬁce
1347 5029 1619 5086 honorare
1658 5039 1734 5098 te,
1767 5031 1864 5088 sed
1905 5031 2088 5087 Domi-

475 5138 578 5178 nus
611 5123 842 5193 privavit
870 5131 925 5180 te
957 5123 1168 5180 honoro
1192 5125 1482 5196 disposito.
1515 5125 1815 5196 Respondit
1864 5126 2081 5182 Balaam

475 5215 542 5270 ad
572 5215 774 5273 Balae:
829 5215 1021 5272 Nonne
1063 5216 1268 5271 nuntiis
1320 5218 1444 5284 tuis,
1493 5233 1630 5288 quos
1661 5219 1853 5274 misisti
1877 5218 1944 5272 ad
1972 5233 2080 5286 me,

475 5307 586 5365 dixi
618 5327 630 5364 :
665 5310 724 5366 Si
748 5309 959 5366 dederit
986 5311 1119 5366 mihi
1145 5310 1306 5367 Balac
1337 5311 1554 5383 plenam
1583 5311 1801 5369 domum
1825 5326 1977 5368 suam
1999 5327 2087 5368 ar-

2195 5212 2504 5281 mulierem,
2555 5213 2612 5268 in
2642 5212 2778 5268 locis
2805 5211 3152 5284 genitalibus.
3187 5209 3540 5281 Cessavitque
3571 5207 3729 5279 plaga
3763 5222 3802 5264 ιι

2195 5304 2322 5360 ﬁilis
2347 5303 2535 5371 Israel,
2568 5313 2624 5359 et
2643 5303 2811 5359 occisi
2840 5310 2968 5359 sunt
2995 5301 3184 5372 viginti
3209 5307 3443 5372 quatuor
3475 5297 3648 5354 millia
3693 5299 3802 5352 ho-

2189 5444 2384 5502 Latine
2410 5451 2658 5500 vertunt:
2679 5443 2813 5498 Ecce
2833 5444 2902 5498 ad
2916 5440 3320 5498 benedicendum
3339 5446 3632 5511 assumptus
3655 5455 3805 5508 sum,

2191 5516 2510 5572 benedicam.
2541 5517 2720 5571 ΜΑιιτ.

551 5460 578 5488 ο
606 5449 830 5505 Variant
845 5449 947 5505 hoc
963 5449 1082 5505 loco
1109 5456 1289 5506 textus
1314 5451 1574 5507 Hebraeus
1603 5465 1666 5507 ac
1689 5448 2090 5508 Samaritanus:

478 5544 616 5659 legit,
639 5544 1096 5659 HigPrfBLuf’ij
1112 5529 1340 5659 3:12P?
1375 5557 1509 5659 In]
1528 5556 1662 5659 nam
1690 5545 1850 5659 finite
1900 5546 2083 5652 hami"
2191 5529 2962 5643 πιξαύῖ-ῗιῗιιίθέιιῖιῗῖηάαοιαε
2985 5600 3137 5649 sum;
3166 5599 3284 5659 qua:
3311 5581 3516 5659 tantula
3547 5581 3808 5659 lectionis

499 5639 745 5695 acahhthi
785 5639 1034 5705 ubereclt,
1069 5640 1171 5693 hoc
1205 5647 1287 5694 est
1320 5655 1335 5696 :
1376 5637 1511 5694 Ecce
1556 5639 1851 5695 benedicere
1877 5640 2080 5724 accepi,

2191 5637 2692 5724 diversitas—,Ruiii
2719 5637 2962 5712 issam
2990 5637 3198 5712 sgittis
3214 5637 3323 5710 loci
3338 5637 3360 5718 ,ί
3384 5654 3478 5709 ubi
3501 5637 3810 5723 originates

478 5743 528 5789 et
567 5735 846 5822 benedixit:
880 5733 1252 5790 Samaritanus
1278 5742 1455 5790 autem
1487 5734 1561 5790 ita
1590 5733 1790 5804 habet,
1837 5719 1987 5819 Ῥιὸ
2027 5744 2089 5822 τη
2194 5733 2334 5788 inter
2362 5745 2423 5786 se
2448 5719 2631 5785 textus
2655 5729 2987 5822 discreplaitlt,
3021 5743 3124 5783 nec
3153 5719 3810 5822 satisittntelsigint‘t‘lrgnqu‘o

476 5836 640 5910 mna:
686 5812 897 5913 int'lPS,
948 5829 1046 5885 hen
1099 5827 1333 5886 [εὐαγεεή
1377 5829 1641 5897 (acolithi;
1688 5795 1905 5900 αὸιιειιᾶ,
1944 5795 2080 5901 quod

2194 5817 2359 5859 sensu
2390 5816 2530 5856 nunc
2565 5815 2626 5856 se
2663 5800 2809 5855 dicat
2839 5795 3079 5854 'Balaam
3110 5799 3330 5854 venisse
3360 5796 3430 5853 ad
3459 5795 3805 5855 benedicen-

2194 5875 2347 5941 dum,
2378 5886 2502 5928 cum
2531 5871 2600 5928 ad
2633 5869 3066 5929 maledicendum
3099 5871 3362 5929 venisset.
