4098 6366
268 332 356 391 585

1624 322 1829 383 LIBER
1864 323 2152 383 NUMERI.

3419 322 3527 384 586

269 446 466 501 minum.
492 439 738 511 Dixitque
768 438 1026 495 Dominus
1074 438 1143 496 ad
1174 440 1394 507 Mosen;
1424 439 1661 496 Phinees
1687 442 1830 498 ﬁlins
1856 447 1906 508 Α
1934 443 2003 499 ab
2027 443 2131 499 hoc
2162 441 2364 498 familia
2389 439 2703 497 Oznitarum
2739 459 2752 496 :
2788 441 2939 511 Ileri,
2970 443 3040 498 ab
3074 442 3176 499 hoc
3205 443 3403 499 familia
3429 444 3535 500 lle-

268 546 460 601 Eleazar
486 542 579 597 ﬁlii
608 542 792 599 Aaron
822 540 1123 598 sacerdotis
1147 542 1347 598 avertit
1388 542 1524 597 iram
1570 558 1747 598 meam
1798 560 1830 597 ει

268 649 374 705 filiis
409 645 605 712 Israel,
659 646 784 716 quia
825 646 943 701 zelo
995 660 1116 701 meo
1161 654 1467 701 commotus
1506 654 1591 701 est
1640 655 1831 701 contra

267 768 361 818 eos,
391 760 443 806 ut
469 764 573 805 non
626 750 741 821 ipse
766 750 1009 806 delerem
1041 750 1186 805 ﬁlios
1216 749 1385 805 Israel
1433 750 1490 805 in
1536 749 1653 805 zelo
1682 764 1828 805 meo.

266 845 441 901 Idcirco
458 844 677 913 loquere
707 842 778 898 ad
800 859 921 898 eum
949 842 1027 914 [h.
1062 858 1171 898 non
1204 841 1387 913 habet,
1419 842 1485 897 ad
1513 839 1657 915 eum]
1685 858 1697 894 :
1732 840 1833 897 Ec-

265 962 315 1004 ce
339 945 401 1000 do
434 944 478 1000 ei
509 960 698 1015 pacem
730 943 951 1000 foederis
994 944 1123 1011 mei,
1155 953 1210 999 et
1236 945 1341 1000 erit
1386 952 1492 998 tam
1539 942 1641 1014 ipsi
1671 957 1832 1013 quam

266 1038 434 1096 semini
472 1038 620 1094 illius
671 1049 890 1109 pactum
935 1036 1224 1094 sacerdotii
1257 1036 1672 1108 sempiternum,
1704 1036 1834 1106 quia

265 1134 437 1191 zelatus
461 1141 545 1189 est
580 1148 681 1204 pro
721 1133 834 1188 Deo
862 1148 982 1201 suo,
1017 1142 1072 1188 et
1107 1133 1345 1203 expiavit
1389 1130 1567 1187 scelus
1597 1130 1833 1185 ﬁliorum

264 1226 421 1283 Israel.
453 1225 578 1280 Erat
597 1234 778 1280 autem
808 1240 1005 1281 nomen
1034 1225 1136 1279 viri
1182 1223 1462 1289 Israelitae,
1492 1221 1589 1293 qui
1620 1220 1834 1277 occisus

263 1328 330 1373 est
355 1332 469 1372 eum
495 1315 866 1383 Madianitide,
898 1316 1113 1372 Zambri
1146 1315 1292 1370 ﬁlius
1325 1313 1477 1381 Salo,
1504 1314 1619 1369 dux
1641 1312 1709 1368 de
1738 1327 1834 1368 co-

262 1411 485 1482 gnatione
511 1417 567 1465 et
588 1410 729 1464 tribu
756 1409 1049 1465 Simeonis.
1084 1408 1253 1463 Porro
1280 1407 1475 1462 mulier
1501 1405 1829 1473 Madianitis,

262 1518 361 1573 quae
389 1502 589 1572 pariter
639 1500 923 1558 interfecta
952 1513 1036 1556 est
1060 1547 1073 1571 ,
1122 1501 1425 1556 vocabatur
1452 1498 1656 1555 Chozbi
1677 1544 1690 1567 ,
1727 1498 1834 1553 ﬁlia

261 1597 367 1661 Sur,
398 1594 662 1666 principis
692 1594 1022 1651 nobilissimi
1064 1594 1496 1650 Madianitarum.
1538 1591 1622 1663 [Β.
1653 1590 1832 1656 LVIl.]

262 1697 583 1769 Locutusque
614 1709 698 1754 est
723 1698 1099 1755 Dominus.ad
1136 1698 1342 1767 Mosen,
1377 1697 1566 1753 dicens
1597 1713 1609 1749 :
1641 1696 1835 1751 Hostes

1933 546 2161 600 ritarum
2192 561 2207 597 :
2238 542 2408 613 Arod,
2437 543 2505 598 ab
2526 544 2631 598 hoc
2659 542 2861 600 familia
2906 543 3254 600 Aroditarum
3290 560 3303 598 :
3332 545 3481 600 Arcli
3514 589 3528 614 ,

1933 645 2003 700 ab
2047 644 2151 700 hoe
2197 644 2401 709 familia
2430 644 2777 702 Arelitarum.
2830 644 2952 701 Istae
2982 654 3108 702 sunt
3134 645 3360 701 familia:
3388 644 3527 717 Gad,

1932 762 2163 817 quarum
2186 747 2362 802 omnis
2384 761 2643 803 numerus
2666 746 2789 815 fuit,
2814 748 3171 821 quadraginta
3187 748 3352 803 millia
3377 749 3534 819 quin-

1933 846 2103 915 genti.
2140 846 2262 902 Filii
2302 847 2459 914 Iuda,
2509 847 2620 903 Her
2648 856 2703 904 ct
2745 850 2899 905 Onan
2924 892 2938 916 ,
2969 849 3061 921 qui
3120 849 3282 905 ambo
3329 849 3531 906 mortui

1934 957 2059 1005 sunt
2086 949 2137 1004 in
2167 958 2311 1006 terra
2338 949 2616 1005 Chanaan.
2647 950 2998 1023 Fueruntque
3022 952 3116 1008 ﬁlii
3139 952 3299 1020 Iuda,
3320 969 3418 1025 per
3442 970 3537 1012 co-

1934 1045 2221 1116 gnationes
2251 1060 2378 1102 suas
2409 1064 2423 1102 :
2456 1046 2618 1113 Sela,
2674 1062 2704 1101 a
2749 1063 2857 1120 quo
2882 1047 3083 1104 familia
3117 1048 3479 1106 Selanitarum
3514 1066 3532 1105 :

1936 1139 2163 1209 Phares,
2197 1156 2224 1194 a
2256 1156 2364 1211 quo
2393 1141 2591 1197 familia
2617 1141 3025 1199 Pharesitarum
3053 1163 3065 1199 :
3091 1143 3248 1212 Zare,
3277 1160 3306 1200 a
3328 1161 3435 1217 quo
3461 1145 3536 1201 fa-

1936 1233 2083 1287 milia
2117 1232 2477 1289 Zareitarum.
2510 1234 2680 1289 Porro
2717 1234 2810 1289 filii
2840 1233 3082 1291 Phares:
3118 1236 3292 1292 Esron
3314 1280 3327 1305 ,
3362 1252 3390 1290 a
3423 1253 3532 1308 quo

1936 1326 2140 1383 familia
2170 1328 2585 1384 Esronitarum:
2623 1338 2679 1385 et
2707 1329 2896 1395 Amul,
2932 1344 2959 1383 a
2989 1344 3096 1401 quo
3128 1330 3329 1386 familia
3356 1328 3529 1387 Amu-

1935 1421 2179 1477 Iitarum.
2215 1420 2332 1477 Istae
2373 1431 2500 1476 sunt
2526 1420 2742 1476 familia:
2765 1422 2941 1487 Iudae,
2969 1438 3197 1493 quarum
3227 1424 3406 1478 omnis
3434 1440 3537 1479 nn-

1937 1531 2120 1572 merus
2152 1516 2295 1583 fuit,
2332 1517 2676 1587 septuaginta
2712 1530 2811 1571 sex
2842 1516 3008 1572 millia
3055 1516 3360 1589 quingenti.
3409 1517 3534 1589 Filii

1936 1610 2206 1677 Issachar,
2242 1626 2336 1681 per
2358 1612 2721 1682 cognationes
2751 1625 2877 1666 suas
2910 1628 2923 1665 :
2958 1610 3154 1677 Thola,
3186 1627 3215 1665 a
3240 1627 3346 1683 quo
3378 1610 3535 1667 fami-

1936 1715 2008 1773 lia
2046 1714 2418 1770 Tholaitarum
2449 1732 2463 1770 :
2495 1713 2670 1779 Phua,
2702 1728 2731 1767 a
2764 1728 2873 1785 quo
2902 1713 3107 1770 familia
3140 1714 3531 1772 Phuaitarum:

263 1817 345 1898 _"°§
364 1801 602 1898 _5°m_if'_m
642 1801 947 1857 Μθάίδηῖιῖε
975 1847 988 1873 ν
1042 1810 1097 1857 ει
1141 1801 1411 1898 Ρθνοηιῖξθ
1437 1813 1532 1855 ⁸0³
1566 1816 1579 1851 ³
1625 1798 1835 1898 Qui-“fi
1863 1837 1911 1898 Β
1937 1812 2103 1870 Jasub
2124 1858 2138 1883 ,
2190 1829 2221 1869 a
2249 1829 2356 1885 quo
2383 1814 2583 1868 familia
2624 1813 2990 1870 Iasubitarum
3020 1831 3034 1868 :
3067 1814 3299 1870 Semron
3323 1857 3338 1882 ,
3367 1831 3396 1870 a
3425 1830 3534 1886 quo

261 1892 345 1964 ipsi
364 1890 628 1947 hostiliter
656 1902 883 1963 egerunt
903 1902 1094 1948 contra
1112 1907 1230 1959 vos,
1262 1900 1315 1947 et
1338 1890 1604 1960 decepere
1625 1887 1833 1943 insidiis

261 2002 339 2056 per
359 1985 557 2041 idolum
592 1986 830 2053 Phehor,
860 1997 916 2043 et
957 1985 1160 2042 Chozbi
1214 1985 1380 2041 ﬁliam
1421 1985 1574 2040 ducis
1620 1982 1832 2038 Madian

260 2094 479 2134 sororem
506 2094 691 2147 suam,
736 2095 857 2150 quae
901 2093 1164 2151 percussa
1207 2079 1371 2135 estin
1402 2077 1489 2133 die
1535 2076 1708 2149 plagae
1736 2091 1836 2147 pro

259 2171 524 2241 sacrilegio
556 2171 793 2227 Phebor.

318 2261 393 2335 [Β.
426 2262 633 2332 ινιιιξ,
660 2263 725 2319 C.
758 2262 966 2333 LXVII,
998 2262 1127 2336 Cap.
1166 2262 1381 2336 Ἆγι]
1413 2264 1703 2335 Postquam
1736 2278 1839 2318 no-

260 2358 449 2411 xiorum
476 2358 707 2428 sanguis
737 2358 939 2413 effusus
960 2367 1068 2425 est,
1100 2357 1237 2412 dixit
1257 2358 1519 2412 Dominus
1536 2356 1601 2411 ad
1624 2357 1833 2423 Mosen,

260 2457 304 2504 et
332 2448 644 2504 Eleazarum
671 2450 844 2505 filium
874 2449 1111 2505 Aaronis
1140 2449 1485 2506 sacerdotem
1510 2467 1523 2503 :
1549 2448 1840 2505 Numerate

260 2556 449 2597 Omnem
479 2558 757 2597 summam
792 2544 1028 2599 ﬁliorum
1072 2541 1237 2597 Israel
1279 2557 1310 2597 a
1363 2541 1553 2611 viginti
1584 2542 1744 2595 annis
1786 2549 1840 2597 et

261 2648 420 2704 supra,
452 2649 548 2705 per
580 2633 778 2690 domos
813 2633 893 2707 [h.
940 2650 1043 2706 per
1078 2633 1271 2689 domos
1312 2642 1523 2703 patrum
1551 2631 1836 2703 suorum],

263 2739 307 2785 et
328 2730 676 2798 cognationes
704 2743 853 2797 suas,
904 2737 1132 2784 cunctos
1167 2728 1257 2797 qui
1310 2736 1539 2798 possunt
1572 2726 1640 2781 ad
1694 2726 1839 2781 bella

262 2821 559 2890 procedere.
598 2821 797 2877 Loeuti
827 2831 955 2877 sunt
982 2822 1164 2892 itaque
1192 2820 1372 2877 Moses
1404 2832 1458 2877 et
1496 2821 1718 2875 Eleazar
1758 2819 1837 2891 [h.

259 2914 679 2973 Numeraverunt
709 2918 888 2988 itaque
919 2916 1097 2972 Moses
1129 2925 1185 2972 et
1214 2914 1464 2987 Eleazar]
1495 2914 1753 2971 sacerdos
1786 2915 1842 2969 in

262 3009 637 3077 campestribus
667 3009 825 3065 Moab
852 3024 1020 3078 super
1045 3008 1340 3065 Iordanem
1380 3015 1569 3063 contra
1594 3006 1837 3074 Iericho,

262 3098 315 3154 ad
338 3116 426 3155 eos
454 3100 546 3171 qui
577 3108 742 3156 erant
763 3116 793 3155 a
817 3100 1006 3171 viginti
1030 3101 1187 3156 annis
1206 3108 1263 3155 et
1289 3113 1475 3170 supra,
1496 3100 1639 3155 sicut
1663 3098 1844 3153 Domi-

263 3208 351 3247 nus
395 3194 715 3264 imperarat.
746 3210 979 3264 quorum
1022 3194 1125 3250 iste
1171 3202 1255 3249 est
1284 3206 1543 3247 numerus
1591 3209 1603 3245 :
1650 3190 1839 3247 Ruben

260 3287 636 3359 primogenitus
684 3288 868 3343 Israel.
904 3287 1074 3358 Hujus
1117 3286 1282 3355 filius,
1310 3285 1519 3349 Enoch,
1569 3299 1597 3337 a
1627 3300 1736 3354 quo
1764 3283 1843 3337 fa-

261 3377 389 3432 milia
424 3380 818 3434 Enochitarum
850 3396 863 3433 :
897 3386 955 3434 et
999 3379 1188 3433 Phallu
1209 3418 1224 3442 ,
1260 3392 1288 3432 a
1320 3393 1428 3448 quo
1457 3376 1655 3431 familia
1684 3374 1844 3431 Phal-

261 3467 487 3528 Iuitarum
508 3514 524 3541 ,
552 3480 616 3528 et
643 3472 839 3537 Esron,
873 3488 900 3526 a
930 3488 1036 3544 quo
1081 3471 1286 3526 familia
1320 3473 1695 3527 Esronitarum
1724 3515 1738 3539 ,
1789 3480 1845 3527 et

260 3563 476 3633 Charmi,
507 3581 539 3621 a
564 3581 676 3637 quo
692 3565 895 3621 familia
915 3564 1341 3621 Charmitarum.
1359 3564 1453 3619 Hae
1475 3572 1599 3620 sunt
1626 3563 1845 3620 familia:

260 3658 315 3713 de
333 3658 492 3730 SlII‘pe
520 3658 718 3715 Ruben
737 3676 751 3714 :
770 3672 999 3730 quarum
1028 3672 1289 3713 numerus
1311 3658 1564 3713 inventus
1586 3666 1690 3719 est,
1715 3670 1847 3727 qua-

261 3753 480 3825 draginta
532 3753 643 3809 tria
690 3752 860 3808 millia
914 3762 969 3809 et
1005 3750 1337 3823 septingenti
1390 3750 1632 3822 triginta.
1672 3747 1847 3804 Filius

260 3848 456 3919 Phallu,
514 3850 702 3905 Eliab.
761 3848 931 3919 Hujus
981 3848 1109 3912 filii,
1140 3846 1365 3903 Namuel
1419 3854 1475 3902 et
1510 3844 1744 3910 Dathan,
1792 3854 1850 3900 et

261 3944 480 4000 Abiram.
573 3943 674 4000 Isti
746 3951 875 3999 sunt
930 3941 1141 3997 Dathan
1222 3950 1279 3997 et
1344 3939 1564 3995 Abiram
1638 3936 1847 4008 princi-

260 4053 341 4111 pes
393 4038 608 4108 populi,
657 4036 750 4108 qui
780 4042 1143 4092 surrexerunt
1172 4042 1363 4091 contra
1401 4033 1587 4088 Mosen
1631 4041 1685 4088 et
1738 4033 1847 4086 Aa-

261 4152 344 4192 ron
400 4140 450 4192 in
503 4137 785 4194 seditione
834 4134 1000 4205 Core,
1060 4134 1278 4206 quando
1320 4142 1512 4190 contra
1564 4132 1847 4187 Dominum

260 4230 618 4299 rebellarunt,
678 4240 734 4285 et
791 4229 1041 4301 aperiens
1088 4239 1231 4284 terra
1263 4243 1325 4284 os
1353 4242 1512 4283 suum
1571 4224 1853 4281 devoravit

264 4320 384 4378 Core
411 4323 488 4396 [h.
520 4322 821 4394 deglntivit
844 4337 940 4377 eos
979 4331 1036 4377 et
1078 4319 1262 4392 Core],
1290 4317 1650 4375 morientibus
1678 4316 1849 4389 pluri-

261 4418 369 4486 mis,
398 4418 628 4491 quando
658 4416 959 4473 combussit
990 4413 1131 4487 ignis
1160 4413 1432 4469 ducentos
1458 4411 1851 4483 quinquaginta

262 4510 418 4579 viros,
446 4512 659 4567 factum
693 4519 779 4565 est
830 4508 1037 4581 grande
1068 4507 1389 4562 miraculum
1412 4548 1426 4572 ,
1458 4516 1517 4561 ut
1543 4548 1559 4573 ,
1590 4502 1730 4561 Core
1760 4518 1854 4574 pe-

1938 1909 2139 1965 familia
2171 1909 2629 1965 Semronitarum.
2673 1909 2770 1965 Hae
2823 1919 2950 1964 sunt
2999 1911 3352 1982 cognationes
3393 1909 3538 1966 Issa-

1938 2003 2091 2073 char,
2117 2018 2347 2073 quarum
2378 2018 2639 2059 numerus
2671 2004 2771 2059 fuit
2793 2002 3073 2074 sexaginta
3106 2014 3338 2075 quatuor
3370 2004 3539 2061 millia

1941 2099 2188 2154 trecenti.
2217 2098 2344 2154 Filii
2368 2098 2609 2154 Zabulon
2639 2113 2741 2171 per
2770 2099 3126 2170 cognationes
3156 2115 3282 2157 suas
3309 2099 3538 2167 :Sared,

1938 2208 1970 2248 a
2002 2208 2109 2263 quo
2140 2192 2342 2249 familia
2375 2193 2774 2251 Sareditarum.
2805 2195 2964 2263 Elon,
2988 2210 3019 2251 a
3046 2211 3155 2266 quo
3182 2196 3381 2252 familia
3412 2196 3539 2252 Elo-

1941 2284 2175 2341 nitarum
2211 2304 2223 2339 :
2255 2285 2414 2351 Jalel,
2441 2302 2469 2340 a
2494 2300 2603 2357 quo
2625 2285 2830 2342 familia
2854 2286 3268 2345 Ialeliritarum.
3294 2288 3391 2344 Hae
3412 2296 3540 2344 sunt

1941 2378 2297 2449 cognationes
2328 2378 2569 2434 Zabulon
2601 2420 2616 2446 ,
2646 2394 2875 2449 quarum
2898 2395 3159 2437 numerus
3186 2380 3327 2448 fuit,
3374 2396 3537 2438 sexa-

1940 2472 2089 2542 ginta
2119 2471 2282 2527 millia
2309 2472 2620 2543 quingenti.
2655 2472 2779 2527 Filii
2805 2473 3008 2543 Ioseph
3042 2488 3139 2546 per
3184 2474 3541 2545 cognationes

1943 2578 2095 2631 suas,
2153 2564 2403 2621 Manasse
2457 2575 2510 2621 et
2542 2565 2821 2638 Ephraim.
2856 2566 2935 2623 De
2965 2568 3215 2624 Manasse
3268 2577 3419 2625 ortus
3457 2576 3546 2625 est

1941 2655 2168 2724 Machir,
2202 2673 2231 2711 a
2282 2672 2390 2729 quo
2431 2657 2633 2713 familia
2660 2658 3088 2715 Machiritarum.
3118 2660 3323 2717 Machir
3350 2662 3539 2734 genuit

1944 2748 2170 2815 Galaad,
2204 2764 2235 2805 a
2266 2765 2372 2821 quo
2401 2750 2599 2806 familia
2623 2749 3058 2809 Galaaditarnm.
3103 2751 3305 2809 Galaad
3354 2752 3545 2811 habuit

1944 2845 2123 2901 ﬁlios:
2152 2846 2363 2913 Hiezer,
2394 2861 2426 2901 a
2455 2861 2560 2918 quo
2587 2846 2786 2903 familia
2812 2846 3208 2904 Hiezeritarum
3234 2863 3250 2903 :
3275 2856 3331 2905 et
3355 2848 3544 2916 Helec,

1944 2955 1976 2995 a
2008 2955 2115 3009 quo
2143 2940 2344 2995 familia
2371 2939 2759 3007 Helecitarum,
2790 2950 2847 2997 et
2870 2940 3051 2997 Asriel
3074 2986 3088 3010 ,
3124 2956 3155 2995 a
3192 2956 3303 3012 quo
3343 2940 3546 2998 familia

1944 3033 2327 3091 Asrielitarum
2363 3053 2375 3089 :
2411 3046 2464 3091 et
2487 3034 2744 3102 Sechem,
2778 3051 2807 3090 a
2838 3050 2948 3106 quo
2974 3034 3182 3091 familia
3211 3034 3548 3091 Sechemita-

1946 3140 2066 3183 rum
2101 3145 2114 3180 :
2150 3136 2205 3184 et
2236 3127 2455 3185 Semida
2484 3170 2499 3194 ,
2549 3144 2579 3184 a
2624 3144 2734 3200 quo
2766 3127 2966 3183 familia
2997 3128 3421 3185 Semidaitarum
3450 3146 3465 3184 :
3496 3136 3553 3185 et

1871 3240 1917 3305 ρ
1949 3220 2157 3292 Epher,
2185 3237 2217 3276 a
2248 3236 2355 3293 quo
2382 3221 2587 3277 familia
2608 3220 3349 3291 Epheritarum.Fuitautem
3365 3220 3547 3291 Epher

1948 3324 2101 3385 pater
2138 3314 2437 3384 Salphaad,
2471 3315 2561 3387 qui
2591 3314 2732 3370 filios
2764 3331 2873 3371 non
2906 3314 3171 3383 habebat,
3206 3314 3301 3371 sed
3333 3324 3546 3371 tantum

1947 3407 2088 3463 ﬁlias
2118 3450 2132 3475 ,
2166 3424 2394 3480 quarum
2428 3408 2527 3463 ista
2560 3417 2687 3464 sunt
2714 3407 2934 3463 nomina
2959 3450 2973 3475 ,
3009 3407 3204 3475 Maala,
3233 3417 3289 3463 et
3317 3407 3451 3478 Noa,
3493 3418 3553 3466 et

1947 3501 2079 3572 Egla
2105 3540 2122 3569 ,
2151 3511 2205 3557 et
2235 3500 2443 3557 Meleha
2474 3547 2488 3571 ,
2520 3511 2573 3557 et
2618 3500 2851 3557 Thersa.
2907 3500 3002 3556 Hae
3033 3509 3159 3556 sunt
3189 3499 3407 3556 familia:
3434 3500 3547 3555 Ma-

1948 3609 2132 3664 nasse,
2172 3603 2228 3651 et
2271 3609 2529 3650 numerus
2554 3610 2744 3651 earum
2764 3639 2779 3663 ,
2812 3594 3204 3667 quinquaginta
3232 3598 3343 3651 duo
3373 3594 3548 3653 millia

1948 3687 2302 3758 septingenti.
2355 3685 2480 3742 Filii
2526 3696 2705 3743 autem
2737 3686 3001 3758 Ephraim
3053 3702 3151 3757 per
3196 3688 3550 3756 cognationes

1949 3793 2097 3844 suas,
2128 3778 2346 3835 fuerunt
2387 3778 2440 3833 hi
2472 3796 2485 3833 :
2512 3779 2761 3847 Suthala,
2796 3794 2823 3833 a
2856 3794 2963 3848 quo
2988 3779 3185 3835 familia
3212 3779 3549 3836 Suthalaita-

1950 3886 2105 3926 rum:
2133 3870 2365 3938 Becher,
2397 3884 2426 3924 a
2452 3886 2557 3941 quo
2584 3870 2787 3927 familia
2816 3870 3223 3928 Beeberitarum
3254 3888 3268 3925 :
3299 3871 3548 3943 Thahan,

1950 3978 1982 4019 a
2009 3977 2116 4034 quo
2147 3962 2344 4018 familia
2396 3961 2848 4019 Tltahanitarum.
2896 3963 3073 4019 Porro
3139 3962 3288 4019 ﬁlius
3324 3963 3552 4020 Sutltala

1952 4054 2052 4111 fuit
2108 4055 2286 4112 Heran
2316 4098 2331 4123 ,
2375 4071 2404 4111 a
2449 4071 2557 4127 quo
2585 4054 2789 4111 familia
2833 4056 3241 4113 Heranitarum.
3285 4056 3381 4113 Ha:
3426 4066 3555 4114 sunt

1951 4161 2306 4231 cognationes
2332 4160 2571 4216 ﬁliorum
2604 4160 2885 4231 Ephraim,
2912 4176 3143 4231 quorum
3173 4174 3431 4218 numerus
3456 4159 3555 4215 fuit

1954 4251 2169 4320 triginta
2192 4251 2301 4307 duo
2323 4252 2487 4307 millia
2513 4252 2815 4323 quingenti.
2836 4250 2933 4308 Isti
2957 4262 3084 4308 sunt
3112 4252 3207 4307 filii
3230 4251 3434 4323 Ioseph
3458 4266 3553 4321 per

1953 4346 2188 4402 familias
2216 4362 2369 4403 suas.
2395 4345 2518 4402 Filii
2550 4345 2836 4417 Benjamin
2864 4348 2917 4402 in
2946 4346 3360 4418 cognatiOnibus
3389 4344 3503 4401 suis
3535 4361 3550 4399 :

1954 4436 2109 4504 Bale,
2142 4454 2170 4494 a
2193 4454 2301 4511 quo
2335 4438 2541 4494 familia
2571 4438 2899 4495 Baleitarum
2934 4454 2949 4495 :
2984 4438 3172 4505 Asbel,
3199 4453 3227 4491 a
3259 4453 3368 4510 quo
3399 4436 3558 4492 fami-

1954 4532 2026 4587 lia
2069 4531 2438 4589 Asbelitarum
2471 4550 2484 4587 :
2525 4531 2787 4601 Ahiram,
2820 4548 2849 4587 a
2888 4546 2998 4604 quo
3046 4532 3249 4587 familia
3282 4533 3555 4589 Ahirami-

263 4616 458 4675 reunte,
493 4604 597 4700 filii
625 4602 1180 4700 illius—nemperirent
1208 4600 1287 4673 [h.
1320 4599 1417 4653 ﬁlii
1462 4612 1682 4700 quoque
1711 4597 1851 4652 Core
1876 4637 1933 4700 Β
1958 4632 2133 4680 larum
2163 4644 2173 4679 ε
2209 4624 2585 4695 Sephupham’
2618 4640 2647 4680 a
2670 4597 2782 4696 ηαδ
2808 4597 3013 4680 fam'ilia
3037 4634 3063 4662 ι
3095 4624 3557 4696 εθρδυριηωίω,

268 4711 360 4752 non
391 4696 725 4769 perierunt].
762 4696 887 4751 Filii
919 4694 1140 4751 Simeon
1168 4710 1267 4763 per
1296 4694 1649 4764 cognationes
1693 4705 1850 4746 suas.

263 4788 499 4857 Namuel,
532 4791 607 4847 ab
646 4790 752 4845 hoc
794 4789 1000 4844 familia
1031 4787 1463 4844 Namuelitarum
1492 4802 1505 4839 :
1537 4785 1713 4842 Iamin
1734 4827 1751 4855 ,
1785 4785 1854 4840 ah

264 4883 351 4939 hoc
378 4885 588 4940 familia
617 4883 999 4939 Iaminitarum
1027 4899 1040 4935 :
1065 4880 1278 4948 Iachin,
1311 4881 1380 4935 ab
1402 4880 1506 4935 hoc
1531 4878 1735 4933 familia
1764 4876 1854 4933 Ia-

263 4975 580 5034 cltinitarum
612 4976 811 5043 :Zare,
834 4977 904 5032 ab
934 4976 1039 5032 hoc
1062 4975 1263 5031 familia
1286 4974 1628 5031 Zareitarum
1658 4988 1672 5026 :
1700 4971 1851 5039 Saul,

266 5070 322 5126 ab
345 5070 440 5127 hoc
466 5071 677 5127 familia
704 5071 1061 5128 Sanlitarum.
1086 5071 1179 5126 Hae
1206 5079 1333 5127 sunt
1355 5068 1575 5125 familiae
1597 5067 1666 5123 de
1684 5068 1854 5137 stirpe

264 5161 492 5233 Simeon,
525 5180 761 5237 quarum
790 5165 971 5221 omnis
987 5180 1242 5221 numerus
1264 5164 1381 5230 fuit,
1398 5161 1588 5233 viginti
1603 5160 1710 5217 duo
1732 5159 1854 5215 mil-

263 5254 323 5311 lia
345 5257 589 5331 ducenti.
617 5257 743 5314 Filii
765 5257 882 5315 Gad
914 5274 1012 5330 per
1038 5258 1389 5330 cognationes
1409 5271 1536 5312 snas
1566 5274 1579 5310 :
1606 5253 1850 5325 Sephon,

265 5349 321 5405 ab
347 5351 445 5408 hoc
470 5351 687 5407 familia
717 5350 1142 5423 Sephonitarum
1175 5369 1186 5403 :
1220 5350 1377 5420 Aggi,
1420 5348 1489 5405 ab
1512 5348 1616 5403 hoc
1646 5344 1851 5401 familia

266 5444 579 5519 Aggitarum
607 5465 621 5502 :
652 5446 812 5516 Suni,
841 5447 909 5504 ab
937 5446 1041 5504 hoc
1067 5445 1275 5503 familia
1303 5442 1616 5502 Sunitarum
1648 5459 1662 5497 :
1694 5440 1850 5509 Ozni,

329 5648 351 5676 ι
378 5641 596 5698 Excidit
634 5639 722 5697 hic
767 5638 871 5697 loci
904 5640 956 5696 in
986 5639 1216 5697 Hebraeo
1242 5652 1405 5693 unum
1445 5643 1484 5699 ε)
1508 5678 1523 5700 .
1549 5635 1649 5705 phe
1672 5677 1685 5699 ,
1714 5632 1859 5690 unde

268 5708 481 5785 legimus
507 5712 941 5785 Suphamilarunt
963 5754 979 5783 ,
1011 5727 1109 5784 pro
1140 5709 1672 5785 Sephuphamilarum
1705 5708 1859 5777 juxta

269 5784 538 5841 Canonem
578 5784 710 5840 lIeb.
735 5784 998 5840 veritatis.
1030 5785 1207 5839 MART.

330 5858 534 5913 -—Cum
552 5856 786 5928 vulgatis
813 5856 966 5913 libris
996 5855 1230 5914 Urbinas
1252 5870 1355 5913 ms.
1390 5852 1648 5925 Supham,
1681 5860 1735 5909 et
1761 5851 1867 5909 Su-

1956 4733 2076 4773 rum
2102 4737 2114 4773 :
2147 4718 2426 4788 llupham,
2480 4734 2512 4775 a
2542 4733 2650 4790 quo
2680 4717 2883 4775 familia
2913 4718 3391 4789 Huphamitarnm.
3432 4718 3557 4776 Filii

1958 4819 2110 4887 Bale,
2142 4819 2276 4887 Ard,
2322 4830 2378 4876 et
2417 4820 2682 4876 Naaman.
2715 4821 2791 4877 De
2822 4818 2937 4876 Ard
2968 4820 3166 4876 familia
3195 4820 3513 4878 Arditarum
3540 4839 3555 4878 :

1958 4923 2027 4980 de
2053 4922 2293 4980 Naaman
2323 4922 2530 4980 familia
2551 4923 2949 4980 Naamitarum.
2985 4923 3051 4980 Hi
3087 4934 3212 4981 sunt
3240 4924 3333 4982 ﬁlii
3364 4926 3559 4998 Benja-

1960 5026 2073 5084 min
2088 5026 2554 5099 percognationes
2585 5040 2732 5095 suas,
2759 5041 2995 5097 quorum
3018 5042 3300 5096 numerus,
3328 5029 3560 5101 quadra-

1958 5129 2107 5200 ginta
2138 5127 2376 5199 quinque
2427 5126 2598 5183 millia
2630 5126 2898 5184 sexcenti.
2931 5126 3056 5184 Filii
3082 5127 3196 5185 Dan
3230 5144 3326 5202 per
3352 5146 3559 5202 cogna-

1960 5233 2137 5290 tiones
2158 5249 2287 5291 suas
2322 5253 2333 5289 :
2369 5234 2572 5291 Subam
2607 5276 2622 5303 ,
2663 5249 2695 5290 a
2724 5249 2833 5307 quo
2872 5234 3081 5293 familia
3127 5236 3555 5297 Subamitarum.

1959 5333 2055 5391 Hae
2081 5336 2438 5407 cognationes
2463 5334 2577 5389 Dan
2614 5349 2713 5406 per
2740 5334 2970 5392 familias
2990 5352 3139 5394 suas.
3181 5338 3383 5397 Omnes
3408 5340 3562 5400 fuere

1961 5438 2811 5510 Suhamitaa,quorumnumerus
2838 5446 2982 5506 erat,
3013 5440 3294 5511 sexaginta
3326 5450 3560 5514 quatuor

1966 5631 2349 5706 phamitar_um'_,
2378 5628 2563 5706 Ilebr._
2597 5626 2922 5706 rephuphant
2942 5628 3163 5701 quidem
3189 5626 3354 5706 habet
3379 5665 3395 5689 ,
3447 5638 3557 5706 non

1967 5696 2146 5760 autem
2206 5696 2773 5779 sepliuphamitarum,
2809 5703 2914 5779 sed
2955 5696 3173 5779 iantnm_
3208 5696 3556 5779 Suphamirq-

1966 5793 2083 5831 rum
2114 5793 2132 5831 :
2161 5769 2307 5831 unde
2336 5769 2564 5831 alterum
2593 5775 2692 5846 phe
2717 5769 2783 5831 ex
2808 5774 3034 5831 Hebran
3064 5769 3361 5841 archetypo
3402 5769 3556 5826 exci-

1975 5849 2121 5906 disse
2150 5847 2493 5906 Martianams
2519 5847 2849 5918 pronuntiat.
