4098 6366
527 333 634 391 8δῖ

1535 333 1590 389 S.
1637 329 2014 389 IIIERONYMI
2057 329 2287 390 DIVINA
2329 332 2802 392 BIBLIOTIIECA.

3727 336 3840 394 588

526 445 696 501 millia
723 445 1133 516 quadringenti.
1162 444 1288 501 Filii
1318 443 1456 500 Aser
1479 459 1576 513 per
1593 445 1948 514 cognationes
1967 460 2128 500 suas:
2159 451 2209 507 Α
2232 448 2496 519 judicium
2523 450 2734 506 Domini
2758 450 2835 522 [h.
2855 447 3165 520 Retulitque
3189 463 3410 506 causam
3439 463 3624 506 earum
3647 463 3842 506 coram

526 537 741 602 Jemna,
776 553 805 592 a
858 554 966 606 quo
997 537 1201 592 familia
1233 537 1629 598 Jemnaitarum
1667 554 1680 594 :
1714 538 1893 607 Jesui,
1949 555 1980 596 a
2023 554 2131 610 quo

529 629 731 684 familia
758 628 1090 685 Jesuitarnm
1129 646 1141 682 :
1177 628 1320 697 Bria,
1352 643 1383 682 a
1410 644 1519 699 quo
1542 628 1753 684 familia
1782 630 2129 688 Briaitarum.

526 722 651 777 Filii
671 721 817 782 Bria,
851 721 1029 779 Heber
1049 766 1064 781 .
1089 737 1117 778 a
1138 737 1246 793 quo
1267 721 1464 777 familia
1496 723 1892 792 Heheritarum,
1920 732 1973 780 et
2001 724 2132 781 Mel-

524 814 692 878 chiel,
707 829 736 868 a
751 830 860 886 quo
874 813 1071 868 familia
1087 814 1560 870 Melcltielitarum.
1577 814 1786 872 Nomen
1803 826 1986 872 autem
2006 817 2130 872 lilia:

527 907 688 974 Aser,
724 907 824 964 luit
851 906 1045 964 Sarah.
1083 906 1175 962 Ha:
1201 909 1560 976 cognationes
1591 910 1826 966 filiorum
1870 913 2010 966 Aser
2034 955 2046 979 ,
2076 919 2130 966 ct

529 1017 793 1058 numerus
819 1017 1031 1070 eorum,
1067 1002 1459 1074 quinquaginta
1515 1005 1614 1059 tria
1666 1005 1840 1059 millia
1871 1005 2130 1075 quadrin-

529 1094 700 1164 genti.
729 1093 849 1148 Filii
873 1092 1164 1164 Nephthali
1196 1109 1294 1165 per
1322 1096 1678 1167 eugnatioues
1714 1112 1880 1152 suas:
1905 1089 2128 1166 Jasel,'a

527 1201 637 1254 quo
694 1186 898 1240 familia
925 1184 1270 1242 Jaselitarum
1301 1206 1312 1242 :
1345 1186 1510 1254 Guui,
1565 1204 1593 1242 a
1625 1205 1731 1258 quo
1761 1189 1966 1245 familia
2022 1189 2131 1247 Gu-

527 1277 768 1333 nitarum
800 1277 1012 1345 :Jeser,
1046 1294 1072 1332 a
1106 1294 1220 1349 quo
1251 1277 1457 1334 familia
1479 1279 1856 1335 Jeseritarum.
1902 1281 2128 1350 Sellem,

524 1382 554 1422 a
611 1382 719 1438 quo
769 1368 972 1423 familia
1028 1369 1453 1425 Sellemitarum.
1523 1371 1615 1425 Hae
1657 1382 1784 1427 sunt
1848 1375 2128 1444 cognatio-

525 1473 623 1516 nes
677 1459 913 1515 Iiliorum
983 1460 1276 1532 Nephthali
1319 1478 1414 1532 per
1466 1463 1702 1518 familias
1768 1479 1940 1521 suas:
1991 1482 2129 1537 quo-

525 1569 645 1608 rum
701 1569 996 1619 numerus,
1044 1554 1405 1625 quadraginta
1455 1556 1695 1625 quinque
1779 1558 1944 1612 millia
1990 1575 2128 1630 qua-

526 1647 823 1718 dringenti.
858 1649 962 1703 Ista
992 1658 1076 1703 est
1111 1664 1322 1704 summa
1348 1649 1584 1705 filiorum
1617 1651 1802 1718 Israel,
1824 1654 1914 1722 qui
1944 1670 2133 1710 recen-

524 1741 618 1797 'siti
649 1751 810 1806 sunt,
842 1752 1101 1798 sexcenta
1136 1743 1300 1798 millia
1325 1785 1338 1807 ,
1373 1752 1427 1798 et
1471 1744 1620 1799 mille
1657 1746 1990 1817 septingenti
2032 1753 2124 1803 tri-

2235 543 2508 613 Dominol.
2539 545 2642 612 Qui
2669 544 2815 599 dixit
2833 544 2900 598 ad
2929 559 3092 599 eum:
3142 544 3354 599 Justam
3401 559 3516 600 rem
3557 544 3846 613 postulant

2235 614 2359 672 filia:
2405 615 2676 686 Salpltaad
2703 632 2717 671 :
2752 617 2820 672 da
2851 616 2930 672 eis
2961 617 3368 687 possessionem
3401 618 3542 672 inter
3572 623 3846 685 cognatos

2236 706 2313 780 [h.
2348 707 2564 779 fratres]
2599 711 2770 780 patris
2793 711 2871 764 sui
2900 752 2914 778 ,
2975 719 3028 765 et
3059 710 3107 764 ei
3143 709 3195 763 in
3225 708 3602 765 hiereditatem
3639 723 3844 764 succe-

2234 799 2383 855 dant.
2446 784 2772 874 [C.LXXI.]
2824 802 2904 859 Ad
2954 802 3096 858 filios
3133 813 3314 860 autem
3362 802 3538 859 Israel
3597 801 3847 874 loqueris

2235 892 2352 948 haec
2377 893 2458 967 [h.
2497 910 2604 950 non
2629 897 2812 964 habet,
2842 895 3011 969 hanc]:
3047 896 3220 951 llotno
3249 911 3370 952 cum
3405 905 3650 952 mortuus
3675 896 3850 951 fuerit

2232 987 2440 1057 absque
2471 987 2582 1043 ﬁlio
2609 1032 2624 1057 ,
2682 989 2749 1043 ad
2785 990 2949 1045 ﬁliam
3001 989 3118 1060 ejus
3145 990 3403 1044 transibit
3429 987 3750 1045 haereditas.
3785 986 3848 1044 Si

2233 1080 2396 1138 filiam
2422 1097 2525 1137 non
2551 1083 3060 1151 habuerit,babebit
3083 1099 3435 1140 successores
3466 1082 3660 1139 fratres
3687 1096 3844 1138 suos.

2231 1173 2383 1242 Quod
2416 1175 2460 1229 si
2491 1187 2544 1230 et
2574 1175 2771 1232 fratres
2801 1192 2907 1233 non
2942 1177 3145 1233 fuerint
3175 1222 3189 1245 ,
3236 1177 3436 1233 dabitis
3460 1176 3847 1234 haereditatem

2232 1266 2492 1323 fratribus
2523 1269 2696 1340 patris
2726 1270 2862 1339 ejus.
2893 1270 2986 1326 Sin
3032 1279 3213 1326 autem
3254 1286 3356 1327 nec
3385 1279 3606 1345 patruos
3632 1269 3848 1326 habue-

2231 1358 2323 1425 rit,
2358 1359 2576 1416 dabitur
2610 1361 2902 1417 hrereditas
2936 1363 3019 1418 his
3045 1363 3137 1433 qui
3169 1363 3221 1434 ei
3249 1363 3486 1434 proximi
3519 1373 3673 1431 sunt,
3705 1363 3849 1419 erit-

2231 1466 2336 1522 que
2362 1451 2468 1508 hoc
2496 1453 2623 1508 filiis
2669 1454 2832 1510 Israel
2869 1465 3119 1512 sanctum
3169 1456 3289 1526 lege
3339 1465 3642 1528 perpetua,
3700 1458 3854 1512 sicut

2232 1548 2490 1617 praecepit
2516 1547 2776 1604 Dominus
2806 1549 2940 1606 Mosi
2991 1550 3084 1622 [h.
3118 1550 3350 1623 Eritque
3382 1552 3486 1608 hoc
3509 1553 3650 1607 filius
3679 1551 3852 1614 Israel

2233 1640 2533 1711 legitimum
2555 1642 2771 1711 judicii,
2797 1644 2935 1700 sicut
2972 1645 3233 1714 praecepit
3268 1644 3529 1700 Dominus
3562 1645 3735 1716 Mosi].
3757 1642 3850 1713 lC.

2232 1733 2468 1808 [Μαι]
2498 1737 2646 1793 Dixit
2674 1755 2893 1809 quoque
2929 1739 3192 1794 Dominus
3225 1739 3292 1794 ad
3321 1739 3538 1795 Mosen:
3597 1737 3853 1794 Ascende

525 1835 696 1905 ginta.
735 1835 1082 1902 Locutusque
1112 1845 1196 1890 est
1229 1835 1493 1890 Dominus
1536 1836 1602 1891 ad
1645 1836 1854 1904 Mosen,
1887 1838 2078 1894 dicens
2111 1859 2123 1894 :
2160 1836 2206 1898 B
2234 1827 2286 1880 Ῐ¹¹
2327 1837 2567 1884 montem
2597 1829 2758 1884 Ῐδιυηι
2787 1829 3036 1896 Abarim,
3071 1841 3126 1887 ει
3165 1833 3541 1902 contemplare
3582 1830 3708 1887 inde
3736 1841 3853 1887 ια’

527 1926 650 1982 Istis
679 1926 954 1982 dividetur
983 1938 1125 1983 terra
1151 1927 1304 1998 juxta
1339 1929 2042 1986 numerum'voeabulorum
2075 1931 2128 1986 in

531 2019 908 2089 possessiones
939 2034 1086 2074 suas.
1135 2019 1391 2076 Pluribus
1425 2020 1688 2090 majorem
1713 2032 1922 2092 partem
1947 2023 2128 2090 dabis,

527 2118 584 2166 et
610 2111 952 2179 paucioribus
983 2111 1249 2167 minorem
1279 2129 1291 2165 :
1322 2112 1575 2183 singulis,
1607 2112 1749 2166 sicut
1771 2128 1912 2168 nunc
1941 2128 2132 2168 recen-

527 2201 622 2257 siti
648 2213 816 2269 sunt,
851 2203 1097 2258 tradetur
1123 2205 1400 2274 possessio
1435 2221 1447 2256 :
1481 2205 1553 2258 ita
1584 2204 1868 2260 dumtaxat
1919 2217 1975 2260 ut
2008 2221 2130 2262 sors

529 2303 732 2351 terram
767 2296 1016 2351 tribubus
1047 2296 1256 2352 dividat
1295 2306 1351 2352 et
1389 2296 1629 2352 familiis.
1678 2297 1952 2368 Quidquid
1984 2309 2132 2355 sorte

529 2390 844 2459 contigerit,
870 2391 974 2446 hoc
995 2392 1077 2446 vel
1097 2393 1280 2460 plures
1293 2394 1582 2462 accipient,
1607 2393 1695 2449 vel
1713 2394 2018 2464 pauciores.
2043 2395 2128 2466 [Β.

531 2480 672 2546 LIX,
698 2479 760 2536 C.
786 2481 1005 2555 LXIX.)
1033 2483 1130 2538 Hie
1156 2498 1372 2554 quoque
1399 2496 1481 2538 est
1501 2500 1764 2540 numerus
1789 2485 2025 2540 filiorum
2048 2485 2127 2558 [h.

529 2589 641 2628 non
664 2573 824 2628 habet
857 2574 1117 2647 filiorum]
1142 2575 1272 2630 Levi
1300 2592 1397 2648 per
1428 2576 1668 2632 familias.
1691 2590 1819 2632 snas
1851 2595 1865 2631 :
1893 2577 2129 2646 Gerson,

524 2679 557 2721 a
587 2680 696 2736 quo
733 2665 934 2720 familia
963 2666 1375 2722 Gersonitarum
1415 2686 1428 2722 :
1470 2667 1666 2734 Caath,
1699 2685 1726 2721 a
1777 2684 1886 2739 quo
1928 2669 2128 2723 familia

527 2757 903 2815 Caathitarum
928 2777 942 2813 :
968 2760 1184 2826 Merari,
1213 2775 1368 2831 aquo
1392 2761 1596 2815 familia
1612 2760 2008 2818 Meraritarum.
2038 2763 2130 2817 Hae

527 2860 655 2906 sunt
692 2849 915 2907 familiar.
947 2852 1074 2908 Levi
1112 2870 1124 2906 :
1157 2852 1383 2908 Familia
1417 2854 1589 2909 Lobni
1621 2898 1634 2922 ,
1673 2853 1877 2909 familia
1921 2856 2130 2910 llebro-

529 2941 608 3006 ni,
637 2942 842 2998 familia
873 2942 1096 3007 Moboli,
1125 2944 1331 2999 familia
1358 2945 1517 3010 Musi,
1544 2943 1745 3000 familia
1770 2945 1917 3000 Cori.
1943 2946 2013 3001 At
2034 2963 2127 3002 ve-

529 3051 596 3091 ro
632 3037 804 3092 Caath
832 3038 1020 3108 genuit
1049 3039 1275 3094 Amram
1312 3040 1440 3110 :qui
1465 3039 1657 3094 habuit
1684 3056 1909 3095 uxorem
1937 3040 2133 3096 .loche-

529 3129 635 3185 bed
665 3128 830 3186 filiam
883 3130 1040 3197 Levi,
1089 3147 1212 3200 quae
1243 3141 1367 3186 nata
1399 3140 1487 3186 est
1533 3133 1583 3187 ei
1619 3133 1672 3187 in
1704 3130 1965 3203 Egypto.
2005 3133 2132 3189 llaec

2235 1935 2371 1984 ram,
2405 1937 2563 1991 quam
2587 1923 2807 1977 daturus
2837 1939 2956 1978 sum
2992 1923 3114 1978 filiis
3141 1924 3326 1980 Israel.
3364 1923 3609 1993 Cumque
3645 1923 3853 1979 videris

2235 2029 2354 2070 eam
2385 2057 2399 2081 ,
2436 2016 2537 2070 ibis
2579 2028 2634 2072 et
2667 2026 2719 2071 tu
2752 2016 2819 2071 ad
2866 2017 2874 2086 Ι
2905 2017 2958 2070 Ιι.
2988 2018 3302 2089 colligeris]
3359 2017 3620 2088 populum
3651 2025 3802 2071 tuum
3833 2057 3850 2082 ,

2232 2109 2376 2165 sicut
2401 2110 2494 2163 ivit
2518 2109 2594 2182 [h.
2622 2113 2888 2166 collectus
2916 2112 3024 2183 est]
3077 2111 3251 2167 frater
3291 2121 3417 2167 tuus
3459 2112 3675 2168 Aaron:
3719 2111 3853 2180 quia

2234 2200 2541 2257 offendistis
2575 2219 2659 2257 me
2691 2203 2744 2257 in
2779 2204 3007 2258 deserto
3033 2203 3127 2259 Sin
3165 2205 3215 2258 in
3248 2203 3685 2259 contradictione
3709 2201 3854 2257 mul-

2237 2294 2484 2348 titudinis
2513 2335 2527 2359 ,
2591 2310 2695 2350 nec
2751 2295 3098 2351 sanctificare
3150 2311 3238 2351 me
3267 2277 3520 2350 voluistis
3549 2310 3734 2352 coram
3769 2296 3853 2352 eis

2235 2403 2400 2459 super
2428 2407 2619 2463 aquas.
2652 2392 2733 2464 [8.
2771 2392 2906 2463 [Χ]
2929 2393 3022 2448 liae
3054 2403 3181 2448 sunt
3203 2411 3357 2466 aqua:
3378 2393 3853 2452 Contradictiouis

2235 2479 2288 2535 in
2317 2481 2494 2537 Cades
2527 2484 2575 2536 in
2611 2482 2830 2538 deserto
2859 2484 2975 2540 Sin.
3009 2485 3107 2540 Cui
3143 2485 3423 2556 respondit
3445 2485 3622 2540 Moses
3653 2483 3730 2556 [h.
3767 2484 3840 2541 Et

2238 2576 2553 2633 locutusest
2573 2577 2750 2633 Moses
2768 2593 2954 2633 coram
2987 2580 3240 2646 Domino,
3272 2579 3521 2652 dicens]:
3553 2580 3850 2636 Provideat

2240 2669 2499 2726 Dominus
2547 2672 2690 2726 Deus
2719 2673 3005 2742 spirituum
3049 2674 3226 2728 omnis
3271 2674 3450 2730 earnis
3482 2717 3496 2740 ,
3528 2673 3804 2731 hominem
3830 2715 3850 2742 ,

2235 2764 2424 2834 quisit
2451 2779 2615 2835 super
2635 2765 3038 2821 multitudinem
3077 2769 3245 2821 hanc:
3285 2777 3340 2822 et
3365 2768 3537 2838 possit
3565 2769 3718 2823 exire
3743 2808 3758 2835 ,
3793 2776 3853 2824 et

2237 2855 2441 2911 intrare
2468 2867 2590 2912 ante
2621 2872 2737 2926 eos,
2762 2867 2819 2912 et
2844 2858 3082 2914 educere
3112 2873 3230 2925 eos,
3257 2861 3343 2914 vel
3374 2860 3744 2928 introducere,
3780 2875 3851 2916 ne

2234 2950 2304 3001 sit
2329 2950 2558 3019 populus
2594 2951 2807 3006 Domini
2854 2953 2999 3006 sicut
3049 2968 3178 3008 oves
3209 2953 3416 3024 absque
3449 2965 3689 3023 pastore.
3745 2954 3847 3028 [Ο.

2235 3038 2494 3114 LXXII”
2527 3043 2671 3098 Dixit
2702 3045 2964 3099 Dominus
2984 3045 3052 3098 ad
3082 3061 3239 3099 eum:
3291 3043 3448 3100 Tolle
3475 3045 3643 3102 .losue
3671 3045 3848 3102 filium

2235 3132 2375 3201 Non,
2409 3136 2585 3189 virum
2605 3136 2657 3190 in
2673 3152 2779 3206 quo
2807 3147 2888 3192 est
2909 3136 3168 3207 Spiritus,
3201 3149 3252 3192 et
3284 3152 3426 3207 pone
3445 3152 3664 3192 manuni
3700 3147 3849 3193 tuam

528 3223 723 3295 genuit
749 3225 973 3280 Amram
998 3227 1116 3280 viro
1139 3239 1240 3282 suo
1265 3226 1406 3282 filios
1429 3226 1610 3282 Aaron
1635 3235 1684 3282 et
1712 3227 1918 3296 Mosen,
1950 3236 2005 3283 et
2027 3227 2131 3281 Ma-
2158 3227 2203 3291 C
2235 3242 2399 3297 super
2427 3244 2571 3282 eum.
2622 3229 2720 3297 Qui
2751 3230 2920 3285 stabit
2945 3245 3130 3286 coram
3169 3229 3432 3286 Eleazaro
3466 3229 3753 3287 sacerdote
3792 3241 3852 3288 et

531 3319 668 3375 riam
689 3335 947 3397 sororem
993 3335 1207 3376 eorum.
1270 3320 1346 3375 De
1392 3320 1575 3376 Aaron
1612 3321 1720 3376 nati
1768 3330 1896 3376 sunt
1944 3320 2130 3376 Nadab

527 3423 582 3468 et
611 3413 774 3480 Abiu,
801 3421 856 3468 et
882 3413 1126 3477 Eleazar,
1157 3423 1209 3468 et
1241 3411 1478 3467 Thamar
1510 3429 1523 3466 :
1554 3427 1782 3483 quorum
1823 3413 2006 3468 Nadab
2032 3431 2044 3466 :
2075 3421 2129 3466 et

527 3503 668 3560 Abiu
701 3504 901 3559 mortui
929 3513 1080 3569 sunt,
1111 3519 1234 3559 cum
1291 3504 1621 3559 obtulissent
1671 3504 1851 3574 ignem
1887 3504 2127 3559 alienum

525 3613 711 3653 coram
746 3597 997 3653 Domino.
1051 3597 1404 3667 Fueruntque
1447 3612 1622 3652 omnes
1674 3597 1754 3669 [h.
1790 3613 1896 3651 non
1943 3597 2125 3668 habet]

525 3689 617 3758 qui
672 3689 944 3744 numerati
972 3697 1098 3744 sunt
1133 3730 1148 3755 ,
1199 3689 1388 3758 viginti
1431 3690 1532 3743 tria
1573 3689 1737 3744 millia
1768 3691 1986 3760 generis
2016 3707 2128 3745 ma-

527 3781 747 3847 sculini,
777 3780 844 3838 ab
873 3797 983 3837 uno
1015 3796 1202 3837 mense
1231 3789 1289 3836 et
1327 3796 1492 3852 supra
1519 3798 1532 3835 :
1561 3782 1686 3852 quia
1714 3798 1820 3837 non
1871 3792 1999 3838 sunt
2042 3799 2127 3839 re-

526 3873 722 3931 censiti
753 3875 894 3930 inter
950 3875 1092 3930 filios
1119 3876 1285 3932 Israel
1312 3917 1327 3942 ,
1363 3891 1468 3931 nec
1497 3878 1578 3931 eis
1632 3891 1753 3932 cum
1801 3879 2017 3934 caeteris
2043 3890 2127 3934 est

525 3967 651 4023 data
679 3969 974 4038 possessio.
1003 3969 1104 4022 Hic
1133 3978 1217 4023 est
1252 3983 1512 4024 numerus
1550 3969 1786 4024 filiorum
1821 3971 2003 4037 Israel,
2034 3973 2124 4041 qui

525 4062 786 4134 descripti
814 4073 990 4118 sunta
1017 4062 1164 4118 Mose
1187 4074 1240 4118 et
1271 4064 1531 4117 Eleazaro
1559 4063 1863 4125 sacerdote,
1897 4065 1950 4118 in
1980 4080 2126 4119 carn-

525 4157 804 4227 pestribus
831 4156 988 4213 Moab
1028 4171 1190 4226 supra
1219 4156 1516 4213 Jordanem
1543 4166 1733 4212 contra
1767 4157 2009 4214 Jericho.
2039 4159 2124 4214 In-

523 4255 608 4305 ter
635 4264 795 4320 quos,
825 4249 1006 4305 nullus
1045 4247 1150 4304 fuit
1172 4265 1361 4305 eorum
1389 4251 1483 4321 qui
1530 4259 1660 4305 ante
1703 4251 1970 4306 numerati
1998 4261 2126 4307 sunt

524 4357 555 4397 a
595 4342 741 4399 Mose
766 4352 825 4398 et
853 4344 1034 4397 Aaron
1061 4342 1118 4398 in
1148 4343 1368 4398 deserto
1409 4342 1578 4399 Sinai.
1611 4342 1948 4399 Praedixerat
1976 4346 2122 4400 enim

523 4437 819 4504 Dominus,
860 4436 1005 4507 quod
1056 4452 1250 4493 omnes
1305 4443 1654 4492 morerentur
1704 4436 1756 4490 in
1806 4436 2119 4492 solitudine.

521 4532 827 4604 Nullusque
846 4531 1110 4587 remansit
1132 4545 1198 4586 ex
1220 4528 1322 4597 eis,
1348 4529 1453 4586 nisi
1473 4529 1680 4587 Chaleb
1696 4528 1839 4586 filius
1855 4529 2118 4610 Jephone,

527 4639 599 4682 ex
626 4624 795 4681 Josue
817 4623 960 4680 illius
987 4621 1131 4677 Nun.

597 4718 679 4790 [(2.
711 4716 889 4783 LXX,
933 4715 1062 4787 Cap.
1105 4712 1344 4785 XXVIIJ
1399 4715 1762 4772 AcceSserunt
1787 4725 1971 4770 autem
1999 4713 2124 4769 lilia:

521 4809 792 4880 Salphaad
820 4851 836 4876 ,
870 4807 965 4863 lilii
996 4805 1199 4877 Epher,
1237 4806 1328 4860 lilii
1351 4804 1551 4862 Galaad
1577 4848 1594 4874 ,
1627 4805 1721 4861 filii
1752 4806 1953 4862 Machir
1977 4850 1991 4875 ,
2027 4805 2124 4866 filii

523 4904 794 4968 Mauasse,
820 4902 908 4972 qui
928 4900 1029 4957 fuit
1049 4901 1190 4956 filius
1211 4897 1448 4971 Ioseph:
1473 4913 1702 4969 quarum
1727 4908 1852 4954 sunt
1876 4900 2119 4971 nomina,

522 4997 717 5065 Maala,
743 5003 799 5051 et
828 4993 960 5061 Noa,
996 5003 1050 5049 et
1081 4993 1231 5064 Egla,
1265 5001 1320 5047 et
1347 4991 1578 5057 Melcha,
1608 4998 1666 5046 et
1692 4991 1918 5047 Thersa.
1945 4993 2128 5048 Stete-

519 5099 763 5161 runtque
797 5102 981 5143 coram
1008 5085 1160 5143 Mose
1183 5094 1238 5142 et
1269 5085 1530 5140 Eleazaro
1558 5083 1874 5154 sacerdote,
1908 5094 1962 5139 et
1992 5101 2123 5140 cun-

520 5183 626 5242 ctis
652 5183 988 5256 principibus
1019 5181 1206 5252 p0puli
1237 5179 1306 5235 ad
1339 5181 1541 5235 ostium
1572 5178 2124 5256 tabernaculiqude-

521 5283 597 5338 ris
622 5325 636 5350 ,
688 5291 851 5352 atque
899 5279 1157 5334 dixerunt
1195 5295 1205 5330 :
1258 5275 1418 5330 Pater
1463 5281 1649 5329 noster
1681 5283 1926 5327 mortuus
1953 5283 2035 5328 est
2067 5273 2120 5328 in

521 5375 743 5432 deserto
773 5417 788 5442 ,
832 5376 942 5428 nee'
963 5371 1063 5426 fuit
1109 5372 1159 5424 in
1202 5365 1507 5430 seditione,
1550 5380 1673 5436 quze
1721 5365 1988 5419 concitata
2036 5374 2122 5420 est

521 5479 710 5526 contra
766 5467 1057 5523 Dominum
1085 5463 1187 5518 sub
1209 5460 1374 5528 Core,
1408 5459 1502 5514 sed
1533 5459 1582 5512 in
1606 5467 1834 5528 peccato
1853 5471 1951 5512 suo
1975 5473 2122 5512 tuor-

521 5570 650 5618 tuus
695 5571 808 5618 est:
859 5560 947 5616 hic
975 5573 1079 5613 non
1124 5554 1312 5610 habuit
1340 5567 1517 5609 mares
1548 5552 1708 5607 filios.
1753 5552 1867 5606 Cur
1917 5550 2121 5605 tollitur

525 5674 722 5715 nomen
755 5655 899 5713 illius
913 5653 979 5710 de
1002 5650 1203 5708 familia
1232 5665 1330 5706 sua
1360 5688 1377 5717 ,
1399 5648 1526 5720 quia
1555 5663 1663 5703 non
1691 5646 1878 5704 habuit
1909 5646 2120 5701 filium?

429 5766 435 5772 '
522 5757 657 5813 Date
682 5754 839 5812 nobis
867 5750 1267 5826 possessionem
1299 5748 1441 5806 inter
1467 5753 1728 5818 cognatos
1758 5741 1851 5814 [h.
1888 5737 2116 5810 fratres]

526 5851 696 5922 patris
742 5848 935 5906 nostri.
990 5842 1304 5917 Retulitque
1355 5841 1533 5900 Moses
1562 5855 1782 5899 causam
1814 5849 2000 5894 earum
2051 5833 2120 5890 ad

2233 3324 2378 3378 omni
2411 3323 2754 3379 multitudine
2802 3343 2814 3378 :

2234 3416 2543 3472 videntibus
2558 3425 2613 3472 et
2634 3427 2844 3488 partem
2877 3418 3065 3488 gloriae
3095 3428 3224 3485 tuae,
3241 3427 3300 3473 ut
3320 3417 3506 3474 audiat
3529 3434 3650 3473 eum
3669 3417 3849 3476 omnis

2231 3527 2505 3583 synagoga
2537 3511 2772 3567 filiorum
2798 3511 2988 3568 Israel.
3019 3512 3124 3567 Pro
3156 3511 3295 3581 hoc,
3327 3511 3375 3567 si
3417 3511 3545 3583 quid
3573 3513 3849 3583 agendum

2231 3605 2340 3659 erit
2365 3648 2378 3669 ,
2415 3605 2639 3660 Eleazar
2669 3605 2929 3660 sacerdos
2953 3605 3202 3660 consulet
3230 3605 3516 3661 Dominum
3541 3606 3619 3678 [h.
3642 3603 3846 3660 Coram

2231 3698 2494 3754 Eleazaro
2522 3698 2807 3755 sacerdOte
2837 3699 3021 3765 stabit,
3047 3708 3106 3754 ut
3131 3701 3383 3755 consulat
3414 3716 3538 3756 eum
3563 3701 3614 3755 in
3634 3700 3848 3770 judicio

2229 3789 2490 3845 doctrinae
2521 3805 2706 3845 coram
2740 3790 3018 3860 Domino].
3068 3791 3150 3846 Ad
3186 3795 3414 3848 verbum
3446 3792 3565 3864 ejus
3596 3792 3848 3863 egredie-

2231 3893 2338 3948 tur,
2369 3893 2422 3938 et
2455 3882 2800 3954 ingredietur
2828 3883 2966 3953 ipse,
2987 3893 3041 3938 et
3067 3898 3259 3939 omnes
3285 3884 3378 3938 lilii
3403 3884 3572 3940 Israel
3601 3899 3721 3939 cum
3752 3899 3846 3952 eo,

2229 3987 2284 4032 et
2306 3985 2502 4033 cmtera
2536 3977 2846 4032 multitudo.
2882 3977 3032 4033 Fecit
3061 3977 3237 4034 Moses
3267 3988 3324 4032 ut
3356 3987 3690 4049 praeceperat
3733 3977 3846 4033 Do-

2229 4072 2426 4127 minus.
2458 4069 2701 4142 Cumque
2735 4071 2948 4127 tulisset
2975 4071 3181 4138 .Iosue,
3236 4071 3428 4127 Statuit
3474 4086 3600 4127 eum
3649 4087 3842 4126 coram

2230 4165 2493 4220 Eleazaro
2537 4164 2824 4220 sacerdote
2867 4173 2922 4219 ct
2971 4165 3119 4220 omni
3165 4164 3476 4234 frequentia
3506 4164 3718 4236 populi.
3777 4164 3847 4221 Et

2228 4256 2499 4326 impositis
2525 4255 2688 4326 capiti
2716 4256 2838 4323 ejus
2867 4255 3137 4324 manibus,
3174 4264 3367 4311 cuncta
3401 4255 3842 4327 replicavit,qu:n

2229 4348 2582 4404 mandaverat
2610 4348 2899 4403 Dominus.

2306 4440 2389 4513 [τ.
2417 4439 2558 4506 XVI,
2598 4441 2656 4494 ιι.
2692 4439 2832 4507 LXI,
2866 4438 2927 4496 c.
2964 4439 3203 4507 LXXIV,
3237 4439 3372 4512 Cap.
3397 4439 3658 4510 xxvnu
3695 4439 3847 4495 Dixit

2227 4548 2442 4603 quoque
2470 4532 2731 4588 Dominus
2751 4533 2817 4587 ad
2844 4533 3061 4588 Mosen:
3097 4533 3342 4602 Prmcipe
3391 4532 3515 4588 filiis
3541 4531 3708 4587 Israel
3735 4575 3750 4599 ,
3783 4541 3842 4587 et

2867 3333 2922 3380 et
2965 3325 3123 3380 dabis
3175 3325 3228 3402 ei
3281 3335 3574 3394 praecepta,
3631 3323 3850 3380 cunctis

2150 4617 2202 4680 D
2229 4626 2379 4684 dices
2411 4627 2479 4681 ad
2512 4642 2638 4683 eos:
2677 4626 3019 4683 Oblationem
3055 4642 3231 4682 meam
3263 4634 3318 4682 et
3346 4641 3516 4697 panes
3545 4625 3562 4700 [
3587 4625 3642 4679 b.
3670 4623 3838 4680 Obla-

2235 4723 2436 4776 tionem
2465 4721 2624 4791 panis
2655 4719 2783 4791 mei]
2811 4761 2824 4787 ,
2886 4731 2941 4775 et
2990 4719 3277 4775 incensum
3311 4718 3497 4774 odoris
3525 4715 3840 4773 suavissimi

2230 4814 2423 4870 offerte
2477 4830 2576 4886 per
2624 4824 2872 4885 tempora
2920 4828 3037 4868 sua.
3094 4813 3220 4868 Ilmc
3251 4821 3379 4867 sunt
3405 4810 3671 4867 sacrificia
3713 4825 3836 4882 qua:

2229 4907 2428 4962 ollerre
2473 4905 2714 4961 debetis:
2759 4905 2944 4975 Agnos
2973 4901 3255 4958 anniculos
3297 4902 3673 4957 immaculatos
3697 4899 3838 4955 duos

2225 5000 2472 5072 quotidie
2501 5002 2558 5054 in
2595 4999 2972 5054 holocaustum
3005 5000 3441 5067 sempiternum:
3498 5011 3661 5051 unum
3698 4992 3838 5049 offe-

2226 5093 2357 5147 retis
2391 5107 2550 5148 mane
2575 5132 2589 5158 ,
2624 5103 2677 5147 et
2707 5092 2940 5148 alterum
2969 5091 3037 5146 ad
3064 5105 3350 5161 vesperam
3375 5109 3387 5145 :
3413 5089 3684 5145 decimam
3714 5102 3840 5158 par-

2226 5195 2332 5241 tem
2367 5186 2502 5257 Eplti
2534 5185 2755 5253 similae,
2784 5199 2906 5255 qua:
2937 5199 3233 5254 conspersa
3263 5184 3336 5238 sit
3362 5183 3487 5238 oleo
3517 5180 3834 5252 purissimo,

2224 5289 2279 5335 et
2321 5281 2517 5335 habeat
2544 5289 2793 5350 quartam
2827 5289 3040 5350 partem
3093 5277 3211 5334 hin.
3275 5277 3665 5334 Holocaustum
3705 5275 3840 5347 juge

2225 5384 2307 5429 est
2336 5371 2479 5444 quod
2505 5371 2780 5427 obtulistis
2809 5371 2864 5426 in
2896 5379 3080 5426 monte
3097 5370 3246 5425 Sinai
3280 5370 3336 5424 in
3365 5368 3592 5424 odorem
3621 5367 3836 5423 suavis-

2226 5467 2422 5522 simum
2451 5466 2656 5521 incensi
2715 5465 2956 5521 Domini.
3010 5465 3080 5519 Et
3131 5463 3370 5518 libabitis
3420 5462 3531 5518 vini
3585 5469 3836 5532 quartam

2227 5566 2439 5627 partem
2467 5557 2561 5612 hin
2593 5572 2689 5628 per
2710 5573 2878 5628 agnos
2907 5555 3156 5626 singulos
3182 5555 3234 5609 in
3264 5555 3575 5609 sanctuario
3595 5551 3829 5609 Domini.

2230 5649 2590 5721 Alterumque
2615 5664 2813 5720 agnum
2838 5647 3089 5703 similiter
3113 5646 3363 5701 oﬂ‘eretis
3392 5645 3457 5700 ad
3500 5659 3782 5714 vesperam
3817 5687 3830 5709 ,

2222 5742 2375 5813 juxta
2397 5759 2624 5808 omnem
2657 5744 2819 5798 ritum
2844 5741 3101 5798 sacrificii
3126 5739 3401 5810 matutini,
3430 5752 3486 5796 et
3511 5740 3836 5796 libamentu-

2227 5848 2346 5892 rum
2377 5833 2514 5905 ejus,
2542 5834 2880 5892 oblationem
2907 5832 3217 5891 suavissimi
3249 5830 3719 5906 odorisbotnino.
3745 5830 3826 5902 lC.
