4098 6366
254 302 359 359 389

1647 294 1851 355 LIBER
1892 293 2181 357 NUMERI.

3453 297 3561 354 590

253 411 490 485 LXXVJ
521 412 621 468 Die
650 420 832 468 autem
865 410 1080 469 sabbati
1118 408 1362 468 oﬁeretis
1391 408 1528 465 duos
1560 424 1730 480 agnus
1757 425 1856 465 an-
1885 424 1939 484 Α
1965 410 2127 467 habet
2158 451 2173 476 ,
2209 410 2263 466 in
2311 423 2374 465 ea
2401 410 2548 483 quia]
2578 410 2694 466 dies
2726 410 2997 481 claugoris
3022 420 3105 465 est
3148 410 3225 481 [h.
3260 411 3383 466 Dies
3410 412 3558 465 clan—

250 507 466 563 niaulos
494 506 873 563 immaculatos
900 546 917 572 ,
959 512 1015 563 et
1059 504 1197 561 duas
1246 504 1494 561 decimas
1519 504 1710 560 simila:
1736 504 1859 561 oleo

248 613 565 669 conspersa:
615 601 669 656 in
711 598 991 657 sacriﬁcio
1017 640 1031 663 ,
1062 606 1118 653 et
1139 597 1248 655 liba
1279 613 1397 667 qua:
1427 596 1531 653 rite
1563 596 1860 653 funduntur

252 710 346 763 per
372 693 588 761 singula
622 692 849 751 sabbata
899 692 956 749 in
1010 692 1384 749 holocaustum
1443 692 1855 761 sempiternum.

262 786 342 856 ιϐ.
384 784 653 857 LXXVI]
685 784 740 841 In
762 784 1011 844 kalendis
1035 793 1216 841 autem
1243 785 1262 857 ι
1289 785 1479 849 idest,
1506 784 1557 839 in
1591 784 1858 841 mensium

253 877 546 949 esurdiisj
578 877 822 934 oﬂ‘eretis
851 877 1229 933 holocaustum
1259 877 1489 931 Domino
1518 920 1531 943 ,
1565 876 1764 933 vitulos
1793 875 1861 931 de

246 980 505 1029 armento
533 971 676 1027 duos
701 1011 717 1039 ,
746 972 981 1028 arietem
1015 986 1177 1026 unum
1215 1011 1231 1036 ,
1264 984 1435 1039 agnos
1465 969 1753 1025 anniculos
1778 983 1863 1025 sc-

247 1078 394 1139 ptem
420 1065 832 1129 immaculatos,
861 1074 916 1122 et
936 1076 1051 1121 tres
1078 1063 1325 1121 decimas
1353 1063 1549 1118 similae
1572 1062 1697 1118 oleo
1728 1075 1861 1119 con-

246 1173 460 1229 spersae
491 1159 548 1213 iu
584 1159 857 1215 sacriﬁcio
906 1172 1002 1227 per
1052 1158 1296 1227 singulos
1346 1156 1579 1213 vitulos:
1635 1164 1691 1213 et
1725 1156 1863 1210 duas

246 1250 499 1305 decimas
530 1248 723 1305 simila:
756 1249 881 1305 oleo
908 1263 1219 1318 conspersa:
1243 1264 1337 1317 per
1357 1247 1599 1318 singulos
1628 1246 1861 1305 arietes:

248 1353 273 1383 ⁸
300 1354 359 1401 et
388 1344 665 1401 decimam
689 1343 917 1400 decima:
947 1343 1143 1399 similae
1188 1358 1257 1400 ex
1308 1342 1434 1399 oleo
1488 1342 1541 1398 in
1596 1342 1863 1399 sacriﬁcio

247 1454 344 1510 per
365 1454 539 1509 agnas
569 1438 818 1509 singulos
862 1436 939 1509 [h.
996 1438 1062 1493 Et
1106 1436 1350 1507 singulas
1396 1436 1627 1492 decimas
1672 1436 1864 1491 simila:

245 1533 373 1589 oleo
395 1547 703 1601 conspersa:
728 1531 781 1588 in
813 1530 1084 1589 sacriﬁcio
1107 1545 1206 1600 per
1231 1526 1446 1600 agnos].
1476 1529 1861 1585 IIolocaustum

248 1628 562 1682 suavissimi
610 1627 795 1683 odoris
839 1637 1002 1699 atque
1048 1628 1255 1683 incensi
1286 1635 1373 1682 est
1419 1626 1667 1683 Domino.
1705 1626 1865 1682 Liba-

246 1729 433 1776 tnenta
455 1729 642 1777 autem
672 1722 781 1777 vini
808 1763 823 1787 ,
876 1736 996 1793 quae
1025 1736 1123 1793 per
1161 1720 1406 1789 singulas
1437 1717 1707 1776 fundendo
1742 1727 1866 1772 sunt

1946 504 2112 575 geris
2141 504 2246 559 erit
2273 502 2450 571 vobis]
2476 512 2532 558 et
2566 504 2866 559 turbarum.
2920 502 3277 571 Offeretisqne
3309 502 3563 558 holocau-

1962 606 2104 651 stum
2134 596 2185 650 iu
2241 596 2465 653 odorem
2518 597 2899 654 suavissimum
2951 597 3178 653 Domino
3230 596 3455 650 vitulum
3497 596 3564 651 dc

1963 698 2209 745 armento
2243 705 2404 746 unum
2433 732 2448 758 ,
2481 690 2708 747 arietem
2739 706 2905 746 unum
2934 732 2948 756 ,
2969 704 3136 761 agnos
3157 689 3437 745 anniculos
3466 690 3564 743 irit-

1964 782 2263 839 maculatos
2288 790 2499 851 septem
2524 824 2537 846 ,
2570 792 2624 837 et
2671 784 2724 839 in
2769 784 3053 840 sacriﬁciis
3100 799 3291 842 eorum
3318 824 3333 849 ,
3374 782 3565 837 simila:

1963 874 2086 931 oleo
2133 888 2442 944 conspersa:
2474 884 2585 931 tres
2615 874 2860 932 decimas
2915 892 3013 946 per
3050 876 3293 946 singulos
3323 876 3521 930 vitulos
3547 914 3563 941 ,

1965 967 2101 1021 duas
2153 966 2395 1023 decimas
2451 982 2549 1036 per
2595 967 2821 1023 arietem
2860 1008 2874 1033 ,
2935 983 3095 1023 unam
3153 967 3418 1023 decimam
3473 981 3567 1035 per

1962 1073 2160 1131 agnum
2196 1101 2210 1127 ,
2240 1060 2512 1130 quisimul
2545 1070 2669 1115 sunt
2692 1061 2815 1130 agni
2844 1067 3086 1128 septem:
3141 1069 3195 1116 et
3228 1059 3437 1114 hircum
3469 1074 3566 1127 pro

1964 1163 2209 1223 peccato,
2242 1152 2334 1221 qui
2359 1152 2583 1210 oﬂ'ertur
2616 1154 2666 1208 in
2714 1154 3080 1223 expiationem
3108 1153 3288 1222 populi
3320 1192 3334 1217 ,
3369 1160 3567 1222 prazter

1966 1244 2337 1301 holocaustum
2367 1244 2723 1303 kalendarum
2755 1261 2878 1302 cum
2911 1244 3196 1302 sacriﬁciis
3222 1245 3357 1307 suis,
3386 1253 3441 1297 et
3462 1242 3565 1298 lto-

1966 1336 2264 1393 Ioeaustum
2286 1338 2679 1407 sempiternum
2703 1352 2822 1392 eum
2852 1336 3199 1393 libationibus
3228 1336 3422 1392 solitis.
3451 1335 3571 1391 Eis-

1966 1427 2089 1482 dem
2120 1430 2465 1484 caaremoniis
2512 1428 2748 1485 offeratis
2799 1428 2852 1483 in
2911 1429 3134 1485 odorem
3187 1428 3565 1484 suavissimum

1968 1523 2251 1579 incensum
2290 1523 2540 1581 Domino.
2573 1522 2655 1595 lC.
2683 1522 2925 1594 LXXX]
2960 1522 3177 1579 Decima
3205 1538 3422 1594 quoque
3451 1523 3572 1577 dies

1970 1616 2175 1671 mensis
2209 1615 2367 1686 hujus
2394 1617 2608 1687 septimi
2633 1620 2737 1672 erit
2758 1616 2910 1671 vobis
2941 1624 3124 1672 sancta
3154 1624 3316 1685 atque
3343 1631 3571 1671 venera-

1972 1709 2115 1778 bilis,
2144 1721 2197 1764 et
2223 1710 2476 1781 afﬁigetis
2505 1711 2715 1767 animas
2746 1721 2987 1766 vestras:
3022 1725 3183 1764 omne
3208 1723 3345 1779 Opus
3372 1710 3573 1763 servile

248 1812 507 1868 victimas
541 1853 556 1877 ,
604 1811 704 1868 ista
738 1822 935 1869 erunt:
982 1813 1160 1869 media
1211 1828 1339 1883 pars
1371 1813 1465 1869 hin
1499 1826 1593 1882 per
1624 1810 1867 1880 singulos
1898 1816 1943 1877 Β
1974 1818 2078 1856 non
2108 1801 2325 1859 facietis
2360 1804 2411 1860 in
2442 1818 2504 1859 ea
2530 1804 2609 1874 1h.
2641 1819 2748 1858 non
2784 1803 2941 1857 habet
2966 1801 3018 1856 in
3050 1802 3158 1869 ea].
3211 1800 3573 1870 Oﬁ'eretisque

248 1904 455 1961 vitulos
479 1945 495 1971 ,
530 1906 690 1961 tertia
723 1920 815 1974 per
838 1906 1069 1961 arietem
1097 1946 1111 1969 ,
1141 1917 1334 1974 quarta
1365 1920 1459 1975 Per
1486 1919 1705 1974 agnum.
1755 1901 1868 1956 Hoc

249 1998 353 2054 erit
379 1997 764 2055 holocaustum
790 2012 886 2067 per
906 2012 1099 2055 omnes
1126 2013 1343 2054 menses
1377 2040 1391 2063 ,
1436 1998 1526 2066 qui
1570 1995 1672 2052 sibi
1724 2010 1867 2049 anno

248 2100 507 2149 vertente
536 2092 858 2148 succedunt.
891 2092 1087 2148 Hircus
1110 2106 1325 2162 quoque
1352 2089 1615 2147 offeretur
1640 2088 1869 2145 Domino

250 2200 353 2255 pro
384 2186 627 2253 peccatis
658 2186 712 2241 in
744 2184 1123 2241 holocausutm
1155 2185 1551 2253 sempiternum
1582 2196 1704 2237 cum
1736 2181 1868 2235 liba-

248 2278 458 2335 mentis
483 2277 622 2334 suis.
679 2280 695 2349 [_
721 2278 781 2334 Β.
817 2277 952 2333 LXII
988 2321 1001 2346 ,
1043 2277 1105 2333 C.
1143 2275 1428 2345 LXXVIH
1476 2277 1661 2335 Mense
1687 2283 1866 2329 autem

249 2370 461 2440 primo,
484 2383 681 2438 quarta
709 2370 925 2426 decima
945 2370 1033 2427 die
1058 2371 1281 2435 mensis,
1330 2369 1505 2424 Phase
1532 2367 1744 2423 Domini
1766 2367 1870 2423 erit

253 2462 337 2535 [h.
370 2478 481 2519 non
500 2462 687 2529 habet,
704 2462 923 2533 eritl,et
947 2464 1133 2534 quinta
1158 2462 1371 2518 decima
1402 2462 1492 2517 die
1514 2461 1865 2517 solemnitas:

250 2563 466 2624 septem
495 2555 691 2612 diebus
713 2565 1005 2612 vesceutur
1027 2555 1251 2626 azymis.
1281 2555 1520 2622 Quarum
1553 2554 1671 2610 dies
1696 2554 1868 2623 prima

252 2646 596 2703 venerabilis
621 2657 677 2702 et
706 2658 889 2703 sancta
922 2648 1058 2704 erit:
1100 2662 1262 2704 omne
1310 2661 1452 2714 opus
1504 2645 1705 2702 servile
1761 2660 1868 2700 non

254 2738 475 2794 facietis
506 2739 559 2794 in
588 2754 654 2795 ea
681 2738 760 2811 [h.
792 2755 898 2795 non
934 2740 1097 2795 habet
1124 2784 1139 2808 ,
1168 2741 1220 2795 in
1252 2738 1362 2808 eal.
1394 2737 1753 2807 Oﬂ'eretisque
1784 2738 1869 2793 in-

256 2847 485 2889 censum
520 2831 903 2889 holocaustum
927 2832 1159 2888 Domino
1190 2873 1207 2901 ,
1252 2832 1455 2889 vitulos
1512 2831 1580 2888 de
1622 2839 1871 2887 armento

257 2926 400 2982 duos
428 2966 445 2994 ,
479 2927 707 2983 arietem
732 2942 899 2982 unum
928 2967 943 2993 ,
974 2941 1144 2997 agnos
1175 2925 1463 2981 anniculos
1494 2924 1873 2979 immaculatos

256 3028 515 3089 septem:
570 3027 625 3075 et
654 3019 922 3075 sacriﬁcia
962 3019 1304 3089 singulorum
1361 3034 1430 3075 ex
1478 3018 1658 3073 simila
1693 3062 1707 3087 ,
1753 3030 1876 3086 qua:

260 3128 562 3184 conspersa
592 3112 665 3169 sit
694 3112 836 3180 oleo,
871 3119 982 3168 tres
1006 3112 1248 3167 decimas
1270 3126 1363 3182 per
1384 3110 1629 3182 singulos
1654 3109 1876 3174 vitulos,

1971 1894 2349 1953 holocaustum
2379 1896 2606 1950 Domino
2636 1894 2690 1951 in
2721 1893 2942 1950 odorem
2972 1894 3355 1950 suavissimum
3381 1932 3398 1959 ,
3430 1892 3571 1945 vitu-

1970 1988 2080 2044 lum
2113 1987 2180 2042 de
2208 1996 2458 2043 armento
2488 2002 2653 2042 unum
2680 2026 2694 2053 ,
2726 1988 2950 2043 arietem
2980 2003 3144 2041 unum
3175 2027 3189 2052 ,
3228 2000 3395 2054 agnos
3422 1986 3574 2040 anni-

1970 2079 2121 2135 culos
2152 2078 2530 2135 immaculatos
2559 2090 2767 2147 septem
2798 2120 2812 2144 ,
2842 2089 2899 2134 et
2930 2078 2985 2134 in
3020 2078 3305 2134 sacriﬁciis
3337 2093 3527 2133 eorum
3558 2118 3574 2145 ,

1968 2171 2165 2230 simila:
2197 2171 2322 2229 oleo
2372 2188 2683 2241 conSpersa:
2731 2183 2842 2230 tres
2889 2173 3133 2228 delimas
3187 2190 3281 2242 per
3334 2172 3579 2241 singulos

1974 2264 2195 2331 vitulos,
2228 2266 2362 2320 duas
2392 2266 2632 2321 decimas
2664 2281 2761 2335 per
2786 2265 3034 2329 arietem,
3057 2266 3325 2321 decimam
3352 2266 3579 2321 decima:

1973 2374 2068 2429 per
2096 2373 2266 2430 agnos
2296 2359 2538 2428 singulos
2564 2358 2645 2430 [h.
2677 2358 2918 2429 singulas
2944 2358 3188 2415 decimas
3220 2375 3315 2429 per
3337 2358 3581 2428 singulos

1972 2450 2162 2521 agnos]
2194 2491 2208 2517 ,
2258 2452 2347 2521 qui
2387 2459 2515 2507 sunt
2544 2452 2701 2507 simul
2737 2462 2943 2521 septem
2975 2453 3128 2521 agni:
3162 2450 3452 2507 ethircum
3485 2466 3581 2521 pro

1970 2556 2196 2614 peccato
2217 2589 2229 2611 ,
2261 2545 2468 2613 absque
2499 2546 2582 2599 his
2604 2560 2722 2613 quae
2753 2543 2935 2600 offerri
2970 2560 3064 2613 pro
3094 2544 3295 2601 delicto
3318 2544 3499 2599 solent
3527 2544 3581 2598 in

1972 2636 2375 2706 expiationem,
2426 2645 2478 2691 et
2526 2638 2897 2691 holocaustum
2955 2640 3350 2706 sempiternum
3383 2679 3398 2704 ,
3458 2654 3580 2694 cum

1973 2727 2239 2784 sacriﬁcio
2266 2738 2320 2785 et
2352 2728 2708 2785 libaminihus
2738 2745 2951 2784 eorum.
2996 2730 3188 2797 Quinta
3222 2731 3428 2787 decima
3459 2748 3584 2787 vero

1973 2824 2062 2880 die
2094 2824 2299 2881 mensis
2330 2824 2548 2893 septimi
2578 2864 2593 2891 ,
2627 2838 2749 2894 qua:
2777 2823 2929 2880 vobis
2953 2833 3137 2883 sancta
3164 2824 3271 2881 erit
3299 2836 3462 2895 atque
3487 2840 3583 2880 ve-

1976 2916 2269 2985 nerabilis,
2297 2932 2462 2975 omne
2489 2932 2627 2987 opus
2657 2917 2860 2973 servile
2892 2934 2999 2973 non
3034 2918 3248 2974 facietis
3296 2920 3349 2974 in
3380 2932 3445 2972 ea
3501 2918 3582 2987 ιι).

1979 3026 2091 3067 non
2122 3009 2287 3066 habet
2312 3009 2365 3064 in
2393 3008 2479 3079 ea]
2507 3050 2523 3075 ,
2553 3010 2648 3066 sed
2680 3010 3030 3066 celebrabitis
3051 3010 3450 3066 solemnitatem
3478 3010 3585 3064 Du-

1988 3104 2136 3161 mino
2159 3111 2369 3173 septem
2403 3102 2613 3158 diebus.
2639 3102 2724 3176 [Ο.
2749 3101 3015 3174 ιχχχω
3040 3101 3402 3172 Oﬁeretisque
3430 3102 3585 3156 holo-

261 3216 325 3264 et
352 3206 491 3262 duas
520 3204 769 3261 decimas
802 3220 897 3275 per
926 3205 1151 3262 arietem
1183 3247 1196 3271 ,
1238 3214 1295 3259 et
1337 3206 1353 3278 [
1382 3205 1435 3258 h.
1460 3204 1715 3259 similiter
1747 3202 1832 3258 hic
1858 3201 1873 3273 ]
1902 3208 1947 3268 Ο
1979 3206 2228 3253 caustum
2257 3197 2307 3253 in
2330 3196 2555 3252 odorem
2586 3196 2969 3251 suavissimum
2998 3196 3248 3259 Domino,
3285 3196 3484 3252 vitulos
3513 3195 3583 3252 de

264 3298 540 3355 decimam
568 3298 799 3353 decima:
830 3314 926 3367 per
951 3312 1120 3367 agnos
1150 3297 1430 3368 singulos:
1491 3296 1544 3353 id
1593 3304 1712 3359 est,
1784 3310 1880 3366 per

265 3400 478 3462 septem
512 3404 705 3461 agnos.
766 3389 836 3445 Et
895 3391 1103 3447 hircum
1138 3407 1234 3460 pro
1288 3400 1511 3461 peccato
1554 3406 1767 3456 unum,
1822 3399 1882 3445 ut

268 3484 525 3555 expietur
553 3498 653 3554 pro
682 3483 836 3540 vobis
863 3525 877 3549 ,
913 3496 1115 3556 praeter
1145 3484 1519 3541 holocaustum
1552 3484 1881 3539 matutinum

271 3574 416 3645 quod
440 3589 663 3642 semper
691 3572 950 3630 offeretis.
992 3574 1067 3631 Ita
1099 3575 1313 3631 facietis
1354 3590 1453 3646 per
1496 3576 1735 3644 singulos
1767 3574 1885 3629 dies

274 3675 484 3737 septem
517 3666 732 3720 dierum
760 3666 813 3720 in
844 3667 1087 3722 fomitem
1123 3666 1261 3738 ignis
1294 3707 1309 3734 ,
1342 3676 1397 3723 et
1427 3668 1477 3721 in
1507 3666 1730 3723 odorem
1763 3680 1887 3722 sua-

271 3759 556 3814 vissimum
587 3759 817 3814 Domino
849 3800 864 3826 ,
892 3760 983 3830 qui
1032 3769 1221 3831 surget
1247 3759 1313 3815 de
1344 3759 1662 3815 hnlocausto
1692 3804 1705 3826 ,
1736 3767 1790 3816 et
1819 3758 1889 3813 de

276 3850 637 3907 libationibus
668 3851 1035 3923 singulorum.
1064 3852 1185 3928 [lies
1216 3865 1430 3923 quoque
1461 3852 1725 3921 septimus
1748 3851 1889 3908 cele-

279 3944 554 4001 berrimus
569 3954 625 3999 et
644 3956 864 3999 sanctus
887 3946 994 3999 erit
1017 3934 1199 4000 vobis:
1220 3961 1381 4001 omne
1405 3960 1541 4014 opus
1561 3945 1757 3999 servile
1781 3959 1886 4000 non

278 4035 489 4092 facietis
520 4036 573 4089 in
604 4051 671 4089 eo
700 4034 778 4108 [h.
806 4050 912 4090 non
943 4034 1108 4091 habet
1137 4074 1154 4105 ,
1208 4035 1259 4090 in
1303 4033 1415 4106 eo].
1442 4035 1527 4111 [Β.
1573 4033 1774 4102 LXIII,
1827 4035 1885 4090 C.

280 4126 595 4201 LXXVII”
624 4128 745 4183 Dies
775 4128 942 4184 etiam
984 4130 1386 4201 primitivorum
1417 4169 1433 4196 ,
1487 4129 1704 4199 quando
1762 4128 1894 4185 offe—

282 4221 417 4277 retis
446 4235 621 4276 novas
654 4219 843 4293 fruges
889 4222 1137 4291 Domino,
1172 4222 1406 4293 expletis
1438 4222 1891 4295 hebdomadibus,

285 4314 617 4371 venerabilis
649 4324 705 4370 et
734 4323 921 4369 sancta
949 4315 1091 4371 erit:
1141 4330 1302 4369 omne
1360 4329 1496 4386 opus
1544 4314 1742 4370 servile
1789 4330 1894 4371 non

287 4406 500 4465 facietis
523 4408 579 4463 in
612 4423 674 4464 ea
702 4408 781 4482 [h.
817 4423 925 4463 non
955 4407 1118 4465 habet
1139 4410 1190 4463 iu
1216 4408 1323 4479 eal.
1358 4408 1717 4478 Ofieretisque
1744 4408 1899 4466 holo-

290 4512 536 4559 caustum
572 4503 625 4556 in
651 4502 876 4558 odorem
905 4502 1289 4559 suavissimum
1315 4504 1564 4568 Domino,
1598 4502 1799 4560 vitulos
1829 4503 1898 4559 de

1981 3296 2231 3345 armento
2256 3288 2515 3344 tredecim
2542 3329 2557 3355 ,
2612 3287 2814 3345 arietes
2845 3286 2984 3343 duos
3012 3328 3027 3353 ,
3090 3302 3258 3358 agnos
3299 3289 3589 3345 anniculos

1984 3382 2398 3455 quatuordecitn
2430 3380 2809 3438 immaculatos
2832 3397 2843 3431 :
2864 3391 2918 3435 et
2948 3380 3000 3436 in
3030 3380 3341 3437 Iibameutis
3372 3396 3586 3446 eorum,

1983 3478 2179 3536 similre
2208 3480 2333 3535 oleo
2363 3493 2680 3547 conspersa:
2712 3486 2821 3531 tres
2850 3475 3094 3532 decimas
3124 3492 3219 3546 per
3246 3477 3449 3533 vitulos
3478 3478 3592 3531 siue

1986 3573 2141 3646 gulos
2166 3614 2181 3639 ,
2213 3573 2303 3643 qui
2346 3585 2471 3628 sunt
2495 3572 2660 3627 simul
2692 3569 2851 3626 vituli
2873 3569 3166 3626 tredecim:
3197 3580 3254 3627 et
3279 3570 3415 3626 duas
3444 3569 3591 3626 deci-

1988 3682 2104 3723 mas
2131 3668 2285 3724 arieti
2316 3682 2424 3722 uno
2455 3678 2471 3732 ;
2504 3666 2556 3721 id
2584 3676 2662 3722 est
2693 3704 2707 3730 ,
2737 3663 2900 3720 simul
2930 3665 3193 3721 arietibus
3222 3664 3438 3721 duobus
3465 3708 3479 3733 ,
3539 3672 3595 3719 et

1991 3759 2071 3831 [h.
2104 3769 2161 3815 ut
2191 3757 2379 3830 supra]
2410 3758 2676 3814 decimam
2708 3756 2939 3813 decima:
2986 3758 3142 3829 agnis
3169 3756 3395 3827 singulis
3426 3800 3440 3823 ,
3497 3756 3591 3827 qui

1989 3860 2118 3907 sunt
2143 3852 2304 3907 simul
2336 3853 2457 3923 agni
2485 3849 2923 3923 quatuordecim:
2973 3861 3029 3909 et
3082 3850 3296 3907 hircum
3336 3864 3434 3920 pro
3467 3863 3595 3917 pec-

1990 3955 2114 4002 cato
2143 3989 2157 4013 ,
2192 3946 2400 4015 absque
2431 3946 2751 4005 holocausto
2777 3950 3116 4019 sempiterno
3141 3988 3157 4011 ,
3188 3955 3244 4003 et
3274 3942 3545 4001 sacriﬁcio
3577 3981 3593 4009 ,

1991 4047 2047 4093 et
2100 4037 2361 4093 libamine
2406 4038 2545 4109 ejus.
2589 4037 2647 4093 In
2677 4039 2769 4097 die
2805 4042 2977 4096 altero
3024 4036 3267 4094 otferetis
3298 4034 3499 4091 vitulos
3529 4034 3597 4090 de

1994 4141 2248 4187 armento
2278 4131 2570 4188 duodecim
2602 4173 2619 4201 ,
2655 4134 2858 4190 arietes
2882 4134 3022 4189 duos
3046 4174 3063 4197 ,
3114 4147 3287 4202 agnos
3314 4129 3600 4185 anniculos

1995 4222 2064 4278 im
2075 4224 2379 4279 maculatos
2404 4226 2847 4296 quatuordecim:
2875 4225 3248 4294 sacriliciaque
3268 4232 3323 4277 et
3342 4219 3600 4278 libamina

1996 4318 2336 4388 singulorum
2371 4332 2469 4388 per
2491 4318 2689 4375 vitulos
2716 4329 2769 4373 et
2794 4318 2997 4375 arietes
3034 4325 3089 4371 et
3116 4330 3285 4386 agnos
3319 4315 3421 4369 rite
3447 4312 3597 4368 cele-

1998 4409 2256 4466 brabitis:
2290 4417 2345 4465 et
2367 4408 2573 4466 hircum
2608 4425 2707 4481 pro
2733 4422 2991 4481 peccato,
3040 4410 3246 4477 abSque
3276 4406 3603 4461 holocausto

1998 4506 2333 4577 sempiterno
2358 4547 2373 4571 ,
2406 4504 2782 4574 sacriﬁcioque
2808 4513 2863 4559 et
2901 4504 3159 4559 libamine
3185 4502 3326 4571 ejus.
3362 4499 3460 4554 Die
3488 4506 3601 4554 ter-

290 4606 540 4651 armento
564 4594 722 4665 duos,
753 4596 979 4652 arietem
1004 4610 1190 4663 unum,
1218 4606 1270 4652 et
1297 4610 1466 4667 agnos
1486 4595 1769 4652 anniculos
1800 4596 1900 4651 im-
1925 4597 1979 4658 D
2006 4602 2080 4656 tio
2118 4598 2362 4655 oﬂ‘eretis
2400 4598 2595 4655 vitulos
2644 4598 2893 4654 ttndecim
2917 4637 2931 4663 ,
2976 4596 3181 4653 arietes
3219 4594 3359 4651 duos
3381 4632 3398 4660 ,
3436 4606 3605 4663 agnos

293 4686 592 4741 maculatus
622 4699 864 4757 septem:
915 4698 1080 4757 atque
1110 4688 1161 4742 in
1184 4688 1467 4744 sacriﬁciis
1492 4704 1680 4745 eorum
1704 4688 1899 4745 simin

294 4777 413 4833 oleo
458 4792 773 4849 conspersae
805 4788 917 4835 tres
941 4779 1188 4837 decimas
1212 4795 1311 4853 per
1360 4782 1605 4852 singulos
1656 4782 1857 4838 vitulos
1885 4822 1900 4849 ,

298 4885 394 4940 per
425 4872 627 4926 arietes
654 4869 788 4926 duas
814 4916 827 4941 ,
880 4886 978 4942 per
1001 4886 1170 4943 agnos
1198 4872 1276 4946 1h.
1312 4872 1410 4929 Hic
1442 4884 1501 4929 ut
1525 4873 1715 4944 supra]
1745 4874 1900 4931 deci-

297 4978 438 5018 mam
471 4962 701 5019 decima:
727 5005 742 5030 ,
772 4964 862 5033 qui
894 4963 1058 5020 simul
1085 4977 1211 5021 sunt
1243 4967 1369 5037 agni
1396 4975 1632 5038 septem.
1678 4968 1901 5025 Hircum

299 5071 513 5127 quoque
546 5072 714 5110 unum
776 5055 962 5131 [Vulg.
995 5067 1099 5113 tac.
1136 5057 1347 5130 unum].
1402 5060 1501 5128 Qui
1526 5070 1790 5118 mactatur
1822 5061 1899 5135 [h.

300 5152 386 5222 qui
444 5161 749 5219 mactatur,
799 5167 907 5208 non
958 5152 1144 5225 habet]
1198 5170 1293 5227 pro
1332 5155 1671 5225 expiatione:
1709 5167 1907 5228 przeter

299 5240 678 5299 holocaustum
712 5244 1106 5315 sempiternum
1139 5257 1192 5301 et
1221 5247 1327 5302 liba
1356 5250 1493 5318 ejus.
1557 5248 1905 5305 Immaculata

304 5336 547 5392 olferetis
570 5338 751 5394 omnia
780 5356 901 5394 cum
936 5340 1284 5396 libationibus
1312 5342 1445 5396 suis.

375 5430 459 5502 [Β.
494 5429 682 5499 LXIV,
704 5431 768 5489 C.
799 5432 1040 5499 LXXIX,
1076 5433 1204 5505 Cap.
1241 5432 1464 5505 XXIX.)
1517 5433 1717 5490 Mensis
1744 5436 1905 5490 etiam

307 5525 518 5594 septimi
544 5527 716 5595 prima
747 5526 864 5582 dies
894 5527 1221 5586 venerabilis
1254 5537 1310 5583 et
1355 5534 1540 5583 sancta
1588 5528 1690 5582 erit
1732 5527 1907 5582 vobis.

309 5612 479 5670 Omne
511 5630 648 5685 Opus
674 5618 873 5673 servile
904 5634 1009 5673 non
1035 5619 1242 5675 facietis
1277 5620 1330 5674 in
1361 5635 1422 5675 ea
1454 5662 1467 5686 ,
1517 5618 1640 5691 quia
1675 5617 1752 5692 [h.
1807 5633 1912 5675 non

2002 4691 2285 4749 anniculos
2331 4692 2705 4747 immaculatos
2742 4690 3184 4761 quatuordecim:
3229 4686 3605 4757 sacriﬁciaque

2002 4795 2059 4840 et
2084 4783 2337 4839 libamina
2370 4783 2707 4853 singulorum
2729 4797 2826 4854 per
2847 4782 3042 4839 vitulos
3063 4790 3118 4835 et
3140 4780 3343 4837 arietes
3363 4786 3420 4835 et
3436 4792 3606 4849 agnos

1938 4948 1941 4951 _
2005 4877 2106 4934 rite
2132 4876 2423 4933 celebratis
2459 4894 2472 4929 :
2498 4883 2551 4931 et
2573 4875 2782 4932 hircum
2813 4890 2910 4945 pro
2935 4884 3181 4945 peccato,
3212 4874 3417 4944 absque
3448 4871 3604 4929 holo-

2007 4977 2195 5026 caustu
2217 4970 2577 5039 sempiterno,
2596 4968 2975 5040 sacriﬁcioque
2994 4978 3047 5024 et
3071 4967 3326 5023 libamine
3339 4967 3479 5037 ejus.
3504 4965 3606 5023 Die

2009 5072 2205 5136 quarto
2236 5062 2476 5119 offeretis
2511 5063 2709 5119 vitulos
2733 5062 2944 5130 decem,
2978 5062 3178 5117 arietes
3208 5060 3350 5117 duos
3374 5101 3388 5125 ,
3439 5073 3609 5131 agnos

2008 5154 2294 5210 anniculos
2325 5154 2702 5210 immaculatos
2749 5153 3196 5224 quatuordecim:
3236 5152 3611 5223 sacriﬁciaqae

2011 5265 2198 5307 eorum
2235 5250 2255 5323 [
2288 5249 2445 5323 Vulg.
2496 5260 2599 5305 tac.
2629 5264 2817 5305 eurum
2850 5246 2892 5320 ],
2913 5257 2966 5305 et
2998 5248 3254 5305 libamina
3276 5247 3609 5317 singulorum

2016 5358 2109 5413 per
2139 5342 2338 5416 vitulos
2368 5349 2421 5397 et
2462 5341 2662 5396 arietes
2691 5349 2746 5396 et
2790 5354 2958 5411 agnos
3002 5343 3105 5396 rite
3135 5341 3482 5398 celebrabitis
3509 5359 3521 5395 :
3553 5352 3611 5397 et

2016 5438 2224 5491 hircum
2251 5453 2349 5506 pro
2382 5446 2607 5505 peccato
2632 5435 2835 5508 absque
2892 5438 3210 5495 holocausto
3254 5439 3611 5509 sempiterno,

2017 5529 2392 5603 sacrificioque
2436 5529 2557 5602 ejus
2608 5537 2663 5585 et
2710 5530 2987 5588 libamine.
3020 5532 3115 5587 Die
3161 5531 3349 5602 quinto
3371 5529 3613 5588 offeretis

2017 5620 2221 5675 vitulos
2247 5636 2464 5691 novem,
2494 5620 2692 5677 arietes
2725 5620 2884 5689 duos,
2919 5638 3086 5691 agnos
3116 5619 3400 5676 anniculos
3429 5621 3616 5676 imtnao

384 5794 411 5825 ⁸
440 5789 611 5849 Docet
637 5789 881 5850 scholica
912 5794 1199 5865 legendum
1223 5811 1345 5854 esse
1370 5796 1476 5854 hoc
1504 5796 1625 5853 loco
1661 5802 1718 5852 ut
1749 5808 1914 5866 supra
1944 5795 2013 5855 ad
2040 5810 2257 5859 versum
2282 5798 2380 5873 I3,
2410 5798 2478 5854 Et
2508 5798 2741 5875 singulas
2768 5800 2990 5859 decimas
3010 5844 3025 5873 ,
3052 5812 3156 5861 etc.
3184 5800 3363 5861 Mam.
