4098 6366
521 330 624 389 39!

1533 325 1594 381 S.
1637 317 2020 381 HIERONYMI
2059 315 2291 378 DIVINA
2332 313 2810 376 BIBLIOTHECA.

3709 305 3823 366 592

523 444 738 502 culatos
760 438 1602 514 quatuordecim:sacriflciaque
1636 448 1690 495 et
1728 437 1985 494 libamina
2013 436 2125 491 sin-
2151 436 2203 498 Α
2230 433 2648 502 contradixerit,
2684 446 2790 488 non
2817 426 3092 486 tenebitur
3121 423 3504 497 promissionis
3530 438 3623 480 rea
3651 439 3664 478 :
3697 423 3828 493 quia

525 539 774 608 gulorunt
809 551 905 607 per
933 535 1136 591 vitulos
1161 542 1218 590 et
1235 533 1438 589 arietes
1467 541 1524 589 et
1543 547 1712 603 agnos
1740 533 1846 588 rite
1870 530 2118 588 celebra-

524 628 654 685 bitis
685 637 778 684 :et
828 627 1037 683 hircum
1093 643 1192 698 pro
1222 637 1486 698 peccato,
1544 625 1752 697 absque
1801 624 2120 681 holocausto

525 723 884 792 sempiterno,
914 719 1292 792 sacriﬁcioque
1317 719 1434 790 ejus
1455 726 1510 774 et
1532 717 1819 774 libamine:
1844 718 1940 773 Die
1964 723 2121 772 sexto

526 815 768 872 oﬁ'eretis
787 815 993 872 vitulos
1016 823 1163 880 oeto,
1211 813 1412 870 arietes
1435 812 1589 879 duos,
1625 827 1792 884 agnos
1835 811 2122 868 anniculos

526 907 904 965 immaculatos
925 905 1340 978 quatuordecim
1363 903 1768 976 :sacriﬁciaque
1789 914 1844 960 et
1866 905 2121 959 libamina

526 1001 862 1073 singulorum
890 1015 994 1071 per
1021 997 1223 1054 vitulos
1254 1007 1309 1054 et
1353 999 1553 1054 arietes
1579 1008 1635 1054 et
1659 1012 1828 1069 agnos
1855 999 1957 1054 rite
1981 997 2123 1053 cele-

526 1092 753 1149 brabitis
778 1109 792 1148 :
823 1102 878 1148 et
905 1091 1118 1147 hircum
1162 1105 1260 1160 pro
1289 1100 1535 1162 peccato,
1561 1090 1767 1161 absque
1802 1085 2124 1145 holocausta

526 1185 881 1255 sempiterno,
906 1183 1284 1254 sacriﬁcioque
1307 1184 1424 1254 ejus
1449 1193 1505 1239 et
1525 1183 1804 1238 libamine.
1829 1182 1929 1238 Die
1956 1180 2124 1251 septi-

526 1294 617 1334 mo
664 1277 910 1335 olferetis
955 1278 1158 1334 vitulos
1211 1287 1445 1348 septem,
1489 1279 1690 1334 arietes
1740 1277 1904 1344 duos,
1953 1291 2124 1347 agnos

523 1372 810 1427 anniculos
858 1370 1235 1427 immaculatos
1259 1371 1712 1442 quatuordecim:
1747 1368 2123 1440 sacriﬁciaque

525 1463 854 1520 etlibamina
872 1465 1206 1536 singulorum
1233 1479 1331 1534 per
1351 1463 1558 1520 vitulos
1577 1473 1632 1520 et
1653 1464 1856 1519 arietes
1876 1473 1930 1519 et
1953 1477 2124 1533 agnos

525 1560 631 1613 rite
660 1557 1010 1614 celebrabitis
1043 1575 1058 1612 :
1087 1567 1143 1615 et
1172 1557 1381 1613 hircum
1406 1572 1507 1628 pro
1539 1567 1761 1628 peccato
1788 1557 1996 1626 absque
2018 1555 2120 1612 ho-

525 1648 772 1706 locausto
792 1650 1150 1721 sempiterno,
1205 1649 1580 1721 sacriﬁcioque
1609 1650 1729 1720 ejus
1755 1659 1809 1705 et
1840 1649 2119 1705 libamine.

527 1743 626 1800 Die
655 1754 867 1812 octavo,
901 1745 991 1816 qui
1020 1753 1106 1801 est
1125 1744 1542 1812 celeberrimus,
1569 1759 1734 1800 omne
1759 1759 1895 1814 opus
1923 1741 2124 1798 servile

528 1853 634 1893 non
666 1837 900 1906 facietis,
933 1836 1226 1895 oﬁerentes
1257 1839 1632 1895 holocaustum
1660 1837 1715 1892 in
1744 1837 1966 1891 odorem
1999 1849 2124 1890 sua-

524 1929 808 1986 vissimum
834 1930 1087 1999 Domino,
1121 1931 1350 1986 vitulum
1395 1946 1586 1998 unum,
1641 1931 1864 1986 arietem
1913 1944 2077 1984 unum
2104 1968 2120 1995 ,

2229 531 2460 587 maritus
2485 527 2840 591 contradixit,
2870 534 2925 581 et
2946 523 3212 579 Dominus
3242 522 3292 577 ei
3321 519 3588 591 propitius
3610 518 3739 572 erit.
3765 515 3829 571 Si

2228 623 2461 688 voverit,
2503 631 2560 678 et
2580 621 2896 692 juramento
2924 631 2987 672 se
3028 612 3442 676 constrinxerit,
3474 619 3530 666 ut
3557 623 3657 682 per
3679 607 3831 678 jeju—

2227 715 2410 782 nium,
2449 713 2534 769 vel
2576 721 2896 769 caaterarum
2937 723 3118 764 rerum
3165 703 3558 762 abstinentiam
3613 700 3831 771 afﬂigat

2224 809 2466 862 animam
2507 821 2705 862 suam:
2737 805 2789 860 in
2821 801 3052 858 arbitrio
3091 798 3196 854 viri
3243 797 3345 854 erit
3387 804 3449 851 ut
3492 795 3674 862 faciat,
3708 793 3831 848 sive

2225 915 2332 954 non
2364 898 2548 954 faciat.
2579 896 2735 965 Quod
2773 897 2818 950 si
2863 894 3090 950 audiens
3115 892 3200 947 vir
3232 890 3487 958 tacuerit,
3521 898 3576 944 et
3604 887 3658 943 iu
3689 885 3830 941 alte-

2224 1007 2339 1046 ram
2387 991 2530 1046 diem
2577 989 2856 1045 distulerit
2896 984 3224 1042 sententiam
3258 1001 3272 1038 :
3305 982 3570 1055 quidquid
3600 988 3832 1036 voverat

2223 1095 2385 1156 atque
2430 1084 2782 1155 promiserat,
2835 1080 3027 1138 reddet
3059 1096 3074 1135 :
3105 1080 3230 1151 quia
3261 1077 3445 1132 statim
3495 1084 3555 1131 ut
3593 1075 3828 1142 audivit,

2225 1178 2416 1234 tacuit.
2459 1177 2556 1234 Sin
2600 1187 2781 1232 autem
2823 1173 3222 1231 contradixerit
3264 1180 3551 1242 postquam
3579 1167 3826 1234 rescivit,

2225 1269 2466 1343 portabit
2489 1269 2606 1340 ipse
2629 1268 2974 1340 iniquitatem
3004 1266 3142 1337 ejus.
3167 1265 3292 1319 Istae
3317 1272 3442 1319 sunt
3461 1263 3610 1334 leges
3635 1262 3716 1336 [h.
3747 1261 3830 1316 le-

2223 1362 2458 1435 gitima],
2492 1378 2629 1434 quas
2660 1362 2947 1418 constituit
2983 1359 3249 1416 Dominus
3276 1358 3433 1426 Mosi,
3481 1360 3622 1413 inter
3649 1356 3827 1411 virum

2224 1465 2279 1512 et
2307 1471 2554 1523 uxorem,
2603 1456 2748 1512 inter
2779 1465 2986 1526 patrem
3015 1464 3070 1510 et
3096 1454 3284 1521 ﬁliam,
3319 1468 3438 1523 qua:
3484 1451 3540 1506 in
3595 1448 3830 1522 puellari

2223 1550 2402 1607 adhuc
2431 1559 2594 1606 :etate
2645 1557 2748 1617 est,
2787 1549 2870 1606 vel
2901 1564 3024 1620 qua:
3068 1556 3254 1604 manet
3291 1545 3346 1602 in
3379 1544 3626 1617 parentis
3663 1543 3830 1600 demo

2226 1645 2306 1718 [h.
2338 1645 2391 1700 in
2422 1645 2599 1716 patris
2629 1643 2839 1716 domo].

2297 1737 2383 1810 [Τ.
2415 1736 2580 1804 xvu,
2610 1736 2674 1791 Β.
2699 1735 2884 1802 LXVI,
2906 1734 2968 1792 C.
2992 1733 3283 1803 LXXXIV,
3308 1733 3438 1804 Cap.
3470 1730 3691 1804 XXXt.]
3726 1730 3830 1786 Lo-

2225 1842 2494 1902 cutusque
2523 1842 2606 1887 est
2642 1831 2906 1886 Dominus
2934 1829 3002 1884 ad
3036 1831 3246 1898 Mosen,
3280 1829 3468 1885 dicens
3499 1844 3514 1884 :
3547 1826 3829 1883 Ulciscere

2225 1927 2378 1996 pritts
2404 1924 2482 1997 [h.
2516 1939 2622 1980 non
2646 1925 2812 1980 habet
2844 1922 3016 1994 prius]
3050 1922 3198 1977 ﬁlios
3223 1921 3387 1977 Israel
3405 1922 3474 1977 de
3491 1917 3824 1986 Madianitis,

525 2037 695 2095 agnos
723 2024 1006 2080 anniculos
1049 2023 1430 2079 immaculatos
1459 2031 1670 2094 septem
1700 2039 1715 2078 :
1744 2021 2123 2092 sacriﬁciaque
2151 2041 2200 2102 B
2226 2027 2279 2075 et
2308 2020 2388 2074 sic
2413 2013 2687 2088 colligeris
2711 2018 2776 2072 ad
2811 2017 3070 2088 populum
3094 2025 3264 2071 tuum.
3293 2014 3600 2084 Statimque
3618 2014 3825 2081 Moses,

525 2123 584 2172 et
609 2115 868 2172 libamina
889 2115 1225 2188 singulorum
1248 2132 1344 2187 per
1360 2117 1556 2172 vitulos
1573 2125 1629 2173 et
1652 2118 1850 2172 arietes
1881 2124 1936 2172 et
1952 2128 2122 2186 agnos

525 2207 632 2263 rite
661 2207 1016 2265 celebrabitis
1063 2227 1075 2262 :
1117 2218 1173 2265 et
1215 2209 1427 2265 hircum
1478 2225 1579 2280 pro
1633 2217 1860 2280 peccato
1915 2207 2122 2274 absque

524 2299 843 2357 holocausta
891 2301 1254 2372 sempiterno,
1310 2300 1696 2370 sacrificioque
1748 2299 1866 2371 ejus
1895 2307 1952 2355 et
1987 2298 2122 2354 liba-

527 2394 694 2451 mine.
728 2393 857 2450 Hmc
882 2393 1126 2451 oﬁ'eretis
1157 2394 1386 2451 Domino
1423 2396 1478 2450 in
1508 2393 1947 2451 solemnitatibus
1999 2407 2123 2449 ves-

522 2485 622 2541 tris
655 2502 668 2540 :
704 2496 903 2557 praeter
927 2497 1055 2543 vota
1081 2496 1134 2544 et
1155 2487 1469 2544 oblationes
1498 2495 1830 2558 spontaneas
1882 2487 1934 2541 in
1967 2485 2122 2542 holo-

526 2587 736 2648 causto,
779 2579 833 2636 in
863 2580 1159 2649 sacriﬁcio,
1189 2578 1242 2635 in
1273 2580 1554 2649 libamine,
1583 2590 1639 2637 et
1667 2579 1719 2636 in
1745 2579 1940 2636 hostiis
1966 2579 2118 2649 paci-

525 2670 670 2728 ﬁcis.

594 2765 682 2837 [Β.
715 2765 878 2831 LXV,
905 2765 968 2822 C.
1002 2765 1268 2833 LXXXII,
1325 2766 1456 2839 Cap.
1509 2764 1710 2839 XXX]
1759 2763 2120 2833 Narravitque

523 2857 704 2915 Moses
725 2858 856 2915 ﬁliis
879 2859 1046 2916 Israel
1069 2860 1247 2916 omnia
1272 2875 1392 2931 quae
1414 2859 1465 2916 ei
1494 2858 1761 2914 Dominus
1783 2857 2079 2928 imperarat
2103 2875 2117 2912 :

522 2960 578 3008 et
607 2939 822 3008 locutus
852 2963 937 3010 est
964 2952 1031 3008 ad
1057 2953 1336 3024 principes
1365 2951 1602 3008 tribuum
1633 2950 1874 3007 ﬁliorum
1906 2951 2072 3006 Israel
2104 2968 2116 3004 :

520 3042 631 3099 Iste
655 3053 741 3100 est
767 3059 954 3101 sermo
975 3061 1136 3116 quem
1163 3047 1430 3117 praecepit
1456 3045 1722 3102 Dominus
1752 3063 1766 3101 :
1795 3045 1850 3102 Si
1888 3046 2012 3116 quis
2040 3043 2121 3098 vi-

518 3151 706 3193 rorum
736 3146 920 3193 votum
953 3137 1186 3193 Domino
1213 3139 1450 3204 voverit,
1489 3148 1582 3194 aut
1625 3153 1687 3194 se
1728 3135 2119 3193 constrinxerit

516 3229 834 3302 iuramento
880 3245 898 3284 :
941 3244 1051 3286 non
1101 3229 1268 3286 faciet
1310 3229 1520 3286 irritttm
1547 3230 1772 3285 verbum
1803 3244 1984 3296 suum,
2021 3228 2117 3284 sed

520 3342 685 3384 omne
706 3325 848 3398 quod
877 3325 1158 3398 promisit,
1191 3325 1460 3396 implebit.
1487 3324 1572 3398 [C.
1595 3323 1908 3396 LXXXIII.]
1929 3323 2120 3379 Mulier

2227 2115 2471 2179 Armate,
2507 2111 2704 2182 inquit,
2729 2127 2800 2166 ex
2828 2112 2984 2166 vobis
3013 2110 3163 2166 viros
3194 2108 3260 2165 ad
3287 2125 3545 2180 pugnam,
3577 2109 3669 2178 qui
3700 2122 3830 2178 pos-

2227 2205 2334 2260 sint
2357 2203 2621 2260 ultionem
2667 2203 2881 2258 Domini
2911 2212 3176 2273 expetere
3217 2201 3285 2257 de
3320 2201 3651 2257 Madianitis.
3684 2200 3829 2256 Mille

2224 2298 2330 2353 viri
2357 2297 2425 2353 de
2449 2297 2672 2368 singulis
2703 2295 2954 2352 tribubus
2977 2296 3258 2366 eligantur
3283 2309 3353 2351 ex
3384 2294 3552 2350 Israel
3577 2294 3670 2364 qui
3703 2294 3832 2348 mit-

2227 2399 2408 2446 tantur
2435 2390 2501 2446 ad
2535 2390 2760 2446 bellum.
2790 2389 3182 2460 Dederuntque
3212 2387 3240 2426 δ
3274 2387 3530 2443 millenos
3561 2386 3628 2441 de
3657 2401 3828 2442 cunc-

2224 2487 2295 2540 tis
2326 2484 2600 2551 tribubus,
2629 2484 2682 2540 id
2715 2493 2818 2552 est,
2850 2483 3135 2540 duodecim
3167 2482 3317 2538 mille
3348 2481 3730 2552 expeditorum
3760 2479 3827 2536 ad

2226 2593 2487 2649 pugnam,
2536 2591 2670 2646 quos
2700 2577 2850 2632 misit
2886 2575 3065 2632 Moses
3104 2590 3230 2631 cum
3265 2575 3502 2632 Phinees
3533 2574 3644 2630 ﬁlio
3669 2574 3831 2630 Elea-

2225 2671 2335 2726 zaxi
2364 2671 2686 2737 sacerdotis,
2717 2685 2847 2726 vasa
2876 2685 3092 2742 quoque
3131 2679 3340 2736 sancta,
3373 2677 3428 2725 et
3459 2669 3615 2724 tubas
3648 2668 3729 2742 [h.
3763 2666 3830 2722 ti-

2225 2766 2368 2838 bias]
2391 2767 2459 2821 ad
2485 2765 2851 2837 clangendum
2877 2765 3099 2822 tradidit
3128 2765 3199 2821 ei.
3225 2765 3475 2834 Cumque
3494 2769 3831 2834 pugnassent

2224 2872 2417 2918 contra
2460 2861 2784 2917 Madianitas
2827 2872 2992 2932 atque
3038 2871 3060 2900 ο
3093 2860 3379 2925 vicissent,
3415 2873 3606 2914 omnes
3645 2870 3829 2912 mares

2225 2957 2566 3022 occiderunt,
2595 2969 2649 3013 et
2678 2973 2840 3028 reges
2870 2972 3087 3026 eorum,
3121 2956 3242 3023 Evi,
3277 2967 3335 3012 et
3358 2955 3585 3019 Recem,
3617 2963 3674 3010 et
3697 2954 3828 3021 Sur,

2225 3060 2280 3106 et
2309 3051 2442 3118 Hur,
2475 3062 2529 3106 et
2556 3049 2732 3117 Rebe,
2761 3050 3002 3122 quinque
3034 3050 3307 3120 principes
3337 3049 3520 3121 gentis
3545 3049 3622 3120 [h.
3671 3045 3831 3118 quin-

2224 3159 2329 3214 que
2358 3158 2512 3215 reges
2541 3143 2774 3216 Madian]
2809 3161 2823 3198 :
2855 3143 3072 3198 Balaam
3125 3157 3339 3214 quoque
3367 3141 3540 3198 ﬁlium
3568 3140 3708 3196 Beor
3738 3138 3828 3195 in-

2227 3239 2562 3296 terfecerunt
2592 3239 2795 3310 gladio.
2839 3240 3226 3309 Ceperuntque
3249 3238 3512 3293 mulieres
3535 3251 3746 3302 eorum,
3772 3241 3831 3291 et

2227 3335 2504 3404 parvulos,
2543 3335 2838 3404 omniaque
2869 3347 3089 3402 pecora,
3118 3340 3175 3388 et
3214 3339 3468 3388 cunctam
3496 3327 3829 3400 supellecti—

521 3423 569 3480 si
597 3423 872 3496 quippiam
903 3422 1152 3490 voverit,
1191 3429 1246 3477 et
1275 3435 1335 3478 se
1365 3421 1757 3478 constrinxerit
1783 3421 2115 3490 juramento,
2146 3443 2192 3508 ρ
2226 3427 2332 3482 lem
2384 3445 2397 3480 ε
2447 3428 2708 3498 quidquid
2749 3426 2953 3484 habere
2994 3434 3251 3497 poterant
3288 3424 3602 3496 depopulati
3645 3430 3778 3478 sunt
3808 3436 3822 3476 :

520 3530 648 3586 quas
675 3521 761 3571 est
784 3515 839 3569 in
867 3513 1034 3571 domo
1075 3514 1252 3586 patris
1277 3514 1383 3581 sui,
1416 3524 1472 3570 et
1499 3514 1556 3570 in
1576 3523 1736 3569 relate
1757 3513 1935 3568 adhuc
1961 3514 2118 3584 puel-

527 3609 628 3665 lari
661 3627 676 3664 :
712 3608 761 3664 si
780 3610 1096 3680 cognoverit
1127 3617 1288 3679 pater
1318 3618 1524 3672 votum,
1559 3608 1705 3679 quod
1738 3607 1981 3677 pollicita
2010 3617 2117 3673 est,

527 3711 584 3759 et
607 3702 1002 3773 juramentum,
1034 3718 1143 3774 quo
1168 3702 1430 3774 obligavit
1455 3701 1690 3758 animam
1735 3716 1909 3770 suam,
1957 3709 2013 3756 et
2041 3710 2122 3756 ta-

527 3797 726 3866 cuerit,
753 3797 868 3854 voti
897 3812 991 3855 rea
1022 3798 1127 3854 erit
1157 3814 1172 3854 :
1207 3807 1234 3836 ει
1257 3797 1389 3868 quid
1416 3797 1657 3868 pollicita
1686 3806 1788 3866 est,
1819 3796 2117 3868 etjuravit,

521 3905 692 3962 opere
717 3891 1038 3964 complebit.
1063 3891 1158 3949 Sin
1188 3901 1370 3949 autem
1402 3892 1586 3948 statim
1620 3903 1682 3948 ut
1709 3891 1962 3958 audierit,
1992 3907 2124 3948 con-

525 3985 818 4043 tradixerit
859 3996 1040 4058 pater,
1085 3995 1142 4044 et
1185 3995 1313 4043 vota
1353 3995 1408 4043 et
1447 3989 1756 4057 juramenta
1802 3987 1919 4057 ejus
1965 3987 2121 4042 irrita

524 4088 709 4146 erunt,
760 4094 862 4136 nec
905 4080 1142 4137 obnoxia
1183 4079 1460 4137 tenebitur
1504 4079 1818 4150 sponsioni,
1867 4096 1932 4136 eo
1973 4079 2120 4151 quod

532 4170 928 4227 contradixerit
958 4180 1111 4242 pater
1141 4171 1222 4244 [h.
1258 4171 1518 4227 Dominus
1545 4186 1763 4242 quoque
1797 4171 2118 4242 propitiabi-

521 4271 610 4319 tur
637 4263 710 4333 ei,
739 4278 806 4320 eo
829 4263 975 4336 quod
1008 4263 1405 4320 contradixerit
1426 4263 1621 4335 pater].
1655 4263 1714 4319 Si
1748 4263 2002 4318 maritum
2029 4262 2123 4319 ha-

524 4357 727 4424 buerit,
760 4368 815 4414 et
855 4358 1074 4414 voverit
1115 4356 1348 4429 aliquid,
1383 4365 1438 4413 et
1467 4358 1633 4414 semel
1665 4356 1890 4414 verbum
1928 4356 1998 4413 de
2027 4372 2122 4414 ore

522 4453 644 4524 ejus
669 4453 960 4525 egrediens
986 4451 1226 4507 animam
1252 4451 1398 4507 illius
1424 4451 1753 4523 obligaverit
1770 4451 2078 4522 juramento
2105 4469 2117 4505 :

522 4561 634 4618 quo
657 4547 752 4602 die
783 4545 1019 4602 audierit
1047 4546 1158 4613 vir,
1190 4553 1247 4602 et
1285 4559 1395 4601 non
1437 4544 1856 4614 contradixerit,
1885 4546 1997 4600 voti
2029 4559 2120 4601 rea

523 4638 648 4706 erit,
677 4637 979 4710 reddetque
1009 4637 1393 4710 quodcumque
1421 4638 1772 4709 promiserat.
1805 4636 1905 4694 Sin
1936 4645 2119 4693 autem

524 4729 755 4786 audiens
782 4731 966 4786 statim
996 4731 1420 4798 eontradixerit,
1452 4739 1507 4787 et
1540 4731 1722 4786 irritas
1743 4731 1933 4786 fecerit
1963 4729 2124 4801 polli-

522 4822 811 4880 citationes
846 4823 988 4895 ejus,
1031 4824 1311 4895 verbaque
1351 4823 1548 4893 quibus
1585 4823 1958 4880 obstrinxerat
2002 4823 2118 4879 ani-

523 4934 670 4974 mam
694 4935 848 4975 suam
880 4936 894 4974 :
924 4921 1191 4992 propitius
1217 4919 1269 4976 ei
1292 4920 1398 4976 erit
1426 4919 1710 4976 Dominus.
1739 4917 1917 4975 Vidua
1945 4927 2000 4976 et
2028 4935 2118 4976 re-

522 5010 742 5082 pudiata
769 5011 1033 5083 quidquid
1080 5013 1352 5079 voverint,
1393 5012 1644 5070 reddent.
1676 5012 1825 5068 Uxor
1870 5013 1922 5068 itt
1953 5012 2118 5070 domo

521 5101 628 5158 viri
649 5118 774 5160 cum
803 5118 863 5160 se
890 5114 1020 5160 voto
1040 5105 1436 5162 constrinxerit
1467 5115 1518 5161 et
1542 5105 1864 5176 juramento
1897 5126 1910 5163 :
1941 5108 1985 5162 si
2015 5124 2114 5164 au-

523 5196 684 5254 dierit
727 5198 809 5254 vir
844 5207 901 5255 et
947 5200 1200 5267 tacuerit,
1237 5215 1339 5256 nec
1380 5200 1776 5256 contradixerit
1813 5201 2113 5271 sponsioni,

519 5290 715 5348 reddet
737 5291 1118 5365 quodcumque
1145 5294 1502 5365 promiserat;
1521 5294 1607 5350 sin
1629 5302 1818 5350 autem
1842 5294 2115 5366 extemplo

599 5429 918 5503 'Martian.
962 5431 1119 5502 ponit
1166 5431 1442 5503 quidquid,
1483 5439 1539 5488 et
1587 5431 1772 5488 subdit
1812 5432 1880 5489 ad
1910 5435 2113 5494 calcem

525 5501 739 5586 paginas
775 5519 790 5558 :
827 5521 845 5555 ε
888 5501 1024 5586 Quid
1042 5501 1270 5586 jurauit,
1295 5501 1447 5586 opere
1474 5505 1760 5586 complebit.
1801 5505 1891 5586 Sic
1919 5507 2115 5586 legitur

519 5573 581 5702 ip
613 5573 854 5700 tiamne,
887 5583 944 5630 et
978 5573 1155 5630 altero
1188 5573 1364 5631 veteri
1394 5590 1498 5631 ms.
1547 5573 1672 5632 cod.
1708 5576 1766 5632 S.
1799 5573 2053 5638 Germani
2082 5597 2111 5637 a

565 5660 627 5701 ra
657 5659 719 5701 l8.
755 5666 776 5700 ι

565 5648 719 5701 ratis.
755 5666 776 5700 ι

601 5716 630 5755 b
671 5715 954 5774 luterserit
980 5717 1214 5775 Urbinas
1239 5733 1341 5774 ms.
1370 5733 1673 5790 pronomen
1705 5721 1772 5775 ei.

599 5800 622 5862 τε
662 5789 805 5845 Idem
830 5805 932 5846 ms.
965 5791 1236 5862 venissent,
1261 5789 1406 5862 quod
1439 5794 1690 5850 vitiosum
1719 5809 1862 5861 esse,
1892 5813 1997 5853 non
2028 5796 2109 5854 in-

526 5861 712 5931 ﬁeior;
741 5872 932 5920 verum
955 5863 1070 5934 ipse
1087 5861 1154 5919 ab
1177 5861 1407 5923 Hebraeo
1431 5865 1643 5937 longius
1664 5864 1876 5927 abludit
1899 5866 2106 5928 Latinze

2226 3529 2330 3575 tam
2363 3520 2526 3577 urbes
2575 3536 2736 3592 quam
2785 3521 2994 3576 viculos
3047 3530 3102 3576 et
3161 3519 3382 3576 castella
3425 3517 3639 3574 flamma
3688 3531 3827 3573 con-

2221 3615 2474 3684 sumpsit.
2516 3611 2544 3651 ά
2602 3614 2674 3668 Et
2714 3613 2955 3670 tulerunt
3004 3612 3282 3686 praedam,
3331 3621 3388 3668 et
3416 3612 3672 3667 universa
3703 3625 3827 3681 qua:

2223 3716 2482 3780 ceperant
2528 3714 2634 3762 tam
2681 3723 2748 3764 ex
2781 3707 3095 3763 hominibus
3126 3721 3289 3777 quam
3333 3722 3400 3762 ex
3446 3705 3735 3776 jumentis,
3767 3712 3828 3761 ct

2222 3798 2570 3855 adduxerunt
2598 3799 2665 3854 ad
2691 3800 2901 3864 Mosen,
2935 3809 2992 3855 et
3022 3799 3342 3855 Eleazarum
3373 3799 3739 3863 sacerdotem,
3772 3805 3832 3852 et

2224 3892 2290 3948 ad
2319 3907 2540 3949 omnem
2565 3893 2972 3948 multitudinem
3003 3893 3243 3948 ﬁliorum
3268 3892 3454 3948 Israel.
3476 3889 3706 3963 Reliqua
3730 3905 3829 3944 au-

2225 3995 2332 4041 tem
2361 3986 2614 4042 utensilia
2647 3996 3002 4057 portaverunt
3030 3986 3096 4042 ad
3126 3996 3306 4043 castra
3344 3986 3395 4040 in
3427 3983 3829 4056 campestribus

2223 4077 2383 4134 Moab
2407 4080 2556 4149 juxta
2601 4077 2894 4136 Jordauem
2941 4089 3133 4136 contra
3179 4078 3404 4136 Iericho
3448 4079 3538 4151 [Et
3583 4077 3830 4134 tulerunt

2224 4172 2487 4242 prtedam,
2516 4181 2571 4228 et
2602 4173 2851 4228 universa
2892 4187 3012 4244 quae
3042 4180 3309 4242 ceperant
3338 4181 3449 4226 tam
3479 4186 3548 4227 ex
3586 4169 3828 4226 homini-
3873 4222 3880 4228 .

2225 4264 2346 4330 bus,
2377 4281 2540 4336 quam
2583 4281 2649 4322 ex
2672 4267 2959 4338 iumentis,
2991 4277 3045 4322 et
3081 4266 3296 4336 reliqua
3334 4263 3611 4332 utensilia,
3638 4273 3692 4320 et
3729 4263 3831 4319 ad-

2225 4357 2499 4414 duxerunt
2526 4359 2591 4414 ad
2623 4359 2832 4428 Mosen,
2881 4369 2936 4415 et
2969 4359 3035 4414 ad
3078 4359 3402 4415 Eleazarum
3447 4357 3827 4426 sacerdotem,

2225 4459 2279 4507 et
2309 4451 2374 4506 ad
2398 4466 2614 4508 omnem
2645 4451 3049 4507 multitudinem
3085 4451 3323 4507 ﬁliorum
3350 4450 3518 4507 Israel
3548 4449 3615 4506 ad
3643 4459 3826 4506 castra

2223 4543 2277 4599 in
2307 4545 2708 4616 campestribus
2749 4544 2910 4600 Moab
2937 4545 3089 4615 juxta
3135 4543 3429 4600 Jordanem
3459 4551 3648 4600 contra
3675 4541 3827 4599 Jeri-

2224 4637 2370 4709 cho].
2397 4638 2616 4710 Egressi
2641 4649 2765 4693 sunt
2785 4647 2966 4695 autem
2993 4637 3172 4694 Moses
3199 4647 3256 4694 et
3277 4637 3508 4694 Eleazar
3536 4635 3821 4704 sacerdos,

2223 4743 2279 4791 et
2307 4749 2499 4790 omnes
2528 4734 2804 4805 principes
2848 4749 3162 4806 synagogae,
3211 4733 3264 4788 in
3311 4747 3598 4788 occursum
3628 4746 3824 4787 eorum

2224 4835 2379 4883 extra
2403 4837 2610 4882 castra.
2637 4826 2720 4899 [C.
2750 4825 3043 4900 LXXXV.]
3085 4825 3371 4897 lratusque
3402 4826 3582 4882 Moses
3614 4823 3824 4894 princi-

2226 4921 2380 4993 pibus
2407 4921 2704 4988 exercitus,
2737 4920 2988 4991 tribunis,
3018 4929 3072 4976 et
3099 4919 3510 4976 centurionibus
3534 4918 3626 4990 qui
3655 4932 3828 4972 vene-

2220 5027 2340 5072 rant
2370 5015 2436 5071 de
2482 5015 2647 5082 bello,
2680 5013 2758 5069 ait
2788 5031 2801 5068 :
2833 5013 2947 5069 Cur
2978 5013 3211 5070 feminas
3238 5012 3596 5070 reservastis?
3627 5011 3825 5067 Nonne

2218 5111 2337 5168 istae
2366 5120 2515 5178 sunt,
2547 5125 2669 5182 qua:
2693 5109 3030 5182 deceperunt
3061 5109 3200 5165 ﬁlios
3225 5107 3392 5166 Israel
3423 5109 3490 5164 ad
3519 5106 3827 5179 suggestio-

2219 5220 2342 5260 nem
2375 5204 2618 5270 Balaam,
2645 5211 2702 5261 et
2731 5203 3076 5276 praevaricari
3105 5217 3203 5258 vos
3232 5200 3481 5258 fecerunt
3504 5200 3559 5255 in
3586 5197 3823 5254 Domino

2216 5313 2382 5370 super
2403 5307 2632 5369 peccato
2677 5297 2926 5368 Phohor,
2954 5297 3099 5354 unde
3123 5305 3178 5354 et
3207 5310 3498 5370 percussus
3531 5302 3619 5351 est
3647 5307 3825 5387 popu;

2224 5437 2386 5508 hujus
2415 5435 2883 5506 interpretationis
2911 5444 3220 5500 contextus,
3265 5435 3411 5507 quod
3439 5448 3544 5492 nec
3564 5430 3668 5505 ipsi
3694 5431 3822 5508 qui-

2223 5503 2349 5566 dem
2375 5503 2697 5564 Scholiasta
2739 5518 2982 5564 notatttm
3014 5517 3117 5566 est.
3153 5509 3251 5563 IIic
3278 5503 3366 5563 ex.
3395 5523 3481 5579 gr.
3511 5503 3614 5576 pro
3635 5503 3822 5579 verbis

2221 5592 2377 5666 atque
2405 5581 2666 5706 ιῖἱςίεῗεηι,
2692 5579 2956 5636 Hebraeus
2986 5581 3172 5648 habet,
3203 5579 3337 5634 sicut
3363 5573 3674 5650 prwcéperat
3705 5573 3820 5631 Do-

2221 5669 2391 5706 minus
2477 5668 2532 5706 os
2560 5692 2574 5706 .

2218 5669 2391 5708 minus
2417 5668 2574 5706 Μοδι.

2287 5723 2314 5763 ἀ
2345 5725 2549 5782 Sensus
2573 5723 2809 5793 liquidus
2829 5733 2914 5781 est
2934 5725 2986 5779 in
3023 5723 3234 5780 seholio
3259 5765 3274 5790 ,
3307 5723 3361 5779 in
3391 5731 3537 5780 textu
3565 5718 3819 5776 nonnihil

2213 5797 2498 5868 obscurus,
2532 5794 2634 5851 etsi
2673 5796 2917 5868 ordinem
2954 5795 3244 5854 verborum
3279 5797 3520 5868 pressius
3555 5799 3821 5866 sequatur

2213 5869 2443 5930 Latinus
2467 5867 2758 5938 interpres.
2782 5866 2960 5925 Manr.
