4098 6366
253 298 364 354 595

1655 297 1858 354 LIBER
1895 296 2174 356 NUMERI.

3445 310 3549 367 594

251 414 336 468 lus
360 414 386 467 2
431 413 570 484 Ergo
617 420 845 470 cunctos
891 414 1187 471 interficite
1218 414 1479 487 quidquid
1512 425 1594 471 est
1638 416 1853 488 generis
1879 421 1930 482 Α
1958 427 2162 488 septem
2194 415 2432 472 millibus
2461 417 2790 488 quingiutis,
2822 426 2879 475 et
2913 421 2980 477 de
3010 421 3179 477 bobus
3210 422 3425 494 triginta
3455 441 3549 480 sex

247 509 568 575 masculini,
597 509 763 565 etiam
796 510 849 564 in
880 510 1150 580 parvulis,
1184 521 1236 565 et
1286 511 1566 577 nmlieres,
1600 529 1721 584 qucc
1753 529 1852 568 no-

247 615 447 659 verunt
474 605 627 660 viros
651 607 703 660 in
729 604 901 672 coitu,
927 607 1172 676 jugulate
1195 607 1433 676 :puellas
1453 618 1629 664 autem
1650 618 1706 666 et
1733 627 1851 664 om-

249 711 347 752 nes
383 697 618 752 feminas
651 698 886 769 virgines
917 710 1195 755 reservate
1223 699 1403 767 vobis,
1436 710 1491 756 et
1522 712 1735 758 manete
1763 719 1854 758 ex-

249 797 328 843 tra
383 799 569 845 castra
615 798 821 862 septem
864 791 1078 848 diebus.
1111 792 1213 860 Qui
1245 793 1508 849 occiderit
1556 793 1852 863 hominem,

248 882 330 938 vel
365 885 614 940 occisum
646 885 907 955 tetigerit,
935 887 1258 942 lustrabitur
1288 888 1377 943 die
1408 889 1574 944 tertio
1604 898 1658 944 et
1683 887 1854 959 septi-

246 994 361 1033 mo.
421 978 514 1050 ib.
550 980 652 1048 Qui
697 995 826 1037 vero
869 979 1144 1037 hominem
1175 982 1460 1049 occiderit,
1494 983 1579 1039 vel
1609 983 1852 1038 occisum

248 1073 517 1143 tetigerit,
554 1083 770 1130 maneat
800 1085 959 1131 extra
990 1086 1166 1132 castra
1199 1086 1406 1147 septem
1436 1077 1628 1132 diebus
1660 1079 1858 1134 lustra-

247 1166 508 1237 bilurque
547 1168 636 1224 die
667 1168 828 1225 tertio
858 1178 914 1224 et
953 1168 1230 1241 septimo].
1267 1169 1333 1224 Et
1375 1169 1444 1225 de
1477 1170 1624 1225 omni
1651 1170 1852 1240 praeda,

245 1259 361 1315 sive
391 1261 789 1318 vestimentum
818 1262 1002 1328 fuerit,
1032 1263 1146 1317 sive
1175 1279 1289 1329 vas,
1316 1272 1366 1317 et
1387 1262 1586 1333 aliquid
1619 1266 1670 1318 in
1698 1273 1858 1318 uten-

245 1353 372 1409 silia
406 1368 800 1426 prmparatum,
838 1356 907 1412 de
935 1371 1221 1426 caprarum
1249 1356 1502 1426 pellibus,
1539 1365 1594 1412 et
1625 1357 1770 1426 pilis,
1805 1367 1860 1412 et

247 1445 423 1518 ligno,
449 1447 762 1519 expiabitur
787 1447 865 1520 [h.
892 1449 1256 1519 lustrabiturl.
1285 1448 1509 1504 Eleazar
1526 1465 1742 1520 quoque
1771 1464 1858 1505 sa-

247 1541 473 1610 cerdos,
505 1543 573 1597 ad
601 1544 746 1599 viros
771 1543 1047 1600 exercitus
1073 1543 1163 1614 qui
1195 1553 1587 1614 pugnaverant,
1612 1545 1689 1599 sic
1709 1545 1860 1600 locu-

248 1643 336 1689 tus
370 1646 459 1691 est
493 1655 506 1689 :
544 1635 658 1693 Hoc
700 1647 785 1692 est
827 1650 1158 1708 praeceptum
1198 1638 1356 1708 legis,
1399 1639 1544 1708 quod
1580 1638 1859 1694 mandavit

247 1725 520 1784 Dominus
553 1727 690 1785 Mosi
721 1748 732 1783 :
767 1730 1000 1797 Aurum,
1033 1741 1086 1785 et
1119 1740 1428 1802 argentum,
1456 1741 1510 1787 et
1544 1747 1640 1797 tes,
1672 1741 1726 1787 et
1753 1732 1859 1787 fer-

1962 511 2228 578 millibus,
2270 519 2325 566 et
2353 511 2424 567 de
2463 512 2634 567 asinis
2675 512 2895 583 triginta
2942 514 3186 572 millibus
3217 519 3550 588 quingentis,

1961 611 2016 658 et
2040 601 2106 657 de
2130 602 2440 658 hominibus
2479 603 2714 660 sedecim
2744 606 3000 674 millibus,
3039 609 3160 664 tulit
3201 609 3374 665 Moses
3396 611 3557 680 quin-

1961 695 2334 766 quagesimum
2375 707 2559 767 caput,
2595 706 2652 752 et
2692 695 2838 754 dedit
2887 699 3118 770 Levitis,
3150 702 3240 771 qui
3286 703 3557 758 excubant

1963 787 2151 860 [Va/9.
2198 789 2560 863 excubabant]
2617 793 2670 848 in
2720 793 3074 850 tabernaculo
3125 795 3360 862 Domini,
3416 797 3562 851 sicut

1961 893 2299 952 praeceperat
2330 883 2608 940 Dominus.
2633 883 2880 956 Cumque
2900 887 3262 944 accessissent
3284 888 3560 961 principes

1963 974 2234 1030 exercitus
2255 975 2321 1029 ad
2343 974 2549 1044 Mosen,
2570 986 2624 1032 et
2647 977 2875 1046 tribuni,
2899 981 3383 1052 centurionesque,
3407 980 3560 1037 dixe-

1963 1075 2093 1121 runt
2126 1085 2139 1120 :
2171 1066 2281 1123 Nos
2309 1067 2452 1123 servi
2480 1069 2560 1124 tui
2584 1073 2959 1127 recensuimus
2987 1088 3272 1128 numerum
3301 1083 3561 1144 pugnato-

1963 1174 2105 1226 rum,
2138 1175 2277 1231 quos
2317 1159 2611 1217 habuimus
2650 1163 2754 1218 sub
2794 1179 2957 1219 manu
2987 1174 3195 1233 nostra,
3226 1175 3278 1218 ct
3328 1183 3394 1220 nc
3427 1181 3568 1221 unus

1964 1253 2182 1323 quidem
2226 1253 2415 1310 defuit.
2451 1255 2531 1310 0b
2577 1255 2716 1312 hanc
2745 1272 2967 1312 causam
2997 1257 3279 1314 offerimus
3311 1258 3362 1312 in
3393 1258 3563 1313 dona-

1965 1346 2060 1400 riis
2086 1346 2298 1401 Domini
2327 1347 2523 1418 singuli
2553 1349 2697 1419 quod
2733 1349 2782 1403 in
2815 1350 2996 1420 praeda
3025 1351 3142 1405 auri
3174 1351 3448 1421 potuimus
3469 1352 3562 1406 .in-

1964 1437 2174 1505 venire,
2203 1439 2556 1509 periscelides
2573 1451 2628 1495 et
2650 1441 2915 1510 armillas,
2944 1443 3175 1496 annulus
3193 1453 3250 1498 et
3272 1443 3560 1509 dextralia,

1964 1547 2029 1588 ac
2059 1533 2416 1598 murzenulas,
2459 1545 2518 1588 ut
2560 1533 2872 1604 depreceris
2902 1550 2998 1602 pro
3043 1535 3202 1589 nobis
3250 1536 3558 1590 υυιιιὶηυιη.

1966 1622 2452 1695 Susceperuntque
2499 1627 2676 1681 Moses
2727 1637 2783 1682 et
2825 1627 3048 1686 Eleazar
3087 1627 3348 1683 sacerdos
3398 1643 3562 1684 omne

1964 1731 2155 1771 aurum
2181 1719 2232 1772 in
2263 1719 2492 1774 diversis
2525 1720 2833 1790 speciebus,
2862 1730 2886 1757 ιι
2909 1722 3083 1792 pondo
3125 1722 3200 1792 ιιι.
3237 1738 3344 1776 non
3378 1721 3563 1792 habet]

247 1838 396 1888 rum,
428 1831 486 1879 et
516 1833 797 1892 stanuum,
831 1835 885 1881 et
907 1826 1214 1898 plumbum,
1241 1839 1291 1882 et
1323 1842 1486 1882 omne
1512 1828 1653 1898 quod
1681 1836 1855 1899 potest

1966 1807 2203 1864 sedecim
2250 1810 2442 1878 millia,
2477 1812 2851 1882 septingentos
2883 1812 3284 1884 quinquaginta
3312 1813 3500 1881 siclos,
3533 1827 3566 1867 a

248 1919 490 1975 transire
521 1935 618 1990 per
645 1919 915 1990 ﬂammas,
951 1921 1074 1991 igne
1107 1921 1432 1992 purgabitur
1462 1921 1537 1993 [IL
1574 1921 1696 1992 igne
1731 1938 1858 1992 pur-

243 2009 502 2078 gabitur,
543 2021 600 2067 et
643 2027 785 2084 aqua
816 2012 1142 2083 expiationis
1192 2013 1552 2085 lustrabitur].
1585 2014 1857 2086 Quidquid

245 2113 435 2158 autem
465 2105 644 2175 ignem
677 2122 785 2161 non
821 2115 1003 2176 potest
1041 2107 1337 2174 sustinere,
1365 2123 1502 2179 aqua
1531 2109 1857 2180 expiationis

245 2197 688 2254 sanctiﬁcabitur
737 2217 750 2255 :
786 2208 842 2255 et
884 2200 1135 2257 lavabitis
1175 2202 1500 2258 vestimenta
1544 2214 1723 2258 vestra
1768 2204 1857 2262 die

245 2293 491 2359 septimo
530 2304 586 2348 et
624 2295 892 2365 purificati
948 2305 1136 2368 postea
1185 2305 1364 2352 castra
1411 2297 1699 2353 intrabitis.
1753 2299 1852 2370 lC.

245 2381 594 2457 LXXXVI.]
653 2386 907 2460 Dixitque
958 2390 1221 2445 Dominus
1275 2390 1343 2445 ad
1392 2389 1578 2446 Mosen
1617 2391 1858 2448 :Tollite

245 2491 526 2533 summam
559 2495 752 2535 eorum
783 2495 906 2551 quae
946 2494 1103 2552 capta
1147 2491 1297 2554 sunt,
1331 2483 1399 2540 ab
1437 2484 1658 2539 homine
1685 2499 1856 2553 usque

244 2569 313 2624 ad
350 2585 538 2640 pecus,
579 2581 630 2627 tu
655 2583 706 2628 et
740 2572 966 2629 Eleazar
994 2574 1255 2631 sacerdos
1275 2584 1329 2630 et
1356 2576 1633 2646 principes
1662 2575 1806 2646 vulgi
1837 2593 1852 2631 ε

244 2662 577 2736 dividesqnc
601 2681 666 2720 ex
700 2682 858 2737 equo
885 2667 1146 2738 praedam,
1176 2667 1320 2724 inter
1342 2683 1438 2724 eos
1464 2669 1555 2739 qui
1583 2683 1858 2740 pugnave-

243 2769 386 2815 runt
415 2769 472 2815 et
491 2761 695 2831 egressi
727 2771 856 2816 sunt
881 2761 946 2816 ad
973 2761 1196 2832 bellum,
1227 2773 1282 2818 et
1310 2763 1451 2818 inter
1481 2777 1700 2819 onmem
1730 2763 1856 2819 reli—

243 2868 416 2923 quam
465 2853 906 2922 multitudinem,
956 2864 1012 2910 et
1062 2855 1351 2926 separabis
1399 2855 1582 2927 [Vulg.
1636 2871 1857 2924 separa-

244 2944 403 3018 bitis]
438 2957 648 3018 partem
709 2949 944 3004 Domino
990 2949 1056 3004 ab
1103 2948 1190 3004 bis
1233 2949 1326 3021 qui
1378 2960 1755 3021 pugnaverunt
1801 2962 1856 3007 et

243 3038 476 3095 fuerunt
517 3041 569 3097 in
605 3043 781 3110 bello,
834 3059 994 3099 uuam
1022 3043 1258 3098 animam
1285 3043 1354 3100 de
1380 3045 1713 3115 quingentis,
1746 3055 1852 3100 tam

247 3151 320 3189 ex
362 3134 668 3191 hominibus
693 3153 856 3208 quam
890 3153 956 3193 ex
989 3137 1163 3194 bobus
1191 3147 1245 3194 et
1266 3136 1435 3193 asinis
1466 3148 1522 3195 et
1550 3139 1766 3205 ovibus,
1798 3147 1853 3194 et

1963 1904 2196 1959 tribunis
2222 1912 2278 1959 et
2296 1905 2730 1962 centurionibus.
2759 1906 3143 1977 Unusquisque
3165 1905 3310 1962 enim
3342 1906 3486 1978 quod
3513 1906 3566 1961 in

1965 1999 2145 2069 prmda
2182 1993 2464 2069 rapuerat,
2491 2015 2649 2054 suum
2670 2010 2807 2055 erat.
2836 2000 2904 2056 Et
2929 2009 3243 2072 susceptum
3271 2002 3572 2058 intulerunt

1963 2092 2015 2146 in
2039 2092 2448 2148 tabernaculum
2481 2092 2799 2160 testimonii,
2820 2094 2875 2149 in
2901 2096 3304 2150 monimentum
3332 2096 3596 2151 filiorum.

1960 2186 2128 2243 Israel
2160 2203 2347 2242 coram
2383 2187 2634 2242 Domino.

2037 2282 2118 2352 [Β.
2141 2281 2348 2347 vau,
2376 2281 2438 2336 ο.
2467 2280 2781 2350 Lxxxvu,
2813 2283 3205 2355 Cap.XXXIl.j
3233 2282 3350 2338 Filii
3377 2293 3565 2340 autem

1961 2375 2150 2432 Ruben
2167 2386 2221 2432 et
2243 2376 2647 2445 Gadhahebaut
2672 2392 2868 2448 pecora
2886 2378 3139 2446 multa,et
3159 2389 3276 2434 erat
3292 2378 3400 2436 illis
3417 2377 3468 2433 in
3483 2380 3569 2449 ju-

1961 2470 2156 2524 mentis
2183 2468 2390 2524 inﬁnita
2413 2469 2735 2526 substantia.
2782 2470 3024 2540 Cumque
3044 2471 3307 2526 vidissent
3333 2472 3490 2527 Jazcr
3517 2481 3573 2528 et

1961 2559 2164 2614 Galaad
2183 2569 2337 2632 aptas
2365 2560 2576 2616 alendis
2610 2560 2934 2616 animalibus
2973 2572 3164 2629 terras,
3197 2575 3466 2618 venerunt
3500 2562 3568 2618 ad

1961 2653 2173 2720 Mosen,
2198 2663 2250 2708 ct
2267 2653 2332 2708 ad
2359 2654 2675 2710 Eleazarum
2699 2654 3122 2725 sacerdotem,et
3142 2655 3416 2724 principes
3432 2655 3570 2711 mul-

1962 2747 2394 2818 titudinis,alque
2409 2747 2659 2803 dixerunt
2677 2766 2690 2803 :
2705 2747 3018 2816 Ataroth,et
3034 2747 3224 2816 Dibon,
3246 2757 3299 2802 et
3317 2747 3494 2816 Jazcr,
3511 2755 3568 2804 et

1958 2841 2176 2909 Nemra,
2204 2841 2504 2909 Esebon,et
2525 2841 2730 2910 Eleale,
2756 2850 2809 2897 et
2830 2841 3031 2906 Saban,
3050 2854 3100 2896 et
3124 2840 3296 2911 Nebo,
3320 2852 3376 2898 et
3393 2844 3560 2911 Beon,

1961 2945 2103 2993 terra
2132 2953 2291 3007 quam
2318 2936 2582 3007 percussit
2613 2936 2872 2992 Dominus
2899 2937 2952 2991 in
2997 2948 3293 3008 conspectu
3327 2938 3560 2993 ﬁliorum

1960 3027 2124 3084 Israel
2156 3029 2256 3102 [Ιι.
2290 3029 2696 3103 multitudinis],
2719 3031 2863 3102 regio
2895 3030 3162 3086 uberrima
3176 3032 3337 3088 estad
3354 3041 3564 3102 pastum

1959 3121 2370 3188 animaliom,et
2392 3137 2492 3177 nos
2522 3123 2663 3178 servi
2699 3124 2771 3177 tui
2797 3122 3314 3193 habemusjumenta
3333 3127 3566 3196 plurima

248 3225 412 3282 dabis
437 3244 559 3284 eam
592 3229 853 3284 Eleazaro
881 3229 1176 3296 sacerdoti,
1207 3230 1333 3300 quia
1361 3229 1614 3300 primitia:
1644 3229 1854 3285 Domini

1963 3213 2156 3286 [b.non
2177 3215 2332 3270 habet
2356 3214 2632 3287 plurima]:
2651 3231 3042 3288 prccamurque
3059 3217 3103 3273 si
3122 3220 3427 3277 invenimus
3441 3238 3566 3292 gra-

249 3332 404 3376 sunt.
441 3322 515 3377 Ex
546 3323 724 3379 media
747 3339 964 3394 quoque
985 3334 1137 3394 parte
1170 3323 1404 3378 ﬁliorum
1427 3323 1591 3379 Israel
1617 3323 1854 3394 accipies

250 3413 768 3487 quinquagesimum
801 3424 965 3485 caput
997 3414 1278 3470 hominum
1301 3457 1316 3482 ,
1351 3424 1404 3470 et
1441 3414 1627 3483 boum,
1659 3425 1710 3470 et
1743 3415 1852 3469 asi-

253 3521 476 3572 norum,
508 3517 563 3562 et
593 3508 802 3573 ovium,
825 3517 1259 3578 cunctorumque
1281 3507 1660 3574 animantium,
1688 3516 1739 3561 et
1762 3507 1856 3561 da-

253 3600 342 3655 bis
369 3615 431 3654 ea
460 3599 690 3667 Levitis,
723 3601 815 3674 qui
840 3602 1110 3658 excubant
1140 3601 1195 3657 in
1227 3601 1488 3659 custodiis
1521 3601 1854 3658 tabernaculi

251 3693 489 3750 Domini.
517 3695 900 3767 Feceruntque
923 3697 1098 3753 Moses
1117 3707 1171 3753 et
1194 3697 1420 3752 Eleazar
1448 3696 1524 3768 [,h.
1555 3695 1852 3768 sacerdos],

253 3788 398 3844 sicut
424 3802 761 3862 praaceperat
789 3790 1070 3846 Dominus.
1101 3791 1226 3847 Fuit
1255 3801 1433 3847 autem
1465 3791 1664 3862 praeda,
1694 3808 1854 3864 quam

254 3885 530 3941 exercitus
552 3895 800 3957 ceperat,
826 3886 1010 3942 ovium
1034 3897 1300 3942 sexcenta
1332 3888 1669 3958 septuaginta
1701 3887 1857 3956 quin-

255 3995 360 4050 que
393 3979 588 4046 millia,
632 3981 796 4037 boum
829 3981 1175 4052 septuaginta
1213 3981 1321 4038 duo
1348 3982 1541 4048 millia,
1575 3981 1854 4037 asinorum

254 4072 539 4144 sexaginta
583 4075 753 4130 millia
784 4085 839 4131 et
884 4075 1038 4132 mille
1072 4093 1086 4130 :
1120 4076 1317 4132 anima:
1366 4076 1646 4132 hominum
1691 4092 1854 4133 sexus

254 4161 504 4232 feminei,
537 4182 659 4237 quae
700 4182 806 4222 non
847 4177 1223 4238 cognoverant
1265 4169 1433 4235 viros,
1485 4170 1699 4241 triginta
1747 4169 1856 4226 duo

255 4256 445 4312 millia.
476 4259 717 4330 Dataque
745 4268 830 4317 est
857 4261 1032 4316 media
1061 4277 1187 4333 pars
1220 4261 1306 4317 his
1331 4263 1422 4333 qui
1449 4263 1501 4316 iu
1527 4263 1717 4334 praelio
1739 4263 1857 4318 fue-

253 4359 396 4415 rant,
443 4351 627 4407 ovium
675 4364 912 4410 trecenta
947 4354 1167 4426 triginta
1219 4365 1434 4425 septem
1486 4355 1659 4410 millia
1698 4356 1856 4427 quiu-

254 4456 428 4515 genta:
464 4463 478 4499 :
513 4464 542 4501 e
572 4447 771 4518 quibus
807 4449 860 4503 in
892 4459 1101 4520 partem
1145 4448 1357 4504 Domini
1389 4458 1694 4520 supputalae
1730 4458 1857 4504 sunt

254 4555 392 4595 oves
413 4549 688 4596 sexcrntce
706 4543 1047 4613 septuaginta
1081 4544 1338 4615 quinque.
1373 4544 1439 4598 Et
1463 4543 1532 4599 de
1555 4543 1727 4598 bobus
1755 4541 1852 4598 tri-

1963 3310 2090 3364 tiam
2122 3325 2302 3365 coram
2329 3318 2402 3378 te,
2439 3322 2499 3366 ut
2519 3310 2615 3366 des
2641 3309 2798 3366 nobis
2822 3309 3038 3365 famulis
3071 3313 3174 3366 tuis
3205 3328 3322 3368 eam
3355 3315 3407 3368 in
3435 3329 3564 3383 pos-

1961 3403 2284 3471 sessionem,
2306 3418 2405 3459 nec
2430 3403 2595 3458 facias
2619 3417 2717 3460 nos
2749 3403 2982 3460 transire
3007 3405 3324 3462 Iordanem.
3354 3407 3564 3475 Quibus

1960 3499 2461 3570 responditMoses:
2491 3498 2758 3572 Numquid
2783 3500 2982 3556 fratres
3010 3501 3174 3556 vestri
3201 3501 3354 3556 ibunt
3375 3501 3440 3557 ad
3461 3519 3561 3572 pu-

1959 3607 2140 3663 gnam,
2172 3600 2226 3646 et
2269 3605 2368 3647 vos
2415 3590 2503 3646 hic
2531 3591 2828 3650 sedebitis?
2855 3592 2964 3646 Cur
3005 3592 3319 3648 subvertitis
3349 3604 3562 3650 mentes

1961 3685 2196 3741 filiorum
2229 3685 2418 3751 Israel,
2455 3701 2523 3741 ne
2552 3685 2785 3743 transire
2812 3687 3048 3742 audeant
3078 3687 3130 3742 in
3167 3687 3373 3754 locum,
3397 3705 3562 3758 quem

1958 3779 2038 3834 eis
2064 3779 2292 3834 daturus
2317 3788 2401 3834 est
2429 3778 2725 3834 Dominus?
2761 3795 2942 3836 nonne
2989 3781 3059 3835 ita
3107 3792 3336 3852 egerunt
3382 3794 3565 3852 patres

1959 3872 2148 3941 ve‘stri,
2183 3871 2399 3942 quando
2422 3871 2547 3926 misi
2568 3872 2637 3927 de
2659 3871 3038 3929 Cades-Barne
3071 3873 3140 3929 ad
3169 3874 3562 3944 explorandam

1961 3976 2159 4023 terram
2189 3966 2477 4039 ?Cumque
2504 3969 2785 4023 venissent
2824 3983 2993 4037 usque
3032 3968 3099 4023 ad
3142 3967 3354 4024 Vallem
3388 3969 3560 4037 Botri,

1959 4063 2188 4118 lustrata
2250 4063 2398 4117 omni
2453 4062 2707 4133 regione,
2760 4062 3148 4119 subverterunt
3194 4079 3289 4119 cor
3329 4064 3566 4120 filiorum

1958 4154 2150 4222 Israel,
2185 4165 2244 4210 ut
2291 4171 2397 4211 non
2453 4156 2724 4212 intrarent
2755 4155 2893 4210 ﬁnes
2925 4154 3003 4228 [h.
3040 4155 3286 4228 terram],
3323 4170 3459 4226 quos
3486 4157 3568 4212 eis

1960 4249 2223 4304 Dominus
2263 4248 2434 4305 dedit.
2460 4248 2565 4316 Qui
2597 4249 2769 4304 iratus
2802 4247 3027 4318 juravit,
3057 4248 3245 4305 dicens
3273 4265 3285 4301 :
3313 4247 3369 4304 Si
3415 4248 3568 4304 vide-

1959 4343 2091 4398 bunt
2150 4340 2408 4398 homines
2451 4341 2559 4409 isti,
2588 4342 2677 4412 qui
2728 4340 3093 4396 ascenderunt
3137 4355 3206 4395 ex
3247 4338 3506 4410 Egypto,
3532 4355 3566 4393 a

1959 4436 2150 4507 viginti
2188 4437 2347 4492 annis
2383 4445 2439 4492 et
2462 4451 2648 4506 supra,
2679 4445 2906 4502 terram,
2938 4449 3098 4504 quam
3129 4433 3232 4490 sub
3258 4433 3572 4503 jnramento

1961 4529 2241 4601 pollicitus
2267 4546 2386 4586 sum
2416 4530 2711 4597 Abraham,
2743 4529 2891 4584 Isaac
2920 4539 2976 4583 et
2999 4526 3169 4583 Jacob
3199 4544 3211 4581 :
3237 4535 3292 4582 et
3314 4525 3389 4597 [h.
3415 4525 3564 4598 quia]

253 4632 398 4702 ginta
424 4648 518 4688 sex
544 4634 782 4689 millibus
803 4635 970 4688 boves
991 4635 1332 4706 septuaginta
1347 4646 1399 4691 et
1424 4634 1532 4691 duo
1554 4653 1567 4688 :
1599 4635 1667 4692 de
1688 4635 1854 4690 asinis

1963 4624 2254 4679 noluerunt
2299 4623 2453 4694 sequi
2488 4639 2595 4690 me,
2626 4632 2832 4694 praeter
2872 4619 3080 4676 Chaleb
3127 4619 3294 4674 ﬁlium
3319 4617 3565 4689 Jephone

264 4725 482 4795 triginta
526 4725 769 4781 millibus
801 4727 1136 4797 quingentis,
1169 4727 1309 4782 asini
1339 4729 1617 4799 sexaginta
1670 4742 1808 4783 unus
1845 4746 1857 4782 :

255 4816 324 4874 de
351 4819 636 4877 animabus
660 4820 941 4876 hominum
973 4823 1209 4879 secedim
1235 4823 1783 4894 millibus,cesserunt
1805 4825 1858 4880 in

257 4924 461 4984 partem
503 4915 718 4972 Domini
792 4917 1014 4988 triginta
1071 4916 1193 4973 dua:
1239 4918 1452 4974 unione.
1505 4917 1856 4990 Tradiditque

258 5005 432 5063 Moses
457 5023 747 5064 numerum
770 5009 1132 5080 primitiarum
1155 5010 1369 5065 Domini
1395 5011 1656 5066 Eleazaro
1677 5025 1857 5066 sacer-

257 5098 392 5166 doti,
425 5101 566 5156 sicut
592 5101 768 5157 fuerat
792 5111 846 5157 ct
877 5102 1221 5174 imperatum,
1246 5119 1312 5158 ex
1337 5103 1511 5160 media
1535 5113 1688 5174 parte
1710 5104 1851 5158 ﬁlio-

257 5208 374 5248 rum
408 5193 598 5263 Israel,
632 5210 790 5266 quam
824 5207 1174 5266 scparaverat
1205 5194 1290 5250 bis
1312 5197 1402 5267 qui
1429 5196 1482 5252 in
1513 5197 1698 5266 prmlio
1730 5195 1848 5252 fue-

257 5297 394 5341 rant.
431 5288 507 5344 De
545 5288 724 5344 media
773 5303 902 5344 vero
942 5299 1097 5358 parte
1127 5304 1247 5359 quae
1277 5289 1584 5359 contigerat
1627 5289 1851 5359 reliquae

258 5380 614 5450 multitudini,
653 5381 705 5436 id
735 5391 838 5452 est,
883 5381 952 5438 de
999 5381 1195 5438 ovibus
1241 5381 1502 5438 trecentis
1551 5382 1768 5451 triginta
1798 5391 1854 5438 et

329 5570 354 5596 ⁸
374 5560 556 5617 No~tri
586 5576 720 5618 mss.
755 5563 959 5634 aliique
974 5579 1141 5635 penes
1170 5562 1418 5618 Martian.
1454 5562 1678 5635 pondere
1706 5575 1860 5635 sanc-

264 5635 417 5687 tuarii
449 5650 467 5688 :
494 5649 684 5690 verum
714 5649 818 5690 non
848 5632 1202 5690 haec’tantum
1235 5637 1397 5689 verba
1426 5635 1494 5687 ab
1513 5633 1741 5690 Hebrteo
1770 5632 1866 5687 ab-

261 5711 410 5826 gum;
440 5705 537 5761 sed
561 5718 616 5762 et
636 5706 994 5777 praecedentia
1022 5707 1293 5779 proxime,
1326 5707 1381 5760 in
1407 5705 1627 5760 diversis
1655 5704 1859 5776 specie-

294 5792 371 5826 us.

294 5792 371 5830 us.

332 5844 359 5883 δ
389 5848 594 5908 Omnes
619 5865 748 5906 mss.
776 5850 1069 5907 Bibliorum
1098 5851 1314 5907 codices
1331 5866 1453 5908 cum
1475 5847 1694 5907 Canone
1719 5847 1858 5904 Heb.

709 5946 984 6006 ΡΔτιιοι..
1023 5943 1321 6006 XXVIII.

1961 4717 2578 4785 Ccnezzeum,et.losue
2630 4716 2802 4771 ﬁlium
2847 4715 3005 4770 Non:
3048 4715 3134 4769 isti
3188 4713 3564 4784 impleverunt

1960 4814 2294 4869 voluntatem
2329 4825 2526 4866 meam.
2561 4810 2846 4879 lratusque
2877 4808 3139 4863 Dominus
3167 4806 3456 4862 adversum
3485 4805 3562 4860 Is-

1961 4907 2096 4972 rael,
2141 4904 2504 4962 circumduxit
2549 4919 2672 4960 eum
2739 4919 2834 4973 per
2889 4902 3160 4957 desertum
3204 4899 3564 4972 quadraginta

1959 5000 2137 5065 annis,
2170 4999 2344 5054 donec
2376 5005 2792 5054 consumeretur
2823 4996 3075 5052 universa
3103 4993 3409 5066 generatio,
3439 5010 3561 5064 qua:

1961 5094 2166 5151 fecerat
2213 5093 2413 5148 malum
2468 5094 2523 5148 in
2568 5102 2862 5160 CODSpeClu
2918 5089 3058 5160 ejus.
3093 5089 3158 5144 Et
3188 5104 3335 5156 ecce,
3368 5089 3566 5159 inquit,

1961 5203 2058 5244 vos
2091 5185 2407 5243 surrexistis
2439 5201 2535 5256 pro
2583 5185 2828 5256 patribus
2873 5183 3090 5252 vestris,
3133 5183 3466 5237 incrementa
3509 5189 3568 5237 et

1962 5283 2167 5340 alumni
2198 5281 2481 5336 hominum
2513 5287 2884 5350 peccatorum,
2918 5285 2969 5347 ut
3009 5275 3287 5347 augeretis
3323 5274 3562 5330 furorem

1965 5374 2206 5450 [Domini
2229 5372 2626 5431 contralsrael.
2648 5372 2671 5410 δ
2687 5371 2840 5441 Quod
2855 5369 3204 5443 sinolueritis
3232 5369 3384 5440 sequi
3416 5383 3565 5436 eum,

1966 5557 2127 5613 verit.
2158 5555 2346 5626 legunt
2369 5553 2473 5611 hoc
2496 5555 2657 5611 modo
2683 5600 2696 5625 ,
2735 5554 2838 5624 Qui
2865 5556 2911 5609 si
2950 5553 3220 5626 nolueritis
3256 5553 3398 5623 sequi
3426 5567 3562 5626 cum.

1966 5629 2165 5686 Parum
2203 5625 2381 5682 autem
2408 5626 2576 5682 refert
2612 5630 2822 5699 utqui,
2858 5627 2939 5681 vel
2986 5626 3124 5697 quod
3171 5625 3399 5694 legatur,
3441 5625 3565 5694 quia

1967 5700 2180 5778 nulluol
2203 5709 2285 5778 est
2309 5701 2563 5778 damnum
2588 5701 2646 5778 in
2678 5699 2947 5778 sensibus.
2980 5699 3160 5753 MART.
3389 5765 3401 5778 ο

2037 5800 2110 5813 -—
2143 5769 2244 5827 Ed.
2272 5773 2472 5840 nostri,
2504 5781 2559 5828 et
2587 5771 2884 5829 Martianaei
2907 5785 3042 5827 mss.
3074 5781 3290 5833 omnes,
3311 5769 3420 5838 qui.

2975 5931 3051 5992 13
