3956 6338
528 238 637 297 5:5
1541 231 1601 285 S.
1645 226 2025 287 IIIERONYMI
2073 226 2090 282 Ι

2177 222 2304 286 ’INA
2345 226 2817 287 BIBLIO'I‘IIECA.
3654 230 3739 295 396

536 351 591 405 in
624 346 920 405 solitudine
949 345 1210 417 pupulum
1234 344 1605 416 derelinquat,
1629 350 1685 398 et
1713 355 1811 396 vos
1834 356 1995 396 causa
2017 338 2127 399 eri-
2156 340 2204 407 Α
2233 349 2289 397 et
2338 340 2540 408 Eleale,
2570 348 2625 398 et
2667 337 3019 409 Cariathaim,
3063 346 3118 397 et
3160 336 3327 407 Nube,
3355 346 3408 397 et
3454 339 3743 415 Batti-Mean,

536 443 606 498 tis
632 440 783 496 necis
810 439 1077 496 omnium.
1099 440 1168 493 At
1189 438 1265 494 illi
1290 452 1461 509 prope
1484 433 2127 502 accedentes,diserunt:
2239 435 2412 490 vcrsis
2450 433 2784 502 nominibus,
2808 430 3038 489 Sahama
3074 446 3289 507 quoque
3316 449 3328 486 :
3352 431 3648 504 imponentes
3667 453 3743 499 vo-

540 535 735 591 Caulas
767 532 949 589 ovium
976 530 1382 595 labricabimus,
1414 539 1471 585 et
1497 529 1708 584 stabula
1731 527 2127 599 iumentorum,
2235 525 2427 582 cabula
2459 526 2687 582 urbibus
2707 541 2843 598 quas
2889 533 3271 583 exstruxerant
3304 524 3376 600 Ut.
3403 525 3466 584 Et
3488 527 3747 605 Bal-Mean,

537 626 777 701 parvulis
803 640 1019 699 quoque
1066 623 1268 679 nostris
1311 622 1474 677 urbes
1500 621 1735 676 munitas
1765 638 1777 674 :
1812 634 1912 676 nos
1945 627 2127 677 autem
2233 628 2288 675 et
2315 618 2594 675 Musaboth
2629 618 2782 686 Sem,
2813 629 2868 677 et
2905 619 3145 677 Sihama.
3178 618 3503 691 Imponentes
3529 625 3748 687 vocabula

541 722 646 793 ipsi
673 722 873 776 armati
902 726 958 776 et
978 716 1208 775 accincti
1235 730 1529 788 pergamus
1552 716 1621 773 ad
1640 714 1887 786 praelium
1913 723 2040 771 ante
2068 712 2129 769 li-
2233 712 2459 771 urbibus
2484 729 2617 785 quas
2644 712 3076 789 exstruxerant].
3110 713 3283 775 Purro
3320 716 3406 779 lilii
3450 718 3650 787 Macbir,
3677 722 3754 783 ﬁlii

539 816 641 871 tios
668 813 856 881 Israel,
898 811 1078 867 donec
1127 809 1536 867 introducamus
1584 824 1680 865 eos
1718 808 1786 864 ad
1835 808 1956 865 loca
2003 823 2120 865 sua.
2229 805 2511 875 Manasse,
2563 819 2921 881 perrexerunt
2979 809 3031 869 in
3080 809 3316 883 Gaiaad,
3356 818 3408 871 et
3456 822 3753 875 rastavernnt

536 906 748 965 Parvuli
780 908 950 963 nostri
991 914 1045 961 et
1074 902 1338 976 quidquid
1384 902 1590 961 habere
1619 917 1931 974 possumus,
1963 912 2127 959 erunt
2228 915 2349 960 eam
2378 901 2662 959 interiecto
2689 902 3010 963 Amorrhteo
3041 902 3347 965 habitatore
3373 905 3501 978 ejus.
3527 907 3668 967 Dedit
3690 925 3759 969 er-

533 1001 586 1056 in
635 999 858 1056 urbibus
905 998 1151 1063 muratis,
1185 1007 1412 1068 propter
1459 996 1821 1053 habitatorum
1878 996 2119 1052 insidias.
2226 1008 2299 1064 go
2328 994 2507 1056 Moses
2536 1003 2735 1059 terram
2773 996 2979 1057 Galaad
3030 997 3232 1057 Machir
3265 998 3369 1059 lilio
3414 999 3653 1074 Manasse,
3680 1003 3758 1074 qui

528 1091 645 1148 Non
677 1098 1020 1149 revertemur
1046 1098 1075 1131 ι
1104 1091 1157 1146 in
1180 1091 1375 1145 domus
1415 1098 1630 1144 nostras
1651 1086 1731 1160 [h.
1756 1087 1824 1143 ad
1866 1088 2124 1158 parvulos
2227 1088 2495 1151 habitavit
2522 1091 2573 1147 in
2602 1104 2686 1147 ea.
2717 1090 2835 1149 Iair
2863 1100 3045 1153 autem
3090 1089 3235 1150 [ilius
3276 1091 3510 1155 Manasse
3557 1094 3690 1164 abiit,
3717 1106 3762 1157 et

527 1185 788 1259 nostros],
822 1200 990 1257 usque
1013 1184 1142 1241 dum
1171 1184 1486 1256 possideant
1517 1182 1609 1239 lilii
1630 1183 1798 1240 Israel
1834 1183 2124 1238 hasredita-
2226 1186 2512 1253 occupavit
2546 1185 2699 1243 vicos
2727 1187 2868 1261 ejus,
2900 1202 3041 1259 quos
3062 1186 3351 1259 appellavit
3378 1188 3544 1245 Avoth
3570 1189 3689 1257 Iair,
3714 1191 3761 1247 id

527 1290 635 1337 tem
682 1296 885 1336 suam:
929 1293 1033 1336 nec
1083 1278 1376 1350 quidquam
1419 1293 1726 1350 quaeremus
1757 1289 1908 1337 trans
1927 1276 2133 1334 Iurda-
2224 1287 2321 1347 est,
2359 1276 2527 1335 Villas
2566 1276 2687 1333 lair
2715 1278 2796 1352 [h.
2841 1295 2947 1335 non
3000 1278 3207 1352 habet].
3231 1278 3377 1337 Noba
3427 1295 3627 1353 quoque
3648 1298 3768 1367 δι’·

484 1386 487 1391 ’
524 1390 672 1441 nem,
698 1375 824 1447 quia
857 1373 971 1446 jam
1026 1373 1292 1429 habemus
1323 1381 1564 1428 nostram
1616 1371 2014 1442 possessionem
2066 1372 2118 1427 in
2223 1372 2386 1439 rexit,
2434 1381 2490 1429 et
2538 1372 2905 1444 apprehendit
2952 1372 3161 1433 Canatb
3205 1389 3330 1435 cum
3376 1374 3592 1435 vinculis
3636 1377 3763 1437 suis:

522 1469 774 1525 orientali
806 1466 928 1539 ejus
960 1469 1135 1539 plaga.
1165 1467 1376 1536 Quibus
1429 1468 1605 1523 Moses
1647 1467 1722 1523 ait
1781 1484 1792 1520 :
1846 1468 1890 1523 si
1942 1465 2119 1522 facitis
2223 1465 2545 1538 vocavitque
2571 1480 2692 1527 eam
2724 1483 2789 1527 ex
2819 1466 3039 1527 nomine
3067 1480 3167 1522 suo
3198 1465 3370 1523 Noba.

520 1562 664 1634 quod
693 1561 1037 1634 promittitis,
1066 1559 1306 1631 expediti
1338 1560 1547 1631 pergite
1576 1575 1759 1615 coram
1785 1558 1865 1631 [h.
1894 1559 1940 1614 si
1976 1558 2117 1615 fece-
2296 1559 2384 1632 [Β.
2421 1558 2656 1628 LXVIII,
2690 1559 2824 1635 Cap.
2875 1559 3154 1635 XXXIIH
3186 1561 3284 1618 Ila:
3327 1571 3450 1621 sunt
3499 1564 3769 1622 mansiones

518 1655 640 1712 ritis
670 1653 811 1729 quod
846 1653 1187 1729 promittitis,
1229 1652 1467 1724 expediti
1522 1660 1581 1707 ut
1634 1651 1865 1724 pergulis
1907 1651 2113 1722 coram]
2219 1651 2453 1711 ﬁliorum
2483 1652 2678 1723 Israel,
2707 1656 2798 1726 qui
2829 1655 3038 1726 egressi
3069 1664 3197 1715 sunt
3212 1655 3281 1713 de
3305 1654 3537 1730 Egypto
3562 1671 3650 1729 per
3676 1668 3773 1723 tur-

519 1747 749 1804 Domino
776 1746 843 1803 ad
884 1761 1143 1819 pugnam,
1177 1756 1233 1802 et
1261 1748 1440 1801 omnis
1472 1746 1556 1801 vir
1601 1745 1835 1802 bellator
1873 1753 2115 1799 armatus
2146 1743 2195 1803 B
2219 1758 2338 1800 mas
2365 1759 2490 1799 snas
2534 1745 2587 1800 in
2633 1761 2798 1807 manu
2838 1746 2973 1805 Mosi
3005 1758 3060 1803 et
3105 1748 3317 1816 Aaron,
3346 1764 3481 1820 quas
3520 1748 3775 1823 de-cripsit

511 1837 802 1896 Iordanem
833 1848 1099 1904 transeat,
1133 1837 1308 1892 donec
1324 1837 1608 1892 subvertat
1635 1836 1899 1891 Dominus
1927 1834 2110 1890 inimI-
2215 1835 2392 1895 Idnses
2425 1837 2581 1908 juxta
2609 1845 2916 1897 castrorum
2953 1838 3093 1905 inca,
3127 1854 3254 1913 quae
3304 1839 3517 1905 Domini
3562 1840 3780 1913 iussione

507 1946 601 1988 θος
632 1947 761 1987 suos
799 1939 855 1987 et
886 1929 1209 2002 subjiciatur
1236 1930 1287 1985 ei
1318 1930 1498 1985 omnis
1539 1938 1683 1985 terra
1710 1928 1790 2001 [h.
1826 1929 1892 1983 Et
1920 1941 2106 1999 postea
2214 1932 2514 1989 mutabant.
2550 1929 2636 2003 [T.
2667 1929 2862 1998 XVIII,
2886 1931 2945 1989 C.
2990 1930 3078 1991 LX
3092 1930 3360 2008 XXVIII]
3390 1931 3617 1991 Profecti
3638 1934 3780 2007 igitur

506 2022 871 2096 revertimini]
900 2031 1065 2079 :tnnc
1085 2021 1239 2078 eritis
1271 2021 1626 2093 inculpabiles
1648 2020 1793 2092 apud
1817 2008 2104 2076 Dominum
2211 2022 2279 2080 dc
2298 2023 2596 2083 Raniesses
2630 2040 2817 2083 mense
2857 2025 3055 2098 primo,
3087 2026 3280 2099 quinta
3309 2024 3520 2085 decima
3545 2025 3632 2083 die
3651 2041 3784 2083 men-

506 2122 565 2172 et
593 2115 735 2186 apud
766 2114 954 2181 Israel,
990 2127 1045 2169 et
1091 2113 1405 2169 obtinebitis
1436 2114 1708 2185 regiones,
1741 2127 1878 2184 quas
1920 2112 2104 2182 vultis,
2208 2117 2285 2173 sis
2315 2116 2499 2187 primi,
2534 2117 2703 2177 altera
2736 2118 2824 2175 die
2852 2117 3049 2189 Pbase,
3079 2117 3173 2175 lilii
3205 2117 3379 2175 Israel
3409 2121 3460 2173 in
3511 2133 3660 2175 manu
3699 2135 3783 2174 es-

504 2220 692 2262 coram
727 2205 959 2261 Domino
984 2221 999 2258 :
1027 2203 1125 2262 Sin
1153 2213 1334 2260 antem
1366 2205 1513 2275 quod
1542 2204 1743 2273 dicitis,
1774 2220 1883 2261 non
1914 2206 2105 2261 leceri-
2207 2209 2377 2276 celsa,
2409 2208 2727 2267 videntibus
2764 2212 2978 2273 cunctis
3002 2207 3306 2281 Egyptiis,
3339 2218 3397 2269 et
3424 2209 3787 2283 sepelientibus

501 2298 594 2368 tis,
629 2299 762 2355 nulli
807 2299 1031 2355 dubium
1087 2308 1175 2356 est
1208 2299 1337 2370 quin
1383 2299 1621 2370 peccetis
1655 2300 1709 2353 in
1753 2298 2039 2356 Dominum
2084 2318 2097 2354 :
2208 2300 2623 2375 primogenitos,
2648 2319 2786 2376 quos
2817 2311 3166 2377 percusserat
3194 2303 3468 2363 Dominus
3499 2303 3640 2379 (nam
3662 2314 3713 2361 et
3742 2305 3785 2359 in

501 2406 558 2453 et
596 2395 794 2451 scitote
829 2395 1087 2468 quoniam
1137 2404 1419 2465 peccatum
1444 2404 1691 2449 vestrum
1721 2392 2099 2465 apprehendet
2200 2394 2307 2453 diis
2337 2411 2526 2452 eorum
2560 2407 2883 2457 exercuerat
2915 2395 3226 2467 ultionem),
3256 2397 3630 2457 castrametati
3677 2407 3791 2455 sunt

496 2490 925 2546 vos.1Edillcute
954 2504 1085 2561 ergo
1107 2488 1272 2543 urbes
1304 2487 1546 2559 parvulis
1574 2489 1794 2553 vestris,
1828 2497 1885 2544 et
1911 2488 2099 2543 caulas
2205 2489 2256 2551 in
2298 2487 2593 2551 Soccboﬂr.
2628 2490 2691 2549 Et
2729 2490 2798 2551 de
2844 2488 3118 2553 Socchoth
3167 2500 3447 2546 venerunt
3494 2491 3546 2545 in
3594 2490 3787 2557 Etham,

495 2592 552 2640 ct
571 2585 784 2641 stabula
814 2584 1005 2640 ovibus
1036 2582 1401 2654 acjnmentis,
1431 2594 1487 2637 et
1514 2582 1661 2653 quod
1690 2581 1917 2651 polliciti
1938 2584 2092 2651 estis,
2201 2599 2323 2652 qua:
2352 2590 2439 2638 est
2469 2582 2522 2641 in
2551 2583 2813 2645 extremis
2847 2584 3039 2655 ﬁnibus
3068 2581 3146 2658 [h.
3189 2598 3303 2645 non
3339 2582 3533 2657 habet]
3561 2582 3792 2645 solitudi-

495 2679 741 2752 implete.
772 2679 1149 2749 Dixeruntqne
1182 2677 1279 2732 lilii
1312 2676 1428 2733 Gad
1456 2685 1514 2732 et
1543 2676 1735 2737 Ruben
1766 2677 1833 2732 ad
1876 2676 2091 2733 Mosen:
2201 2675 2312 2737 nis.
2346 2675 2474 2735 Inde
2504 2676 2713 2747 egressi
2742 2684 3014 2737 venerunt
3039 2685 3233 2737 contra
3265 2674 3661 2742 Ph‘-Abiroth,
3689 2691 3795 2745 ante

493 2773 651 2830 Servi
678 2772 755 2828 tni
785 2788 994 2836 smnus,
1022 2770 1288 2827 faciemus
1319 2769 1462 2840 quod
1481 2769 1639 2839 jubet
1673 2770 1927 2825 dominus
1968 2785 2093 2826 nos-
2199 2770 2418 2840 respicit
2444 2768 2852 2843 BeeLSephon,
2875 2777 2932 2829 et
2951 2770 3331 2829 castrametati
3358 2778 3493 2833 sunt
3513 2782 3641 2827 ante
3664 2771 3794 2845 Mag—

491 2876 578 2922 ter
608 2865 687 2939 [h.
719 2865 876 2923 Servi
902 2866 977 2920 tui
1005 2863 1366 2934 facientquod
1389 2863 1543 2933 jubet
1572 2862 1834 2923 Dominus
1860 2862 2089 2937 IIOaICI’].
2198 2863 2399 2921 dolum.
2432 2860 2780 2933 Profectique
2815 2860 2884 2916 de
2908 2858 3300 2933 Phi-Altirotb,
3329 2863 3669 2920 transierunt
3709 2878 3797 2935 per

488 2958 752 3015 Parvulos
774 2968 1012 3025 nostros,
1038 2966 1094 3014 et
1115 2957 1397 3026 mulieres,
1417 2967 1472 3012 et
1502 2972 1719 3029 pecora,
1745 2973 1809 3012 ae
1843 2957 2088 3029 jumenta
2196 2954 2435 3015 medium
2478 2969 2630 3013 mare
2658 2955 2710 3013 in
2742 2953 3117 3023 solitudinem,
3147 2965 3203 3011 et
3241 2954 3607 3015 ambulantes
3637 2958 3796 3013 tribus

488 3051 860 3123 relinquemus
892 3052 945 3107 in
983 3049 1211 3106 urbibus
1250 3049 1454 3107 Galaad
1487 3069 1499 3105 :
1535 3065 1633 3106 nos
1671 3059 1856 3107 autem
1902 3050 2086 3107 famuli
2192 3046 2393 3105 diebus
2425 3062 2525 3119 per
2564 3046 2842 3107 desertum
2876 3046 3096 3117 Etham,
3128 3050 3528 3105 castrametati
3583 3062 3706 3105 sunt
3751 3050 3799 3104 in

486 3144 566 3201 tui
593 3160 784 3201 omnes
812 3143 1050 3215 expediti
1105 3158 1392 3214 pergamus
1442 3142 1509 3198 ad
1553 3143 1777 3209 bellum,
1810 3143 1952 3199 sicut
2001 3155 2079 3211 tu,
2111 3139 2157 3205 C
2190 3141 2357 3201 Mara.
2395 3140 2739 3212 Profectiqne
2787 3140 2856 3197 de
2899 3139 3042 3203 Mars
3092 3154 3376 3201 venerunt
3421 3145 3477 3198 in
3522 3144 3683 3213 Elim,
3715 3142 3798 3197 ubi

480 3238 723 3307 domine,
756 3239 1021 3309 loqueris.
1052 3237 1320 3307 Praecepit
1344 3252 1475 3306 ergo
1503 3234 1680 3292 IIoses
1706 3236 1970 3292 Eleazaro
1989 3253 2080 3292 sa-
2189 3243 2354 3297 erant
2377 3234 2665 3297 duodecim
2704 3233 2882 3291 fontes
2911 3249 3199 3311 aquarum,
3236 3244 3299 3295 et
3344 3236 3553 3309 palmae
3591 3247 3801 3308 septua-

473 3330 707 3400 eerdoti,
731 3339 787 3386 et
814 3329 981 3386 Iosue
1015 3328 1127 3384 lilio
1170 3327 1315 3395 Nnn,
1347 3338 1402 3383 et
1450 3327 1783 3399 principibus
1842 3327 2079 3385 familia-
2179 3333 2568 3405 ginta:ibique
2598 3334 2966 3393 castrametati
2992 3344 3141 3391 sunt.
3178 3334 3295 3391 Sed
3326 3344 3388 3393 et
3414 3335 3550 3395 inde
3572 3334 3797 3410 egressi,

474 3439 593 3480 rum
616 3438 716 3495 per
738 3423 916 3478 tribus
942 3420 1128 3485 Israel,
1156 3431 1212 3475 et
1241 3420 1381 3475 dixit
1403 3419 1470 3475 ad
1503 3435 1599 3476 eos
1631 3440 1645 3475 ε
1679 3420 1738 3478 Si
1763 3422 2080 3481 transierint
2183 3426 2351 3483 lisere
2375 3426 2608 3483 tentoria
2637 3439 2805 3496 super
2833 3440 2982 3485 mare
3019 3423 3291 3483 Rnbrnm.
3333 3425 3702 3498 Profectique
3737 3425 3803 3481 de

476 3517 571 3573 lilii
593 3517 709 3574 Gad
737 3527 793 3574 et
821 3516 919 3571 lilii
964 3515 1155 3572 Ruben
1204 3514 1487 3572 vobiscum
1537 3515 1855 3581 Iordanem,
1886 3533 2075 3575 omnes
2179 3518 2315 3577 mari
2349 3517 2553 3585 Rubro,
2586 3518 2957 3575 castrametati
2988 3526 3115 3577 sunt
3142 3517 3197 3575 in
3229 3517 3479 3579 deserto
3503 3519 3624 3581 Sin.
3654 3516 3803 3577 Unde

476 3610 671 3666 armati
723 3609 790 3664 ad
835 3608 1037 3665 bellum
1096 3621 1281 3663 coram
1318 3608 1569 3675 Domino,
1603 3619 1660 3665 et
1711 3609 1868 3664 vobis
1917 3610 2074 3665 fuerit
2176 3610 2381 3680 egressi
2409 3619 2680 3667 venerunt
2706 3610 2756 3665 in
2782 3605 3055 3679 Depbaca.
3088 3609 3469 3682 Profectique
3490 3613 3565 3674 de
3596 3612 3809 3685 Depba-

474 3710 614 3759 terra
644 3700 888 3772 subiecta
924 3718 936 3753 :
967 3698 1135 3755 bdate
1161 3697 1241 3753 eis
1267 3698 1469 3756 Galaad
1498 3699 1577 3773 [h.
1610 3701 1734 3756 date
1764 3702 1845 3757 eis
1873 3713 2069 3760 terram
2182 3717 2266 3771 ca,
2301 3703 2671 3761 castrametati
2712 3714 2835 3758 sunt
2866 3704 2918 3763 in
2946 3704 3099 3760 Altts.
3133 3703 3496 3779 Egressique
3531 3708 3603 3767 de
3656 3707 3804 3769 Aius.

471 3792 700 3866 Gataad]
733 3794 786 3850 in
815 3790 1367 3865 possessionem.Sin
1392 3802 1570 3848 autem
1596 3794 1870 3851 noluerint
1897 3805 2069 3852 trans-
2175 3794 2226 3848 in
2263 3792 2551 3869 Raphidim
2578 3796 2744 3851 lixere
2775 3796 3007 3854 tentoria
3038 3794 3382 3871 [notandum
3419 3799 3580 3872 quod
3621 3800 3675 3856 in
3706 3800 3807 3857 Hc-

471 3888 553 3943 ire
601 3897 625 3927 ε
668 3885 861 3940 armati
914 3884 1190 3939 vobiscum
1238 3883 1294 3945 in
1336 3895 1532 3940 terram
1582 3884 1872 3952 Chanaan,
1928 3888 2069 3945 inter
2170 3885 2319 3943 brato
2349 3902 2457 3943 non
2502 3886 2751 3957 habetur,
2783 3886 3017 3945 ﬁxerunt
3048 3889 3325 3960 tentoria,
3354 3892 3461 3948 sed
3505 3903 3807 3949 castrame-

471 3994 569 4036 vos
614 3977 897 4035 habitandi
924 3977 1195 4049 accipiant
1232 3978 1371 4036 loca.
1410 3979 1940 4051 Responderuntqne
1972 3982 2064 4038 filii
2177 3978 2269 4037 tati
2316 3974 2488 4053 sunt],
2516 3979 2605 4035 ubi
2662 3994 2799 4050 aqua
2847 3980 3044 4048 populo
3098 3979 3286 4037 defuit
3337 3982 3415 4040 ad
3480 3984 3807 4043 bibendum.

467 4071 606 4138 Gad,
633 4082 689 4133 et
718 4070 818 4131 lilii
850 4070 1043 4126 Ruben
1074 4086 1088 4126 :
1116 4068 1273 4126 Sicut
1307 4070 1521 4128 locutus
1549 4080 1635 4127 est
1661 4070 1915 4133 dominus
1947 4088 2064 4131 ser-
2185 4068 2530 4142 Profectique
2603 4070 2671 4128 de
2724 4068 3036 4143 Raphidim,
3082 4075 3496 4132 castrametati
3555 4086 3692 4133 sunt
3760 4076 3812 4132 in

462 4167 548 4222 vis
576 4164 712 4232 suis,
746 4165 819 4220 ita
862 4163 1124 4220 faciemus
1155 4180 1168 4217 :
1204 4164 1302 4234 ipsi
1332 4164 1528 4221 armati
1559 4179 1844 4235 pergamus
1870 4181 2058 4223 curam
2165 4162 2387 4221 deserto
2414 4162 2586 4221 Sinai.
2620 4162 2727 4220 Sed
2758 4172 2812 4221 et
2855 4162 2924 4219 de
2973 4162 3284 4223 solitudine
3345 4166 3520 4224 Sinai
3573 4170 3813 4240 egressi,

462 4257 697 4315 Domino
752 4257 806 4311 in
853 4265 1058 4311 terram
1097 4252 1377 4320 Chanaan,
1404 4264 1462 4311 et
1509 4256 1906 4323 passessionem
1944 4257 2057 4328 jam
2166 4265 2437 4317 venerunt
2487 4256 2555 4312 ad
2590 4257 2841 4326 sepulcra
2895 4253 3411 4324 concupiscentia.
3455 4258 3817 4333 Profectiqne

458 4352 769 4422 suscepisse
797 4363 899 4405 nos
916 4344 1398 4405 cenﬁtemurdeis
1423 4347 1741 4407 Iordanem.
1775 4348 1927 4405 Dedit
1957 4349 2058 4407 ita-
2158 4352 2228 4410 de
2281 4352 2547 4423 sepulcris
2602 4351 3079 4425 concupiscentia,
3111 4353 3539 4410 castrametati
3589 4363 3724 4410 sunt
3767 4354 3821 4409 in

458 4459 566 4517 que
593 4444 768 4499 Moses
792 4441 918 4497 liliis
942 4440 1058 4497 Gad
1088 4450 1144 4496 et
1168 4440 1382 4505 Ruben,
1410 4448 1466 4497 et
1490 4439 1732 4499 dimidia:
1756 4442 1918 4499 tribui
1942 4441 2049 4501 Μα-
2162 4445 2416 4505 Aserutb.
2454 4446 2520 4502 Et
2545 4444 2615 4505 de
2654 4442 2888 4502 Aseroth
2918 4452 3187 4499 venerunt
3246 4445 3309 4500 in
3364 4445 3651 4503 Rethma.
3688 4446 3821 4502 Pro—

411 4580 417 4586 .
457 4553 621 4597 nasse
657 4538 754 4593 lilii
777 4535 980 4607 Ioseph
1012 4551 1238 4607 regnum
1286 4534 1431 4593 Seon
1462 4536 1606 4606 regis
1638 4534 1966 4604 Amorrhtei,
1995 4546 2054 4593 et
2080 4534 2133 4599 l)
2160 4537 2399 4609 lectique
2431 4538 2499 4593 de
2531 4537 2782 4606 iiethma,
2812 4538 3181 4593 casnametati
3212 4549 3366 4596 sunt
3406 4539 3469 4597 in
3498 4540 3823 4598 Remmon-

455 4648 684 4703 regnum
709 4631 788 4701 Og
810 4629 957 4701 regis
985 4629 1183 4696 Basau,
1217 4638 1419 4685 terram
1446 4642 1637 4685 eorum
1663 4643 1784 4687 cum
1816 4628 2043 4689 urbibus
2155 4631 2376 4727 Phares
2393 4630 2544 4691 Unde
2562 4631 2787 4702 egressi.
2803 4638 3067 4686 venerunt
3083 4630 3135 4685 in
3155 4629 3396 4688 Lebna.
3418 4634 3495 4690 Et
3517 4634 3594 4691 de
3607 4635 3819 4701 Lebna,

451 4725 567 4781 suis
628 4738 726 4794 per
764 4723 1072 4778 circuitum.
1124 4721 1287 4792 Igitur
1323 4728 1711 4777 exstruxerunt
1757 4719 1851 4777 lilii
1907 4721 2040 4786 Gad,
2153 4719 2737 4782 castraﬁretatisnntin
2766 4722 2951 4778 Ressa.
2985 4720 3341 4796 Egressique
3372 4724 3694 4796 deﬁes”,
3732 4742 3828 4783 γε.

450 4820 646 4884 Dibon,
687 4826 744 4875 et
772 4818 1021 4884 Ataroth,
1068 4826 1123 4872 et
1162 4819 1356 4882 Aroer,
1414 4825 1469 4870 et
1532 4814 1750 4881 Atroth,
1795 4814 2037 4885 Supltan,
2149 4828 2348 4875 nerunt
2373 4818 2425 4875 in
2455 4817 2733 4875 Cceiathu.
2770 4814 2923 4871 Unde
2954 4812 3206 4884 profecti,
3239 4819 3827 4879 castrametatisunt

445 4922 502 4968 et
526 4911 711 4976 Iaaer,
740 4918 799 4965 et
822 4909 1044 4980 Iegbaa,
1086 4920 1142 4964 et
1184 4909 1321 4964 Beth
1352 4907 1574 4974 Neutra,
1608 4917 1663 4964 et
1704 4908 1837 4965 Betti
1867 4908 2034 4977 Aran,
2150 4912 2202 4973 in
2232 4922 2414 4969 monte
2440 4910 2668 4987 Sephcr.
2691 4907 2905 4981 Egressi
2930 4907 2997 4961 de
3021 4916 3209 4962 monte
3228 4907 3515 4983 Septier,
3536 4902 3831 4971 venerunt

446 5003 609 5059 urbes
673 5002 929 5068 munitas,
971 5011 1026 5058 et
1078 5000 1262 5056 caulas
1308 5001 1594 5070 pecoribus
1648 5000 1760 5059 suis
1810 4999 1887 5073 [h.
1924 5019 2031 5059 non
2145 5003 2195 5057 in
2236 5001 2433 5057 Arnda.
2462 5001 2588 5057 Inde
2630 4999 3060 5071 proﬁciscentes,
3093 5005 3529 5059 castramctati
3583 5015 3726 5061 sunt
3774 5006 3825 5061 in

440 5090 798 5165 babet,suis].
825 5092 942 5148 Filii
979 5107 1111 5149 vero
1138 5091 1327 5153 Ruben
1357 5092 1765 5153 mdilicaverunt
1791 5093 2029 5165 Esebon,
2140 5093 2429 5151 illaeeloth.
2456 5092 2796 5166 Profectiqne
2817 5091 2885 5148 de
2906 5090 3196 5156 Macelotit,
3230 5106 3566 5154 venerunt
3601 5097 3834 5157 in'l‘ha-

504 5239 530 5267 ι
560 5227 801 5301 Legebat
825 5226 1141 5284 Scholiastes
1197 5230 1250 5284 in
1300 5244 1401 5285 suo
1430 5228 1726 5301 exemplari
1765 5229 2030 5286 Hebraieo
2136 5229 2368 5285 Cimonis
2398 5230 2541 5286 Heb.
2564 5227 2830 5284 veritatis.
2873 5227 3053 5284 ﬂans.

427 5333 569 5386 W31
589 5306 663 5381 ΒΝ
723 5321 769 5394 el
799 5321 1016 5394 bqitenu,
1085 5322 1136 5377 id
1187 5335 1292 5389 εει,
1325 5325 1396 5378 ad
1445 5326 1613 5394 ﬁlios,
1643 5324 1758 5381 sive
1785 5324 2029 5393 parvulos
2217 5333 2239 5362 ο
2268 5322 2503 5379 Urbinas
2534 5338 2635 5377 ins.
2668 5338 2856 5377 vocetis
2884 5321 3076 5377 armati
3106 5326 3571 5389 praterssiittit.

428 5408 673 5454 nostros:
707 5393 806 5448 nisi
831 5392 967 5446 forte
984 5392 1535 5482 sensumnittenderit,
1567 5411 1672 5452 non
1699 5392 1882 5453 verba.
1918 5398 2025 5451 Hn-
2203 5414 2227 5452 u
2260 5416 2336 5472 na
2388 5432 2488 5471 ms.
2520 5414 2815 5470 Βίηιίοιιηηι
2867 5413 3038 5468 ευάθχ
3090 5414 3345 5482 Regius,
3388 5435 3573 5475 mm“
3637 5424 3825 5482 5563:

421 5491 510 5549 die
536 5487 733 5559 ubique
762 5484 985 5556 legimus
1026 5494 1182 5547 uin:
1203 5472 1298 5555 ἢκ,
1338 5492 1387 5544 el
1416 5490 1668 5556 baltemt,
1716 5491 1795 5545 ad
1841 5491 2022 5547 datm
2126 5467 2487 5552 cantata,
2517 5467 3048 5559 ;.o“..'.‘.io‘,“e.’u....t
3079 5467 3832 5559 s;jc.;;.'..;.‘;i;"...:.;'.:3:

424 5555 662 5619 uestras:
682 5555 862 5613 Man'r.
1660 5555 1663 5556 ⁷
2125 5562 2229 5617 Alii
2258 5576 2380 5617 cum
2407 5560 2565 5619 editis
2596 5560 2805 5630 legunt,
2829 5567 2974 5612 trans
3017 5555 3338 5613 Iordanem
3368 5603 3390 5629 ,
3458 5555 3573 5622 sed
3625 5568 3835 5623 incon-

490 5636 516 5673 ι)
544 5634 936 5705 manuscriptus
961 5632 1128 5705 codex
1159 5632 1474 5698 Bihliorum,
1498 5650 1644 5689 num.
1676 5636 1725 5699 l,
1755 5636 1808 5688 in
1832 5647 2014 5690 nostra
2118 5649 2254 5702 grnu
2272 5648 2455 5690 sensu.
2488 5632 2662 5689 Mser.

419 5701 756 5777 Bibliotheca
774 5699 943 5777 sancti
972 5703 1253 5777 Germani,
1290 5705 1419 5774 legit
1447 5709 1583 5773 ntin
1612 5706 1896 5763 Hebraico.
1922 5708 2012 5759 dat
2118 5699 2188 5744 Σ-
2217 5705 2361 5777 ldem
2394 5720 2519 5777 ms.,
2550 5699 2945 5777 confitebimur,
2975 5709 3083 5754 tnm
3113 5701 3338 5777 juncto
3381 5709 3708 5777 Palatino,
3736 5726 3829 5771 at-

411 5778 483 5833 et's
506 5776 696 5833 terram'
716 5771 937 5830 Galattd.
978 5775 1132 5845 Quod
1184 5767 1383 5847 ﬂuxit',
1409 5780 1460 5832 ni
1494 5767 1670 5844 fallor,
1702 5777 1771 5833 ab
1802 5778 2008 5833 scholia
2115 5792 2219 5848 que
2244 5775 2404 5833 editis
2432 5767 2608 5841 nam,
2637 5767 2778 5828 trans
2813 5767 3133 5841 Jordunent,‘
3165 5772 3521 5850 Hebr-aus,
3561 5767 3738 5838 cura.
