4098 6366
236 343 345 403 597

1614 325 1814 386 LIBER
1857 322 2137 389 NUMERI.

3431 319 3538 376 393

235 465 347 518 λιιι.
384 464 460 520 De
489 460 724 524 'I'haath,
769 455 1139 516 castrametati
1185 462 1312 510 sunt
1361 452 1412 510 in
1454 450 1651 509 'I‘harc.
1681 445 1832 504 Unde
1864 460 1912 520 Α
1941 443 2070 511 rint,
2100 450 2258 498 erunt
2287 441 2436 498 vobis
2463 441 2618 512 quasi
2648 441 2784 498 clavi
2819 441 2869 496 ia
2917 441 3110 508 oculis,
3143 451 3196 498 et
3229 442 3433 500 lancea:
3480 448 3533 502 in

235 557 464 628 egressi,
525 557 692 612 ﬁxere
747 551 978 609 tentoria
1035 549 1091 606 in
1137 546 1370 604 Methca.
1397 544 1464 603 Et
1503 543 1572 600 de
1602 540 1834 604 Methra,

237 649 614 706 castrametati
641 655 764 702 sunt
788 645 840 700 in
856 645 1110 702 Esmona.
1132 637 1472 708 Prolectique
1488 635 1555 692 de
1579 634 1836 699 Esnmna,

234 753 510 802 venerunt
553 744 606 799 in
657 741 957 798 Moseroth.
987 737 1056 794 Et
1085 737 1152 792 de
1202 733 1505 798 Muscmth,
1536 737 1839 788 castrame-

234 841 325 894 tati
360 847 500 895 sunt
542 839 595 895 in
628 835 958 904 Beneiacan.
989 830 1338 900 Prol'eetique
1387 828 1454 884 de
1507 825 1838 894 Benejacan,

232 944 508 992 venerunt
541 933 591 988 in
621 941 863 989 montem
887 926 1136 998 Gadgad.
1167 924 1319 982 Unde
1342 921 1600 994 profecti,
1632 930 1842 976 castra-

228 1030 436 1088 metati
464 1039 590 1084 sunt
617 1028 670 1083 in
702 1023 1013 1082 Ietabatha.
1049 1021 1118 1080 Et
1145 1021 1210 1076 de
1233 1016 1543 1078 Ietabatba.
1569 1023 1843 1070 venerunt

229 1125 600 1182 inllebrona.
630 1120 960 1192 Egressique
1004 1117 1074 1173 de
1127 1113 1407 1176 Hebrona.
1464 1109 1840 1167 castrametati

225 1226 364 1272 sunt
404 1219 458 1272 in
488 1213 890 1272 Asinii-Gaber.
922 1209 1053 1266 lude
1083 1209 1312 1279 proiecti
1357 1217 1618 1261 venerunt
1665 1203 1718 1258 in
1746 1202 1842 1257 de-

205 1318 451 1384 mtum
481 1308 593 1368 Sin.
625 1306 748 1362 haec
791 1312 877 1361 est
917 1301 1117 1356 Gades.
1145 1298 1474 1369 Egressique
1526 1294 1596 1350 de
1642 1292 1838 1360 Cades,

225 1387 621 1458 castrametati
648 1398 852 1456 suntin
884 1404 1072 1453 monte
1103 1393 1234 1458 llor,
1262 1392 1315 1445 in
1351 1387 1609 1446 extremis
1643 1385 1842 1446 ﬁnibus

226 1494 305 1567 [ιι.
351 1509 469 1551 non
523 1491 687 1551 habet
735 1487 956 1558 ﬁnibus]
1009 1496 1173 1544 terra:
1225 1482 1423 1540 Edoni.
1475 1478 1842 1549 Ascenditque

226 1589 430 1645 Aaron
454 1582 709 1644 sacerdos
738 1580 790 1638 in
821 1589 1061 1639 montem
1091 1576 1224 1644 Hor,
1250 1575 1482 1644 jubente
1510 1570 1764 1636 Domino.
1786 1577 1843 1624 et

229 1691 499 1737 mortuus
537 1688 618 1736 est
658 1677 731 1732 ibi
764 1691 908 1731 anno
948 1668 1370 1742 quadragesimo
1414 1663 1749 1738 egressionis
1781 1662 1844 1718 ﬁ-

232 1774 447 1829 liorum
476 1771 638 1828 Israel
681 1785 746 1826 ex
789 1767 1052 1838 Egypto,
1085 1778 1273 1820 mense
1302 1761 1516 1830 quinto,
1549 1757 1723 1828 prima
1757 1755 1844 1814 die

1947 536 2229 602 lateribus,
2254 545 2310 591 et
2335 535 2773 592 adversabuntur
2797 534 2951 590 vobis
2981 535 3033 590 in
3068 547 3212 594 terra
3243 536 3538 593 habitatio.

1947 628 2030 685 nis
2058 638 2273 694 vestrm,
2303 637 2358 684 et
2380 627 2640 700 quidquid
2667 627 2776 690 illis
2805 629 3175 700 cogitaveram
3208 631 3410 701 facere,
3440 649 3540 689 vo-

1945 723 2026 780 bis
2049 723 2263 783 faciam.

2017 816 2102 887 |-’l‘.
2137 815 2281 882 XIX,
2311 816 2368 871 Β.
2399 815 2564 884 LXX,
2589 816 2718 890 Cap.
2754 816 2997 876 XXXIV.
3019 820 3033 890 Vl
3065 819 3421 892 Locutusque
3455 833 3541 878 est

1950 909 2209 970 Dominus
2236 909 2302 966 ad
2335 911 2541 975 Mosen,
2575 910 2766 968 dicens
2799 930 2811 966 :
2846 912 3090 982 Praai-ipe
3120 912 3242 970 ﬁliis
3276 914 3462 982 Israel,
3487 922 3543 970 et

1944 1006 2093 1065 dices
2107 1005 2173 1064 ad
2193 1021 2287 1062 eos
2310 1025 2321 1062 :
2343 1005 2474 1064 Cum
2495 1006 2724 1078 ingressi
2744 1007 2958 1064 fueritis
2975 1016 3174 1064 terram
3187 1008 3466 1074 Chanaan,
3491 1020 3552 1064 et

1947 1101 2000 1156 in
2031 1102 2431 1171 possessiOnem
2455 1093 2774 1157 vobis'sorte
2801 1102 3084 1170 ceciderit,
3104 1101 3189 1158 bis
3211 1103 3410 1158 ﬁnibus
3435 1113 3548 1157 ter-

1948 1193 2266 1249 tninabitttr.
2303 1193 2436 1248 Pars
2465 1193 2759 1249 meridiana
2794 1194 3065 1264 incipieta
3089 1197 3386 1252 aulitttdine
3419 1196 3541 1260 Sin,

1945 1305 2065 1356 qua:
2087 1297 2167 1343 est
2175 1288 2323 1358 juxta
2350 1287 2538 1355 Edoni,
2565 1297 2619 1344 et
2641 1288 2853 1346 habebit
2881 1289 3140 1348 terminos
3161 1300 3343 1344 contra
3365 1294 3546 1346 orien-

1947 1393 2054 1438 tem
2071 1398 2220 1440 mare
2241 1383 2622 1440 salsissimum.
2643 1384 2742 1452 Qui
2757 1384 3114 1440 circumibunt
3133 1387 3420 1441 australem
3437 1388 3549 1456 pla.

1944 1492 2067 1544 gam
2116 1491 2214 1546 per
2258 1490 2547 1534 ascensum
2592 1475 2928 1545 Scorpionis,
2981 1479 3052 1532 ita
3101 1490 3157 1531 ut
3185 1489 3462 1534 transeant
3494 1481 3548 1534 in

1945 1566 2136 1631 Sinm.
2186 1578 2245 1626 et
2293 1571 2615 1638 perveniant
2651 1570 2679 1607 δ
2720 1584 2749 1624 a
2787 1569 3014 1625 Meridie
3049 1585 3223 1641 usque
3251 1570 3318 1627 ad
3344 1570 3550 1627 Cades-

1951 1660 2146 1726 Barne.
2196 1661 2338 1718 unde
2377 1661 2725 1738 egrediantur
2775 1663 3007 1718 conﬁnia
3039 1664 3104 1718 ad
3139 1665 3320 1720 villam
3354 1667 3559 1720 nomine

1948 1753 2029 1826 [h.
2061 1771 2167 1810 non
2204 1753 2387 1827 habet]
2420 1755 2587 1821 Adar,
2619 1767 2668 1808 et
2703 1757 2921 1811 tendent
2965 1772 3133 1827 usque
3159 1757 3225 1812 ad
3258 1757 3551 1814 Esemnna.

230 1868 477 1934 mensis,
507 1881 625 1922 cum
658 1873 804 1921 esset
831 1874 1105 1919 armorum
1133 1864 1353 1914 centum
1403 1853 1593 1924 viginti
1650 1852 1841 1908 trium.
1880 1861 1923 1921 Β
1951 1846 2158 1917 Ibitque
2205 1862 2300 1917 per
2344 1862 2536 1918 gyrum
2571 1850 2838 1905 terminus
2865 1851 2934 1904 ab
2984 1851 3253 1906 Esemona
3281 1867 3454 1922 usque
3484 1855 3551 1907 ad

232 1959 584 2028 Andivitque
611 1956 955 2011 (ihanatncus
985 1967 1078 2007 rex
1130 1949 1294 2014 Arad,
1329 1948 1419 2019 qui
1467 1943 1751 2004 habitabat
1781 1941 1847 1998 ad

237 2051 545 2110 meridiem
577 2052 627 2104 in
658 2058 802 2104 terra
829 2045 1112 2110 Chanaan,
1149 2041 1366 2100 venisse
1399 2039 1540 2095 ﬁlios
1571 2036 1757 2092 Israel.
1785 2033 1853 2090 Et

235 2148 480 2220 profecti
513 2146 580 2203 de
612 2155 797 2200 monte
825 2141 956 2207 I-Inr,
991 2135 1366 2194 castrametati
1395 2144 1521 2188 sunt
1550 2132 1604 2186 in
1639 2129 1854 2184 Salmo-

234 2260 333 2298 na.
373 2239 531 2298 Unde
571 2238 780 2309 egressi
823 2241 1089 2292 venerunt
1131 2233 1183 2288 in
1231 2228 1466 2286 Phineu.
1504 2221 1851 2290 Profectiqne

231 2338 307 2392 de
327 2336 573 2399 Phineu,
594 2328 966 2388 castrametati
1000 2336 1130 2380 sunt
1162 2325 1213 2379 in
1241 2321 1444 2378 Uhoth
1472 2319 1622 2378 Etde
1648 2315 1848 2378 Ohntb,

237 2437 525 2486 \enerunt
556 2426 610 2480 in
638 2423 972 2490 Hieabarim,
1004 2435 1126 2490 qua:
1153 2426 1237 2474 cst
1261 2417 1340 2489 μ).
1372 2430 1485 2470 non
1520 2413 1702 2476 habet,
1734 2423 1856 2477 quae

235 2520 370 2592 est]
396 2521 448 2578 in
480 2519 675 2574 ﬁnibus
702 2515 1081 2576 Moabitaruin.
1134 2509 1477 2580 l’rofcetique
1520 2508 1588 2562 de
1623 2515 1647 2546 ιι
1686 2503 1852 2560 Ilica-

235 2617 424 2676 barim
461 2614 478 2685 [_
501 2612 557 2672 It.
590 2612 666 2667 De
715 2611 878 2676 lliim,
915 2609 1000 2664 hic
1034 2607 1227 2670 habet;
1275 2618 1459 2672 supra,
1495 2596 1847 2667 Hienbarimj,

236 2712 421 2770 ﬁxere
447 2710 676 2770 tentoria
709 2708 760 2765 in
808 2707 985 2765 Dibnn
1017 2703 1158 2763 Gad.
1195 2701 1350 2757 Unde
1373 2697 1607 2768 egressi,
1640 2707 1850 2750 eastra-

239 2805 444 2864 metati
474 2815 598 2862 sunt
647 2805 700 2860 in
739 2796 1377 2858 IIeltnon-Deblathaim.
1431 2791 1764 2863 Egressique
1789 2789 1859 2845 de

240 2894 892 2956 Helmon-Deblathaim,
923 2897 1192 2947 venerunt
1241 2889 1306 2944 ad
1363 2895 1578 2942 montes
1629 2883 1851 2940 Abarim

237 3003 448 3050 contra
499 2987 780 3060 Nabo.[B.
827 2984 1040 3056 LXIX]
1088 2981 1429 3051 l’rol‘ectique
1472 2980 1540 3034 de
1581 2976 1856 3034 montibus

242 3085 506 3153 Abarim,
535 3085 870 3142 trnsierunt
900 3079 966 3136 ad
993 3077 1318 3148 campestria
1338 3075 1517 3138 Moab,
1546 3087 1712 3140 super
1737 3070 1857 3125 Jor-

240 3179 456 3239 danem
485 3186 678 3234 contra
717 3173 958 3232 Iericho.
993 3171 1182 3239 Ibique
1211 3165 1586 3224 castrametati
1629 3173 1757 3217 sunt
1789 3160 1857 3215 de

1962 1948 2255 1996 torrentem
2303 1938 2544 2009 rEgypti,
2594 1949 2646 1998 et
2691 1941 2856 1996 maris
2899 1942 3074 2010 Magni
3102 1943 3284 1998 littore
3312 1942 3552 1999 ﬁnietur.

1956 2031 2112 2102 Plaga
2143 2041 2322 2087 autent
2353 2032 2722 2090 Occitlentalis
2751 2049 2780 2088 a
2822 2038 2955 2090 tnari
2996 2036 3188 2108 Magno
3217 2037 3462 2106 incipiet,
3497 2046 3554 2094 et

1955 2127 2071 2195 ipso
2114 2127 2217 2181 ﬁne
2257 2126 2561 2186 claudetur.
2611 2128 2778 2186 Porro
2817 2130 2884 2183 ad
2917 2130 3412 2199 Septentrionalem
3449 2133 3560 2201 pla-

1951 2235 2074 2292 gam
2117 2236 2147 2274 a
2189 2221 2324 2280 mari
2370 2221 2562 2294 Magno
2608 2224 2821 2282 termini
2854 2223 3136 2294 incipient,
3175 2227 3559 2294 pervenientes

1957 2327 2127 2383 usque
2167 2313 2230 2368 ad
2284 2322 2527 2372 montem
2560 2316 2882 2376 altissimum
2913 2317 2995 2389 Ut.
3041 2318 3330 2390 montium]
3378 2334 3408 2374 a
3454 2334 3562 2388 quo

1957 2409 2175 2461 venient
2209 2410 2259 2460 in
2291 2407 2481 2466 Ematb
2517 2409 2775 2478 usquead
2801 2409 3064 2468 terminos
3090 2409 3306 2466 Sedada
3339 2427 3352 2469 ;
3385 2411 3565 2466 ibunt-

1955 2514 2060 2568 qne
2087 2498 2318 2554 conﬁnia
2350 2515 2516 2571 usque
2543 2499 2607 2559 ad
2639 2500 2948 2566 Zephrnna,
2987 2513 3039 2562 et
3073 2503 3256 2560 villam
3285 2501 3459 2558 Enan.
3497 2503 3562 2558 llt

1957 2599 2114 2652 erant
2145 2591 2365 2646 termini
2413 2593 2465 2645 in
2510 2601 2661 2662 parte
2693 2593 2982 2664 aquilonis.
3037 2592 3167 2650 Inde
3217 2594 3568 2654 metahnntur

1960 2685 2096 2747 ﬁnes
2123 2697 2311 2742 contra
2343 2686 2666 2746 orientalem
2703 2686 2913 2756 plagam
2948 2686 3014 2742 de
3047 2686 3172 2741 villa
3207 2688 3356 2744 Enan
3388 2703 3563 2754 usque

1968 2777 2259 2850 Sephama,
2292 2787 2350 2836 et
2376 2779 2443 2834 de
2469 2777 2738 2848 Sephama
2767 2777 3102 2834 descendent
3132 2779 3346 2834 termini
3380 2781 3429 2833 in
3464 2779 3567 2833 Re-

1960 2872 2044 2927 bla
2085 2880 2274 2926 contra
2336 2871 2540 2934 fontem
2568 2883 2587 2909 ο
2616 2870 2846 2940 Daphim
2879 2869 2958 2943 [h.
2990 2871 3054 2924 ad
3085 2869 3375 2941 orientem]
3406 2886 3420 2924 ε
3446 2869 3575 2926 inde

1961 2966 2278 3036 pervenient
2319 2976 2507 3023 contra
2555 2963 2841 3022 Orientem
2871 2982 2900 3018 a
2951 2980 3100 3022 mare
3143 2963 3472 3033 Chenereih,
3516 2973 3573 3020 et

1959 3058 2186 3114 tendent
2226 3072 2397 3128 usque
2436 3057 2502 3112 ad
2551 3057 2865 3120 Iordanem,
2910 3069 2964 3113 et
3006 3057 3071 3110 ad
3106 3057 3353 3116 ultimum
3385 3058 3569 3113 salsis-

1959 3151 2099 3208 simo
2143 3150 2467 3212 claudentur
2514 3151 2668 3206 mari.
2721 3151 2869 3206 llanc
2913 3150 3180 3208 habebitis
3231 3161 3427 3208 terram
3472 3164 3569 3219 per

243 3271 390 3330 Beth
438 3268 668 3328 Isimoth
713 3283 887 3336 usque
919 3265 986 3320 ad
1041 3262 1365 3322 Ahelsutim
1409 3263 1459 3318 in
1514 3256 1855 3330 p'aniorilius
1884 3259 1928 3321 (ζ
1962 3243 2096 3306 lines
2123 3260 2251 3300 sitos
2297 3243 2350 3302 in
2391 3244 2640 3306 circuitu.
2675 3241 2756 3314 [(3.
2793 3241 2928 3314 XC.i
2963 3242 3336 3312 Praecepitque
3382 3243 3562 3298 Moses

246 3367 393 3426 locis
434 3363 796 3424 Moabitarum
825 3360 914 3432 Ui.
951 3359 1003 3416 in
1051 3356 1287 3428 planieie
1323 3350 1727 3420 Moabitarutn],
1763 3348 1852 3404 ubi

244 3460 471 3518 locutus
500 3466 585 3514 est
623 3456 892 3513 Dominus
917 3449 984 3508 ad
1012 3449 1216 3511 Mosen.
1243 3447 1342 3520 [Ο.
1373 3442 1690 3513 LXXXIX]
1713 3442 1858 3498 Pine—

244 3553 378 3624 eipe
404 3551 526 3608 ﬁliis
567 3550 757 3616 Israel,
791 3560 848 3604 et
873 3547 964 3604 dic
989 3546 1055 3602 ad
1093 3561 1188 3604 eos
1218 3564 1228 3599 :
1264 3544 1492 3612 Quando
1524 3537 1856 3598 transieritis

245 3644 585 3710 Iordanem,
633 3644 905 3700 intrantes
950 3650 1154 3698 terram
1201 3637 1498 3703 Chanaan,
1555 3631 1857 3703 dlsperdite

256 3747 492 3800 cunctos
526 3735 863 3796 habitatores
895 3732 1134 3803 regionis
1157 3731 1305 3792 illius
1337 3727 1700 3798 :conl‘ringite
1730 3725 1857 3779 titu-

251 3835 379 3901 los,
421 3841 480 3888 et.
523 3839 736 3888 statuas
780 3827 1170 3894 comminuite,
1200 3835 1362 3896 atque
1407 3821 1590 3878 omnia
1637 3819 1859 3874 excelsa

252 3936 495 3992 vastate,
523 3923 852 3987 muadantes
883 3932 1111 3987 terram,
1137 3929 1192 3977 et
1219 3918 1536 3979 habitantes
1559 3916 1609 3972 in
1633 3929 1719 3971 ea.
1748 3911 1860 3981 Ego

255 4019 409 4078 enim
439 4019 564 4078 dedi
592 4018 750 4075 vobis
782 4017 928 4074 illam
963 4017 1015 4072 in
1056 4012 1488 4086 possessionem,
1515 4025 1676 4079 quam
1717 4005 1858 4062 divi-

254 4113 406 4172 detis
427 4113 588 4170 vobis
619 4118 792 4170 sorte.
827 4109 1083 4165 Pluribus
1116 4107 1313 4164 dabitis
1349 4104 1617 4166 latiorem,
1649 4110 1701 4158 et
1729 4116 1860 4169 pau-

257 4207 343 4264 cis
369 4205 767 4277 angustiorem.
802 4202 1046 4273 Singulis
1085 4211 1143 4256 nt
1181 4215 1307 4255 sors
1345 4197 1627 4259 ceciderit,
1659 4197 1728 4250 ita
1767 4196 1864 4250 tri-

256 4302 460 4359 buetur
489 4299 806 4358 haercditas.
837 4298 943 4354 Per
986 4297 1158 4354 tribus
1197 4304 1254 4350 et
1300 4293 1532 4350 faittilias
1586 4289 1864 4361 possessio

253 4392 534 4450 dividetur
557 4391 639 4463 [h.
673 4390 778 4447 Per
808 4388 982 4444 trilms
1025 4386 1346 4446 familiarum
1371 4393 1659 4439 vestrarum
1701 4381 1859 4434 luere-

257 4488 480 4543 ditatem
523 4484 781 4558 capietis].
823 4482 919 4540 Sin
972 4493 1152 4540 autem
1210 4480 1496 4536 nolueritis
1556 4476 1864 4532 interﬁcere

261 4579 602 4638 habitatores
631 4585 790 4634 terra:
818 4576 896 4648 ut.
931 4594 958 4629 a
998 4575 1135 4630 facie
1177 4571 1382 4645 vestra]
1415 4571 1544 4642 :qni
1575 4584 1858 4626 remanse-

1959 3338 2085 3398 ﬁliis
2107 3339 2290 3404 Israel,
2321 3337 2538 3394 dicens:
2574 3337 2698 3394 llazc
2730 3347 2811 3394 cst.
2839 3334 3025 3408 Ηίιιρ.
3050 3334 3174 3408 erit]
3209 3346 3372 3400 terra,
3402 3351 3563 3405 quam

1961 3432 2308 3505 possidebitis
2339 3439 2508 3497 sorte,
2551 3441 2603 3486 et
2640 3446 2797 3500 quam
2824 3429 2982 3498 jussit
3028 3429 3290 3490 Dominus
3319 3429 3439 3484 dari
3468 3443 3567 3484 no-

1960 3543 2081 3584 rem
2126 3525 2393 3589 tribubus,
2437 3531 2489 3576 et
2528 3522 2765 3580 dimidiae
2797 3521 2984 3576 tribui.
3017 3521 3216 3578 Tribus
3244 3523 3394 3578 enim
3427 3523 3571 3578 tilio-

1965 3636 2084 3675 rum
2137 3619 2331 3674 Ruben
2383 3635 2475 3686 per
2527 3616 2758 3672 familias
2801 3631 2926 3676 snas
2954 3659 2966 3679 .
3017 3625 3074 3670 et
3117 3618 3290 3672 tribus
3333 3617 3568 3672 ﬁliorum

1962 3713 2079 3769 Gad
2119 3712 2270 3782 juxta
2314 3711 2698 3780 cognationum
2746 3723 3033 3766 numerum
3062 3750 3078 3776 ,
3130 3709 3310 3768 media
3355 3726 3570 3780 quoque

1964 3807 2137 3864 tribus
2166 3805 2434 3874 ManaSse,
2459 3803 2511 3864 id
2538 3801 2644 3873 est,
2669 3802 2789 3857 dua:
2815 3801 2982 3860 semis
3011 3802 3207 3868 tribus,
3235 3814 3564 3872 acceperunt

1965 3914 2170 3974 partem
2222 3917 2375 3960 suam
2433 3913 2580 3957 trans
2629 3897 2922 3955 Iordanem
2978 3903 3171 3953 contra
3222 3897 3444 3952 Iericho
3499 3897 3566 3952 ad

1962 4001 2281 4060 orientalem
2327 3999 2563 4070 plagam.
2599 3996 2668 4052 Et
2707 3996 2784 4052 ait
2831 3995 3090 4051 Dominus
3116 3993 3184 4050 ad
3217 3992 3398 4049 Mosen
3434 4008 3448 4047 :
3479 3990 3563 4064 [Β.

1966 4094 2152 4162 LXXI,
2197 4092 2258 4149 C.
2306 4091 2469 4163 ΚΘΗ
2514 4092 2638 4147 Haec
2668 4100 2794 4145 sunt
2821 4091 3042 4144 nomina
3073 4090 3311 4144 virorum
3342 4087 3432 4158 qui
3465 4097 3570 4140 ter-

1967 4208 2081 4247 ram
2115 4190 2268 4246 vobis
2295 4187 2554 4248 divident.
2587 4185 2814 4241 Eleazar
2836 4184 3121 4253 sacerdos,
3149 4193 3202 4237 et
3229 4181 3394 4238 Iosue
3423 4180 3566 4234 [ilius

1967 4286 2106 4347 Non,
2149 4293 2204 4338 et
2245 4280 2442 4350 singuli
2485 4278 2756 4350 principes
2783 4276 2854 4332 de
2881 4275 3129 4332 tribubus
3157 4273 3400 4340 singulis,
3431 4289 3566 4340 quu-

1969 4391 2086 4432 rum
2118 4375 2218 4430 ista
2249 4382 2376 4428 sunt
2401 4369 2663 4425 vocabula
2695 4386 2709 4424 :
2739 4368 2814 4422 De
2839 4367 2980 4422 tribu
3006 4365 3164 4431 Iuda,
3193 4363 3398 4420 Chaleb
3426 4362 3565 4417 [ilius

1966 4469 2270 4540 Iephonne.
2323 4467 2399 4538 lle,
2441 4462 2581 4518 tribu
2621 4460 2866 4518 Simenn.
2911 4457 3128 4513 Samuel
3173 4456 3317 4511 ﬁlius
3346 4453 3559 4510 Amiud.

1969 4561 2047 4618 De
2077 4561 2218 4616 tribu
2250 4556 2562 4628 Benjamin,
2597 4552 2788 4610 Elidad
2823 4550 2964 4606 ﬁlius
2993 4549 3273 4607 Chiselon.
3306 4547 3380 4604 De
3420 4546 3563 4602 tribu

334 4745 356 4772 α
402 4732 1364 4808 Eamdemlegimusannotationem
1403 4726 1554 4808 apud
1602 4725 2102 4808 I'l'ietony-Dmss.
2155 4727 2575 4808 autem‘o'mne‘s
2629 4721 2749 4808 post
2794 4709 3140 4808 Septuaginta
3319 4709 3501 4808 legunt
3543 4726 3556 4766 ;

261 4823 407 4861 mum
421 4846 433 4870 ,
453 4806 680 4878 epistola
701 4795 810 4875 ja'm
835 4804 1048 4878 laudata
1065 4802 1229 4878 dedi
1248 4795 1858 4878 Mansio'nibnsIsraeli-

256 4887 437 4933 tarum
465 4869 518 4932 in
548 4869 789 4933 deserto.
831 4876 907 4930 Ibi
953 4877 1111 4946 igitur
1143 4875 1251 4946 ista
1276 4872 1535 4946 observat
1591 4869 1857 4946 Ilieronyj—

260 4966 404 5015 laus,
437 4947 505 5007 Et
530 4951 770 5020 profecti,
815 4940 996 5020 inquit
1020 4989 1035 5010 ,
1074 4946 1138 5020 de
1179 4943 1512 5020 ieabarim,
1563 4941 1666 5014 sive
1705 4949 1759 4994 ut
1802 4940 1857 4992 in

258 5022 486 5077 astutulo
510 5015 792 5086 [πόρρω
818 5015 1068 5074 Hebrrcos
1111 5015 1348 5082 habetur,
1399 5028 1514 5070 utut
1539 5055 1550 5075 ,
1580 5021 1859 5066 castrame-

258 5094 350 5145 ιιιιὶ
383 5095 574 5149 suntin
604 5090 957 5158 Dibon-Gad,
990 5097 1094 5144 etc.
1131 5088 1308 5142 Mser.

331 5165 513 5219 --Ms.
540 5164 772 5220 Urbinas
801 5155 1065 5216 Ieaburim
1090 5176 1201 5227 qua:
1227 5170 1321 5219 est,
1341 5167 1466 5225 puta
1492 5155 1658 5209 Hiim.
1685 5155 1856 5212 Sanc-

261 5247 348 5306 ιρι
377 5237 498 5305 ipse
518 5237 791 5306 Interpres
818 5236 872 5290 in
886 5234 1059 5306 epist.
1086 5232 1176 5295 78,
1199 5231 1266 5306 ad
1291 5229 1526 5306 Fabiol.,
1552 5243 1726 5306 mans.
1755 5227 1856 5306 :39:

263 5297 521 5378 Profecti,
549 5297 739 5378 inquit,
772 5307 837 5378 de
863 5297 1151 5378 Jeobirritn,
1181 5303 1394 5378 siccant
1418 5301 1472 5378 iu
1497 5298 1727 5378 secundo
1747 5297 1859 5350 loco

261 5371 410 5448 apud
437 5371 685 5436 Hebrive:
713 5377 953 5443 habetur,
979 5374 1147 5448 Hiim,
1175 5383 1283 5429 etc.
1311 5371 1600 5448 Mihiiilem
1629 5379 1861 5437 utroque

262 5442 316 5502 in
355 5451 481 5507 loco
521 5467 716 5508 nomen
743 5458 875 5516 εμπ
900 5490 914 5511 ,
943 5442 997 5501 in
1044 5446 1268 5500 Hebraeo
1330 5442 1493 5516 scribi
1543 5455 1860 5516 persuasum

258 5531 370 5586 εει,
399 5525 542 5593 quod
583 5527 732 5580 enim
771 5512 1007 5592 primum
1065 5517 1270 5593 absque
1325 5514 1502 5579 ﬁnali,
1531 5512 1865 5593 ipseribitur

267 5581 391 5661 ⁷⁷3⁷,
421 5581 479 5650 in
505 5610 672 5654 causa
695 5581 789 5650 est'
808 5593 1070 5662 regimen,
1097 5581 1241 5662 quod
1269 5581 1608 5662 grammatici
1640 5592 1860 5645 vocant,

264 5658 654 5734 SIIIJSetuemis
709 5658 1137 5734 vocisbmzzn,
1184 5658 1635 5734 llabalint.__lps.t
1686 5662 1865 5734 autem

265 5742 414 5792 terra
457 5725 669 5794 videtur
708 5753 849 5800 esse,
885 5750 1002 5805 qua:
1039 5725 1162 5799 Gai,
1197 5740 1290 5786 aut
1325 5729 1431 5783 Mai
1470 5728 1666 5782 dicitur
1713 5725 1870 5781 Iere-

268 5806 394 5861 mia;
419 5825 568 5864 aus.

343 5878 370 5916 δ
408 5881 518 5935 Ηυιι
546 5881 708 5935 modo
739 5881 932 5949 legitur
968 5894 1034 5932 ex
1088 5876 1312 5931 Hebraeo
1369 5882 1514 5928 textu
1565 5872 1826 5926 hodierno
1860 5887 1871 5922 :

1969 4801 2014 4847 et
2067 4789 2364 4864 perveniant
2413 4787 2464 4840 in
2507 4777 2780 4838 Meridtem
2835 4777 3110 4851 usque'ad
3171 4777 3556 4834 Cades-Burnc.

3237 4856 3413 4906 MART.
3533 4867 3536 4870 '

2037 4931 2348 4987 ~Palatiu.
2376 4944 2502 4995 ms.,
2528 4927 2578 4980 in
2606 4926 2783 4981 Semm
2805 4935 2850 4984 et
2884 4924 3172 4989 pervenient
3198 4925 3250 4976 in
3283 4923 3558 4978 Meridiani

1967 5023 2138 5074 usque,
2172 5014 2274 5060 cte.
2299 5000 2552 5064 Urbinas,
2587 4999 2638 5054 in
2663 4998 2929 5066 Semnam,
2963 5007 3006 5049 et
3036 4997 3329 5068 perveniant
3361 4996 3427 5050 ad
3458 5013 3563 5049 me-

1964 5079 2245 5142 ridianam,
2266 5089 2444 5144 usque,
2476 5083 2581 5126 etc.

2039 5164 2058 5189 σέ
2106 5139 2363 5203 llehrazns
2391 5160 2494 5196 non
2529 5143 2689 5196 habet
2713 5155 2895 5195 Vocem
2931 5139 3152 5202 Duphim
3183 5182 3196 5203 ,
3230 5146 3285 5194 et
3313 5140 3362 5193 in
3389 5139 3561 5194 veteri

1968 5239 2087 5288 me,
2141 5218 2329 5274 codice
2377 5215 2570 5288 Latino
2617 5213 2862 5288 additum
2901 5209 3033 5288 illud
3084 5213 3305 5288 verbum
3358 5216 3557 5288 reperi.

1969 5283 2190 5349 Frustra
2224 5289 2384 5343 ctiam
2425 5286 2554 5342 illud
2588 5283 2965 5355 requisivimus
3006 5286 3057 5336 in
3088 5283 3242 5340 libris
3277 5284 3556 5340 nominum

1968 5377 2024 5419 et
2047 5367 2285 5420 locorum
2321 5359 2729 5413 Hebraicorutn.
2765 5355 2943 5408 MART.

2041 5431 2370 5488 —-Malimad
2392 5428 2668 5486 Urliinatis
2687 5426 2891 5480 codicis
2916 5424 3073 5496 ﬁdem
3099 5427 3333 5496 expungi
3363 5441 3558 5480 nomen

1975 5506 2221 5579 Dapht'm,
2252 5512 2344 5556 aut
2375 5500 2644 5579 Daphnin,
2687 5497 2830 5579 quod
2865 5495 3170 5579 pr:rferunt
3186 5495 3385 5579 vulgati
3413 5499 3559 5579 libri.

1973 5568 2178 5646 Nempe
2210 5589 2383 5646 neque
2410 5573 2462 5632 in
2495 5572 2723 5646 Hebraeo
2750 5578 2856 5646 est,
2883 5585 3057 5646 neqn_e
3083 5570 3206 5639 quis
3227 5568 3390 5646 luerit
3413 5571 3563 5646 locus

1978 5639 2126 5713 iste,'
2151 5639 2363 5703 deliniri
2396 5653 2593 5715 potest.
2629 5645 2692 5698 Et
2732 5644 2820 5715 qui
2849 5651 2972 5715 post
2997 5640 3290 5715 Targumin
3319 5639 3388 5694 de
3417 5639 3564 5693 fonte

1978 5711 2187 5790 Daphni
2219 5734 2327 5771 non
2360 5711 2545 5787 procul
2579 5719 2645 5790 nl)
2676 5711 2959 5770 Antiochia
2985 5713 3088 5767 diei
3113 5711 3564 5783 interpretantur,

1985 5786 2183 5848 nemini
2209 5786 2368 5845 facile
2399 5786 2778 5858 persuadeant.
