  <div class='ocr_page' id='page_1' title='image "/cluster/home/n/w/nwhite01/storage/ocr_20150623/28/hvd.32044015471410/205.png"; bbox 0 0 4098 6366; ppageno 0'>
   <div class='ocr_carea' id='block_1_1' title="bbox 539 353 646 413">
    <p class='ocr_par' dir='ltr' id='par_1_1' title="bbox 539 353 646 413">
     <span class='ocr_line' id='line_1_1' title="bbox 539 353 646 413; baseline -0.019 0"><span class='ocrx_word' id='word_1_1' title='bbox 539 353 646 413; x_wconf 75' lang='lat'><strong>3‘39</strong></span> 
     </span>
    </p>
   </div>
   <div class='ocr_carea' id='block_1_2' title="bbox 1539 329 2821 400">
    <p class='ocr_par' dir='ltr' id='par_1_2' title="bbox 1539 329 2821 400">
     <span class='ocr_line' id='line_1_2' title="bbox 1539 329 2821 400; baseline -0.007 -1"><span class='ocrx_word' id='word_1_2' title='bbox 1539 343 1598 400; x_wconf 89' lang='lat' dir='ltr'><strong>S.</strong></span> <span class='ocrx_word' id='word_1_3' title='bbox 1642 334 2025 398; x_wconf 79' lang='lat' dir='ltr'><strong>HIERONYMI</strong></span> <span class='ocrx_word' id='word_1_4' title='bbox 2067 329 2302 392; x_wconf 70' lang='lat' dir='ltr'><strong>DIVINA</strong></span> <span class='ocrx_word' id='word_1_5' title='bbox 2345 331 2821 391; x_wconf 69' lang='lat' dir='ltr'><strong>BIBLIO&#39;I‘IIECA.</strong></span> 
     </span>
    </p>
   </div>
   <div class='ocr_carea' id='block_1_3' title="bbox 3742 327 3851 389">
    <p class='ocr_par' dir='ltr' id='par_1_3' title="bbox 3742 327 3851 389">
     <span class='ocr_line' id='line_1_3' title="bbox 3742 327 3851 389; baseline 0.009 -1"><span class='ocrx_word' id='word_1_6' title='bbox 3742 327 3851 389; x_wconf 75' lang='grc' dir='ltr'><strong>ιθο</strong></span> 
     </span>
    </p>
   </div>
   <div class='ocr_carea' id='block_1_4' title="bbox 539 448 3854 531">
    <p class='ocr_par' dir='ltr' id='par_1_4' title="bbox 539 448 3854 531">
     <span class='ocr_line' id='line_1_4' title="bbox 539 448 3854 531; baseline -0.007 -8"><span class='ocrx_word' id='word_1_7' title='bbox 539 468 776 524; x_wconf 87' lang='lat' dir='ltr'><strong>ﬁliormn</strong></span> <span class='ocrx_word' id='word_1_8' title='bbox 820 464 956 531; x_wconf 84' lang='lat' dir='ltr'><strong>Dan,</strong></span> <span class='ocrx_word' id='word_1_9' title='bbox 1000 462 1163 518; x_wconf 86' lang='lat' dir='ltr'><strong>Bocci</strong></span> <span class='ocrx_word' id='word_1_10' title='bbox 1211 460 1357 515; x_wconf 97' lang='lat' dir='ltr'><strong>ﬁlius</strong></span> <span class='ocrx_word' id='word_1_11' title='bbox 1394 458 1531 530; x_wconf 85' lang='lat' dir='ltr'><strong>Jogli</strong></span> <span class='ocrx_word' id='word_1_12' title='bbox 1564 457 1644 531; x_wconf 87' lang='lat' dir='ltr'><strong>[h.</strong></span> <span class='ocrx_word' id='word_1_13' title='bbox 1692 458 1802 511; x_wconf 81' lang='lat' dir='ltr'><strong>Dux</strong></span> <span class='ocrx_word' id='word_1_14' title='bbox 1835 454 2017 511; x_wconf 85' lang='lat' dir='ltr'><strong>Bocci.</strong></span> <span class='ocrx_word' id='word_1_15' title='bbox 2049 453 2139 509; x_wconf 90' lang='lat' dir='ltr'><strong>Sic</strong></span> <span class='ocrx_word' id='word_1_16' title='bbox 2166 452 2221 516; x_wconf 76' lang='grc' dir='ltr'>Α</span> <span class='ocrx_word' id='word_1_17' title='bbox 2247 452 2451 519; x_wconf 77' lang='lat' dir='ltr'><strong>fecerit,</strong></span> <span class='ocrx_word' id='word_1_18' title='bbox 2496 462 2552 508; x_wconf 90' lang='lat' dir='ltr'><strong>ct</strong></span> <span class='ocrx_word' id='word_1_19' title='bbox 2595 452 2717 517; x_wconf 92' lang='lat' dir='ltr'><strong>hoc,</strong></span> <span class='ocrx_word' id='word_1_20' title='bbox 2763 449 3017 506; x_wconf 83' lang='lat' dir='ltr'><strong>audiente</strong></span> <span class='ocrx_word' id='word_1_21' title='bbox 3058 449 3280 521; x_wconf 88' lang='lat' dir='ltr'><strong>populo,</strong></span> <span class='ocrx_word' id='word_1_22' title='bbox 3328 450 3489 508; x_wconf 88' lang='lat' dir='ltr'><strong>fuerit</strong></span> <span class='ocrx_word' id='word_1_23' title='bbox 3528 448 3854 522; x_wconf 63' lang='lat' dir='ltr'><strong>comprobao</strong></span> 
     </span>
    </p>
   </div>
   <div class='ocr_carea' id='block_1_5' title="bbox 541 550 2145 631">
    <p class='ocr_par' dir='ltr' id='par_1_5' title="bbox 541 550 2145 631">
     <span class='ocr_line' id='line_1_5' title="bbox 541 550 2145 631; baseline -0.009 -13"><span class='ocrx_word' id='word_1_24' title='bbox 541 562 614 618; x_wconf 88' lang='lat' dir='ltr'><strong>ab</strong></span> <span class='ocrx_word' id='word_1_25' title='bbox 635 561 760 616; x_wconf 89' lang='lat' dir='ltr'><strong>hinc</strong></span> <span class='ocrx_word' id='word_1_26' title='bbox 781 575 877 631; x_wconf 91' lang='lat' dir='ltr'><strong>per</strong></span> <span class='ocrx_word' id='word_1_27' title='bbox 899 557 1138 629; x_wconf 81' lang='lat' dir='ltr'><strong>singulas</strong></span> <span class='ocrx_word' id='word_1_28' title='bbox 1163 553 1375 627; x_wconf 91' lang='lat' dir='ltr'><strong>tribus].</strong></span> <span class='ocrx_word' id='word_1_29' title='bbox 1407 553 1666 609; x_wconf 84' lang='lat' dir='ltr'><strong>Filiorum</strong></span> <span class='ocrx_word' id='word_1_30' title='bbox 1691 550 1894 621; x_wconf 84' lang='lat' dir='ltr'><strong>Joseph</strong></span> <span class='ocrx_word' id='word_1_31' title='bbox 1917 551 1983 605; x_wconf 89' lang='lat' dir='ltr'><strong>de</strong></span> <span class='ocrx_word' id='word_1_32' title='bbox 2006 550 2145 604; x_wconf 90' lang='lat' dir='ltr'><strong>trihu</strong></span> 
     </span>
    </p>
   </div>
   <div class='ocr_carea' id='block_1_6' title="bbox 544 641 2142 719">
    <p class='ocr_par' dir='ltr' id='par_1_6' title="bbox 544 641 2142 719">
     <span class='ocr_line' id='line_1_6' title="bbox 544 641 2142 719; baseline -0.012 -6"><span class='ocrx_word' id='word_1_33' title='bbox 544 656 820 719; x_wconf 87' lang='lat' dir='ltr'><strong>Manasse,</strong></span> <span class='ocrx_word' id='word_1_34' title='bbox 862 651 1092 708; x_wconf 88' lang='lat' dir='ltr'><strong>Hanniel</strong></span> <span class='ocrx_word' id='word_1_35' title='bbox 1133 648 1274 703; x_wconf 90' lang='lat' dir='ltr'><strong>ﬁlius</strong></span> <span class='ocrx_word' id='word_1_36' title='bbox 1310 644 1521 717; x_wconf 89' lang='lat' dir='ltr'><strong>Ephod.</strong></span> <span class='ocrx_word' id='word_1_37' title='bbox 1559 645 1634 698; x_wconf 88' lang='lat' dir='ltr'><strong>De</strong></span> <span class='ocrx_word' id='word_1_38' title='bbox 1676 643 1819 698; x_wconf 92' lang='lat' dir='ltr'><strong>tribu</strong></span> <span class='ocrx_word' id='word_1_39' title='bbox 1865 641 2142 712; x_wconf 85' lang='lat' dir='ltr'><strong>Ephraim,</strong></span> 
     </span>
    </p>
   </div>
   <div class='ocr_carea' id='block_1_7' title="bbox 539 733 2143 813">
    <p class='ocr_par' dir='ltr' id='par_1_7' title="bbox 539 733 2143 813">
     <span class='ocr_line' id='line_1_7' title="bbox 539 733 2143 813; baseline -0.01 -11"><span class='ocrx_word' id='word_1_40' title='bbox 539 745 763 802; x_wconf 86' lang='lat' dir='ltr'><strong>Camuel</strong></span> <span class='ocrx_word' id='word_1_41' title='bbox 793 743 931 799; x_wconf 87' lang='lat' dir='ltr'><strong>filius</strong></span> <span class='ocrx_word' id='word_1_42' title='bbox 961 740 1259 813; x_wconf 86' lang='lat' dir='ltr'><strong>Sephthan.</strong></span> <span class='ocrx_word' id='word_1_43' title='bbox 1296 738 1369 793; x_wconf 90' lang='lat' dir='ltr'><strong>De</strong></span> <span class='ocrx_word' id='word_1_44' title='bbox 1400 736 1544 792; x_wconf 86' lang='lat' dir='ltr'><strong>tribu</strong></span> <span class='ocrx_word' id='word_1_45' title='bbox 1566 735 1829 801; x_wconf 86' lang='lat' dir='ltr'><strong>Zabnlon,</strong></span> <span class='ocrx_word' id='word_1_46' title='bbox 1856 733 2143 804; x_wconf 83' lang='lat' dir='ltr'><strong>Elisaphan</strong></span> 
     </span>
    </p>
   </div>
   <div class='ocr_carea' id='block_1_8' title="bbox 539 824 2144 896">
    <p class='ocr_par' dir='ltr' id='par_1_8' title="bbox 539 824 2144 896">
     <span class='ocr_line' id='line_1_8' title="bbox 539 824 2144 896; baseline -0.01 -1"><span class='ocrx_word' id='word_1_47' title='bbox 539 838 688 896; x_wconf 82' lang='lat' dir='ltr'><strong>ﬁlius</strong></span> <span class='ocrx_word' id='word_1_48' title='bbox 726 835 1033 891; x_wconf 88' lang='lat' dir='ltr'><strong>Pharnach.</strong></span> <span class='ocrx_word' id='word_1_49' title='bbox 1074 834 1152 889; x_wconf 93' lang='lat' dir='ltr'><strong>De</strong></span> <span class='ocrx_word' id='word_1_50' title='bbox 1201 830 1345 886; x_wconf 80' lang='lat' dir='ltr'><strong>tribu</strong></span> <span class='ocrx_word' id='word_1_51' title='bbox 1381 829 1656 895; x_wconf 76' lang='lat' dir='ltr'><strong>Issachar,</strong></span> <span class='ocrx_word' id='word_1_52' title='bbox 1686 828 1791 883; x_wconf 80' lang='lat' dir='ltr'><strong>dux</strong></span> <span class='ocrx_word' id='word_1_53' title='bbox 1828 825 2052 881; x_wconf 87' lang='lat' dir='ltr'><strong>Phaltiel</strong></span> <span class='ocrx_word' id='word_1_54' title='bbox 2080 824 2144 879; x_wconf 86' lang='lat' dir='ltr'><strong>ﬁ-</strong></span> 
     </span>
    </p>
   </div>
   <div class='ocr_carea' id='block_1_9' title="bbox 539 920 2147 989">
    <p class='ocr_par' dir='ltr' id='par_1_9' title="bbox 539 920 2147 989">
     <span class='ocr_line' id='line_1_9' title="bbox 539 920 2147 989; baseline -0.007 -3"><span class='ocrx_word' id='word_1_55' title='bbox 539 930 647 986; x_wconf 85' lang='lat' dir='ltr'><strong>lius</strong></span> <span class='ocrx_word' id='word_1_56' title='bbox 689 932 859 984; x_wconf 84' lang='lat' dir='ltr'><strong>Azan.</strong></span> <span class='ocrx_word' id='word_1_57' title='bbox 904 927 979 982; x_wconf 92' lang='lat' dir='ltr'><strong>De</strong></span> <span class='ocrx_word' id='word_1_58' title='bbox 1020 925 1161 981; x_wconf 85' lang='lat' dir='ltr'><strong>tribu</strong></span> <span class='ocrx_word' id='word_1_59' title='bbox 1207 925 1367 989; x_wconf 79' lang='lat' dir='ltr'><strong>Aser,</strong></span> <span class='ocrx_word' id='word_1_60' title='bbox 1402 922 1579 977; x_wconf 89' lang='lat' dir='ltr'><strong>Ahiud</strong></span> <span class='ocrx_word' id='word_1_61' title='bbox 1618 922 1760 977; x_wconf 90' lang='lat' dir='ltr'><strong>ﬁlius</strong></span> <span class='ocrx_word' id='word_1_62' title='bbox 1800 920 2025 977; x_wconf 76' lang='lat' dir='ltr'><strong>Salerni.</strong></span> <span class='ocrx_word' id='word_1_63' title='bbox 2073 920 2147 974; x_wconf 89' lang='lat' dir='ltr'><strong>De</strong></span> 
     </span>
    </p>
   </div>
   <div class='ocr_carea' id='block_1_10' title="bbox 543 1014 2144 1089">
    <p class='ocr_par' dir='ltr' id='par_1_10' title="bbox 543 1014 2144 1089">
     <span class='ocr_line' id='line_1_10' title="bbox 543 1014 2144 1089; baseline -0.007 -11"><span class='ocrx_word' id='word_1_64' title='bbox 543 1022 692 1078; x_wconf 84' lang='lat' dir='ltr'><strong>tribu</strong></span> <span class='ocrx_word' id='word_1_65' title='bbox 736 1019 1021 1089; x_wconf 84' lang='lat' dir='ltr'><strong>Nephthali</strong></span> <span class='ocrx_word' id='word_1_66' title='bbox 1053 1059 1069 1085; x_wconf 90' lang='lat'><strong>,</strong></span> <span class='ocrx_word' id='word_1_67' title='bbox 1120 1016 1351 1073; x_wconf 85' lang='lat' dir='ltr'><strong>Phedael</strong></span> <span class='ocrx_word' id='word_1_68' title='bbox 1394 1016 1535 1071; x_wconf 90' lang='lat' dir='ltr'><strong>ﬁlius</strong></span> <span class='ocrx_word' id='word_1_69' title='bbox 1583 1014 1857 1071; x_wconf 89' lang='lat' dir='ltr'><strong>Ammiud.</strong></span> <span class='ocrx_word' id='word_1_70' title='bbox 1903 1014 1967 1068; x_wconf 85' lang='lat' dir='ltr'><strong>Hi</strong></span> <span class='ocrx_word' id='word_1_71' title='bbox 1996 1021 2144 1086; x_wconf 91' lang='lat' dir='ltr'><strong>sunt,</strong></span> 
     </span>
    </p>
   </div>
   <div class='ocr_carea' id='block_1_11' title="bbox 541 1104 2148 1187">
    <p class='ocr_par' dir='ltr' id='par_1_11' title="bbox 541 1104 2148 1187">
     <span class='ocr_line' id='line_1_11' title="bbox 541 1104 2148 1187; baseline -0.007 -16"><span class='ocrx_word' id='word_1_72' title='bbox 541 1115 744 1187; x_wconf 85' lang='lat' dir='ltr'><strong>quibus</strong></span> <span class='ocrx_word' id='word_1_73' title='bbox 792 1112 1051 1184; x_wconf 64' lang='lat' dir='ltr'><strong>praecepit</strong></span> <span class='ocrx_word' id='word_1_74' title='bbox 1090 1110 1350 1166; x_wconf 87' lang='lat' dir='ltr'><strong>Dominus</strong></span> <span class='ocrx_word' id='word_1_75' title='bbox 1400 1118 1457 1164; x_wconf 90' lang='lat' dir='ltr'><strong>ut</strong></span> <span class='ocrx_word' id='word_1_76' title='bbox 1496 1107 1800 1165; x_wconf 89' lang='lat' dir='ltr'><strong>dividerent</strong></span> <span class='ocrx_word' id='word_1_77' title='bbox 1827 1105 1953 1161; x_wconf 82' lang='lat' dir='ltr'><strong>ﬁliis</strong></span> <span class='ocrx_word' id='word_1_78' title='bbox 1985 1104 2148 1161; x_wconf 91' lang='lat' dir='ltr'><strong>Israel</strong></span> 
     </span>
    </p>
   </div>
   <div class='ocr_carea' id='block_1_12' title="bbox 544 1205 1059 1264">
    <p class='ocr_par' dir='ltr' id='par_1_12' title="bbox 544 1205 1059 1264">
     <span class='ocr_line' id='line_1_12' title="bbox 544 1205 1059 1264; baseline -0.014 0"><span class='ocrx_word' id='word_1_79' title='bbox 544 1216 747 1264; x_wconf 86' lang='lat' dir='ltr'><strong>terram</strong></span> <span class='ocrx_word' id='word_1_80' title='bbox 778 1205 1059 1260; x_wconf 88' lang='lat' dir='ltr'><strong>Chanaan.</strong></span> 
     </span>
    </p>
   </div>
   <div class='ocr_carea' id='block_1_13' title="bbox 614 1295 2149 1373">
    <p class='ocr_par' dir='ltr' id='par_1_13' title="bbox 614 1295 2149 1373">
     <span class='ocr_line' id='line_1_13' title="bbox 614 1295 2149 1373; baseline -0.005 -18"><span class='ocrx_word' id='word_1_81' title='bbox 614 1300 701 1373; x_wconf 78' lang='lat' dir='ltr'><strong>[C.</strong></span> <span class='ocrx_word' id='word_1_82' title='bbox 746 1299 908 1366; x_wconf 77' lang='lat' dir='ltr'><strong>XCII,</strong></span> <span class='ocrx_word' id='word_1_83' title='bbox 953 1298 1084 1368; x_wconf 82' lang='lat' dir='ltr'><strong>Cap.</strong></span> <span class='ocrx_word' id='word_1_84' title='bbox 1131 1296 1378 1371; x_wconf 59' lang='lat' dir='ltr'><strong>XXXV]</strong></span> <span class='ocrx_word' id='word_1_85' title='bbox 1411 1297 1537 1352; x_wconf 65' lang='lat' dir='ltr'><strong>Haec</strong></span> <span class='ocrx_word' id='word_1_86' title='bbox 1575 1311 1790 1367; x_wconf 81' lang='lat' dir='ltr'><strong>quoque</strong></span> <span class='ocrx_word' id='word_1_87' title='bbox 1820 1295 2034 1350; x_wconf 92' lang='lat' dir='ltr'><strong>locutus</strong></span> <span class='ocrx_word' id='word_1_88' title='bbox 2065 1301 2149 1348; x_wconf 89' lang='lat' dir='ltr'><strong>est</strong></span> 
     </span>
    </p>
   </div>
   <div class='ocr_carea' id='block_1_14' title="bbox 539 1383 2149 1462">
    <p class='ocr_par' dir='ltr' id='par_1_14' title="bbox 539 1383 2149 1462">
     <span class='ocr_line' id='line_1_14' title="bbox 539 1383 2149 1462; baseline -0.007 -11"><span class='ocrx_word' id='word_1_89' title='bbox 539 1393 811 1451; x_wconf 89' lang='lat' dir='ltr'><strong>Dominus</strong></span> <span class='ocrx_word' id='word_1_90' title='bbox 856 1391 923 1446; x_wconf 92' lang='lat' dir='ltr'><strong>ad</strong></span> <span class='ocrx_word' id='word_1_91' title='bbox 971 1390 1156 1446; x_wconf 90' lang='lat' dir='ltr'><strong>Mosen</strong></span> <span class='ocrx_word' id='word_1_92' title='bbox 1184 1390 1267 1462; x_wconf 88' lang='lat' dir='ltr'><strong>[h.</strong></span> <span class='ocrx_word' id='word_1_93' title='bbox 1315 1389 1382 1444; x_wconf 85' lang='lat' dir='ltr'><strong>Et</strong></span> <span class='ocrx_word' id='word_1_94' title='bbox 1426 1388 1642 1444; x_wconf 90' lang='lat' dir='ltr'><strong>locutus</strong></span> <span class='ocrx_word' id='word_1_95' title='bbox 1681 1397 1763 1443; x_wconf 88' lang='lat' dir='ltr'><strong>est</strong></span> <span class='ocrx_word' id='word_1_96' title='bbox 1791 1387 2054 1443; x_wconf 86' lang='lat' dir='ltr'><strong>Dominus</strong></span> <span class='ocrx_word' id='word_1_97' title='bbox 2081 1383 2149 1439; x_wconf 89' lang='lat' dir='ltr'><strong>ad</strong></span> 
     </span>
    </p>
   </div>
   <div class='ocr_carea' id='block_1_15' title="bbox 539 1481 2150 1560">
    <p class='ocr_par' dir='ltr' id='par_1_15' title="bbox 539 1481 2150 1560">
     <span class='ocr_line' id='line_1_15' title="bbox 539 1481 2150 1560; baseline -0.009 -13"><span class='ocrx_word' id='word_1_98' title='bbox 539 1486 754 1560; x_wconf 86' lang='lat' dir='ltr'><strong>Mosen]</strong></span> <span class='ocrx_word' id='word_1_99' title='bbox 785 1488 837 1542; x_wconf 92' lang='lat' dir='ltr'><strong>in</strong></span> <span class='ocrx_word' id='word_1_100' title='bbox 866 1484 1264 1557; x_wconf 74' lang='lat' dir='ltr'><strong>eampesuibus</strong></span> <span class='ocrx_word' id='word_1_101' title='bbox 1292 1483 1448 1538; x_wconf 83' lang='lat' dir='ltr'><strong>Moab</strong></span> <span class='ocrx_word' id='word_1_102' title='bbox 1475 1499 1642 1555; x_wconf 80' lang='lat' dir='ltr'><strong>super</strong></span> <span class='ocrx_word' id='word_1_103' title='bbox 1670 1481 1989 1544; x_wconf 75' lang='lat' dir='ltr'><strong>Iordanem,</strong></span> <span class='ocrx_word' id='word_1_104' title='bbox 2018 1493 2150 1535; x_wconf 92' lang='lat' dir='ltr'><strong>con-</strong></span> 
     </span>
    </p>
   </div>
   <div class='ocr_carea' id='block_1_16' title="bbox 538 1570 2150 1647">
    <p class='ocr_par' dir='ltr' id='par_1_16' title="bbox 538 1570 2150 1647">
     <span class='ocr_line' id='line_1_16' title="bbox 538 1570 2150 1647; baseline -0.008 -10"><span class='ocrx_word' id='word_1_105' title='bbox 538 1589 621 1637; x_wconf 84' lang='lat' dir='ltr'><strong>tra</strong></span> <span class='ocrx_word' id='word_1_106' title='bbox 652 1579 876 1637; x_wconf 69' lang='lat' dir='ltr'><strong>Iericho</strong></span> <span class='ocrx_word' id='word_1_107' title='bbox 909 1594 923 1634; x_wconf 89' lang='lat'><strong>:</strong></span> <span class='ocrx_word' id='word_1_108' title='bbox 957 1576 1194 1647; x_wconf 64' lang='lat' dir='ltr'><strong>Praecipe</strong></span> <span class='ocrx_word' id='word_1_109' title='bbox 1227 1576 1351 1632; x_wconf 92' lang='lat' dir='ltr'><strong>ﬁliis</strong></span> <span class='ocrx_word' id='word_1_110' title='bbox 1400 1574 1582 1631; x_wconf 92' lang='lat' dir='ltr'><strong>Israel</strong></span> <span class='ocrx_word' id='word_1_111' title='bbox 1613 1585 1670 1630; x_wconf 95' lang='lat' dir='ltr'><strong>ut</strong></span> <span class='ocrx_word' id='word_1_112' title='bbox 1697 1574 1828 1630; x_wconf 89' lang='lat' dir='ltr'><strong>deut</strong></span> <span class='ocrx_word' id='word_1_113' title='bbox 1854 1572 2057 1629; x_wconf 79' lang='lat' dir='ltr'><strong>Levitis</strong></span> <span class='ocrx_word' id='word_1_114' title='bbox 2083 1570 2150 1625; x_wconf 91' lang='lat' dir='ltr'><strong>de</strong></span> 
     </span>
    </p>
   </div>
   <div class='ocr_carea' id='block_1_17' title="bbox 538 1666 2147 1749">
    <p class='ocr_par' dir='ltr' id='par_1_17' title="bbox 538 1666 2147 1749">
     <span class='ocr_line' id='line_1_17' title="bbox 538 1666 2147 1749; baseline -0.009 -15"><span class='ocrx_word' id='word_1_115' title='bbox 538 1672 982 1749; x_wconf 68' lang='lat' dir='ltr'><strong>possessionibus</strong></span> <span class='ocrx_word' id='word_1_116' title='bbox 1018 1671 1133 1727; x_wconf 88' lang='lat' dir='ltr'><strong>suis</strong></span> <span class='ocrx_word' id='word_1_117' title='bbox 1164 1670 1327 1726; x_wconf 89' lang='lat' dir='ltr'><strong>urbes</strong></span> <span class='ocrx_word' id='word_1_118' title='bbox 1356 1669 1426 1726; x_wconf 88' lang='lat' dir='ltr'><strong>ad</strong></span> <span class='ocrx_word' id='word_1_119' title='bbox 1457 1669 1839 1737; x_wconf 82' lang='lat' dir='ltr'><strong>habitandum,</strong></span> <span class='ocrx_word' id='word_1_120' title='bbox 1869 1676 1925 1722; x_wconf 90' lang='lat' dir='ltr'><strong>et</strong></span> <span class='ocrx_word' id='word_1_121' title='bbox 1949 1666 2147 1746; x_wconf 80' lang='lat' dir='ltr'><strong>subur-</strong></span> 
     </span>
    </p>
   </div>
   <div class='ocr_carea' id='block_1_18' title="bbox 538 1758 2153 1837">
    <p class='ocr_par' dir='ltr' id='par_1_18' title="bbox 538 1758 2153 1837">
     <span class='ocr_line' id='line_1_18' title="bbox 538 1758 2153 1837; baseline -0.011 -10"><span class='ocrx_word' id='word_1_122' title='bbox 538 1770 682 1827; x_wconf 81' lang='lat' dir='ltr'><strong>bana</strong></span> <span class='ocrx_word' id='word_1_123' title='bbox 713 1782 898 1824; x_wconf 89' lang='lat' dir='ltr'><strong>earum</strong></span> <span class='ocrx_word' id='word_1_124' title='bbox 944 1780 1044 1837; x_wconf 90' lang='lat' dir='ltr'><strong>per</strong></span> <span class='ocrx_word' id='word_1_125' title='bbox 1082 1763 1366 1819; x_wconf 91' lang='lat' dir='ltr'><strong>circuitum</strong></span> <span class='ocrx_word' id='word_1_126' title='bbox 1415 1779 1426 1815; x_wconf 84' lang='lat'><strong>:</strong></span> <span class='ocrx_word' id='word_1_127' title='bbox 1478 1772 1536 1817; x_wconf 91' lang='lat' dir='ltr'><strong>nt</strong></span> <span class='ocrx_word' id='word_1_128' title='bbox 1564 1763 1664 1833; x_wconf 87' lang='lat' dir='ltr'><strong>ipsi</strong></span> <span class='ocrx_word' id='word_1_129' title='bbox 1704 1761 1758 1816; x_wconf 91' lang='lat' dir='ltr'><strong>in</strong></span> <span class='ocrx_word' id='word_1_130' title='bbox 1800 1758 2011 1832; x_wconf 84' lang='lat' dir='ltr'><strong>oppidis</strong></span> <span class='ocrx_word' id='word_1_131' title='bbox 2039 1772 2153 1813; x_wconf 87' lang='lat' dir='ltr'><strong>ma-</strong></span> 
     </span>
    </p>
   </div>
   <div class='ocr_carea' id='block_1_19' title="bbox 2251 544 3856 617">
    <p class='ocr_par' dir='ltr' id='par_1_19' title="bbox 2251 544 3856 617">
     <span class='ocr_line' id='line_1_19' title="bbox 2251 544 3856 617; baseline -0.007 -12"><span class='ocrx_word' id='word_1_132' title='bbox 2251 560 2393 615; x_wconf 83' lang='lat' dir='ltr'><strong>lum,</strong></span> <span class='ocrx_word' id='word_1_133' title='bbox 2445 555 2604 617; x_wconf 88' lang='lat' dir='ltr'><strong>atque</strong></span> <span class='ocrx_word' id='word_1_134' title='bbox 2646 545 2787 600; x_wconf 87' lang='lat' dir='ltr'><strong>inter</strong></span> <span class='ocrx_word' id='word_1_135' title='bbox 2828 557 3201 613; x_wconf 85' lang='lat' dir='ltr'><strong>percussorem</strong></span> <span class='ocrx_word' id='word_1_136' title='bbox 3242 553 3299 600; x_wconf 90' lang='lat' dir='ltr'><strong>et</strong></span> <span class='ocrx_word' id='word_1_137' title='bbox 3328 544 3686 615; x_wconf 89' lang='lat' dir='ltr'><strong>propinquum</strong></span> <span class='ocrx_word' id='word_1_138' title='bbox 3722 556 3856 595; x_wconf 84' lang='lat' dir='ltr'><strong>san-</strong></span> 
     </span>
    </p>
   </div>
   <div class='ocr_carea' id='block_1_20' title="bbox 2247 633 3855 711">
    <p class='ocr_par' dir='ltr' id='par_1_20' title="bbox 2247 633 3855 711">
     <span class='ocr_line' id='line_1_20' title="bbox 2247 633 3855 711; baseline -0.004 -15"><span class='ocrx_word' id='word_1_139' title='bbox 2247 641 2425 711; x_wconf 89' lang='lat' dir='ltr'><strong>guinis</strong></span> <span class='ocrx_word' id='word_1_140' title='bbox 2469 638 2696 710; x_wconf 65' lang='lat' dir='ltr'><strong>quaestio</strong></span> <span class='ocrx_word' id='word_1_141' title='bbox 2736 637 2994 693; x_wconf 79' lang='lat' dir='ltr'><strong>ventilata</strong></span> <span class='ocrx_word' id='word_1_142' title='bbox 3037 653 3050 690; x_wconf 93' lang='lat'><strong>:</strong></span> <span class='ocrx_word' id='word_1_143' title='bbox 3094 637 3422 708; x_wconf 82' lang='lat' dir='ltr'><strong>liberabitur</strong></span> <span class='ocrx_word' id='word_1_144' title='bbox 3466 637 3737 693; x_wconf 89' lang='lat' dir='ltr'><strong>innocens</strong></span> <span class='ocrx_word' id='word_1_145' title='bbox 3782 633 3855 689; x_wconf 87' lang='lat' dir='ltr'><strong>de</strong></span> 
     </span>
    </p>
   </div>
   <div class='ocr_carea' id='block_1_21' title="bbox 2249 732 3852 805">
    <p class='ocr_par' dir='ltr' id='par_1_21' title="bbox 2249 732 3852 805">
     <span class='ocr_line' id='line_1_21' title="bbox 2249 732 3852 805; baseline -0.003 -14"><span class='ocrx_word' id='word_1_146' title='bbox 2249 737 2442 792; x_wconf 91' lang='lat' dir='ltr'><strong>ultoris</strong></span> <span class='ocrx_word' id='word_1_147' title='bbox 2472 751 2655 798; x_wconf 89' lang='lat' dir='ltr'><strong>manu,</strong></span> <span class='ocrx_word' id='word_1_148' title='bbox 2680 746 2734 790; x_wconf 93' lang='lat' dir='ltr'><strong>et</strong></span> <span class='ocrx_word' id='word_1_149' title='bbox 2761 732 3049 789; x_wconf 85' lang='lat' dir='ltr'><strong>reducetur</strong></span> <span class='ocrx_word' id='word_1_150' title='bbox 3071 748 3167 805; x_wconf 91' lang='lat' dir='ltr'><strong>per</strong></span> <span class='ocrx_word' id='word_1_151' title='bbox 3192 734 3520 790; x_wconf 89' lang='lat' dir='ltr'><strong>sententiam</strong></span> <span class='ocrx_word' id='word_1_152' title='bbox 3545 735 3597 788; x_wconf 92' lang='lat' dir='ltr'><strong>in</strong></span> <span class='ocrx_word' id='word_1_153' title='bbox 3633 732 3852 797; x_wconf 87' lang='lat' dir='ltr'><strong>urbem,</strong></span> 
     </span>
    </p>
   </div>
   <div class='ocr_carea' id='block_1_22' title="bbox 2248 822 3859 899">
    <p class='ocr_par' dir='ltr' id='par_1_22' title="bbox 2248 822 3859 899">
     <span class='ocr_line' id='line_1_22' title="bbox 2248 822 3859 899; baseline -0.004 -16"><span class='ocrx_word' id='word_1_154' title='bbox 2248 828 2316 883; x_wconf 88' lang='lat' dir='ltr'><strong>ad</strong></span> <span class='ocrx_word' id='word_1_155' title='bbox 2345 842 2505 899; x_wconf 83' lang='lat' dir='ltr'><strong>quam</strong></span> <span class='ocrx_word' id='word_1_156' title='bbox 2536 826 2876 898; x_wconf 88' lang='lat' dir='ltr'><strong>confugerat,</strong></span> <span class='ocrx_word' id='word_1_157' title='bbox 2900 827 3246 898; x_wconf 88' lang='lat' dir='ltr'><strong>manebitque</strong></span> <span class='ocrx_word' id='word_1_158' title='bbox 3276 825 3372 897; x_wconf 86' lang='lat' dir='ltr'><strong>ibi,</strong></span> <span class='ocrx_word' id='word_1_159' title='bbox 3403 826 3578 882; x_wconf 90' lang='lat' dir='ltr'><strong>donec</strong></span> <span class='ocrx_word' id='word_1_160' title='bbox 3597 822 3859 880; x_wconf 87' lang='lat' dir='ltr'><strong>sacerdos</strong></span> 
     </span>
    </p>
   </div>
   <div class='ocr_carea' id='block_1_23' title="bbox 2258 915 3861 991">
    <p class='ocr_par' dir='ltr' id='par_1_23' title="bbox 2258 915 3861 991">
     <span class='ocr_line' id='line_1_23' title="bbox 2258 915 3861 991; baseline -0.004 -15"><span class='ocrx_word' id='word_1_161' title='bbox 2258 915 2506 991; x_wconf 84' lang='lat' dir='ltr'><strong>magnus,</strong></span> <span class='ocrx_word' id='word_1_162' title='bbox 2542 921 2631 991; x_wconf 90' lang='lat' dir='ltr'><strong>qui</strong></span> <span class='ocrx_word' id='word_1_163' title='bbox 2665 920 2789 976; x_wconf 87' lang='lat' dir='ltr'><strong>oleo</strong></span> <span class='ocrx_word' id='word_1_164' title='bbox 2815 931 3006 976; x_wconf 83' lang='lat' dir='ltr'><strong>sancto</strong></span> <span class='ocrx_word' id='word_1_165' title='bbox 3037 930 3234 976; x_wconf 92' lang='lat' dir='ltr'><strong>unctus</strong></span> <span class='ocrx_word' id='word_1_166' title='bbox 3254 930 3357 985; x_wconf 90' lang='lat' dir='ltr'><strong>est,</strong></span> <span class='ocrx_word' id='word_1_167' title='bbox 3383 921 3663 976; x_wconf 89' lang='lat' dir='ltr'><strong>moriatur.</strong></span> <span class='ocrx_word' id='word_1_168' title='bbox 3688 917 3750 974; x_wconf 91' lang='lat' dir='ltr'><strong>Si</strong></span> <span class='ocrx_word' id='word_1_169' title='bbox 3774 917 3861 971; x_wconf 88' lang='lat' dir='ltr'><strong>in—</strong></span> 
     </span>
    </p>
   </div>
   <div class='ocr_carea' id='block_1_24' title="bbox 2250 1013 3861 1086">
    <p class='ocr_par' dir='ltr' id='par_1_24' title="bbox 2250 1013 3861 1086">
     <span class='ocr_line' id='line_1_24' title="bbox 2250 1013 3861 1086; baseline -0.004 -14"><span class='ocrx_word' id='word_1_170' title='bbox 2250 1018 2505 1073; x_wconf 89' lang='lat' dir='ltr'><strong>terfector</strong></span> <span class='ocrx_word' id='word_1_171' title='bbox 2530 1025 2682 1072; x_wconf 79' lang='lat' dir='ltr'><strong>extra</strong></span> <span class='ocrx_word' id='word_1_172' title='bbox 2712 1016 2843 1071; x_wconf 88' lang='lat' dir='ltr'><strong>ﬁnes</strong></span> <span class='ocrx_word' id='word_1_173' title='bbox 2872 1016 3110 1081; x_wconf 90' lang='lat' dir='ltr'><strong>urbium,</strong></span> <span class='ocrx_word' id='word_1_174' title='bbox 3136 1032 3256 1086; x_wconf 72' lang='lat' dir='ltr'><strong>qute</strong></span> <span class='ocrx_word' id='word_1_175' title='bbox 3280 1014 3563 1072; x_wconf 85' lang='lat' dir='ltr'><strong>exsulibus</strong></span> <span class='ocrx_word' id='word_1_176' title='bbox 3582 1013 3861 1083; x_wconf 80' lang='lat' dir='ltr'><strong>deputata:</strong></span> 
     </span>
    </p>
   </div>
   <div class='ocr_carea' id='block_1_25' title="bbox 2253 1105 3861 1180">
    <p class='ocr_par' dir='ltr' id='par_1_25' title="bbox 2253 1105 3861 1180">
     <span class='ocr_line' id='line_1_25' title="bbox 2253 1105 3861 1180; baseline -0.004 -14"><span class='ocrx_word' id='word_1_177' title='bbox 2253 1120 2404 1179; x_wconf 89' lang='lat' dir='ltr'><strong>sunt,</strong></span> <span class='ocrx_word' id='word_1_178' title='bbox 2447 1111 2611 1166; x_wconf 91' lang='lat' dir='ltr'><strong>fuerit</strong></span> <span class='ocrx_word' id='word_1_179' title='bbox 2653 1112 2931 1180; x_wconf 86' lang='lat' dir='ltr'><strong>iuventus,</strong></span> <span class='ocrx_word' id='word_1_180' title='bbox 2965 1120 3021 1165; x_wconf 92' lang='lat' dir='ltr'><strong>et</strong></span> <span class='ocrx_word' id='word_1_181' title='bbox 3051 1124 3345 1180; x_wconf 89' lang='lat' dir='ltr'><strong>percussus</strong></span> <span class='ocrx_word' id='word_1_182' title='bbox 3369 1109 3441 1165; x_wconf 91' lang='lat' dir='ltr'><strong>ab</strong></span> <span class='ocrx_word' id='word_1_183' title='bbox 3467 1124 3555 1177; x_wconf 91' lang='lat' dir='ltr'><strong>eo,</strong></span> <span class='ocrx_word' id='word_1_184' title='bbox 3586 1105 3679 1178; x_wconf 87' lang='lat' dir='ltr'><strong>qui</strong></span> <span class='ocrx_word' id='word_1_185' title='bbox 3712 1105 3861 1161; x_wconf 88' lang='lat' dir='ltr'><strong>ultor</strong></span> 
     </span>
    </p>
   </div>
   <div class='ocr_carea' id='block_1_26' title="bbox 2253 1197 3856 1274">
    <p class='ocr_par' dir='ltr' id='par_1_26' title="bbox 2253 1197 3856 1274">
     <span class='ocr_line' id='line_1_26' title="bbox 2253 1197 3856 1274; baseline -0.005 -15"><span class='ocrx_word' id='word_1_186' title='bbox 2253 1216 2336 1261; x_wconf 87' lang='lat' dir='ltr'><strong>est</strong></span> <span class='ocrx_word' id='word_1_187' title='bbox 2372 1202 2652 1274; x_wconf 81' lang='lat' dir='ltr'><strong>sanguinis</strong></span> <span class='ocrx_word' id='word_1_188' title='bbox 2691 1219 2706 1257; x_wconf 87' lang='lat'><strong>:</strong></span> <span class='ocrx_word' id='word_1_189' title='bbox 2747 1202 2949 1274; x_wconf 84' lang='lat' dir='ltr'><strong>absque</strong></span> <span class='ocrx_word' id='word_1_190' title='bbox 2979 1218 3119 1258; x_wconf 80' lang='lat' dir='ltr'><strong>noxa</strong></span> <span class='ocrx_word' id='word_1_191' title='bbox 3158 1202 3263 1258; x_wconf 88' lang='lat' dir='ltr'><strong>erit</strong></span> <span class='ocrx_word' id='word_1_192' title='bbox 3298 1201 3390 1273; x_wconf 90' lang='lat' dir='ltr'><strong>qui</strong></span> <span class='ocrx_word' id='word_1_193' title='bbox 3419 1216 3544 1257; x_wconf 89' lang='lat' dir='ltr'><strong>eum</strong></span> <span class='ocrx_word' id='word_1_194' title='bbox 3574 1197 3856 1255; x_wconf 87' lang='lat' dir='ltr'><strong>occiderit.</strong></span> 
     </span>
    </p>
   </div>
   <div class='ocr_carea' id='block_1_27' title="bbox 2253 1289 3864 1367">
    <p class='ocr_par' dir='ltr' id='par_1_27' title="bbox 2253 1289 3864 1367">
     <span class='ocr_line' id='line_1_27' title="bbox 2253 1289 3864 1367; baseline -0.005 -14"><span class='ocrx_word' id='word_1_195' title='bbox 2253 1298 2526 1353; x_wconf 86' lang='lat' dir='ltr'><strong>Debuerat</strong></span> <span class='ocrx_word' id='word_1_196' title='bbox 2553 1297 2697 1352; x_wconf 90' lang='lat' dir='ltr'><strong>enim</strong></span> <span class='ocrx_word' id='word_1_197' title='bbox 2732 1294 2992 1367; x_wconf 80' lang='lat' dir='ltr'><strong>profugus</strong></span> <span class='ocrx_word' id='word_1_198' title='bbox 3025 1310 3195 1366; x_wconf 89' lang='lat' dir='ltr'><strong>usque</strong></span> <span class='ocrx_word' id='word_1_199' title='bbox 3225 1294 3293 1350; x_wconf 91' lang='lat' dir='ltr'><strong>ad</strong></span> <span class='ocrx_word' id='word_1_200' title='bbox 3324 1300 3554 1349; x_wconf 87' lang='lat' dir='ltr'><strong>mortem</strong></span> <span class='ocrx_word' id='word_1_201' title='bbox 3584 1289 3864 1359; x_wconf 87' lang='lat' dir='ltr'><strong>pontiﬁcis</strong></span> 
     </span>
    </p>
   </div>
   <div class='ocr_carea' id='block_1_28' title="bbox 2251 1385 3867 1460">
    <p class='ocr_par' dir='ltr' id='par_1_28' title="bbox 2251 1385 3867 1460">
     <span class='ocr_line' id='line_1_28' title="bbox 2251 1385 3867 1460; baseline -0.006 -13"><span class='ocrx_word' id='word_1_202' title='bbox 2251 1392 2305 1447; x_wconf 92' lang='lat' dir='ltr'><strong>in</strong></span> <span class='ocrx_word' id='word_1_203' title='bbox 2340 1391 2476 1447; x_wconf 93' lang='lat' dir='ltr'><strong>urbe</strong></span> <span class='ocrx_word' id='word_1_204' title='bbox 2507 1389 2773 1447; x_wconf 88' lang='lat' dir='ltr'><strong>residere.</strong></span> <span class='ocrx_word' id='word_1_205' title='bbox 2823 1391 3113 1460; x_wconf 85' lang='lat' dir='ltr'><strong>Postquam</strong></span> <span class='ocrx_word' id='word_1_206' title='bbox 3142 1398 3322 1446; x_wconf 88' lang='lat' dir='ltr'><strong>autem</strong></span> <span class='ocrx_word' id='word_1_207' title='bbox 3372 1389 3465 1445; x_wconf 90' lang='lat' dir='ltr'><strong>ille</strong></span> <span class='ocrx_word' id='word_1_208' title='bbox 3512 1385 3734 1452; x_wconf 88' lang='lat' dir='ltr'><strong>obierit,</strong></span> <span class='ocrx_word' id='word_1_209' title='bbox 3766 1385 3867 1439; x_wconf 88' lang='lat' dir='ltr'><strong>ho-</strong></span> 
     </span>
    </p>
   </div>
   <div class='ocr_carea' id='block_1_29' title="bbox 2252 1480 3868 1550">
    <p class='ocr_par' dir='ltr' id='par_1_29' title="bbox 2252 1480 3868 1550">
     <span class='ocr_line' id='line_1_29' title="bbox 2252 1480 3868 1550; baseline -0.005 -9"><span class='ocrx_word' id='word_1_210' title='bbox 2252 1486 2447 1543; x_wconf 91' lang='lat' dir='ltr'><strong>micida</strong></span> <span class='ocrx_word' id='word_1_211' title='bbox 2470 1493 2775 1541; x_wconf 79' lang='lat' dir='ltr'><strong>revertetur</strong></span> <span class='ocrx_word' id='word_1_212' title='bbox 2817 1484 2871 1540; x_wconf 93' lang='lat' dir='ltr'><strong>in</strong></span> <span class='ocrx_word' id='word_1_213' title='bbox 2913 1493 3116 1540; x_wconf 88' lang='lat' dir='ltr'><strong>terram</strong></span> <span class='ocrx_word' id='word_1_214' title='bbox 3158 1498 3336 1539; x_wconf 90' lang='lat' dir='ltr'><strong>suam.</strong></span> <span class='ocrx_word' id='word_1_215' title='bbox 3382 1482 3509 1538; x_wconf 60' lang='lat' dir='ltr'><strong>Haec</strong></span> <span class='ocrx_word' id='word_1_216' title='bbox 3532 1480 3868 1550; x_wconf 87' lang='lat' dir='ltr'><strong>sempiterna</strong></span> 
     </span>
    </p>
   </div>
   <div class='ocr_carea' id='block_1_30' title="bbox 2259 1571 3862 1651">
    <p class='ocr_par' dir='ltr' id='par_1_30' title="bbox 2259 1571 3862 1651">
     <span class='ocr_line' id='line_1_30' title="bbox 2259 1571 3862 1651; baseline -0.006 -14"><span class='ocrx_word' id='word_1_217' title='bbox 2259 1580 2759 1651; x_wconf 86' lang='lat' dir='ltr'><strong>erunl,etlegitima</strong></span> <span class='ocrx_word' id='word_1_218' title='bbox 2782 1580 2835 1635; x_wconf 92' lang='lat' dir='ltr'><strong>in</strong></span> <span class='ocrx_word' id='word_1_219' title='bbox 2867 1578 3077 1635; x_wconf 87' lang='lat' dir='ltr'><strong>cunctis</strong></span> <span class='ocrx_word' id='word_1_220' title='bbox 3104 1575 3531 1633; x_wconf 84' lang='lat' dir='ltr'><strong>habitationibus</strong></span> <span class='ocrx_word' id='word_1_221' title='bbox 3560 1573 3639 1649; x_wconf 89' lang='lat' dir='ltr'><strong>[h.</strong></span> <span class='ocrx_word' id='word_1_222' title='bbox 3673 1571 3862 1640; x_wconf 85' lang='lat' dir='ltr'><strong>habet,</strong></span> 
     </span>
    </p>
   </div>
   <div class='ocr_carea' id='block_1_31' title="bbox 2261 1664 3861 1744">
    <p class='ocr_par' dir='ltr' id='par_1_31' title="bbox 2261 1664 3861 1744">
     <span class='ocr_line' id='line_1_31' title="bbox 2261 1664 3861 1744; baseline -0.004 -17"><span class='ocrx_word' id='word_1_223' title='bbox 2261 1673 2312 1727; x_wconf 91' lang='lat' dir='ltr'><strong>in</strong></span> <span class='ocrx_word' id='word_1_224' title='bbox 2350 1674 2558 1728; x_wconf 91' lang='lat' dir='ltr'><strong>cunctis</strong></span> <span class='ocrx_word' id='word_1_225' title='bbox 2588 1671 3040 1744; x_wconf 83' lang='lat' dir='ltr'><strong>generationibus</strong></span> <span class='ocrx_word' id='word_1_226' title='bbox 3076 1679 3133 1726; x_wconf 89' lang='lat' dir='ltr'><strong>et</strong></span> <span class='ocrx_word' id='word_1_227' title='bbox 3161 1666 3608 1739; x_wconf 88' lang='lat' dir='ltr'><strong>habitationibus]</strong></span> <span class='ocrx_word' id='word_1_228' title='bbox 3639 1664 3861 1722; x_wconf 77' lang='lat' dir='ltr'><strong>veSIris.</strong></span> 
     </span>
    </p>
   </div>
   <div class='ocr_carea' id='block_1_32' title="bbox 2253 1759 3859 1832">
    <p class='ocr_par' dir='ltr' id='par_1_32' title="bbox 2253 1759 3859 1832">
     <span class='ocr_line' id='line_1_32' title="bbox 2253 1759 3859 1832; baseline -0.006 -11"><span class='ocrx_word' id='word_1_229' title='bbox 2253 1764 2540 1821; x_wconf 83' lang='lat' dir='ltr'><strong>Homicida</strong></span> <span class='ocrx_word' id='word_1_230' title='bbox 2581 1765 2682 1819; x_wconf 93' lang='lat' dir='ltr'><strong>sub</strong></span> <span class='ocrx_word' id='word_1_231' title='bbox 2723 1764 2950 1820; x_wconf 83' lang='lat' dir='ltr'><strong>testibus</strong></span> <span class='ocrx_word' id='word_1_232' title='bbox 2985 1762 3243 1832; x_wconf 86' lang='lat' dir='ltr'><strong>punietur</strong></span> <span class='ocrx_word' id='word_1_233' title='bbox 3274 1779 3288 1817; x_wconf 91' lang='lat'><strong>:</strong></span> <span class='ocrx_word' id='word_1_234' title='bbox 3323 1761 3391 1816; x_wconf 89' lang='lat' dir='ltr'><strong>ad</strong></span> <span class='ocrx_word' id='word_1_235' title='bbox 3419 1759 3579 1816; x_wconf 90' lang='lat' dir='ltr'><strong>unius</strong></span> <span class='ocrx_word' id='word_1_236' title='bbox 3609 1759 3859 1815; x_wconf 85' lang='lat' dir='ltr'><strong>testimo-</strong></span> 
     </span>
    </p>
   </div>
   <div class='ocr_carea' id='block_1_33' title="bbox 539 1852 3865 1931">
    <p class='ocr_par' dir='ltr' id='par_1_33' title="bbox 539 1852 3865 1931">
     <span class='ocr_line' id='line_1_33' title="bbox 539 1852 3865 1931; baseline -0.003 -14"><span class='ocrx_word' id='word_1_237' title='bbox 539 1870 730 1931; x_wconf 80' lang='lat' dir='ltr'><strong>neant,</strong></span> <span class='ocrx_word' id='word_1_238' title='bbox 758 1871 815 1918; x_wconf 92' lang='lat' dir='ltr'><strong>et</strong></span> <span class='ocrx_word' id='word_1_239' title='bbox 836 1861 1138 1918; x_wconf 85' lang='lat' dir='ltr'><strong>suburbana</strong></span> <span class='ocrx_word' id='word_1_240' title='bbox 1163 1859 1275 1914; x_wconf 91' lang='lat' dir='ltr'><strong>sint</strong></span> <span class='ocrx_word' id='word_1_241' title='bbox 1296 1858 1590 1927; x_wconf 85' lang='lat' dir='ltr'><strong>pecoribus</strong></span> <span class='ocrx_word' id='word_1_242' title='bbox 1624 1855 1964 1926; x_wconf 79' lang='lat' dir='ltr'><strong>acjumenlis</strong></span> <span class='ocrx_word' id='word_1_243' title='bbox 1992 1869 2006 1906; x_wconf 83' lang='lat'><strong>:</strong></span> <span class='ocrx_word' id='word_1_244' title='bbox 2030 1866 2150 1923; x_wconf 75' lang='lat' dir='ltr'><strong>quae</strong></span> <span class='ocrx_word' id='word_1_245' title='bbox 2180 1858 2230 1920; x_wconf 91' lang='lat' dir='ltr'><strong>B</strong></span> <span class='ocrx_word' id='word_1_246' title='bbox 2256 1859 2401 1914; x_wconf 92' lang='lat' dir='ltr'><strong>nium</strong></span> <span class='ocrx_word' id='word_1_247' title='bbox 2434 1858 2613 1914; x_wconf 89' lang='lat' dir='ltr'><strong>nullus</strong></span> <span class='ocrx_word' id='word_1_248' title='bbox 2655 1856 3126 1914; x_wconf 86' lang='lat' dir='ltr'><strong>eondemnabitur.</strong></span> <span class='ocrx_word' id='word_1_249' title='bbox 3162 1855 3282 1911; x_wconf 85' lang='lat' dir='ltr'><strong>Non</strong></span> <span class='ocrx_word' id='word_1_250' title='bbox 3314 1854 3599 1926; x_wconf 88' lang='lat' dir='ltr'><strong>accipietis</strong></span> <span class='ocrx_word' id='word_1_251' title='bbox 3626 1852 3865 1924; x_wconf 87' lang='lat' dir='ltr'><strong>pretium</strong></span> 
     </span>
    </p>
   </div>
   <div class='ocr_carea' id='block_1_34' title="bbox 539 1945 2152 2019">
    <p class='ocr_par' dir='ltr' id='par_1_34' title="bbox 539 1945 2152 2019">
     <span class='ocr_line' id='line_1_34' title="bbox 539 1945 2152 2019; baseline -0.007 -6"><span class='ocrx_word' id='word_1_252' title='bbox 539 1973 573 2012; x_wconf 86' lang='lat' dir='ltr'><strong>a</strong></span> <span class='ocrx_word' id='word_1_253' title='bbox 609 1956 779 2012; x_wconf 88' lang='lat' dir='ltr'><strong>muris</strong></span> <span class='ocrx_word' id='word_1_254' title='bbox 816 1955 1096 2010; x_wconf 89' lang='lat' dir='ltr'><strong>civitatum</strong></span> <span class='ocrx_word' id='word_1_255' title='bbox 1138 1952 1467 2018; x_wconf 83' lang='lat' dir='ltr'><strong>forinsecus,</strong></span> <span class='ocrx_word' id='word_1_256' title='bbox 1517 1965 1615 2019; x_wconf 90' lang='lat' dir='ltr'><strong>per</strong></span> <span class='ocrx_word' id='word_1_257' title='bbox 1663 1947 1969 2012; x_wconf 88' lang='lat' dir='ltr'><strong>circuitum,</strong></span> <span class='ocrx_word' id='word_1_258' title='bbox 2004 1945 2152 2001; x_wconf 90' lang='lat' dir='ltr'><strong>mille</strong></span> 
     </span>
    </p>
   </div>
   <div class='ocr_carea' id='block_1_35' title="bbox 538 2041 2154 2122">
    <p class='ocr_par' dir='ltr' id='par_1_35' title="bbox 538 2041 2154 2122">
     <span class='ocr_line' id='line_1_35' title="bbox 538 2041 2154 2122; baseline -0.007 -17"><span class='ocrx_word' id='word_1_259' title='bbox 538 2064 799 2122; x_wconf 83' lang='lat' dir='ltr'><strong>passuum</strong></span> <span class='ocrx_word' id='word_1_260' title='bbox 828 2047 1007 2120; x_wconf 90' lang='lat' dir='ltr'><strong>spatio</strong></span> <span class='ocrx_word' id='word_1_261' title='bbox 1034 2045 1344 2102; x_wconf 90' lang='lat' dir='ltr'><strong>tendentur.</strong></span> <span class='ocrx_word' id='word_1_262' title='bbox 1370 2044 1573 2101; x_wconf 90' lang='lat' dir='ltr'><strong>Contra</strong></span> <span class='ocrx_word' id='word_1_263' title='bbox 1597 2044 1866 2099; x_wconf 86' lang='lat' dir='ltr'><strong>orientem</strong></span> <span class='ocrx_word' id='word_1_264' title='bbox 1894 2042 2002 2098; x_wconf 92' lang='lat' dir='ltr'><strong>duo</strong></span> <span class='ocrx_word' id='word_1_265' title='bbox 2033 2041 2154 2095; x_wconf 88' lang='lat' dir='ltr'><strong>mil-</strong></span> 
     </span>
    </p>
   </div>
   <div class='ocr_carea' id='block_1_36' title="bbox 541 2138 2152 2212">
    <p class='ocr_par' dir='ltr' id='par_1_36' title="bbox 541 2138 2152 2212">
     <span class='ocr_line' id='line_1_36' title="bbox 541 2138 2152 2212; baseline -0.005 -11"><span class='ocrx_word' id='word_1_266' title='bbox 541 2145 614 2201; x_wconf 88' lang='lat' dir='ltr'><strong>lia</strong></span> <span class='ocrx_word' id='word_1_267' title='bbox 657 2155 821 2201; x_wconf 90' lang='lat' dir='ltr'><strong>erunt</strong></span> <span class='ocrx_word' id='word_1_268' title='bbox 862 2142 1053 2212; x_wconf 87' lang='lat' dir='ltr'><strong>cubiti,</strong></span> <span class='ocrx_word' id='word_1_269' title='bbox 1097 2151 1152 2197; x_wconf 90' lang='lat' dir='ltr'><strong>et</strong></span> <span class='ocrx_word' id='word_1_270' title='bbox 1192 2150 1383 2197; x_wconf 90' lang='lat' dir='ltr'><strong>contra</strong></span> <span class='ocrx_word' id='word_1_271' title='bbox 1431 2141 1717 2197; x_wconf 91' lang='lat' dir='ltr'><strong>meridiem</strong></span> <span class='ocrx_word' id='word_1_272' title='bbox 1765 2139 2014 2195; x_wconf 91' lang='lat' dir='ltr'><strong>similiter</strong></span> <span class='ocrx_word' id='word_1_273' title='bbox 2043 2138 2152 2193; x_wconf 92' lang='lat' dir='ltr'><strong>duo</strong></span> 
     </span>
    </p>
   </div>
   <div class='ocr_carea' id='block_1_37' title="bbox 540 2234 2148 2309">
    <p class='ocr_par' dir='ltr' id='par_1_37' title="bbox 540 2234 2148 2309">
     <span class='ocr_line' id='line_1_37' title="bbox 540 2234 2148 2309; baseline -0.006 -11"><span class='ocrx_word' id='word_1_274' title='bbox 540 2239 711 2299; x_wconf 84' lang='lat' dir='ltr'><strong>millia</strong></span> <span class='ocrx_word' id='word_1_275' title='bbox 746 2254 759 2294; x_wconf 90' lang='lat'>:</span> <span class='ocrx_word' id='word_1_276' title='bbox 788 2240 857 2294; x_wconf 90' lang='lat' dir='ltr'><strong>ad</strong></span> <span class='ocrx_word' id='word_1_277' title='bbox 891 2253 1040 2293; x_wconf 89' lang='lat' dir='ltr'><strong>mare</strong></span> <span class='ocrx_word' id='word_1_278' title='bbox 1069 2252 1304 2309; x_wconf 89' lang='lat' dir='ltr'><strong>quoque,</strong></span> <span class='ocrx_word' id='word_1_279' title='bbox 1340 2236 1486 2308; x_wconf 92' lang='lat' dir='ltr'><strong>quod</strong></span> <span class='ocrx_word' id='word_1_280' title='bbox 1517 2234 1738 2307; x_wconf 87' lang='lat' dir='ltr'><strong>respicit</strong></span> <span class='ocrx_word' id='word_1_281' title='bbox 1772 2234 2148 2302; x_wconf 85' lang='lat' dir='ltr'><strong>Occidentem,</strong></span> 
     </span>
    </p>
   </div>
   <div class='ocr_carea' id='block_1_38' title="bbox 537 2327 2152 2400">
    <p class='ocr_par' dir='ltr' id='par_1_38' title="bbox 537 2327 2152 2400">
     <span class='ocr_line' id='line_1_38' title="bbox 537 2327 2152 2400; baseline -0.006 -10"><span class='ocrx_word' id='word_1_282' title='bbox 537 2333 733 2390; x_wconf 86' lang='lat' dir='ltr'><strong>cadem</strong></span> <span class='ocrx_word' id='word_1_283' title='bbox 766 2346 1019 2387; x_wconf 90' lang='lat' dir='ltr'><strong>mensura</strong></span> <span class='ocrx_word' id='word_1_284' title='bbox 1048 2330 1173 2395; x_wconf 91' lang='lat' dir='ltr'><strong>erit,</strong></span> <span class='ocrx_word' id='word_1_285' title='bbox 1203 2339 1259 2385; x_wconf 88' lang='lat' dir='ltr'><strong>et</strong></span> <span class='ocrx_word' id='word_1_286' title='bbox 1296 2328 1748 2400; x_wconf 89' lang='lat' dir='ltr'><strong>septentrionalis</strong></span> <span class='ocrx_word' id='word_1_287' title='bbox 1778 2327 1928 2399; x_wconf 90' lang='lat' dir='ltr'><strong>plaga</strong></span> <span class='ocrx_word' id='word_1_288' title='bbox 1956 2327 2152 2398; x_wconf 70' lang='lat' dir='ltr'><strong>mquali</strong></span> 
     </span>
    </p>
   </div>
   <div class='ocr_carea' id='block_1_39' title="bbox 541 2420 2153 2494">
    <p class='ocr_par' dir='ltr' id='par_1_39' title="bbox 541 2420 2153 2494">
     <span class='ocr_line' id='line_1_39' title="bbox 541 2420 2153 2494; baseline -0.005 -10"><span class='ocrx_word' id='word_1_289' title='bbox 541 2426 779 2484; x_wconf 80' lang='lat' dir='ltr'><strong>termino</strong></span> <span class='ocrx_word' id='word_1_290' title='bbox 812 2425 1051 2481; x_wconf 89' lang='lat' dir='ltr'><strong>ﬁnietur.</strong></span> <span class='ocrx_word' id='word_1_291' title='bbox 1094 2425 1374 2494; x_wconf 88' lang='lat' dir='ltr'><strong>Eruntque</strong></span> <span class='ocrx_word' id='word_1_292' title='bbox 1415 2424 1579 2480; x_wconf 89' lang='lat' dir='ltr'><strong>urbes</strong></span> <span class='ocrx_word' id='word_1_293' title='bbox 1618 2423 1670 2478; x_wconf 92' lang='lat' dir='ltr'><strong>in</strong></span> <span class='ocrx_word' id='word_1_294' title='bbox 1707 2422 1905 2488; x_wconf 92' lang='lat' dir='ltr'><strong>medio,</strong></span> <span class='ocrx_word' id='word_1_295' title='bbox 1937 2432 1991 2477; x_wconf 91' lang='lat' dir='ltr'><strong>et</strong></span> <span class='ocrx_word' id='word_1_296' title='bbox 2019 2420 2153 2476; x_wconf 93' lang='lat' dir='ltr'><strong>foris</strong></span> 
     </span>
    </p>
   </div>
   <div class='ocr_carea' id='block_1_40' title="bbox 545 2514 2152 2592">
    <p class='ocr_par' dir='ltr' id='par_1_40' title="bbox 545 2514 2152 2592">
     <span class='ocr_line' id='line_1_40' title="bbox 545 2514 2152 2592; baseline -0.006 -15"><span class='ocrx_word' id='word_1_297' title='bbox 545 2521 881 2577; x_wconf 85' lang='lat' dir='ltr'><strong>suburbana.</strong></span> <span class='ocrx_word' id='word_1_298' title='bbox 909 2518 992 2592; x_wconf 88' lang='grc' dir='ltr'><strong>[Β.</strong></span> <span class='ocrx_word' id='word_1_299' title='bbox 1021 2515 1281 2588; x_wconf 61' lang='lat' dir='ltr'><strong>LXXIII]</strong></span> <span class='ocrx_word' id='word_1_300' title='bbox 1304 2517 1381 2572; x_wconf 93' lang='lat' dir='ltr'><strong>De</strong></span> <span class='ocrx_word' id='word_1_301' title='bbox 1405 2516 1539 2587; x_wconf 90' lang='lat' dir='ltr'><strong>ipsis</strong></span> <span class='ocrx_word' id='word_1_302' title='bbox 1563 2525 1741 2571; x_wconf 89' lang='lat' dir='ltr'><strong>autem</strong></span> <span class='ocrx_word' id='word_1_303' title='bbox 1772 2514 2006 2586; x_wconf 87' lang='lat' dir='ltr'><strong>oppidis,</strong></span> <span class='ocrx_word' id='word_1_304' title='bbox 2033 2529 2152 2585; x_wconf 77' lang='lat' dir='ltr'><strong>qun</strong></span> 
     </span>
    </p>
   </div>
   <div class='ocr_carea' id='block_1_41' title="bbox 442 2606 2147 2686">
    <p class='ocr_par' dir='ltr' id='par_1_41' title="bbox 442 2606 2147 2686">
     <span class='ocr_line' id='line_1_41' title="bbox 442 2606 2147 2686; baseline -0.005 -14"><span class='ocrx_word' id='word_1_305' title='bbox 442 2638 447 2643; x_wconf 44' lang='grc' dir='ltr'>η</span> <span class='ocrx_word' id='word_1_306' title='bbox 538 2614 748 2671; x_wconf 87' lang='lat' dir='ltr'><strong>Levitis</strong></span> <span class='ocrx_word' id='word_1_307' title='bbox 778 2613 1008 2679; x_wconf 78' lang='lat' dir='ltr'><strong>dabitis,</strong></span> <span class='ocrx_word' id='word_1_308' title='bbox 1037 2627 1133 2667; x_wconf 75' lang='lat' dir='ltr'><strong>sex</strong></span> <span class='ocrx_word' id='word_1_309' title='bbox 1173 2621 1335 2666; x_wconf 88' lang='lat' dir='ltr'><strong>erunt</strong></span> <span class='ocrx_word' id='word_1_310' title='bbox 1364 2611 1419 2686; x_wconf 85' lang='lat' dir='ltr'><strong>in</strong></span> <span class='ocrx_word' id='word_1_311' title='bbox 1449 2609 1801 2681; x_wconf 78' lang='lat' dir='ltr'><strong>fugitivorum</strong></span> <span class='ocrx_word' id='word_1_312' title='bbox 1830 2606 2035 2663; x_wconf 83' lang='lat' dir='ltr'><strong>auxilia</strong></span> <span class='ocrx_word' id='word_1_313' title='bbox 2060 2622 2147 2663; x_wconf 86' lang='lat' dir='ltr'><strong>se-</strong></span> 
     </span>
    </p>
   </div>
   <div class='ocr_carea' id='block_1_42' title="bbox 542 2700 2158 2779">
    <p class='ocr_par' dir='ltr' id='par_1_42' title="bbox 542 2700 2158 2779">
     <span class='ocr_line' id='line_1_42' title="bbox 542 2700 2158 2779; baseline -0.004 -19"><span class='ocrx_word' id='word_1_314' title='bbox 542 2715 758 2779; x_wconf 86' lang='lat' dir='ltr'><strong>parata,</strong></span> <span class='ocrx_word' id='word_1_315' title='bbox 804 2712 865 2759; x_wconf 86' lang='lat' dir='ltr'><strong>ut</strong></span> <span class='ocrx_word' id='word_1_316' title='bbox 904 2703 1071 2775; x_wconf 77' lang='lat' dir='ltr'><strong>fugiat</strong></span> <span class='ocrx_word' id='word_1_317' title='bbox 1116 2702 1183 2757; x_wconf 93' lang='lat' dir='ltr'><strong>ad</strong></span> <span class='ocrx_word' id='word_1_318' title='bbox 1227 2716 1288 2758; x_wconf 88' lang='lat' dir='ltr'><strong>ea</strong></span> <span class='ocrx_word' id='word_1_319' title='bbox 1332 2701 1424 2773; x_wconf 91' lang='lat' dir='ltr'><strong>qui</strong></span> <span class='ocrx_word' id='word_1_320' title='bbox 1466 2700 1664 2757; x_wconf 86' lang='lat' dir='ltr'><strong>fuderit</strong></span> <span class='ocrx_word' id='word_1_321' title='bbox 1705 2700 2067 2770; x_wconf 87' lang='lat' dir='ltr'><strong>sanguinem:</strong></span> <span class='ocrx_word' id='word_1_322' title='bbox 2101 2706 2158 2754; x_wconf 89' lang='lat' dir='ltr'><strong>et</strong></span> 
     </span>
    </p>
   </div>
   <div class='ocr_carea' id='block_1_43' title="bbox 544 2792 2155 2869">
    <p class='ocr_par' dir='ltr' id='par_1_43' title="bbox 544 2792 2155 2869">
     <span class='ocr_line' id='line_1_43' title="bbox 544 2792 2155 2869; baseline -0.006 -13"><span class='ocrx_word' id='word_1_323' title='bbox 544 2798 791 2869; x_wconf 78' lang='lat' dir='ltr'><strong>exceptis</strong></span> <span class='ocrx_word' id='word_1_324' title='bbox 823 2796 932 2863; x_wconf 90' lang='lat' dir='ltr'><strong>his,</strong></span> <span class='ocrx_word' id='word_1_325' title='bbox 960 2796 1068 2850; x_wconf 91' lang='lat' dir='ltr'><strong>alia</strong></span> <span class='ocrx_word' id='word_1_326' title='bbox 1090 2794 1449 2866; x_wconf 87' lang='lat' dir='ltr'><strong>quadraginta</strong></span> <span class='ocrx_word' id='word_1_327' title='bbox 1477 2794 1585 2849; x_wconf 92' lang='lat' dir='ltr'><strong>duo</strong></span> <span class='ocrx_word' id='word_1_328' title='bbox 1617 2792 1834 2863; x_wconf 88' lang='lat' dir='ltr'><strong>oppida,</strong></span> <span class='ocrx_word' id='word_1_329' title='bbox 1865 2792 1920 2847; x_wconf 92' lang='lat' dir='ltr'><strong>id</strong></span> <span class='ocrx_word' id='word_1_330' title='bbox 1946 2802 2052 2861; x_wconf 87' lang='lat' dir='ltr'><strong>est,</strong></span> <span class='ocrx_word' id='word_1_331' title='bbox 2082 2792 2155 2847; x_wconf 86' lang='lat' dir='ltr'><strong>si-</strong></span> 
     </span>
    </p>
   </div>
   <div class='ocr_carea' id='block_1_44' title="bbox 546 2886 2155 2964">
    <p class='ocr_par' dir='ltr' id='par_1_44' title="bbox 546 2886 2155 2964">
     <span class='ocr_line' id='line_1_44' title="bbox 546 2886 2155 2964; baseline -0.004 -15"><span class='ocrx_word' id='word_1_332' title='bbox 546 2893 665 2949; x_wconf 89' lang='lat' dir='ltr'><strong>mul</strong></span> <span class='ocrx_word' id='word_1_333' title='bbox 692 2891 1046 2964; x_wconf 79' lang='lat' dir='ltr'><strong>quadraginta</strong></span> <span class='ocrx_word' id='word_1_334' title='bbox 1076 2899 1200 2944; x_wconf 92' lang='lat' dir='ltr'><strong>octo</strong></span> <span class='ocrx_word' id='word_1_335' title='bbox 1228 2904 1349 2944; x_wconf 91' lang='lat' dir='ltr'><strong>cum</strong></span> <span class='ocrx_word' id='word_1_336' title='bbox 1393 2888 1716 2944; x_wconf 87' lang='lat' dir='ltr'><strong>suburbanis</strong></span> <span class='ocrx_word' id='word_1_337' title='bbox 1751 2888 1881 2942; x_wconf 88' lang='lat' dir='ltr'><strong>suis.</strong></span> <span class='ocrx_word' id='word_1_338' title='bbox 1914 2886 2155 2957; x_wconf 74' lang='lat' dir='ltr'><strong>lpsazquc</strong></span> 
     </span>
    </p>
   </div>
   <div class='ocr_carea' id='block_1_45' title="bbox 544 2978 2154 3056">
    <p class='ocr_par' dir='ltr' id='par_1_45' title="bbox 544 2978 2154 3056">
     <span class='ocr_line' id='line_1_45' title="bbox 544 2978 2154 3056; baseline -0.006 -14"><span class='ocrx_word' id='word_1_339' title='bbox 544 2986 738 3053; x_wconf 89' lang='lat' dir='ltr'><strong>urbes,</strong></span> <span class='ocrx_word' id='word_1_340' title='bbox 772 2999 894 3056; x_wconf 82' lang='lat' dir='ltr'><strong>quae</strong></span> <span class='ocrx_word' id='word_1_341' title='bbox 924 2983 1200 3038; x_wconf 87' lang='lat' dir='ltr'><strong>dabuntur</strong></span> <span class='ocrx_word' id='word_1_342' title='bbox 1228 2981 1298 3037; x_wconf 93' lang='lat' dir='ltr'><strong>de</strong></span> <span class='ocrx_word' id='word_1_343' title='bbox 1334 2981 1772 3050; x_wconf 85' lang='lat' dir='ltr'><strong>possessionibus</strong></span> <span class='ocrx_word' id='word_1_344' title='bbox 1806 2979 2041 3034; x_wconf 88' lang='lat' dir='ltr'><strong>ﬁliorum</strong></span> <span class='ocrx_word' id='word_1_345' title='bbox 2071 2978 2154 3033; x_wconf 85' lang='lat' dir='ltr'><strong>Is-</strong></span> 
     </span>
    </p>
   </div>
   <div class='ocr_carea' id='block_1_46' title="bbox 546 3072 2157 3145">
    <p class='ocr_par' dir='ltr' id='par_1_46' title="bbox 546 3072 2157 3145">
     <span class='ocr_line' id='line_1_46' title="bbox 546 3072 2157 3145; baseline -0.005 -11"><span class='ocrx_word' id='word_1_346' title='bbox 546 3078 687 3143; x_wconf 85' lang='lat' dir='ltr'><strong>rael,</strong></span> <span class='ocrx_word' id='word_1_347' title='bbox 734 3077 804 3130; x_wconf 89' lang='lat' dir='ltr'><strong>ah</strong></span> <span class='ocrx_word' id='word_1_348' title='bbox 847 3074 932 3131; x_wconf 89' lang='lat' dir='ltr'><strong>his</strong></span> <span class='ocrx_word' id='word_1_349' title='bbox 960 3075 1048 3145; x_wconf 90' lang='lat' dir='ltr'><strong>qui</strong></span> <span class='ocrx_word' id='word_1_350' title='bbox 1084 3072 1204 3143; x_wconf 89' lang='lat' dir='ltr'><strong>plus</strong></span> <span class='ocrx_word' id='word_1_351' title='bbox 1234 3072 1460 3141; x_wconf 88' lang='lat' dir='ltr'><strong>habent,</strong></span> <span class='ocrx_word' id='word_1_352' title='bbox 1494 3074 1679 3144; x_wconf 91' lang='lat' dir='ltr'><strong>plures</strong></span> <span class='ocrx_word' id='word_1_353' title='bbox 1707 3074 2024 3139; x_wconf 81' lang='lat' dir='ltr'><strong>auferentur</strong></span> <span class='ocrx_word' id='word_1_354' title='bbox 2055 3088 2069 3126; x_wconf 88' lang='lat'><strong>:</strong></span> <span class='ocrx_word' id='word_1_355' title='bbox 2101 3081 2157 3128; x_wconf 91' lang='lat' dir='ltr'><strong>et</strong></span> 
     </span>
    </p>
   </div>
   <div class='ocr_carea' id='block_1_47' title="bbox 550 3166 2154 3241">
    <p class='ocr_par' dir='ltr' id='par_1_47' title="bbox 550 3166 2154 3241">
     <span class='ocr_line' id='line_1_47' title="bbox 550 3166 2154 3241; baseline -0.002 -17"><span class='ocrx_word' id='word_1_356' title='bbox 550 3172 643 3241; x_wconf 90' lang='lat' dir='ltr'><strong>qui</strong></span> <span class='ocrx_word' id='word_1_357' title='bbox 674 3170 877 3237; x_wconf 89' lang='lat' dir='ltr'><strong>minus,</strong></span> <span class='ocrx_word' id='word_1_358' title='bbox 908 3167 1214 3238; x_wconf 89' lang='lat' dir='ltr'><strong>pauciores.</strong></span> <span class='ocrx_word' id='word_1_359' title='bbox 1240 3166 1451 3238; x_wconf 82' lang='lat' dir='ltr'><strong>Singuli</strong></span> <span class='ocrx_word' id='word_1_360' title='bbox 1470 3167 1620 3237; x_wconf 80' lang='lat' dir='ltr'><strong>juxta</strong></span> <span class='ocrx_word' id='word_1_361' title='bbox 1644 3181 1954 3222; x_wconf 86' lang='lat' dir='ltr'><strong>mensuram</strong></span> <span class='ocrx_word' id='word_1_362' title='bbox 1978 3166 2154 3221; x_wconf 82' lang='lat' dir='ltr'><strong>haere-</strong></span> 
     </span>
    </p>
   </div>
   <div class='ocr_carea' id='block_1_48' title="bbox 552 3249 3127 3338">
    <p class='ocr_par' dir='ltr' id='par_1_48' title="bbox 552 3249 3127 3338">
     <span class='ocr_line' id='line_1_48' title="bbox 552 3249 3127 3338; baseline -0.001 -18"><span class='ocrx_word' id='word_1_363' title='bbox 552 3264 744 3320; x_wconf 82' lang='lat' dir='ltr'><strong>ditatis</strong></span> <span class='ocrx_word' id='word_1_364' title='bbox 772 3277 884 3317; x_wconf 68' lang='lat' dir='ltr'><strong>sua:</strong></span> <span class='ocrx_word' id='word_1_365' title='bbox 905 3261 1114 3317; x_wconf 91' lang='lat' dir='ltr'><strong>dabunt</strong></span> <span class='ocrx_word' id='word_1_366' title='bbox 1137 3259 1333 3331; x_wconf 89' lang='lat' dir='ltr'><strong>oppida</strong></span> <span class='ocrx_word' id='word_1_367' title='bbox 1359 3259 1583 3316; x_wconf 90' lang='lat' dir='ltr'><strong>Levitis.</strong></span> <span class='ocrx_word' id='word_1_368' title='bbox 1611 3260 1694 3332; x_wconf 74' lang='grc' dir='ltr'><strong>[Τ.</strong></span> <span class='ocrx_word' id='word_1_369' title='bbox 1721 3258 1840 3328; x_wconf 84' lang='grc' dir='ltr'><strong>ΧΧ,</strong></span> <span class='ocrx_word' id='word_1_370' title='bbox 1864 3259 1928 3316; x_wconf 90' lang='lat' dir='ltr'><strong>C.</strong></span> <span class='ocrx_word' id='word_1_371' title='bbox 1953 3257 2160 3332; x_wconf 82' lang='lat' dir='ltr'><strong>XCIII.]</strong></span> <span class='ocrx_word' id='word_1_372' title='bbox 2186 3249 2232 3314; x_wconf 66' lang='grc' dir='ltr'><strong>ὓ</strong></span> <span class='ocrx_word' id='word_1_373' title='bbox 2265 3264 2586 3335; x_wconf 80' lang='lat' dir='ltr'><strong>cognatione</strong></span> <span class='ocrx_word' id='word_1_374' title='bbox 2626 3264 2880 3338; x_wconf 90' lang='lat' dir='ltr'><strong>ﬁliorum]</strong></span> <span class='ocrx_word' id='word_1_375' title='bbox 2926 3264 3127 3337; x_wconf 86' lang='lat' dir='ltr'><strong>Joseph</strong></span> 
     </span>
    </p>
   </div>
   <div class='ocr_carea' id='block_1_49' title="bbox 564 3352 2161 3424">
    <p class='ocr_par' dir='ltr' id='par_1_49' title="bbox 564 3352 2161 3424">
     <span class='ocr_line' id='line_1_49' title="bbox 564 3352 2161 3424; baseline -0.002 -11"><span class='ocrx_word' id='word_1_376' title='bbox 564 3356 659 3413; x_wconf 83' lang='lat' dir='ltr'><strong>Ait</strong></span> <span class='ocrx_word' id='word_1_377' title='bbox 680 3354 943 3411; x_wconf 89' lang='lat' dir='ltr'><strong>Dominus</strong></span> <span class='ocrx_word' id='word_1_378' title='bbox 968 3353 1034 3409; x_wconf 92' lang='lat' dir='ltr'><strong>ad</strong></span> <span class='ocrx_word' id='word_1_379' title='bbox 1062 3353 1245 3410; x_wconf 83' lang='lat' dir='ltr'><strong>Mosen</strong></span> <span class='ocrx_word' id='word_1_380' title='bbox 1273 3371 1285 3412; x_wconf 92' lang='lat'>:</span> <span class='ocrx_word' id='word_1_381' title='bbox 1309 3352 1556 3424; x_wconf 89' lang='lat' dir='ltr'><strong>Loquere</strong></span> <span class='ocrx_word' id='word_1_382' title='bbox 1579 3354 1701 3410; x_wconf 86' lang='lat' dir='ltr'><strong>filiis</strong></span> <span class='ocrx_word' id='word_1_383' title='bbox 1724 3354 1910 3424; x_wconf 89' lang='lat' dir='ltr'><strong>Israel,</strong></span> <span class='ocrx_word' id='word_1_384' title='bbox 1935 3362 1989 3409; x_wconf 85' lang='lat' dir='ltr'><strong>et</strong></span> <span class='ocrx_word' id='word_1_385' title='bbox 2013 3354 2161 3410; x_wconf 87' lang='lat' dir='ltr'><strong>dices</strong></span> 
     </span>
    </p>
   </div>
   <div class='ocr_carea' id='block_1_50' title="bbox 553 3446 2163 3520">
    <p class='ocr_par' dir='ltr' id='par_1_50' title="bbox 553 3446 2163 3520">
     <span class='ocr_line' id='line_1_50' title="bbox 553 3446 2163 3520; baseline -0.002 -13"><span class='ocrx_word' id='word_1_386' title='bbox 553 3452 624 3507; x_wconf 90' lang='lat' dir='ltr'><strong>ad</strong></span> <span class='ocrx_word' id='word_1_387' title='bbox 654 3465 748 3507; x_wconf 91' lang='lat' dir='ltr'><strong>eos</strong></span> <span class='ocrx_word' id='word_1_388' title='bbox 776 3468 787 3505; x_wconf 91' lang='lat'>:</span> <span class='ocrx_word' id='word_1_389' title='bbox 820 3450 1048 3519; x_wconf 85' lang='lat' dir='ltr'><strong>Quando</strong></span> <span class='ocrx_word' id='word_1_390' title='bbox 1078 3447 1406 3520; x_wconf 80' lang='lat' dir='ltr'><strong>transgressi</strong></span> <span class='ocrx_word' id='word_1_391' title='bbox 1433 3447 1642 3503; x_wconf 91' lang='lat' dir='ltr'><strong>fueritis</strong></span> <span class='ocrx_word' id='word_1_392' title='bbox 1661 3446 1951 3504; x_wconf 77' lang='lat' dir='ltr'><strong>Iordanem</strong></span> <span class='ocrx_word' id='word_1_393' title='bbox 1976 3448 2028 3502; x_wconf 92' lang='lat' dir='ltr'><strong>in</strong></span> <span class='ocrx_word' id='word_1_394' title='bbox 2055 3457 2163 3504; x_wconf 90' lang='lat' dir='ltr'><strong>ter-</strong></span> 
     </span>
    </p>
   </div>
   <div class='ocr_carea' id='block_1_51' title="bbox 558 3540 2161 3611">
    <p class='ocr_par' dir='ltr' id='par_1_51' title="bbox 558 3540 2161 3611">
     <span class='ocr_line' id='line_1_51' title="bbox 558 3540 2161 3611; baseline -0.001 -12"><span class='ocrx_word' id='word_1_395' title='bbox 558 3559 677 3599; x_wconf 87' lang='lat' dir='ltr'><strong>ram</strong></span> <span class='ocrx_word' id='word_1_396' title='bbox 718 3540 1003 3611; x_wconf 87' lang='lat' dir='ltr'><strong>Chanaan,</strong></span> <span class='ocrx_word' id='word_1_397' title='bbox 1037 3540 1312 3596; x_wconf 90' lang='lat' dir='ltr'><strong>decernite</strong></span> <span class='ocrx_word' id='word_1_398' title='bbox 1350 3555 1474 3611; x_wconf 66' lang='lat' dir='ltr'><strong>quae</strong></span> <span class='ocrx_word' id='word_1_399' title='bbox 1500 3540 1665 3596; x_wconf 91' lang='lat' dir='ltr'><strong>urbes</strong></span> <span class='ocrx_word' id='word_1_400' title='bbox 1696 3554 1818 3595; x_wconf 92' lang='lat' dir='ltr'><strong>esse</strong></span> <span class='ocrx_word' id='word_1_401' title='bbox 1844 3541 2079 3597; x_wconf 88' lang='lat' dir='ltr'><strong>debeant</strong></span> <span class='ocrx_word' id='word_1_402' title='bbox 2108 3541 2161 3597; x_wconf 91' lang='lat' dir='ltr'><strong>in</strong></span> 
     </span>
    </p>
   </div>
   <div class='ocr_carea' id='block_1_52' title="bbox 562 3630 2165 3705">
    <p class='ocr_par' dir='ltr' id='par_1_52' title="bbox 562 3630 2165 3705">
     <span class='ocr_line' id='line_1_52' title="bbox 562 3630 2165 3705; baseline 0 -17"><span class='ocrx_word' id='word_1_403' title='bbox 562 3633 819 3705; x_wconf 66' lang='lat' dir='ltr'><strong>pra&#39;sidia</strong></span> <span class='ocrx_word' id='word_1_404' title='bbox 859 3632 1208 3704; x_wconf 89' lang='lat' dir='ltr'><strong>fugitivorum</strong></span> <span class='ocrx_word' id='word_1_405' title='bbox 1246 3630 1337 3701; x_wconf 86' lang='lat' dir='ltr'><strong>qui</strong></span> <span class='ocrx_word' id='word_1_406' title='bbox 1378 3632 1624 3686; x_wconf 89' lang='lat' dir='ltr'><strong>nolentes</strong></span> <span class='ocrx_word' id='word_1_407' title='bbox 1664 3631 1978 3703; x_wconf 88' lang='lat' dir='ltr'><strong>sanguinem</strong></span> <span class='ocrx_word' id='word_1_408' title='bbox 2013 3631 2165 3688; x_wconf 88' lang='lat' dir='ltr'><strong>fude-</strong></span> 
     </span>
    </p>
   </div>
   <div class='ocr_carea' id='block_1_53' title="bbox 466 3720 2165 3794">
    <p class='ocr_par' dir='ltr' id='par_1_53' title="bbox 466 3720 2165 3794">
     <span class='ocr_line' id='line_1_53' title="bbox 466 3720 2165 3794; baseline 0.004 -21"><span class='ocrx_word' id='word_1_409' title='bbox 466 3768 471 3773; x_wconf 89' lang='lat'><strong>.</strong></span> <span class='ocrx_word' id='word_1_410' title='bbox 563 3724 679 3782; x_wconf 83' lang='lat' dir='ltr'><strong>rint</strong></span> <span class='ocrx_word' id='word_1_411' title='bbox 711 3741 724 3776; x_wconf 91' lang='lat'>:</span> <span class='ocrx_word' id='word_1_412' title='bbox 754 3724 808 3778; x_wconf 91' lang='lat' dir='ltr'><strong>in</strong></span> <span class='ocrx_word' id='word_1_413' title='bbox 836 3722 1034 3794; x_wconf 91' lang='lat' dir='ltr'><strong>quibus</strong></span> <span class='ocrx_word' id='word_1_414' title='bbox 1061 3737 1183 3778; x_wconf 91' lang='lat' dir='ltr'><strong>cum</strong></span> <span class='ocrx_word' id='word_1_415' title='bbox 1217 3720 1375 3776; x_wconf 88' lang='lat' dir='ltr'><strong>fuerit</strong></span> <span class='ocrx_word' id='word_1_416' title='bbox 1402 3722 1681 3792; x_wconf 86' lang='lat' dir='ltr'><strong>profugus,</strong></span> <span class='ocrx_word' id='word_1_417' title='bbox 1711 3733 1973 3794; x_wconf 88' lang='lat' dir='ltr'><strong>cognatus</strong></span> <span class='ocrx_word' id='word_1_418' title='bbox 2000 3724 2165 3779; x_wconf 87' lang='lat' dir='ltr'><strong>occisi</strong></span> 
     </span>
    </p>
   </div>
   <div class='ocr_carea' id='block_1_54' title="bbox 570 3814 2168 3889">
    <p class='ocr_par' dir='ltr' id='par_1_54' title="bbox 570 3814 2168 3889">
     <span class='ocr_line' id='line_1_54' title="bbox 570 3814 2168 3889; baseline 0.001 -18"><span class='ocrx_word' id='word_1_419' title='bbox 570 3831 699 3872; x_wconf 90' lang='lat' dir='ltr'><strong>eum</strong></span> <span class='ocrx_word' id='word_1_420' title='bbox 736 3830 844 3872; x_wconf 91' lang='lat' dir='ltr'><strong>non</strong></span> <span class='ocrx_word' id='word_1_421' title='bbox 886 3816 1083 3885; x_wconf 87' lang='lat' dir='ltr'><strong>poterit</strong></span> <span class='ocrx_word' id='word_1_422' title='bbox 1118 3814 1392 3885; x_wconf 91' lang='lat' dir='ltr'><strong>occidere,</strong></span> <span class='ocrx_word' id='word_1_423' title='bbox 1430 3814 1606 3871; x_wconf 92' lang='lat' dir='ltr'><strong>donec</strong></span> <span class='ocrx_word' id='word_1_424' title='bbox 1640 3826 1743 3872; x_wconf 91' lang='lat' dir='ltr'><strong>stet</strong></span> <span class='ocrx_word' id='word_1_425' title='bbox 1783 3815 1836 3871; x_wconf 93' lang='lat' dir='ltr'><strong>in</strong></span> <span class='ocrx_word' id='word_1_426' title='bbox 1868 3826 2168 3889; x_wconf 89' lang='lat' dir='ltr'><strong>conspectu</strong></span> 
     </span>
    </p>
   </div>
   <div class='ocr_carea' id='block_1_55' title="bbox 569 3908 2170 3982">
    <p class='ocr_par' dir='ltr' id='par_1_55' title="bbox 569 3908 2170 3982">
     <span class='ocr_line' id='line_1_55' title="bbox 569 3908 2170 3982; baseline -0.001 -14"><span class='ocrx_word' id='word_1_427' title='bbox 569 3910 931 3968; x_wconf 84' lang='lat' dir='ltr'><strong>nmltitudinis</strong></span> <span class='ocrx_word' id='word_1_428' title='bbox 956 3954 970 3980; x_wconf 91' lang='lat'><strong>,</strong></span> <span class='ocrx_word' id='word_1_429' title='bbox 1011 3918 1066 3966; x_wconf 92' lang='lat' dir='ltr'><strong>et</strong></span> <span class='ocrx_word' id='word_1_430' title='bbox 1107 3920 1270 3965; x_wconf 88' lang='lat' dir='ltr'><strong>causa</strong></span> <span class='ocrx_word' id='word_1_431' title='bbox 1311 3908 1456 3965; x_wconf 93' lang='lat' dir='ltr'><strong>illius</strong></span> <span class='ocrx_word' id='word_1_432' title='bbox 1491 3909 1763 3981; x_wconf 90' lang='lat' dir='ltr'><strong>judicetur</strong></span> <span class='ocrx_word' id='word_1_433' title='bbox 1802 3910 1880 3982; x_wconf 89' lang='lat' dir='ltr'><strong>[h.</strong></span> <span class='ocrx_word' id='word_1_434' title='bbox 1924 3911 1990 3966; x_wconf 87' lang='lat' dir='ltr'><strong>ad</strong></span> <span class='ocrx_word' id='word_1_435' title='bbox 2027 3912 2170 3981; x_wconf 85' lang='lat' dir='ltr'><strong>judi-</strong></span> 
     </span>
    </p>
   </div>
   <div class='ocr_carea' id='block_1_56' title="bbox 571 4002 2168 4077">
    <p class='ocr_par' dir='ltr' id='par_1_56' title="bbox 571 4002 2168 4077">
     <span class='ocr_line' id='line_1_56' title="bbox 571 4002 2168 4077; baseline 0 -16"><span class='ocrx_word' id='word_1_436' title='bbox 571 4003 762 4077; x_wconf 90' lang='lat' dir='ltr'><strong>cium].</strong></span> <span class='ocrx_word' id='word_1_437' title='bbox 794 4005 871 4061; x_wconf 90' lang='lat' dir='ltr'><strong>De</strong></span> <span class='ocrx_word' id='word_1_438' title='bbox 901 4003 1033 4075; x_wconf 90' lang='lat' dir='ltr'><strong>ipsis</strong></span> <span class='ocrx_word' id='word_1_439' title='bbox 1071 4013 1256 4059; x_wconf 90' lang='lat' dir='ltr'><strong>autem</strong></span> <span class='ocrx_word' id='word_1_440' title='bbox 1300 4002 1547 4070; x_wconf 89' lang='lat' dir='ltr'><strong>urbibus,</strong></span> <span class='ocrx_word' id='word_1_441' title='bbox 1578 4020 1698 4075; x_wconf 62' lang='lat' dir='ltr'><strong>quae</strong></span> <span class='ocrx_word' id='word_1_442' title='bbox 1726 4004 1791 4060; x_wconf 90' lang='lat' dir='ltr'><strong>ad</strong></span> <span class='ocrx_word' id='word_1_443' title='bbox 1823 4004 2168 4075; x_wconf 81' lang='lat' dir='ltr'><strong>fugitivorum</strong></span> 
     </span>
    </p>
   </div>
   <div class='ocr_carea' id='block_1_57' title="bbox 564 4096 2173 4167">
    <p class='ocr_par' dir='ltr' id='par_1_57' title="bbox 564 4096 2173 4167">
     <span class='ocr_line' id='line_1_57' title="bbox 564 4096 2173 4167; baseline -0.001 -12"><span class='ocrx_word' id='word_1_444' title='bbox 564 4096 812 4155; x_wconf 83' lang='lat' dir='ltr'><strong>subsidia</strong></span> <span class='ocrx_word' id='word_1_445' title='bbox 849 4104 1192 4167; x_wconf 85' lang='lat' dir='ltr'><strong>separantur,</strong></span> <span class='ocrx_word' id='word_1_446' title='bbox 1235 4102 1347 4150; x_wconf 88' lang='lat' dir='ltr'><strong>tres</strong></span> <span class='ocrx_word' id='word_1_447' title='bbox 1384 4105 1546 4151; x_wconf 90' lang='lat' dir='ltr'><strong>erunt</strong></span> <span class='ocrx_word' id='word_1_448' title='bbox 1592 4106 1741 4151; x_wconf 88' lang='lat' dir='ltr'><strong>trans</strong></span> <span class='ocrx_word' id='word_1_449' title='bbox 1769 4096 2083 4167; x_wconf 79' lang='lat' dir='ltr'><strong>Iordanem,</strong></span> <span class='ocrx_word' id='word_1_450' title='bbox 2118 4106 2173 4155; x_wconf 90' lang='lat' dir='ltr'><strong>et</strong></span> 
     </span>
    </p>
   </div>
   <div class='ocr_carea' id='block_1_58' title="bbox 573 4185 2169 4260">
    <p class='ocr_par' dir='ltr' id='par_1_58' title="bbox 573 4185 2169 4260">
     <span class='ocr_line' id='line_1_58' title="bbox 573 4185 2169 4260; baseline -0.001 -15"><span class='ocrx_word' id='word_1_451' title='bbox 573 4199 688 4245; x_wconf 85' lang='lat' dir='ltr'><strong>tres</strong></span> <span class='ocrx_word' id='word_1_452' title='bbox 730 4197 897 4244; x_wconf 90' lang='lat' dir='ltr'><strong>erunt</strong></span> <span class='ocrx_word' id='word_1_453' title='bbox 940 4186 996 4243; x_wconf 92' lang='lat' dir='ltr'><strong>in</strong></span> <span class='ocrx_word' id='word_1_454' title='bbox 1027 4194 1171 4242; x_wconf 91' lang='lat' dir='ltr'><strong>terra</strong></span> <span class='ocrx_word' id='word_1_455' title='bbox 1200 4185 1481 4254; x_wconf 89' lang='lat' dir='ltr'><strong>Chanaan,</strong></span> <span class='ocrx_word' id='word_1_456' title='bbox 1512 4194 1620 4242; x_wconf 90' lang='lat' dir='ltr'><strong>tam</strong></span> <span class='ocrx_word' id='word_1_457' title='bbox 1664 4186 1787 4242; x_wconf 91' lang='lat' dir='ltr'><strong>ﬁliis</strong></span> <span class='ocrx_word' id='word_1_458' title='bbox 1816 4187 1984 4244; x_wconf 84' lang='lat' dir='ltr'><strong>Israel</strong></span> <span class='ocrx_word' id='word_1_459' title='bbox 2010 4205 2169 4260; x_wconf 89' lang='lat' dir='ltr'><strong>quam</strong></span> 
     </span>
    </p>
   </div>
   <div class='ocr_carea' id='block_1_59' title="bbox 577 4278 2174 4353">
    <p class='ocr_par' dir='ltr' id='par_1_59' title="bbox 577 4278 2174 4353">
     <span class='ocr_line' id='line_1_59' title="bbox 577 4278 2174 4353; baseline 0 -15"><span class='ocrx_word' id='word_1_460' title='bbox 577 4281 806 4338; x_wconf 88' lang='lat' dir='ltr'><strong>advenis</strong></span> <span class='ocrx_word' id='word_1_461' title='bbox 829 4288 992 4352; x_wconf 89' lang='lat' dir='ltr'><strong>atque</strong></span> <span class='ocrx_word' id='word_1_462' title='bbox 1023 4279 1343 4351; x_wconf 84' lang='lat' dir='ltr'><strong>peregrinis,</strong></span> <span class='ocrx_word' id='word_1_463' title='bbox 1369 4287 1429 4335; x_wconf 89' lang='lat' dir='ltr'><strong>ut</strong></span> <span class='ocrx_word' id='word_1_464' title='bbox 1454 4278 1731 4351; x_wconf 89' lang='lat' dir='ltr'><strong>confugiat</strong></span> <span class='ocrx_word' id='word_1_465' title='bbox 1752 4280 1818 4336; x_wconf 91' lang='lat' dir='ltr'><strong>ad</strong></span> <span class='ocrx_word' id='word_1_466' title='bbox 1846 4296 1939 4337; x_wconf 88' lang='lat' dir='ltr'><strong>eas</strong></span> <span class='ocrx_word' id='word_1_467' title='bbox 1965 4282 2052 4353; x_wconf 92' lang='lat' dir='ltr'><strong>qui</strong></span> <span class='ocrx_word' id='word_1_468' title='bbox 2078 4296 2174 4338; x_wconf 90' lang='lat' dir='ltr'><strong>uo-</strong></span> 
     </span>
    </p>
   </div>
   <div class='ocr_carea' id='block_1_60' title="bbox 573 4372 2176 4446">
    <p class='ocr_par' dir='ltr' id='par_1_60' title="bbox 573 4372 2176 4446">
     <span class='ocr_line' id='line_1_60' title="bbox 573 4372 2176 4446; baseline 0 -13"><span class='ocrx_word' id='word_1_469' title='bbox 573 4377 698 4433; x_wconf 90' lang='lat' dir='ltr'><strong>lens</strong></span> <span class='ocrx_word' id='word_1_470' title='bbox 726 4373 1042 4446; x_wconf 89' lang='lat' dir='ltr'><strong>sanguinem</strong></span> <span class='ocrx_word' id='word_1_471' title='bbox 1068 4373 1287 4429; x_wconf 87' lang='lat' dir='ltr'><strong>fuderit.</strong></span> <span class='ocrx_word' id='word_1_472' title='bbox 1312 4372 1369 4429; x_wconf 91' lang='lat' dir='ltr'><strong>Si</strong></span> <span class='ocrx_word' id='word_1_473' title='bbox 1395 4374 1514 4444; x_wconf 88' lang='lat' dir='ltr'><strong>quis</strong></span> <span class='ocrx_word' id='word_1_474' title='bbox 1537 4374 1684 4429; x_wconf 88' lang='lat' dir='ltr'><strong>ferro</strong></span> <span class='ocrx_word' id='word_1_475' title='bbox 1711 4373 1787 4446; x_wconf 86' lang='lat' dir='ltr'><strong>[h.</strong></span> <span class='ocrx_word' id='word_1_476' title='bbox 1812 4374 1869 4430; x_wconf 92' lang='lat' dir='ltr'><strong>Si</strong></span> <span class='ocrx_word' id='word_1_477' title='bbox 1893 4375 2014 4446; x_wconf 91' lang='lat' dir='ltr'><strong>quis</strong></span> <span class='ocrx_word' id='word_1_478' title='bbox 2038 4389 2176 4433; x_wconf 86' lang='lat' dir='ltr'><strong>vase</strong></span> 
     </span>
    </p>
   </div>
   <div class='ocr_carea' id='block_1_61' title="bbox 577 4466 2171 4541">
    <p class='ocr_par' dir='ltr' id='par_1_61' title="bbox 577 4466 2171 4541">
     <span class='ocr_line' id='line_1_61' title="bbox 577 4466 2171 4541; baseline 0 -15"><span class='ocrx_word' id='word_1_479' title='bbox 577 4468 735 4541; x_wconf 79' lang='lat' dir='ltr'><strong>ferri]</strong></span> <span class='ocrx_word' id='word_1_480' title='bbox 750 4467 1422 4540; x_wconf 89' lang='lat' dir='ltr'><strong>percusserit,etmortuus</strong></span> <span class='ocrx_word' id='word_1_481' title='bbox 1447 4466 1613 4524; x_wconf 91' lang='lat' dir='ltr'><strong>fuerit</strong></span> <span class='ocrx_word' id='word_1_482' title='bbox 1633 4468 1724 4538; x_wconf 89' lang='lat' dir='ltr'><strong>qui</strong></span> <span class='ocrx_word' id='word_1_483' title='bbox 1749 4483 2035 4538; x_wconf 91' lang='lat' dir='ltr'><strong>percussus</strong></span> <span class='ocrx_word' id='word_1_484' title='bbox 2055 4477 2171 4527; x_wconf 86' lang='lat' dir='ltr'><strong>est:</strong></span> 
     </span>
    </p>
   </div>
   <div class='ocr_carea' id='block_1_62' title="bbox 572 4564 2175 4638">
    <p class='ocr_par' dir='ltr' id='par_1_62' title="bbox 572 4564 2175 4638">
     <span class='ocr_line' id='line_1_62' title="bbox 572 4564 2175 4638; baseline -0.001 -13"><span class='ocrx_word' id='word_1_485' title='bbox 572 4582 706 4626; x_wconf 76' lang='lat' dir='ltr'><strong>reus</strong></span> <span class='ocrx_word' id='word_1_486' title='bbox 733 4566 840 4623; x_wconf 86' lang='lat' dir='ltr'><strong>erit</strong></span> <span class='ocrx_word' id='word_1_487' title='bbox 870 4564 1168 4629; x_wconf 89' lang='lat' dir='ltr'><strong>homicidii,</strong></span> <span class='ocrx_word' id='word_1_488' title='bbox 1201 4572 1258 4620; x_wconf 91' lang='lat' dir='ltr'><strong>et</strong></span> <span class='ocrx_word' id='word_1_489' title='bbox 1286 4564 1404 4635; x_wconf 91' lang='lat' dir='ltr'><strong>ipse</strong></span> <span class='ocrx_word' id='word_1_490' title='bbox 1431 4565 1713 4621; x_wconf 88' lang='lat' dir='ltr'><strong>morietur.</strong></span> <span class='ocrx_word' id='word_1_491' title='bbox 1747 4566 1805 4622; x_wconf 81' lang='lat' dir='ltr'><strong>Si</strong></span> <span class='ocrx_word' id='word_1_492' title='bbox 1829 4567 2060 4637; x_wconf 79' lang='lat' dir='ltr'><strong>lapidem</strong></span> <span class='ocrx_word' id='word_1_493' title='bbox 2088 4569 2175 4638; x_wconf 84' lang='lat' dir='ltr'><strong>je-</strong></span> 
     </span>
    </p>
   </div>
   <div class='ocr_carea' id='block_1_63' title="bbox 2261 1945 3865 2022">
    <p class='ocr_par' dir='ltr' id='par_1_63' title="bbox 2261 1945 3865 2022">
     <span class='ocr_line' id='line_1_63' title="bbox 2261 1945 3865 2022; baseline -0.002 -16"><span class='ocrx_word' id='word_1_494' title='bbox 2261 1952 2328 2008; x_wconf 90' lang='lat' dir='ltr'><strong>ab</strong></span> <span class='ocrx_word' id='word_1_495' title='bbox 2361 1967 2450 2019; x_wconf 93' lang='lat' dir='ltr'><strong>eo,</strong></span> <span class='ocrx_word' id='word_1_496' title='bbox 2496 1950 2585 2022; x_wconf 92' lang='lat' dir='ltr'><strong>qui</strong></span> <span class='ocrx_word' id='word_1_497' title='bbox 2613 1965 2740 2006; x_wconf 91' lang='lat' dir='ltr'><strong>reus</strong></span> <span class='ocrx_word' id='word_1_498' title='bbox 2768 1959 2851 2005; x_wconf 92' lang='lat' dir='ltr'><strong>est</strong></span> <span class='ocrx_word' id='word_1_499' title='bbox 2886 1948 3187 2021; x_wconf 88' lang='lat' dir='ltr'><strong>sanguinis,</strong></span> <span class='ocrx_word' id='word_1_500' title='bbox 3223 1949 3404 2004; x_wconf 90' lang='lat' dir='ltr'><strong>statim</strong></span> <span class='ocrx_word' id='word_1_501' title='bbox 3431 1956 3487 2004; x_wconf 89' lang='lat' dir='ltr'><strong>et</strong></span> <span class='ocrx_word' id='word_1_502' title='bbox 3516 1947 3633 2016; x_wconf 92' lang='lat' dir='ltr'><strong>ipse</strong></span> <span class='ocrx_word' id='word_1_503' title='bbox 3661 1945 3865 2002; x_wconf 86' lang='lat' dir='ltr'><strong>morie-</strong></span> 
     </span>
    </p>
   </div>
   <div class='ocr_carea' id='block_1_64' title="bbox 2256 2039 3867 2114">
    <p class='ocr_par' dir='ltr' id='par_1_64' title="bbox 2256 2039 3867 2114">
     <span class='ocr_line' id='line_1_64' title="bbox 2256 2039 3867 2114; baseline -0.004 -13"><span class='ocrx_word' id='word_1_504' title='bbox 2256 2054 2369 2101; x_wconf 92' lang='lat' dir='ltr'><strong>tur.</strong></span> <span class='ocrx_word' id='word_1_505' title='bbox 2397 2045 2635 2100; x_wconf 81' lang='lat' dir='ltr'><strong>Exsules</strong></span> <span class='ocrx_word' id='word_1_506' title='bbox 2673 2052 2727 2099; x_wconf 89' lang='lat' dir='ltr'><strong>et</strong></span> <span class='ocrx_word' id='word_1_507' title='bbox 2754 2042 2962 2114; x_wconf 85' lang='lat' dir='ltr'><strong>profugi</strong></span> <span class='ocrx_word' id='word_1_508' title='bbox 2992 2051 3121 2097; x_wconf 90' lang='lat' dir='ltr'><strong>ante</strong></span> <span class='ocrx_word' id='word_1_509' title='bbox 3148 2050 3377 2098; x_wconf 91' lang='lat' dir='ltr'><strong>mortem</strong></span> <span class='ocrx_word' id='word_1_510' title='bbox 3410 2039 3682 2110; x_wconf 88' lang='lat' dir='ltr'><strong>pontiﬁcis</strong></span> <span class='ocrx_word' id='word_1_511' title='bbox 3710 2039 3867 2095; x_wconf 90' lang='lat' dir='ltr'><strong>nullo</strong></span> 
     </span>
    </p>
   </div>
   <div class='ocr_carea' id='block_1_65' title="bbox 2266 2132 3866 2206">
    <p class='ocr_par' dir='ltr' id='par_1_65' title="bbox 2266 2132 3866 2206">
     <span class='ocr_line' id='line_1_65' title="bbox 2266 2132 3866 2206; baseline -0.004 -12"><span class='ocrx_word' id='word_1_512' title='bbox 2266 2137 2428 2194; x_wconf 89' lang='lat' dir='ltr'><strong>modo</strong></span> <span class='ocrx_word' id='word_1_513' title='bbox 2472 2137 2522 2192; x_wconf 91' lang='lat' dir='ltr'><strong>in</strong></span> <span class='ocrx_word' id='word_1_514' title='bbox 2570 2135 2735 2192; x_wconf 89' lang='lat' dir='ltr'><strong>urbes</strong></span> <span class='ocrx_word' id='word_1_515' title='bbox 2779 2150 2904 2191; x_wconf 89' lang='lat' dir='ltr'><strong>suas</strong></span> <span class='ocrx_word' id='word_1_516' title='bbox 2947 2136 3147 2192; x_wconf 83' lang='lat' dir='ltr'><strong>reverti</strong></span> <span class='ocrx_word' id='word_1_517' title='bbox 3193 2143 3492 2206; x_wconf 90' lang='lat' dir='ltr'><strong>poterunt:</strong></span> <span class='ocrx_word' id='word_1_518' title='bbox 3526 2132 3703 2206; x_wconf 91' lang='lat' dir='ltr'><strong>ne[h.</strong></span> <span class='ocrx_word' id='word_1_519' title='bbox 3738 2132 3866 2205; x_wconf 83' lang='lat' dir='ltr'><strong>quia</strong></span> 
     </span>
    </p>
   </div>
   <div class='ocr_carea' id='block_1_66' title="bbox 2256 2227 3865 2300">
    <p class='ocr_par' dir='ltr' id='par_1_66' title="bbox 2256 2227 3865 2300">
     <span class='ocr_line' id='line_1_66' title="bbox 2256 2227 3865 2300; baseline -0.004 -12"><span class='ocrx_word' id='word_1_520' title='bbox 2256 2234 2521 2289; x_wconf 83' lang='lat' dir='ltr'><strong>morietur.</strong></span> <span class='ocrx_word' id='word_1_521' title='bbox 2551 2229 2673 2285; x_wconf 86' lang='lat' dir='ltr'><strong>Non</strong></span> <span class='ocrx_word' id='word_1_522' title='bbox 2708 2230 2985 2300; x_wconf 89' lang='lat' dir='ltr'><strong>accipietis</strong></span> <span class='ocrx_word' id='word_1_523' title='bbox 3016 2230 3239 2299; x_wconf 83' lang='lat' dir='ltr'><strong>pretium</strong></span> <span class='ocrx_word' id='word_1_524' title='bbox 3267 2228 3332 2284; x_wconf 83' lang='lat' dir='ltr'><strong>ab</strong></span> <span class='ocrx_word' id='word_1_525' title='bbox 3363 2227 3625 2284; x_wconf 71' lang='lat' dir='ltr'><strong>exsulibus</strong></span> <span class='ocrx_word' id='word_1_526' title='bbox 3650 2235 3707 2283; x_wconf 88' lang='lat' dir='ltr'><strong>et</strong></span> <span class='ocrx_word' id='word_1_527' title='bbox 3734 2241 3865 2297; x_wconf 89' lang='lat' dir='ltr'><strong>pro-</strong></span> 
     </span>
    </p>
   </div>
   <div class='ocr_carea' id='block_1_67' title="bbox 2259 2322 3866 2399">
    <p class='ocr_par' dir='ltr' id='par_1_67' title="bbox 2259 2322 3866 2399">
     <span class='ocr_line' id='line_1_67' title="bbox 2259 2322 3866 2399; baseline -0.004 -17"><span class='ocrx_word' id='word_1_528' title='bbox 2259 2327 2420 2399; x_wconf 86' lang='lat' dir='ltr'><strong>fugis,</strong></span> <span class='ocrx_word' id='word_1_529' title='bbox 2453 2334 2511 2380; x_wconf 92' lang='lat' dir='ltr'><strong>ut</strong></span> <span class='ocrx_word' id='word_1_530' title='bbox 2550 2333 2679 2380; x_wconf 90' lang='lat' dir='ltr'><strong>ante</strong></span> <span class='ocrx_word' id='word_1_531' title='bbox 2723 2333 2952 2379; x_wconf 89' lang='lat' dir='ltr'><strong>mortem</strong></span> <span class='ocrx_word' id='word_1_532' title='bbox 2986 2323 3257 2394; x_wconf 75' lang='lat' dir='ltr'><strong>ponti/teis</strong></span> <span class='ocrx_word' id='word_1_533' title='bbox 3302 2323 3355 2378; x_wconf 94' lang='lat' dir='ltr'><strong>in</strong></span> <span class='ocrx_word' id='word_1_534' title='bbox 3385 2322 3550 2379; x_wconf 91' lang='lat' dir='ltr'><strong>urbes</strong></span> <span class='ocrx_word' id='word_1_535' title='bbox 3580 2333 3866 2378; x_wconf 83' lang='lat' dir='ltr'><strong>revertan-</strong></span> 
     </span>
    </p>
   </div>
   <div class='ocr_carea' id='block_1_68' title="bbox 2258 2408 3861 2495">
    <p class='ocr_par' dir='ltr' id='par_1_68' title="bbox 2258 2408 3861 2495">
     <span class='ocr_line' id='line_1_68' title="bbox 2258 2408 3861 2495; baseline -0.004 -19"><span class='ocrx_word' id='word_1_536' title='bbox 2258 2428 2367 2476; x_wconf 91' lang='lat' dir='ltr'><strong>tur.</strong></span> <span class='ocrx_word' id='word_1_537' title='bbox 2407 2417 2507 2491; x_wconf 87' lang='lat' dir='ltr'><strong>Ne]</strong></span> <span class='ocrx_word' id='word_1_538' title='bbox 2550 2408 2804 2495; x_wconf 23' lang='lat' dir='ltr'><strong>pollua‘tis</strong></span> <span class='ocrx_word' id='word_1_539' title='bbox 2849 2425 3050 2472; x_wconf 89' lang='lat' dir='ltr'><strong>terram</strong></span> <span class='ocrx_word' id='word_1_540' title='bbox 3097 2413 3443 2471; x_wconf 81' lang='lat' dir='ltr'><strong>habitationis</strong></span> <span class='ocrx_word' id='word_1_541' title='bbox 3485 2421 3701 2482; x_wconf 65' lang='lat' dir='ltr'><strong>vestrm,</strong></span> <span class='ocrx_word' id='word_1_542' title='bbox 3733 2429 3861 2484; x_wconf 76' lang='lat' dir='ltr'><strong>qua:</strong></span> 
     </span>
    </p>
   </div>
   <div class='ocr_carea' id='block_1_69' title="bbox 2259 2509 3869 2581">
    <p class='ocr_par' dir='ltr' id='par_1_69' title="bbox 2259 2509 3869 2581">
     <span class='ocr_line' id='line_1_69' title="bbox 2259 2509 3869 2581; baseline -0.002 -11"><span class='ocrx_word' id='word_1_543' title='bbox 2259 2512 2558 2571; x_wconf 85' lang='lat' dir='ltr'><strong>insontium</strong></span> <span class='ocrx_word' id='word_1_544' title='bbox 2589 2528 2782 2569; x_wconf 89' lang='lat' dir='ltr'><strong>cruore</strong></span> <span class='ocrx_word' id='word_1_545' title='bbox 2820 2512 3123 2568; x_wconf 91' lang='lat' dir='ltr'><strong>maculatur</strong></span> <span class='ocrx_word' id='word_1_546' title='bbox 3156 2529 3170 2566; x_wconf 92' lang='lat'><strong>:</strong></span> <span class='ocrx_word' id='word_1_547' title='bbox 3204 2526 3307 2568; x_wconf 90' lang='lat' dir='ltr'><strong>nec</strong></span> <span class='ocrx_word' id='word_1_548' title='bbox 3344 2511 3503 2567; x_wconf 85' lang='lat' dir='ltr'><strong>aliter</strong></span> <span class='ocrx_word' id='word_1_549' title='bbox 3528 2509 3739 2581; x_wconf 80' lang='lat' dir='ltr'><strong>expiari</strong></span> <span class='ocrx_word' id='word_1_550' title='bbox 3767 2523 3869 2581; x_wconf 88' lang='lat' dir='ltr'><strong>po-</strong></span> 
     </span>
    </p>
   </div>
   <div class='ocr_carea' id='block_1_70' title="bbox 2258 2606 3866 2680">
    <p class='ocr_par' dir='ltr' id='par_1_70' title="bbox 2258 2606 3866 2680">
     <span class='ocr_line' id='line_1_70' title="bbox 2258 2606 3866 2680; baseline -0.001 -15"><span class='ocrx_word' id='word_1_551' title='bbox 2258 2617 2381 2676; x_wconf 88' lang='lat' dir='ltr'><strong>test,</strong></span> <span class='ocrx_word' id='word_1_552' title='bbox 2405 2610 2506 2663; x_wconf 88' lang='lat' dir='ltr'><strong>nisi</strong></span> <span class='ocrx_word' id='word_1_553' title='bbox 2534 2623 2628 2679; x_wconf 90' lang='lat' dir='ltr'><strong>per</strong></span> <span class='ocrx_word' id='word_1_554' title='bbox 2650 2607 2769 2679; x_wconf 90' lang='lat' dir='ltr'><strong>ejus</strong></span> <span class='ocrx_word' id='word_1_555' title='bbox 2795 2608 3136 2679; x_wconf 88' lang='lat' dir='ltr'><strong>sanguinem,</strong></span> <span class='ocrx_word' id='word_1_556' title='bbox 3167 2606 3260 2680; x_wconf 92' lang='lat' dir='ltr'><strong>qui</strong></span> <span class='ocrx_word' id='word_1_557' title='bbox 3289 2607 3523 2664; x_wconf 89' lang='lat' dir='ltr'><strong>alterius</strong></span> <span class='ocrx_word' id='word_1_558' title='bbox 3543 2608 3866 2679; x_wconf 87' lang='lat' dir='ltr'><strong>sanguinem</strong></span> 
     </span>
    </p>
   </div>
   <div class='ocr_carea' id='block_1_71' title="bbox 2255 2699 3865 2771">
    <p class='ocr_par' dir='ltr' id='par_1_71' title="bbox 2255 2699 3865 2771">
     <span class='ocr_line' id='line_1_71' title="bbox 2255 2699 3865 2771; baseline 0.001 -15"><span class='ocrx_word' id='word_1_559' title='bbox 2255 2701 2477 2757; x_wconf 88' lang='lat' dir='ltr'><strong>fuderit.</strong></span> <span class='ocrx_word' id='word_1_560' title='bbox 2510 2704 2690 2771; x_wconf 84' lang='lat' dir='ltr'><strong>Atque</strong></span> <span class='ocrx_word' id='word_1_561' title='bbox 2718 2702 2791 2756; x_wconf 90' lang='lat' dir='ltr'><strong>ita</strong></span> <span class='ocrx_word' id='word_1_562' title='bbox 2817 2701 3202 2757; x_wconf 86' lang='lat' dir='ltr'><strong>emundahitur</strong></span> <span class='ocrx_word' id='word_1_563' title='bbox 3232 2709 3411 2757; x_wconf 86' lang='lat' dir='ltr'><strong>vestra</strong></span> <span class='ocrx_word' id='word_1_564' title='bbox 3440 2699 3740 2771; x_wconf 82' lang='lat' dir='ltr'><strong>possessio,</strong></span> <span class='ocrx_word' id='word_1_565' title='bbox 3774 2714 3865 2757; x_wconf 89' lang='lat' dir='ltr'><strong>me</strong></span> 
     </span>
    </p>
   </div>
   <div class='ocr_carea' id='block_1_72' title="bbox 2255 2794 3864 2867">
    <p class='ocr_par' dir='ltr' id='par_1_72' title="bbox 2255 2794 3864 2867">
     <span class='ocr_line' id='line_1_72' title="bbox 2255 2794 3864 2867; baseline -0.001 -14"><span class='ocrx_word' id='word_1_566' title='bbox 2255 2806 2633 2853; x_wconf 82' lang='lat' dir='ltr'><strong>commorante</strong></span> <span class='ocrx_word' id='word_1_567' title='bbox 2664 2795 2970 2851; x_wconf 91' lang='lat' dir='ltr'><strong>vobiscum.</strong></span> <span class='ocrx_word' id='word_1_568' title='bbox 3004 2796 3116 2867; x_wconf 84' lang='lat' dir='ltr'><strong>Ego</strong></span> <span class='ocrx_word' id='word_1_569' title='bbox 3139 2794 3286 2852; x_wconf 90' lang='lat' dir='ltr'><strong>enim</strong></span> <span class='ocrx_word' id='word_1_570' title='bbox 3314 2809 3432 2851; x_wconf 90' lang='lat' dir='ltr'><strong>sum</strong></span> <span class='ocrx_word' id='word_1_571' title='bbox 3458 2795 3743 2863; x_wconf 88' lang='lat' dir='ltr'><strong>Dominus,</strong></span> <span class='ocrx_word' id='word_1_572' title='bbox 3767 2794 3864 2867; x_wconf 85' lang='lat' dir='ltr'><strong>qui</strong></span> 
     </span>
    </p>
   </div>
   <div class='ocr_carea' id='block_1_73' title="bbox 2257 2888 3004 2944">
    <p class='ocr_par' dir='ltr' id='par_1_73' title="bbox 2257 2888 3004 2944">
     <span class='ocr_line' id='line_1_73' title="bbox 2257 2888 3004 2944; baseline 0 0"><span class='ocrx_word' id='word_1_573' title='bbox 2257 2888 2441 2944; x_wconf 85' lang='lat' dir='ltr'><strong>habito</strong></span> <span class='ocrx_word' id='word_1_574' title='bbox 2474 2888 2614 2944; x_wconf 89' lang='lat' dir='ltr'><strong>inter</strong></span> <span class='ocrx_word' id='word_1_575' title='bbox 2641 2888 2783 2944; x_wconf 92' lang='lat' dir='ltr'><strong>ﬁlios</strong></span> <span class='ocrx_word' id='word_1_576' title='bbox 2814 2888 3004 2944; x_wconf 88' lang='lat' dir='ltr'><strong>Israel.</strong></span> 
     </span>
    </p>
   </div>
   <div class='ocr_carea' id='block_1_74' title="bbox 2328 2980 3869 3055">
    <p class='ocr_par' dir='ltr' id='par_1_74' title="bbox 2328 2980 3869 3055">
     <span class='ocr_line' id='line_1_74' title="bbox 2328 2980 3869 3055; baseline -0.001 -18"><span class='ocrx_word' id='word_1_577' title='bbox 2328 2982 2409 3053; x_wconf 67' lang='lat' dir='ltr'><strong>te.</strong></span> <span class='ocrx_word' id='word_1_578' title='bbox 2442 2981 2672 3046; x_wconf 80' lang='lat' dir='ltr'><strong>LXXIV,</strong></span> <span class='ocrx_word' id='word_1_579' title='bbox 2706 2980 2768 3037; x_wconf 87' lang='lat' dir='ltr'><strong>c.</strong></span> <span class='ocrx_word' id='word_1_580' title='bbox 2798 2980 2983 3048; x_wconf 81' lang='lat' dir='ltr'><strong>xcvr,</strong></span> <span class='ocrx_word' id='word_1_581' title='bbox 3025 2982 3155 3055; x_wconf 84' lang='lat' dir='ltr'><strong>Cap.</strong></span> <span class='ocrx_word' id='word_1_582' title='bbox 3194 2981 3464 3055; x_wconf 67' lang='lat' dir='ltr'><strong>xxxvu</strong></span> <span class='ocrx_word' id='word_1_583' title='bbox 3496 2985 3869 3040; x_wconf 72' lang='lat' dir='ltr'><strong>Accesserant</strong></span> 
     </span>
    </p>
   </div>
   <div class='ocr_carea' id='block_1_75' title="bbox 2261 3070 3867 3147">
    <p class='ocr_par' dir='ltr' id='par_1_75' title="bbox 2261 3070 3867 3147">
     <span class='ocr_line' id='line_1_75' title="bbox 2261 3070 3867 3147; baseline 0.004 -17"><span class='ocrx_word' id='word_1_584' title='bbox 2261 3087 2440 3132; x_wconf 88' lang='lat' dir='ltr'><strong>autem</strong></span> <span class='ocrx_word' id='word_1_585' title='bbox 2471 3075 2744 3147; x_wconf 84' lang='lat' dir='ltr'><strong>principes</strong></span> <span class='ocrx_word' id='word_1_586' title='bbox 2765 3076 3093 3133; x_wconf 88' lang='lat' dir='ltr'><strong>familiarum</strong></span> <span class='ocrx_word' id='word_1_587' title='bbox 3123 3077 3325 3135; x_wconf 89' lang='lat' dir='ltr'><strong>Galaad</strong></span> <span class='ocrx_word' id='word_1_588' title='bbox 3354 3076 3448 3134; x_wconf 86' lang='lat' dir='ltr'><strong>ﬁlii</strong></span> <span class='ocrx_word' id='word_1_589' title='bbox 3479 3070 3733 3143; x_wconf 86' lang='lat' dir='ltr'><strong>Macehir,</strong></span> <span class='ocrx_word' id='word_1_590' title='bbox 3767 3078 3867 3136; x_wconf 87' lang='lat' dir='ltr'><strong>ﬁlii</strong></span> 
     </span>
    </p>
   </div>
   <div class='ocr_carea' id='block_1_76' title="bbox 2258 3160 3939 3244">
    <p class='ocr_par' dir='ltr' id='par_1_76' title="bbox 2258 3160 3939 3244">
     <span class='ocr_line' id='line_1_76' title="bbox 2258 3160 3939 3244; baseline 0.002 -19"><span class='ocrx_word' id='word_1_591' title='bbox 2258 3170 2502 3225; x_wconf 87' lang='lat' dir='ltr'><strong>Manasse</strong></span> <span class='ocrx_word' id='word_1_592' title='bbox 2533 3170 2601 3226; x_wconf 92' lang='lat' dir='ltr'><strong>de</strong></span> <span class='ocrx_word' id='word_1_593' title='bbox 2630 3171 2798 3241; x_wconf 88' lang='lat' dir='ltr'><strong>stirpe</strong></span> <span class='ocrx_word' id='word_1_594' title='bbox 2829 3170 3063 3227; x_wconf 88' lang='lat' dir='ltr'><strong>ﬁliorum</strong></span> <span class='ocrx_word' id='word_1_595' title='bbox 3096 3171 3174 3244; x_wconf 91' lang='lat' dir='ltr'><strong>[h.</strong></span> <span class='ocrx_word' id='word_1_596' title='bbox 3220 3171 3501 3244; x_wconf 87' lang='lat' dir='ltr'><strong>Principes</strong></span> <span class='ocrx_word' id='word_1_597' title='bbox 3528 3171 3862 3228; x_wconf 85' lang='lat' dir='ltr'><strong>familiarum</strong></span> <span class='ocrx_word' id='word_1_598' title='bbox 3936 3160 3939 3163; x_wconf 15' lang='grc' dir='ltr'>Ἴ</span> 
     </span>
    </p>
   </div>
   <div class='ocr_carea' id='block_1_77' title="bbox 3177 3265 3872 3338">
    <p class='ocr_par' dir='ltr' id='par_1_77' title="bbox 3177 3265 3872 3338">
     <span class='ocr_line' id='line_1_77' title="bbox 3177 3265 3872 3338; baseline 0.003 -18"><span class='ocrx_word' id='word_1_599' title='bbox 3177 3285 3189 3319; x_wconf 92' lang='lat'>:</span> <span class='ocrx_word' id='word_1_600' title='bbox 3243 3265 3521 3338; x_wconf 88' lang='lat' dir='ltr'><strong>locutique</strong></span> <span class='ocrx_word' id='word_1_601' title='bbox 3561 3276 3686 3323; x_wconf 90' lang='lat' dir='ltr'><strong>sunt</strong></span> <span class='ocrx_word' id='word_1_602' title='bbox 3733 3266 3872 3322; x_wconf 83' lang='lat' dir='ltr'><strong>Mosi</strong></span> 
     </span>
    </p>
   </div>
   <div class='ocr_carea' id='block_1_78' title="bbox 2263 3357 3873 3431">
    <p class='ocr_par' dir='ltr' id='par_1_78' title="bbox 2263 3357 3873 3431">
     <span class='ocr_line' id='line_1_78' title="bbox 2263 3357 3873 3431; baseline 0.002 -18"><span class='ocrx_word' id='word_1_603' title='bbox 2263 3372 2447 3414; x_wconf 89' lang='lat' dir='ltr'><strong>coram</strong></span> <span class='ocrx_word' id='word_1_604' title='bbox 2494 3357 2833 3430; x_wconf 91' lang='lat' dir='ltr'><strong>principibus</strong></span> <span class='ocrx_word' id='word_1_605' title='bbox 2872 3358 3059 3425; x_wconf 77' lang='lat' dir='ltr'><strong>Israel,</strong></span> <span class='ocrx_word' id='word_1_606' title='bbox 3091 3369 3254 3431; x_wconf 88' lang='lat' dir='ltr'><strong>atque</strong></span> <span class='ocrx_word' id='word_1_607' title='bbox 3282 3359 3538 3416; x_wconf 84' lang='lat' dir='ltr'><strong>dixerunt</strong></span> <span class='ocrx_word' id='word_1_608' title='bbox 3569 3377 3584 3418; x_wconf 86' lang='lat'><strong>:</strong></span> <span class='ocrx_word' id='word_1_609' title='bbox 3616 3358 3737 3416; x_wconf 86' lang='lat' dir='ltr'><strong>Tibi</strong></span> <span class='ocrx_word' id='word_1_610' title='bbox 3765 3358 3873 3416; x_wconf 87' lang='lat' dir='ltr'><strong>do-</strong></span> 
     </span>
    </p>
   </div>
   <div class='ocr_carea' id='block_1_79' title="bbox 2267 3450 3877 3522">
    <p class='ocr_par' dir='ltr' id='par_1_79' title="bbox 2267 3450 3877 3522">
     <span class='ocr_line' id='line_1_79' title="bbox 2267 3450 3877 3522; baseline 0.001 -17"><span class='ocrx_word' id='word_1_611' title='bbox 2267 3450 2418 3505; x_wconf 92' lang='lat' dir='ltr'><strong>mino</strong></span> <span class='ocrx_word' id='word_1_612' title='bbox 2444 3462 2634 3505; x_wconf 90' lang='lat' dir='ltr'><strong>nostro</strong></span> <span class='ocrx_word' id='word_1_613' title='bbox 2666 3451 2924 3522; x_wconf 84' lang='lat' dir='ltr'><strong>praecepit</strong></span> <span class='ocrx_word' id='word_1_614' title='bbox 2953 3451 3241 3517; x_wconf 91' lang='lat' dir='ltr'><strong>Dominus,</strong></span> <span class='ocrx_word' id='word_1_615' title='bbox 3284 3461 3343 3507; x_wconf 91' lang='lat' dir='ltr'><strong>ut</strong></span> <span class='ocrx_word' id='word_1_616' title='bbox 3370 3460 3572 3508; x_wconf 89' lang='lat' dir='ltr'><strong>terram</strong></span> <span class='ocrx_word' id='word_1_617' title='bbox 3604 3460 3757 3508; x_wconf 90' lang='lat' dir='ltr'><strong>sorte</strong></span> <span class='ocrx_word' id='word_1_618' title='bbox 3788 3452 3877 3508; x_wconf 88' lang='lat' dir='ltr'><strong>di-</strong></span> 
     </span>
    </p>
   </div>
   <div class='ocr_carea' id='block_1_80' title="bbox 2266 3542 3879 3616">
    <p class='ocr_par' dir='ltr' id='par_1_80' title="bbox 2266 3542 3879 3616">
     <span class='ocr_line' id='line_1_80' title="bbox 2266 3542 3879 3616; baseline 0.004 -19"><span class='ocrx_word' id='word_1_619' title='bbox 2266 3542 2480 3599; x_wconf 89' lang='lat' dir='ltr'><strong>videres</strong></span> <span class='ocrx_word' id='word_1_620' title='bbox 2524 3543 2653 3598; x_wconf 88' lang='lat' dir='ltr'><strong>filiis</strong></span> <span class='ocrx_word' id='word_1_621' title='bbox 2690 3543 2878 3611; x_wconf 89' lang='lat' dir='ltr'><strong>Israel,</strong></span> <span class='ocrx_word' id='word_1_622' title='bbox 2919 3552 2977 3600; x_wconf 86' lang='lat' dir='ltr'><strong>et</strong></span> <span class='ocrx_word' id='word_1_623' title='bbox 3018 3554 3077 3600; x_wconf 92' lang='lat' dir='ltr'><strong>ut</strong></span> <span class='ocrx_word' id='word_1_624' title='bbox 3113 3545 3329 3601; x_wconf 89' lang='lat' dir='ltr'><strong>ﬁliabus</strong></span> <span class='ocrx_word' id='word_1_625' title='bbox 3367 3545 3640 3616; x_wconf 83' lang='lat' dir='ltr'><strong>Salphaad</strong></span> <span class='ocrx_word' id='word_1_626' title='bbox 3682 3545 3879 3604; x_wconf 89' lang='lat' dir='ltr'><strong>fratris</strong></span> 
     </span>
    </p>
   </div>
   <div class='ocr_carea' id='block_1_81' title="bbox 2268 3635 3880 3710">
    <p class='ocr_par' dir='ltr' id='par_1_81' title="bbox 2268 3635 3880 3710">
     <span class='ocr_line' id='line_1_81' title="bbox 2268 3635 3880 3710; baseline 0.002 -19"><span class='ocrx_word' id='word_1_627' title='bbox 2268 3636 2445 3691; x_wconf 89' lang='lat' dir='ltr'><strong>nostri</strong></span> <span class='ocrx_word' id='word_1_628' title='bbox 2482 3635 2644 3691; x_wconf 86' lang='lat' dir='ltr'><strong>dares</strong></span> <span class='ocrx_word' id='word_1_629' title='bbox 2684 3638 3095 3707; x_wconf 86' lang='lat' dir='ltr'><strong>possessionem</strong></span> <span class='ocrx_word' id='word_1_630' title='bbox 3120 3636 3360 3693; x_wconf 88' lang='lat' dir='ltr'><strong>debitam</strong></span> <span class='ocrx_word' id='word_1_631' title='bbox 3401 3637 3537 3708; x_wconf 90' lang='lat' dir='ltr'><strong>patri</strong></span> <span class='ocrx_word' id='word_1_632' title='bbox 3587 3656 3601 3692; x_wconf 92' lang='lat'><strong>:</strong></span> <span class='ocrx_word' id='word_1_633' title='bbox 3651 3652 3785 3710; x_wconf 82' lang='lat' dir='ltr'><strong>quas</strong></span> <span class='ocrx_word' id='word_1_634' title='bbox 3828 3638 3880 3694; x_wconf 91' lang='lat' dir='ltr'><strong>si</strong></span> 
     </span>
    </p>
   </div>
   <div class='ocr_carea' id='block_1_82' title="bbox 2269 3730 3882 3804">
    <p class='ocr_par' dir='ltr' id='par_1_82' title="bbox 2269 3730 3882 3804">
     <span class='ocr_line' id='line_1_82' title="bbox 2269 3730 3882 3804; baseline 0.001 -17"><span class='ocrx_word' id='word_1_635' title='bbox 2269 3730 2494 3787; x_wconf 90' lang='lat' dir='ltr'><strong>alterius</strong></span> <span class='ocrx_word' id='word_1_636' title='bbox 2534 3732 2705 3787; x_wconf 87' lang='lat' dir='ltr'><strong>tribus</strong></span> <span class='ocrx_word' id='word_1_637' title='bbox 2748 3730 2997 3789; x_wconf 84' lang='lat' dir='ltr'><strong>homines</strong></span> <span class='ocrx_word' id='word_1_638' title='bbox 3028 3746 3232 3788; x_wconf 82' lang='lat' dir='ltr'><strong>uxores</strong></span> <span class='ocrx_word' id='word_1_639' title='bbox 3258 3732 3590 3804; x_wconf 86' lang='lat' dir='ltr'><strong>acceperint,</strong></span> <span class='ocrx_word' id='word_1_640' title='bbox 3617 3741 3882 3804; x_wconf 84' lang='lat' dir='ltr'><strong>sequetur</strong></span> 
     </span>
    </p>
   </div>
   <div class='ocr_carea' id='block_1_83' title="bbox 2271 3823 3884 3893">
    <p class='ocr_par' dir='ltr' id='par_1_83' title="bbox 2271 3823 3884 3893">
     <span class='ocr_line' id='line_1_83' title="bbox 2271 3823 3884 3893; baseline 0.001 -14"><span class='ocrx_word' id='word_1_641' title='bbox 2271 3823 2546 3893; x_wconf 90' lang='lat' dir='ltr'><strong>possessio</strong></span> <span class='ocrx_word' id='word_1_642' title='bbox 2583 3838 2702 3890; x_wconf 88' lang='lat' dir='ltr'><strong>sua,</strong></span> <span class='ocrx_word' id='word_1_643' title='bbox 2737 3832 2792 3879; x_wconf 89' lang='lat' dir='ltr'><strong>et</strong></span> <span class='ocrx_word' id='word_1_644' title='bbox 2830 3825 3090 3880; x_wconf 85' lang='lat' dir='ltr'><strong>translata</strong></span> <span class='ocrx_word' id='word_1_645' title='bbox 3120 3825 3193 3880; x_wconf 84' lang='lat' dir='ltr'><strong>ad</strong></span> <span class='ocrx_word' id='word_1_646' title='bbox 3231 3823 3392 3879; x_wconf 91' lang='lat' dir='ltr'><strong>aliam</strong></span> <span class='ocrx_word' id='word_1_647' title='bbox 3423 3823 3646 3893; x_wconf 91' lang='lat' dir='ltr'><strong>tribum,</strong></span> <span class='ocrx_word' id='word_1_648' title='bbox 3677 3825 3749 3880; x_wconf 92' lang='lat' dir='ltr'><strong>de</strong></span> <span class='ocrx_word' id='word_1_649' title='bbox 3778 3839 3884 3880; x_wconf 91' lang='lat' dir='ltr'><strong>no-</strong></span> 
     </span>
    </p>
   </div>
   <div class='ocr_carea' id='block_1_84' title="bbox 2272 3915 3886 3989">
    <p class='ocr_par' dir='ltr' id='par_1_84' title="bbox 2272 3915 3886 3989">
     <span class='ocr_line' id='line_1_84' title="bbox 2272 3915 3886 3989; baseline 0.001 -18"><span class='ocrx_word' id='word_1_650' title='bbox 2272 3925 2385 3971; x_wconf 87' lang='lat' dir='ltr'><strong>stra</strong></span> <span class='ocrx_word' id='word_1_651' title='bbox 2417 3915 2737 3972; x_wconf 81' lang='lat' dir='ltr'><strong>haereditate</strong></span> <span class='ocrx_word' id='word_1_652' title='bbox 2764 3917 3062 3974; x_wconf 90' lang='lat' dir='ltr'><strong>minuetur.</strong></span> <span class='ocrx_word' id='word_1_653' title='bbox 3095 3918 3276 3989; x_wconf 89' lang='lat' dir='ltr'><strong>Atque</strong></span> <span class='ocrx_word' id='word_1_654' title='bbox 3304 3916 3380 3972; x_wconf 88' lang='lat' dir='ltr'><strong>ita</strong></span> <span class='ocrx_word' id='word_1_655' title='bbox 3411 3916 3524 3988; x_wconf 90' lang='lat' dir='ltr'><strong>ﬁet,</strong></span> <span class='ocrx_word' id='word_1_656' title='bbox 3556 3926 3616 3972; x_wconf 92' lang='lat' dir='ltr'><strong>ut</strong></span> <span class='ocrx_word' id='word_1_657' title='bbox 3640 3931 3764 3972; x_wconf 90' lang='lat' dir='ltr'><strong>cum</strong></span> <span class='ocrx_word' id='word_1_658' title='bbox 3791 3917 3886 3987; x_wconf 85' lang='lat' dir='ltr'><strong>ju—</strong></span> 
     </span>
    </p>
   </div>
   <div class='ocr_carea' id='block_1_85' title="bbox 2271 4008 3886 4083">
    <p class='ocr_par' dir='ltr' id='par_1_85' title="bbox 2271 4008 3886 4083">
     <span class='ocr_line' id='line_1_85' title="bbox 2271 4008 3886 4083; baseline -0.001 -17"><span class='ocrx_word' id='word_1_659' title='bbox 2271 4010 2487 4079; x_wconf 88' lang='lat' dir='ltr'><strong>bilaeus,</strong></span> <span class='ocrx_word' id='word_1_660' title='bbox 2539 4010 2591 4066; x_wconf 93' lang='lat' dir='ltr'><strong>id</strong></span> <span class='ocrx_word' id='word_1_661' title='bbox 2637 4022 2740 4080; x_wconf 89' lang='lat' dir='ltr'><strong>est,</strong></span> <span class='ocrx_word' id='word_1_662' title='bbox 2791 4012 3275 4083; x_wconf 86' lang='lat' dir='ltr'><strong>quinquagesimus</strong></span> <span class='ocrx_word' id='word_1_663' title='bbox 3318 4025 3496 4066; x_wconf 90' lang='lat' dir='ltr'><strong>annus</strong></span> <span class='ocrx_word' id='word_1_664' title='bbox 3537 4008 3886 4066; x_wconf 89' lang='lat' dir='ltr'><strong>remissionis</strong></span> 
     </span>
    </p>
   </div>
   <div class='ocr_carea' id='block_1_86' title="bbox 2274 4103 3888 4174">
    <p class='ocr_par' dir='ltr' id='par_1_86' title="bbox 2274 4103 3888 4174">
     <span class='ocr_line' id='line_1_86' title="bbox 2274 4103 3888 4174; baseline 0 -15"><span class='ocrx_word' id='word_1_665' title='bbox 2274 4104 2576 4174; x_wconf 83' lang='lat' dir='ltr'><strong>advenerit,</strong></span> <span class='ocrx_word' id='word_1_666' title='bbox 2621 4105 2993 4161; x_wconf 90' lang='lat' dir='ltr'><strong>confundatur</strong></span> <span class='ocrx_word' id='word_1_667' title='bbox 3027 4105 3259 4161; x_wconf 84' lang='lat' dir='ltr'><strong>sortium</strong></span> <span class='ocrx_word' id='word_1_668' title='bbox 3291 4103 3631 4171; x_wconf 87' lang='lat' dir='ltr'><strong>distributio,</strong></span> <span class='ocrx_word' id='word_1_669' title='bbox 3662 4112 3720 4161; x_wconf 87' lang='lat' dir='ltr'><strong>et</strong></span> <span class='ocrx_word' id='word_1_670' title='bbox 3745 4103 3888 4159; x_wconf 79' lang='lat' dir='ltr'><strong>alio-</strong></span> 
     </span>
    </p>
   </div>
   <div class='ocr_carea' id='block_1_87' title="bbox 2276 4195 3885 4269">
    <p class='ocr_par' dir='ltr' id='par_1_87' title="bbox 2276 4195 3885 4269">
     <span class='ocr_line' id='line_1_87' title="bbox 2276 4195 3885 4269; baseline 0 -18"><span class='ocrx_word' id='word_1_671' title='bbox 2276 4211 2393 4251; x_wconf 90' lang='lat' dir='ltr'><strong>rum</strong></span> <span class='ocrx_word' id='word_1_672' title='bbox 2429 4197 2700 4268; x_wconf 87' lang='lat' dir='ltr'><strong>possessio</strong></span> <span class='ocrx_word' id='word_1_673' title='bbox 2726 4197 2792 4253; x_wconf 89' lang='lat' dir='ltr'><strong>ad</strong></span> <span class='ocrx_word' id='word_1_674' title='bbox 2822 4200 2959 4254; x_wconf 88' lang='lat' dir='ltr'><strong>alios</strong></span> <span class='ocrx_word' id='word_1_675' title='bbox 2989 4207 3249 4254; x_wconf 90' lang='lat' dir='ltr'><strong>transeat.</strong></span> <span class='ocrx_word' id='word_1_676' title='bbox 3278 4195 3582 4269; x_wconf 84' lang='lat' dir='ltr'><strong>Respondit</strong></span> <span class='ocrx_word' id='word_1_677' title='bbox 3606 4195 3791 4252; x_wconf 89' lang='lat' dir='ltr'><strong>Moses</strong></span> <span class='ocrx_word' id='word_1_678' title='bbox 3816 4196 3885 4251; x_wconf 91' lang='lat' dir='ltr'><strong>ﬁ-</strong></span> 
     </span>
    </p>
   </div>
   <div class='ocr_carea' id='block_1_88' title="bbox 2280 4287 3891 4360">
    <p class='ocr_par' dir='ltr' id='par_1_88' title="bbox 2280 4287 3891 4360">
     <span class='ocr_line' id='line_1_88' title="bbox 2280 4287 3891 4360; baseline 0.001 -18"><span class='ocrx_word' id='word_1_679' title='bbox 2280 4287 2368 4342; x_wconf 92' lang='lat' dir='ltr'><strong>liis</strong></span> <span class='ocrx_word' id='word_1_680' title='bbox 2401 4287 2589 4351; x_wconf 90' lang='lat' dir='ltr'><strong>lsrael,</strong></span> <span class='ocrx_word' id='word_1_681' title='bbox 2620 4295 2678 4344; x_wconf 87' lang='lat' dir='ltr'><strong>et</strong></span> <span class='ocrx_word' id='word_1_682' title='bbox 2703 4288 2931 4345; x_wconf 91' lang='lat' dir='ltr'><strong>Domino</strong></span> <span class='ocrx_word' id='word_1_683' title='bbox 2960 4289 3333 4360; x_wconf 70' lang='lat' dir='ltr'><strong>praecipiente,</strong></span> <span class='ocrx_word' id='word_1_684' title='bbox 3368 4288 3443 4344; x_wconf 89' lang='lat' dir='ltr'><strong>ait</strong></span> <span class='ocrx_word' id='word_1_685' title='bbox 3474 4305 3489 4347; x_wconf 87' lang='lat'><strong>:</strong></span> <span class='ocrx_word' id='word_1_686' title='bbox 3516 4287 3685 4344; x_wconf 83' lang='lat' dir='ltr'><strong>Recte</strong></span> <span class='ocrx_word' id='word_1_687' title='bbox 3709 4288 3891 4344; x_wconf 89' lang='lat' dir='ltr'><strong>tribus</strong></span> 
     </span>
    </p>
   </div>
   <div class='ocr_carea' id='block_1_89' title="bbox 2277 4378 3891 4453">
    <p class='ocr_par' dir='ltr' id='par_1_89' title="bbox 2277 4378 3891 4453">
     <span class='ocr_line' id='line_1_89' title="bbox 2277 4378 3891 4453; baseline 0.003 -19"><span class='ocrx_word' id='word_1_688' title='bbox 2277 4378 2515 4436; x_wconf 89' lang='lat' dir='ltr'><strong>ﬁliorum</strong></span> <span class='ocrx_word' id='word_1_689' title='bbox 2543 4380 2745 4453; x_wconf 84' lang='lat' dir='ltr'><strong>Joseph</strong></span> <span class='ocrx_word' id='word_1_690' title='bbox 2775 4383 2949 4439; x_wconf 89' lang='lat' dir='ltr'><strong>locuta</strong></span> <span class='ocrx_word' id='word_1_691' title='bbox 2970 4393 3072 4438; x_wconf 88' lang='lat' dir='ltr'><strong>est.</strong></span> <span class='ocrx_word' id='word_1_692' title='bbox 3098 4382 3168 4438; x_wconf 84' lang='lat' dir='ltr'><strong>Et</strong></span> <span class='ocrx_word' id='word_1_693' title='bbox 3199 4381 3315 4438; x_wconf 85' lang='lat' dir='ltr'><strong>haec</strong></span> <span class='ocrx_word' id='word_1_694' title='bbox 3353 4381 3439 4437; x_wconf 80' lang='lat' dir='ltr'><strong>lex</strong></span> <span class='ocrx_word' id='word_1_695' title='bbox 3486 4395 3650 4450; x_wconf 89' lang='lat' dir='ltr'><strong>super</strong></span> <span class='ocrx_word' id='word_1_696' title='bbox 3670 4380 3891 4439; x_wconf 87' lang='lat' dir='ltr'><strong>ﬁliabus</strong></span> 
     </span>
    </p>
   </div>
   <div class='ocr_carea' id='block_1_90' title="bbox 2278 4471 3891 4547">
    <p class='ocr_par' dir='ltr' id='par_1_90' title="bbox 2278 4471 3891 4547">
     <span class='ocr_line' id='line_1_90' title="bbox 2278 4471 3891 4547; baseline 0.002 -18"><span class='ocrx_word' id='word_1_697' title='bbox 2278 4471 2551 4543; x_wconf 87' lang='lat' dir='ltr'><strong>Salphaad</strong></span> <span class='ocrx_word' id='word_1_698' title='bbox 2580 4490 2610 4528; x_wconf 89' lang='lat' dir='ltr'><strong>a</strong></span> <span class='ocrx_word' id='word_1_699' title='bbox 2647 4474 2876 4530; x_wconf 83' lang='lat' dir='ltr'><strong>Domino</strong></span> <span class='ocrx_word' id='word_1_700' title='bbox 2907 4475 3241 4547; x_wconf 88' lang='lat' dir='ltr'><strong>promulgata</strong></span> <span class='ocrx_word' id='word_1_701' title='bbox 3272 4484 3359 4532; x_wconf 90' lang='lat' dir='ltr'><strong>est</strong></span> <span class='ocrx_word' id='word_1_702' title='bbox 3387 4490 3403 4531; x_wconf 89' lang='lat'><strong>:</strong></span> <span class='ocrx_word' id='word_1_703' title='bbox 3440 4473 3658 4531; x_wconf 82' lang='lat' dir='ltr'><strong>Nubant</strong></span> <span class='ocrx_word' id='word_1_704' title='bbox 3685 4475 3891 4546; x_wconf 84' lang='lat' dir='ltr'><strong>quibus</strong></span> 
     </span>
    </p>
   </div>
   <div class='ocr_carea' id='block_1_91' title="bbox 2278 4566 3892 4634">
    <p class='ocr_par' dir='ltr' id='par_1_91' title="bbox 2278 4566 3892 4634">
     <span class='ocr_line' id='line_1_91' title="bbox 2278 4566 3892 4634; baseline 0.003 -15"><span class='ocrx_word' id='word_1_705' title='bbox 2278 4566 2494 4634; x_wconf 84' lang='lat' dir='ltr'><strong>volunt,</strong></span> <span class='ocrx_word' id='word_1_706' title='bbox 2529 4576 2737 4622; x_wconf 88' lang='lat' dir='ltr'><strong>tantum</strong></span> <span class='ocrx_word' id='word_1_707' title='bbox 2776 4577 2833 4622; x_wconf 91' lang='lat' dir='ltr'><strong>ut</strong></span> <span class='ocrx_word' id='word_1_708' title='bbox 2862 4582 2975 4623; x_wconf 69' lang='lat' dir='ltr'><strong>sum</strong></span> <span class='ocrx_word' id='word_1_709' title='bbox 3016 4569 3188 4624; x_wconf 89' lang='lat' dir='ltr'><strong>tribus</strong></span> <span class='ocrx_word' id='word_1_710' title='bbox 3232 4566 3550 4629; x_wconf 86' lang='lat' dir='ltr'><strong>hominibus</strong></span> <span class='ocrx_word' id='word_1_711' title='bbox 3581 4584 3594 4621; x_wconf 91' lang='lat'>:</span> <span class='ocrx_word' id='word_1_712' title='bbox 3626 4582 3696 4623; x_wconf 92' lang='lat' dir='ltr'><strong>ne</strong></span> <span class='ocrx_word' id='word_1_713' title='bbox 3733 4581 3892 4624; x_wconf 86' lang='lat' dir='ltr'><strong>com-</strong></span> 
     </span>
    </p>
   </div>
   <div class='ocr_carea' id='block_1_92' title="bbox 572 4654 3889 4733">
    <p class='ocr_par' dir='ltr' id='par_1_92' title="bbox 572 4654 3889 4733">
     <span class='ocr_line' id='line_1_92' title="bbox 572 4654 3889 4733; baseline -0.001 -12"><span class='ocrx_word' id='word_1_714' title='bbox 572 4663 738 4729; x_wconf 86' lang='lat' dir='ltr'><strong>cerit,</strong></span> <span class='ocrx_word' id='word_1_715' title='bbox 778 4671 834 4719; x_wconf 91' lang='lat' dir='ltr'><strong>et</strong></span> <span class='ocrx_word' id='word_1_716' title='bbox 866 4662 1004 4716; x_wconf 90' lang='lat' dir='ltr'><strong>ictus</strong></span> <span class='ocrx_word' id='word_1_717' title='bbox 1034 4658 1351 4716; x_wconf 88' lang='lat' dir='ltr'><strong>occubuerit</strong></span> <span class='ocrx_word' id='word_1_718' title='bbox 1384 4677 1395 4712; x_wconf 92' lang='lat'><strong>:</strong></span> <span class='ocrx_word' id='word_1_719' title='bbox 1429 4659 1683 4715; x_wconf 87' lang='lat' dir='ltr'><strong>similiter</strong></span> <span class='ocrx_word' id='word_1_720' title='bbox 1721 4660 1972 4731; x_wconf 87' lang='lat' dir='ltr'><strong>punietur</strong></span> <span class='ocrx_word' id='word_1_721' title='bbox 2006 4661 2082 4733; x_wconf 89' lang='lat' dir='ltr'><strong>[h.</strong></span> <span class='ocrx_word' id='word_1_722' title='bbox 2118 4662 2175 4718; x_wconf 89' lang='lat' dir='ltr'><strong>Si</strong></span> <span class='ocrx_word' id='word_1_723' title='bbox 2201 4654 2255 4715; x_wconf 89' lang='lat' dir='ltr'><strong>D</strong></span> <span class='ocrx_word' id='word_1_724' title='bbox 2282 4659 2572 4716; x_wconf 72' lang='lat' dir='ltr'><strong>misceatur</strong></span> <span class='ocrx_word' id='word_1_725' title='bbox 2602 4662 2879 4731; x_wconf 87' lang='lat' dir='ltr'><strong>possessio</strong></span> <span class='ocrx_word' id='word_1_726' title='bbox 2907 4662 3141 4718; x_wconf 89' lang='lat' dir='ltr'><strong>ﬁliorum</strong></span> <span class='ocrx_word' id='word_1_727' title='bbox 3173 4661 3337 4718; x_wconf 91' lang='lat' dir='ltr'><strong>Israel</strong></span> <span class='ocrx_word' id='word_1_728' title='bbox 3382 4661 3452 4718; x_wconf 92' lang='lat' dir='ltr'><strong>de</strong></span> <span class='ocrx_word' id='word_1_729' title='bbox 3494 4661 3643 4717; x_wconf 90' lang='lat' dir='ltr'><strong>tribu</strong></span> <span class='ocrx_word' id='word_1_730' title='bbox 3683 4661 3736 4717; x_wconf 88' lang='lat' dir='ltr'><strong>in</strong></span> <span class='ocrx_word' id='word_1_731' title='bbox 3780 4660 3889 4717; x_wconf 62' lang='lat' dir='ltr'><strong>triv</strong></span> 
     </span>
    </p>
   </div>
   <div class='ocr_carea' id='block_1_93' title="bbox 571 4753 2177 4827">
    <p class='ocr_par' dir='ltr' id='par_1_93' title="bbox 571 4753 2177 4827">
     <span class='ocr_line' id='line_1_93' title="bbox 571 4753 2177 4827; baseline 0.001 -16"><span class='ocrx_word' id='word_1_732' title='bbox 571 4756 811 4826; x_wconf 84' lang='lat' dir='ltr'><strong>lapidem</strong></span> <span class='ocrx_word' id='word_1_733' title='bbox 872 4753 1163 4809; x_wconf 88' lang='lat' dir='ltr'><strong>incusserit</strong></span> <span class='ocrx_word' id='word_1_734' title='bbox 1198 4760 1255 4807; x_wconf 85' lang='lat' dir='ltr'><strong>et</strong></span> <span class='ocrx_word' id='word_1_735' title='bbox 1294 4764 1532 4808; x_wconf 84' lang='lat' dir='ltr'><strong>mortuus</strong></span> <span class='ocrx_word' id='word_1_736' title='bbox 1571 4755 1726 4825; x_wconf 80' lang='lat' dir='ltr'><strong>fuerit</strong></span> <span class='ocrx_word' id='word_1_737' title='bbox 1766 4756 1852 4827; x_wconf 83' lang='lat' dir='ltr'><strong>qui</strong></span> <span class='ocrx_word' id='word_1_738' title='bbox 1895 4772 2177 4827; x_wconf 87' lang='lat' dir='ltr'><strong>percussus</strong></span> 
     </span>
    </p>
   </div>
   <div class='ocr_carea' id='block_1_94' title="bbox 574 4844 2174 4920">
    <p class='ocr_par' dir='ltr' id='par_1_94' title="bbox 574 4844 2174 4920">
     <span class='ocr_line' id='line_1_94' title="bbox 574 4844 2174 4920; baseline 0.003 -18"><span class='ocrx_word' id='word_1_739' title='bbox 574 4857 680 4915; x_wconf 85' lang='lat' dir='ltr'><strong>est,</strong></span> <span class='ocrx_word' id='word_1_740' title='bbox 705 4847 1033 4919; x_wconf 84' lang='lat' dir='ltr'><strong>Iapisquc....</strong></span> <span class='ocrx_word' id='word_1_741' title='bbox 1053 4844 1511 4917; x_wconf 89' lang='lat' dir='ltr'><strong>magnitudinis...</strong></span> <span class='ocrx_word' id='word_1_742' title='bbox 1535 4846 1654 4917; x_wconf 88' lang='lat' dir='ltr'><strong>ejus</strong></span> <span class='ocrx_word' id='word_1_743' title='bbox 1676 4863 1867 4920; x_wconf 88' lang='lat' dir='ltr'><strong>mag...</strong></span> <span class='ocrx_word' id='word_1_744' title='bbox 1890 4851 2174 4919; x_wconf 89' lang='lat' dir='ltr'><strong>interierit,</strong></span> 
     </span>
    </p>
   </div>
   <div class='ocr_carea' id='block_1_95' title="bbox 575 4936 2177 5012">
    <p class='ocr_par' dir='ltr' id='par_1_95' title="bbox 575 4936 2177 5012">
     <span class='ocr_line' id='line_1_95' title="bbox 575 4936 2177 5012; baseline 0.001 -18"><span class='ocrx_word' id='word_1_745' title='bbox 575 4953 865 5011; x_wconf 81' lang='lat' dir='ltr'><strong>percussor</strong></span> <span class='ocrx_word' id='word_1_746' title='bbox 936 4946 1113 4993; x_wconf 91' lang='lat' dir='ltr'><strong>morte</strong></span> <span class='ocrx_word' id='word_1_747' title='bbox 1170 4936 1529 4993; x_wconf 89' lang='lat' dir='ltr'><strong>morietur....</strong></span> <span class='ocrx_word' id='word_1_748' title='bbox 1604 4940 1741 4994; x_wconf 80' lang='lat' dir='ltr'><strong>serit</strong></span> <span class='ocrx_word' id='word_1_749' title='bbox 1781 4941 1926 5012; x_wconf 87' lang='lat' dir='ltr'><strong>quod</strong></span> <span class='ocrx_word' id='word_1_750' title='bbox 1972 4952 2177 4997; x_wconf 53' lang='lat' dir='ltr'><strong>tanta)”</strong></span> 
     </span>
    </p>
   </div>
   <div class='ocr_carea' id='block_1_96' title="bbox 571 5027 2172 5101">
    <p class='ocr_par' dir='ltr' id='par_1_96' title="bbox 571 5027 2172 5101">
     <span class='ocr_line' id='line_1_96' title="bbox 571 5027 2172 5101; baseline 0.001 -15"><span class='ocrx_word' id='word_1_751' title='bbox 571 5030 663 5086; x_wconf 83' lang='lat' dir='ltr'><strong>Itis</strong></span> <span class='ocrx_word' id='word_1_752' title='bbox 690 5038 746 5082; x_wconf 91' lang='lat' dir='ltr'><strong>ut</strong></span> <span class='ocrx_word' id='word_1_753' title='bbox 777 5028 842 5083; x_wconf 87' lang='lat' dir='ltr'><strong>ad</strong></span> <span class='ocrx_word' id='word_1_754' title='bbox 870 5027 1145 5083; x_wconf 86' lang='lat' dir='ltr'><strong>aestima...</strong></span> <span class='ocrx_word' id='word_1_755' title='bbox 1168 5028 1287 5098; x_wconf 89' lang='lat' dir='ltr'><strong>ejus</strong></span> <span class='ocrx_word' id='word_1_756' title='bbox 1324 5029 2071 5101; x_wconf 87' lang='lat' dir='ltr'><strong>magnitud.erit,percussor</strong></span> <span class='ocrx_word' id='word_1_757' title='bbox 2091 5032 2172 5089; x_wconf 89' lang='lat' dir='ltr'><strong>h..</strong></span> 
     </span>
    </p>
   </div>
   <div class='ocr_carea' id='block_1_97' title="bbox 576 5118 2179 5194">
    <p class='ocr_par' dir='ltr' id='par_1_97' title="bbox 576 5118 2179 5194">
     <span class='ocr_line' id='line_1_97' title="bbox 576 5118 2179 5194; baseline 0.003 -18"><span class='ocrx_word' id='word_1_758' title='bbox 576 5118 881 5191; x_wconf 84' lang='lat' dir='ltr'><strong>morietur].</strong></span> <span class='ocrx_word' id='word_1_759' title='bbox 910 5119 968 5176; x_wconf 92' lang='lat' dir='ltr'><strong>Si</strong></span> <span class='ocrx_word' id='word_1_760' title='bbox 998 5120 1145 5191; x_wconf 88' lang='lat' dir='ltr'><strong>ligno</strong></span> <span class='ocrx_word' id='word_1_761' title='bbox 1172 5135 1466 5191; x_wconf 85' lang='lat' dir='ltr'><strong>percussus</strong></span> <span class='ocrx_word' id='word_1_762' title='bbox 1492 5122 1763 5178; x_wconf 89' lang='lat' dir='ltr'><strong>interierit</strong></span> <span class='ocrx_word' id='word_1_763' title='bbox 1796 5142 1809 5177; x_wconf 85' lang='lat'><strong>:</strong></span> <span class='ocrx_word' id='word_1_764' title='bbox 1840 5127 2179 5194; x_wconf 86' lang='lat' dir='ltr'><strong>percussoris</strong></span> 
     </span>
    </p>
   </div>
   <div class='ocr_carea' id='block_1_98' title="bbox 573 5214 2178 5289">
    <p class='ocr_par' dir='ltr' id='par_1_98' title="bbox 573 5214 2178 5289">
     <span class='ocr_line' id='line_1_98' title="bbox 573 5214 2178 5289; baseline 0.001 -17"><span class='ocrx_word' id='word_1_765' title='bbox 573 5216 842 5287; x_wconf 81' lang='lat' dir='ltr'><strong>sanguine</strong></span> <span class='ocrx_word' id='word_1_766' title='bbox 871 5214 1259 5270; x_wconf 84' lang='lat' dir='ltr'><strong>vindicabitur.</strong></span> <span class='ocrx_word' id='word_1_767' title='bbox 1292 5214 1373 5285; x_wconf 89' lang='lat' dir='ltr'><strong>|_C.</strong></span> <span class='ocrx_word' id='word_1_768' title='bbox 1404 5215 1617 5289; x_wconf 86' lang='lat' dir='ltr'><strong>XCIV.]</strong></span> <span class='ocrx_word' id='word_1_769' title='bbox 1646 5216 1988 5289; x_wconf 86' lang='lat' dir='ltr'><strong>Propinquus</strong></span> <span class='ocrx_word' id='word_1_770' title='bbox 2015 5220 2178 5276; x_wconf 84' lang='lat' dir='ltr'><strong>occisi</strong></span> 
     </span>
    </p>
   </div>
   <div class='ocr_carea' id='block_1_99' title="bbox 572 5305 2181 5379">
    <p class='ocr_par' dir='ltr' id='par_1_99' title="bbox 572 5305 2181 5379">
     <span class='ocr_line' id='line_1_99' title="bbox 572 5305 2181 5379; baseline 0.001 -13"><span class='ocrx_word' id='word_1_771' title='bbox 572 5306 905 5366; x_wconf 77' lang='lat' dir='ltr'><strong>homicidam</strong></span> <span class='ocrx_word' id='word_1_772' title='bbox 944 5305 1229 5361; x_wconf 85' lang='lat' dir='ltr'><strong>interﬁciet</strong></span> <span class='ocrx_word' id='word_1_773' title='bbox 1251 5324 1264 5359; x_wconf 91' lang='lat'><strong>:</strong></span> <span class='ocrx_word' id='word_1_774' title='bbox 1286 5307 1469 5362; x_wconf 90' lang='lat' dir='ltr'><strong>statim</strong></span> <span class='ocrx_word' id='word_1_775' title='bbox 1499 5317 1560 5363; x_wconf 91' lang='lat' dir='ltr'><strong>ut</strong></span> <span class='ocrx_word' id='word_1_776' title='bbox 1580 5309 2003 5379; x_wconf 87' lang='lat' dir='ltr'><strong>apprehenderit</strong></span> <span class='ocrx_word' id='word_1_777' title='bbox 2032 5327 2181 5379; x_wconf 90' lang='lat' dir='ltr'><strong>cum,</strong></span> 
     </span>
    </p>
   </div>
   <div class='ocr_carea' id='block_1_100' title="bbox 574 5398 2180 5474">
    <p class='ocr_par' dir='ltr' id='par_1_100' title="bbox 574 5398 2180 5474">
     <span class='ocr_line' id='line_1_100' title="bbox 574 5398 2180 5474; baseline 0 -15"><span class='ocrx_word' id='word_1_778' title='bbox 574 5398 967 5459; x_wconf 89' lang='lat' dir='ltr'><strong>interﬁciet.Si</strong></span> <span class='ocrx_word' id='word_1_779' title='bbox 987 5413 1083 5468; x_wconf 90' lang='lat' dir='ltr'><strong>per</strong></span> <span class='ocrx_word' id='word_1_780' title='bbox 1109 5399 1292 5453; x_wconf 91' lang='lat' dir='ltr'><strong>odium</strong></span> <span class='ocrx_word' id='word_1_781' title='bbox 1324 5400 1444 5470; x_wconf 90' lang='lat' dir='ltr'><strong>quis</strong></span> <span class='ocrx_word' id='word_1_782' title='bbox 1473 5398 1746 5457; x_wconf 79' lang='lat' dir='ltr'><strong>hominem</strong></span> <span class='ocrx_word' id='word_1_783' title='bbox 1772 5403 2066 5474; x_wconf 88' lang='lat' dir='ltr'><strong>impulerit,</strong></span> <span class='ocrx_word' id='word_1_784' title='bbox 2096 5407 2180 5459; x_wconf 87' lang='lat' dir='ltr'><strong>vel</strong></span> 
     </span>
    </p>
   </div>
   <div class='ocr_carea' id='block_1_101' title="bbox 565 5490 2177 5566">
    <p class='ocr_par' dir='ltr' id='par_1_101' title="bbox 565 5490 2177 5566">
     <span class='ocr_line' id='line_1_101' title="bbox 565 5490 2177 5566; baseline 0 -15"><span class='ocrx_word' id='word_1_785' title='bbox 565 5494 769 5566; x_wconf 87' lang='lat' dir='ltr'><strong>jecerit</strong></span> <span class='ocrx_word' id='word_1_786' title='bbox 793 5490 1068 5563; x_wconf 88' lang='lat' dir='ltr'><strong>quippiam</strong></span> <span class='ocrx_word' id='word_1_787' title='bbox 1102 5490 1157 5545; x_wconf 90' lang='lat' dir='ltr'><strong>in</strong></span> <span class='ocrx_word' id='word_1_788' title='bbox 1187 5504 1310 5546; x_wconf 92' lang='lat' dir='ltr'><strong>eum</strong></span> <span class='ocrx_word' id='word_1_789' title='bbox 1334 5505 1431 5561; x_wconf 91' lang='lat' dir='ltr'><strong>per</strong></span> <span class='ocrx_word' id='word_1_790' title='bbox 1461 5490 1683 5549; x_wconf 89' lang='lat' dir='ltr'><strong>insidias</strong></span> <span class='ocrx_word' id='word_1_791' title='bbox 1714 5511 1728 5547; x_wconf 91' lang='lat'><strong>:</strong></span> <span class='ocrx_word' id='word_1_792' title='bbox 1760 5504 1849 5550; x_wconf 88' lang='lat' dir='ltr'><strong>aut</strong></span> <span class='ocrx_word' id='word_1_793' title='bbox 1878 5510 2002 5551; x_wconf 91' lang='lat' dir='ltr'><strong>cum</strong></span> <span class='ocrx_word' id='word_1_794' title='bbox 2032 5506 2177 5553; x_wconf 87' lang='lat' dir='ltr'><strong>esset</strong></span> 
     </span>
    </p>
   </div>
   <div class='ocr_carea' id='block_1_102' title="bbox 566 5584 2178 5654">
    <p class='ocr_par' dir='ltr' id='par_1_102' title="bbox 566 5584 2178 5654">
     <span class='ocr_line' id='line_1_102' title="bbox 566 5584 2178 5654; baseline 0.002 -12"><span class='ocrx_word' id='word_1_795' title='bbox 566 5586 845 5654; x_wconf 87' lang='lat' dir='ltr'><strong>inimicus,</strong></span> <span class='ocrx_word' id='word_1_796' title='bbox 877 5599 1039 5639; x_wconf 89' lang='lat' dir='ltr'><strong>manu</strong></span> <span class='ocrx_word' id='word_1_797' title='bbox 1073 5584 1425 5653; x_wconf 90' lang='lat' dir='ltr'><strong>percusserit,</strong></span> <span class='ocrx_word' id='word_1_798' title='bbox 1458 5593 1509 5640; x_wconf 87' lang='lat' dir='ltr'><strong>et</strong></span> <span class='ocrx_word' id='word_1_799' title='bbox 1555 5585 1647 5641; x_wconf 91' lang='lat' dir='ltr'><strong>ille</strong></span> <span class='ocrx_word' id='word_1_800' title='bbox 1680 5598 1929 5644; x_wconf 90' lang='lat' dir='ltr'><strong>mortuus</strong></span> <span class='ocrx_word' id='word_1_801' title='bbox 1968 5588 2132 5645; x_wconf 89' lang='lat' dir='ltr'><strong>fuerit</strong></span> <span class='ocrx_word' id='word_1_802' title='bbox 2161 5609 2178 5647; x_wconf 87' lang='lat'><strong>:</strong></span> 
     </span>
    </p>
   </div>
   <div class='ocr_carea' id='block_1_103' title="bbox 565 5673 2173 5753">
    <p class='ocr_par' dir='ltr' id='par_1_103' title="bbox 565 5673 2173 5753">
     <span class='ocr_line' id='line_1_103' title="bbox 565 5673 2173 5753; baseline 0.003 -17"><span class='ocrx_word' id='word_1_803' title='bbox 565 5693 880 5753; x_wconf 81' lang='lat' dir='ltr'><strong>percussor,</strong></span> <span class='ocrx_word' id='word_1_804' title='bbox 928 5673 1209 5732; x_wconf 88' lang='lat' dir='ltr'><strong>homicidii</strong></span> <span class='ocrx_word' id='word_1_805' title='bbox 1243 5692 1369 5732; x_wconf 86' lang='lat' dir='ltr'><strong>reus</strong></span> <span class='ocrx_word' id='word_1_806' title='bbox 1408 5678 1536 5733; x_wconf 91' lang='lat' dir='ltr'><strong>erit.</strong></span> <span class='ocrx_word' id='word_1_807' title='bbox 1567 5679 1839 5751; x_wconf 87' lang='lat' dir='ltr'><strong>Cognatus</strong></span> <span class='ocrx_word' id='word_1_808' title='bbox 1870 5685 2031 5740; x_wconf 90' lang='lat' dir='ltr'><strong>occisi</strong></span> <span class='ocrx_word' id='word_1_809' title='bbox 2063 5692 2173 5741; x_wconf 82' lang='lat' dir='ltr'><strong>sta-</strong></span> 
     </span>
    </p>
   </div>
   <div class='ocr_carea' id='block_1_104' title="bbox 566 5767 2215 5845">
    <p class='ocr_par' dir='ltr' id='par_1_104' title="bbox 566 5767 2215 5845">
     <span class='ocr_line' id='line_1_104' title="bbox 566 5767 2215 5845; baseline 0.002 -16"><span class='ocrx_word' id='word_1_810' title='bbox 566 5773 736 5829; x_wconf 90' lang='lat' dir='ltr'><strong>timut</strong></span> <span class='ocrx_word' id='word_1_811' title='bbox 754 5769 1181 5836; x_wconf 87' lang='lat' dir='ltr'><strong>inveneriteum,</strong></span> <span class='ocrx_word' id='word_1_812' title='bbox 1194 5767 1489 5840; x_wconf 88' lang='lat' dir='ltr'><strong>jugulabit.</strong></span> <span class='ocrx_word' id='word_1_813' title='bbox 1507 5769 1588 5841; x_wconf 89' lang='lat' dir='ltr'><strong>[C.</strong></span> <span class='ocrx_word' id='word_1_814' title='bbox 1612 5770 1796 5845; x_wconf 81' lang='lat' dir='ltr'><strong>XCV.]</strong></span> <span class='ocrx_word' id='word_1_815' title='bbox 1822 5775 1973 5841; x_wconf 87' lang='lat' dir='ltr'><strong>Quod</strong></span> <span class='ocrx_word' id='word_1_816' title='bbox 1996 5775 2041 5831; x_wconf 88' lang='lat' dir='ltr'><strong>si</strong></span> <span class='ocrx_word' id='word_1_817' title='bbox 2065 5776 2174 5832; x_wconf 91' lang='lat' dir='ltr'><strong>for-</strong></span> <span class='ocrx_word' id='word_1_818' title='bbox 2207 5773 2215 5781; x_wconf 86' lang='grc'><em>’</em></span> 
     </span>
    </p>
   </div>
   <div class='ocr_carea' id='block_1_105' title="bbox 574 5860 2165 5937">
    <p class='ocr_par' dir='ltr' id='par_1_105' title="bbox 574 5860 2165 5937">
     <span class='ocr_line' id='line_1_105' title="bbox 574 5860 2165 5937; baseline 0.002 -13"><span class='ocrx_word' id='word_1_819' title='bbox 574 5868 733 5935; x_wconf 86' lang='lat' dir='ltr'><strong>tuitu,</strong></span> <span class='ocrx_word' id='word_1_820' title='bbox 771 5864 977 5937; x_wconf 84' lang='lat' dir='ltr'><strong>absque</strong></span> <span class='ocrx_word' id='word_1_821' title='bbox 1016 5863 1145 5920; x_wconf 87' lang='lat' dir='ltr'><strong>odio</strong></span> <span class='ocrx_word' id='word_1_822' title='bbox 1186 5869 1238 5920; x_wconf 89' lang='lat' dir='ltr'><strong>et</strong></span> <span class='ocrx_word' id='word_1_823' title='bbox 1286 5860 1603 5931; x_wconf 89' lang='lat' dir='ltr'><strong>inimicitiis,</strong></span> <span class='ocrx_word' id='word_1_824' title='bbox 1642 5866 1932 5936; x_wconf 88' lang='lat' dir='ltr'><strong>quidquam</strong></span> <span class='ocrx_word' id='word_1_825' title='bbox 1975 5868 2165 5926; x_wconf 89' lang='lat' dir='ltr'><strong>horum</strong></span> 
     </span>
    </p>
   </div>
   <div class='ocr_carea' id='block_1_106' title="bbox 2280 4752 3893 4811">
    <p class='ocr_par' dir='ltr' id='par_1_106' title="bbox 2280 4752 3893 4811">
     <span class='ocr_line' id='line_1_106' title="bbox 2280 4752 3893 4811; baseline -0.001 -1"><span class='ocrx_word' id='word_1_826' title='bbox 2280 4753 2431 4810; x_wconf 89' lang='lat' dir='ltr'><strong>bum.</strong></span> <span class='ocrx_word' id='word_1_827' title='bbox 2473 4753 2678 4811; x_wconf 90' lang='lat' dir='ltr'><strong>Omnes</strong></span> <span class='ocrx_word' id='word_1_828' title='bbox 2722 4755 2869 4811; x_wconf 91' lang='lat' dir='ltr'><strong>enim</strong></span> <span class='ocrx_word' id='word_1_829' title='bbox 2914 4754 3016 4809; x_wconf 89' lang='lat' dir='ltr'><strong>viri</strong></span> <span class='ocrx_word' id='word_1_830' title='bbox 3058 4753 3261 4810; x_wconf 90' lang='lat' dir='ltr'><strong>ducent</strong></span> <span class='ocrx_word' id='word_1_831' title='bbox 3297 4768 3497 4810; x_wconf 82' lang='lat' dir='ltr'><strong>uxores</strong></span> <span class='ocrx_word' id='word_1_832' title='bbox 3538 4753 3607 4809; x_wconf 90' lang='lat' dir='ltr'><strong>de</strong></span> <span class='ocrx_word' id='word_1_833' title='bbox 3657 4752 3803 4809; x_wconf 91' lang='lat' dir='ltr'><strong>tribu</strong></span> <span class='ocrx_word' id='word_1_834' title='bbox 3831 4761 3893 4809; x_wconf 87' lang='lat' dir='ltr'><strong>et</strong></span> 
     </span>
    </p>
   </div>
   <div class='ocr_carea' id='block_1_107' title="bbox 2278 4845 3889 4921">
    <p class='ocr_par' dir='ltr' id='par_1_107' title="bbox 2278 4845 3889 4921">
     <span class='ocr_line' id='line_1_107' title="bbox 2278 4845 3889 4921; baseline -0.002 -17"><span class='ocrx_word' id='word_1_835' title='bbox 2278 4850 2602 4921; x_wconf 89' lang='lat' dir='ltr'><strong>cognatione</strong></span> <span class='ocrx_word' id='word_1_836' title='bbox 2629 4864 2723 4904; x_wconf 86' lang='lat' dir='ltr'><strong>sua</strong></span> <span class='ocrx_word' id='word_1_837' title='bbox 2756 4868 2769 4905; x_wconf 92' lang='lat'><strong>:</strong></span> <span class='ocrx_word' id='word_1_838' title='bbox 2799 4858 2854 4905; x_wconf 91' lang='lat' dir='ltr'><strong>et</strong></span> <span class='ocrx_word' id='word_1_839' title='bbox 2876 4858 3084 4905; x_wconf 66' lang='lat' dir='ltr'><strong>cuncta:</strong></span> <span class='ocrx_word' id='word_1_840' title='bbox 3114 4846 3334 4904; x_wconf 68' lang='lat' dir='ltr'><strong>feminae</strong></span> <span class='ocrx_word' id='word_1_841' title='bbox 3357 4845 3583 4902; x_wconf 85' lang='lat' dir='ltr'><strong>maritos</strong></span> <span class='ocrx_word' id='word_1_842' title='bbox 3603 4845 3671 4903; x_wconf 91' lang='lat' dir='ltr'><strong>de</strong></span> <span class='ocrx_word' id='word_1_843' title='bbox 3692 4845 3889 4902; x_wconf 85' lang='lat' dir='ltr'><strong>eadem</strong></span> 
     </span>
    </p>
   </div>
   <div class='ocr_carea' id='block_1_108' title="bbox 2279 4937 3885 5011">
    <p class='ocr_par' dir='ltr' id='par_1_108' title="bbox 2279 4937 3885 5011">
     <span class='ocr_line' id='line_1_108' title="bbox 2279 4937 3885 5011; baseline -0.002 -14"><span class='ocrx_word' id='word_1_844' title='bbox 2279 4943 2422 4997; x_wconf 88' lang='lat' dir='ltr'><strong>tribu</strong></span> <span class='ocrx_word' id='word_1_845' title='bbox 2454 4943 2741 5011; x_wconf 90' lang='lat' dir='ltr'><strong>accipient,</strong></span> <span class='ocrx_word' id='word_1_846' title='bbox 2772 4953 2830 4998; x_wconf 91' lang='lat' dir='ltr'><strong>ut</strong></span> <span class='ocrx_word' id='word_1_847' title='bbox 2862 4940 3156 4998; x_wconf 69' lang='lat' dir='ltr'><strong>haereditas</strong></span> <span class='ocrx_word' id='word_1_848' title='bbox 3186 4947 3506 5011; x_wconf 88' lang='lat' dir='ltr'><strong>permaneat</strong></span> <span class='ocrx_word' id='word_1_849' title='bbox 3531 4940 3583 4994; x_wconf 91' lang='lat' dir='ltr'><strong>in</strong></span> <span class='ocrx_word' id='word_1_850' title='bbox 3614 4937 3842 4993; x_wconf 84' lang='lat' dir='ltr'><strong>familiis</strong></span> <span class='ocrx_word' id='word_1_851' title='bbox 3868 4952 3885 4993; x_wconf 87' lang='lat'><strong>:</strong></span> 
     </span>
    </p>
   </div>
   <div class='ocr_carea' id='block_1_109' title="bbox 2279 5028 3893 5097">
    <p class='ocr_par' dir='ltr' id='par_1_109' title="bbox 2279 5028 3893 5097">
     <span class='ocr_line' id='line_1_109' title="bbox 2279 5028 3893 5097; baseline -0.002 -10"><span class='ocrx_word' id='word_1_852' title='bbox 2279 5048 2379 5089; x_wconf 90' lang='lat' dir='ltr'><strong>nec</strong></span> <span class='ocrx_word' id='word_1_853' title='bbox 2406 5033 2508 5088; x_wconf 86' lang='lat' dir='ltr'><strong>sibi</strong></span> <span class='ocrx_word' id='word_1_854' title='bbox 2541 5035 2873 5089; x_wconf 87' lang='lat' dir='ltr'><strong>misceantur</strong></span> <span class='ocrx_word' id='word_1_855' title='bbox 2901 5032 3093 5097; x_wconf 88' lang='lat' dir='ltr'><strong>tribus,</strong></span> <span class='ocrx_word' id='word_1_856' title='bbox 3118 5030 3214 5089; x_wconf 92' lang='lat' dir='ltr'><strong>sed</strong></span> <span class='ocrx_word' id='word_1_857' title='bbox 3241 5031 3313 5087; x_wconf 88' lang='lat' dir='ltr'><strong>ita</strong></span> <span class='ocrx_word' id='word_1_858' title='bbox 3340 5038 3621 5096; x_wconf 88' lang='lat' dir='ltr'><strong>maneant,</strong></span> <span class='ocrx_word' id='word_1_859' title='bbox 3644 5036 3755 5085; x_wconf 87' lang='lat' dir='ltr'><strong>uta</strong></span> <span class='ocrx_word' id='word_1_860' title='bbox 3780 5028 3893 5084; x_wconf 88' lang='lat' dir='ltr'><strong>Do-</strong></span> 
     </span>
    </p>
   </div>
   <div class='ocr_carea' id='block_1_110' title="bbox 2283 5122 3896 5199">
    <p class='ocr_par' dir='ltr' id='par_1_110' title="bbox 2283 5122 3896 5199">
     <span class='ocr_line' id='line_1_110' title="bbox 2283 5122 3896 5199; baseline -0.002 -18"><span class='ocrx_word' id='word_1_861' title='bbox 2283 5128 2733 5197; x_wconf 55' lang='lat' dir='ltr'><strong>minofseparata:</strong></span> <span class='ocrx_word' id='word_1_862' title='bbox 2759 5136 2906 5183; x_wconf 85' lang='lat' dir='ltr'><strong>sunt.</strong></span> <span class='ocrx_word' id='word_1_863' title='bbox 2936 5126 3318 5199; x_wconf 87' lang='lat' dir='ltr'><strong>Feceruntque</strong></span> <span class='ocrx_word' id='word_1_864' title='bbox 3348 5125 3475 5181; x_wconf 79' lang='lat' dir='ltr'><strong>ﬁlia:</strong></span> <span class='ocrx_word' id='word_1_865' title='bbox 3506 5122 3804 5195; x_wconf 87' lang='lat' dir='ltr'><strong>Salphaad,</strong></span> <span class='ocrx_word' id='word_1_866' title='bbox 3830 5131 3896 5178; x_wconf 87' lang='lat' dir='ltr'><strong>ut</strong></span> 
     </span>
    </p>
   </div>
   <div class='ocr_carea' id='block_1_111' title="bbox 2284 5218 3890 5291">
    <p class='ocr_par' dir='ltr' id='par_1_111' title="bbox 2284 5218 3890 5291">
     <span class='ocr_line' id='line_1_111' title="bbox 2284 5218 3890 5291; baseline -0.001 -17"><span class='ocrx_word' id='word_1_867' title='bbox 2284 5219 2461 5276; x_wconf 84' lang='lat' dir='ltr'><strong>fuerat</strong></span> <span class='ocrx_word' id='word_1_868' title='bbox 2492 5220 2819 5290; x_wconf 90' lang='lat' dir='ltr'><strong>imperatum</strong></span> <span class='ocrx_word' id='word_1_869' title='bbox 2850 5238 2862 5274; x_wconf 96' lang='lat'>:</span> <span class='ocrx_word' id='word_1_870' title='bbox 2895 5229 2952 5276; x_wconf 89' lang='lat' dir='ltr'><strong>et</strong></span> <span class='ocrx_word' id='word_1_871' title='bbox 2970 5231 3272 5291; x_wconf 88' lang='lat' dir='ltr'><strong>nupserunt</strong></span> <span class='ocrx_word' id='word_1_872' title='bbox 3296 5264 3311 5290; x_wconf 86' lang='lat'><strong>,</strong></span> <span class='ocrx_word' id='word_1_873' title='bbox 3337 5218 3506 5275; x_wconf 87' lang='lat' dir='ltr'><strong>Maala</strong></span> <span class='ocrx_word' id='word_1_874' title='bbox 3533 5260 3548 5287; x_wconf 94' lang='lat'><strong>,</strong></span> <span class='ocrx_word' id='word_1_875' title='bbox 3573 5228 3630 5275; x_wconf 91' lang='lat' dir='ltr'><strong>et</strong></span> <span class='ocrx_word' id='word_1_876' title='bbox 3649 5218 3890 5291; x_wconf 79' lang='lat' dir='ltr'><strong>Thersa,</strong></span> 
     </span>
    </p>
   </div>
   <div class='ocr_carea' id='block_1_112' title="bbox 2284 5314 3895 5387">
    <p class='ocr_par' dir='ltr' id='par_1_112' title="bbox 2284 5314 3895 5387">
     <span class='ocr_line' id='line_1_112' title="bbox 2284 5314 3895 5387; baseline -0.001 -17"><span class='ocrx_word' id='word_1_877' title='bbox 2284 5324 2338 5370; x_wconf 91' lang='lat' dir='ltr'><strong>et</strong></span> <span class='ocrx_word' id='word_1_878' title='bbox 2376 5314 2530 5386; x_wconf 85' lang='lat' dir='ltr'><strong>Egla,</strong></span> <span class='ocrx_word' id='word_1_879' title='bbox 2576 5323 2631 5370; x_wconf 88' lang='lat' dir='ltr'><strong>et</strong></span> <span class='ocrx_word' id='word_1_880' title='bbox 2665 5315 2893 5382; x_wconf 86' lang='lat' dir='ltr'><strong>Melcha,</strong></span> <span class='ocrx_word' id='word_1_881' title='bbox 2938 5325 2993 5372; x_wconf 90' lang='lat' dir='ltr'><strong>et</strong></span> <span class='ocrx_word' id='word_1_882' title='bbox 3021 5315 3200 5383; x_wconf 89' lang='lat' dir='ltr'><strong>Noha,</strong></span> <span class='ocrx_word' id='word_1_883' title='bbox 3229 5315 3356 5372; x_wconf 87' lang='lat' dir='ltr'><strong>ﬁliis</strong></span> <span class='ocrx_word' id='word_1_884' title='bbox 3387 5316 3568 5387; x_wconf 90' lang='lat' dir='ltr'><strong>patrui</strong></span> <span class='ocrx_word' id='word_1_885' title='bbox 3600 5316 3683 5373; x_wconf 90' lang='lat' dir='ltr'><strong>sui</strong></span> <span class='ocrx_word' id='word_1_886' title='bbox 3710 5314 3779 5372; x_wconf 91' lang='lat' dir='ltr'><strong>de</strong></span> <span class='ocrx_word' id='word_1_887' title='bbox 3810 5314 3895 5370; x_wconf 90' lang='lat' dir='ltr'><strong>fa-</strong></span> 
     </span>
    </p>
   </div>
   <div class='ocr_carea' id='block_1_113' title="bbox 2282 5406 3887 5481">
    <p class='ocr_par' dir='ltr' id='par_1_113' title="bbox 2282 5406 3887 5481">
     <span class='ocr_line' id='line_1_113' title="bbox 2282 5406 3887 5481; baseline -0.002 -17"><span class='ocrx_word' id='word_1_888' title='bbox 2282 5408 2429 5464; x_wconf 90' lang='lat' dir='ltr'><strong>milia</strong></span> <span class='ocrx_word' id='word_1_889' title='bbox 2471 5409 2741 5478; x_wconf 85' lang='lat' dir='ltr'><strong>Manasse,</strong></span> <span class='ocrx_word' id='word_1_890' title='bbox 2785 5407 2876 5481; x_wconf 91' lang='lat' dir='ltr'><strong>qui</strong></span> <span class='ocrx_word' id='word_1_891' title='bbox 2918 5408 3016 5463; x_wconf 91' lang='lat' dir='ltr'><strong>fuit</strong></span> <span class='ocrx_word' id='word_1_892' title='bbox 3045 5408 3187 5465; x_wconf 90' lang='lat' dir='ltr'><strong>ﬁlius</strong></span> <span class='ocrx_word' id='word_1_893' title='bbox 3213 5407 3416 5479; x_wconf 90' lang='lat' dir='ltr'><strong>Joseph</strong></span> <span class='ocrx_word' id='word_1_894' title='bbox 3449 5426 3463 5463; x_wconf 90' lang='lat'><strong>:</strong></span> <span class='ocrx_word' id='word_1_895' title='bbox 3497 5416 3553 5464; x_wconf 90' lang='lat' dir='ltr'><strong>et</strong></span> <span class='ocrx_word' id='word_1_896' title='bbox 3582 5406 3887 5480; x_wconf 86' lang='lat' dir='ltr'><strong>possessio,</strong></span> 
     </span>
    </p>
   </div>
   <div class='ocr_carea' id='block_1_114' title="bbox 2278 5498 3892 5573">
    <p class='ocr_par' dir='ltr' id='par_1_114' title="bbox 2278 5498 3892 5573">
     <span class='ocr_line' id='line_1_114' title="bbox 2278 5498 3892 5573; baseline -0.004 -14"><span class='ocrx_word' id='word_1_897' title='bbox 2278 5518 2402 5573; x_wconf 82' lang='lat' dir='ltr'><strong>quae</strong></span> <span class='ocrx_word' id='word_1_898' title='bbox 2450 5503 2555 5558; x_wconf 90' lang='lat' dir='ltr'><strong>illis</strong></span> <span class='ocrx_word' id='word_1_899' title='bbox 2591 5504 2763 5558; x_wconf 90' lang='lat' dir='ltr'><strong>fuerat</strong></span> <span class='ocrx_word' id='word_1_900' title='bbox 2803 5502 3084 5568; x_wconf 85' lang='lat' dir='ltr'><strong>attributa,</strong></span> <span class='ocrx_word' id='word_1_901' title='bbox 3119 5501 3320 5558; x_wconf 91' lang='lat' dir='ltr'><strong>mansit</strong></span> <span class='ocrx_word' id='word_1_902' title='bbox 3341 5499 3400 5556; x_wconf 91' lang='lat' dir='ltr'><strong>in</strong></span> <span class='ocrx_word' id='word_1_903' title='bbox 3426 5500 3572 5557; x_wconf 88' lang='lat' dir='ltr'><strong>tribu</strong></span> <span class='ocrx_word' id='word_1_904' title='bbox 3596 5510 3652 5556; x_wconf 89' lang='lat' dir='ltr'><strong>et</strong></span> <span class='ocrx_word' id='word_1_905' title='bbox 3678 5498 3892 5555; x_wconf 78' lang='lat' dir='ltr'><strong>familia</strong></span> 
     </span>
    </p>
   </div>
   <div class='ocr_carea' id='block_1_115' title="bbox 2280 5592 3893 5667">
    <p class='ocr_par' dir='ltr' id='par_1_115' title="bbox 2280 5592 3893 5667">
     <span class='ocr_line' id='line_1_115' title="bbox 2280 5592 3893 5667; baseline 0 -17"><span class='ocrx_word' id='word_1_906' title='bbox 2280 5597 2450 5667; x_wconf 91' lang='lat' dir='ltr'><strong>patris</strong></span> <span class='ocrx_word' id='word_1_907' title='bbox 2475 5611 2685 5652; x_wconf 87' lang='lat' dir='ltr'><strong>earum.</strong></span> <span class='ocrx_word' id='word_1_908' title='bbox 2722 5594 2850 5652; x_wconf 67' lang='lat' dir='ltr'><strong>Haac</strong></span> <span class='ocrx_word' id='word_1_909' title='bbox 2878 5604 3006 5651; x_wconf 89' lang='lat' dir='ltr'><strong>sunt</strong></span> <span class='ocrx_word' id='word_1_910' title='bbox 3036 5594 3289 5650; x_wconf 91' lang='lat' dir='ltr'><strong>mandata</strong></span> <span class='ocrx_word' id='word_1_911' title='bbox 3318 5603 3483 5663; x_wconf 87' lang='lat' dir='ltr'><strong>atque</strong></span> <span class='ocrx_word' id='word_1_912' title='bbox 3505 5592 3732 5665; x_wconf 84' lang='lat' dir='ltr'><strong>judicia,</strong></span> <span class='ocrx_word' id='word_1_913' title='bbox 3763 5606 3893 5662; x_wconf 70' lang='lat' dir='ltr'><strong>qua:</strong></span> 
     </span>
    </p>
   </div>
   <div class='ocr_carea' id='block_1_116' title="bbox 2282 5682 3885 5760">
    <p class='ocr_par' dir='ltr' id='par_1_116' title="bbox 2282 5682 3885 5760">
     <span class='ocr_line' id='line_1_116' title="bbox 2282 5682 3885 5760; baseline -0.004 -16"><span class='ocrx_word' id='word_1_914' title='bbox 2282 5689 2540 5760; x_wconf 69' lang='lat' dir='ltr'><strong>praecepit</strong></span> <span class='ocrx_word' id='word_1_915' title='bbox 2584 5689 2842 5745; x_wconf 89' lang='lat' dir='ltr'><strong>Dominus</strong></span> <span class='ocrx_word' id='word_1_916' title='bbox 2878 5704 2975 5760; x_wconf 89' lang='lat' dir='ltr'><strong>per</strong></span> <span class='ocrx_word' id='word_1_917' title='bbox 3004 5704 3221 5745; x_wconf 92' lang='lat' dir='ltr'><strong>manum</strong></span> <span class='ocrx_word' id='word_1_918' title='bbox 3249 5686 3380 5745; x_wconf 88' lang='lat' dir='ltr'><strong>Mosi</strong></span> <span class='ocrx_word' id='word_1_919' title='bbox 3410 5686 3478 5742; x_wconf 87' lang='lat' dir='ltr'><strong>ad</strong></span> <span class='ocrx_word' id='word_1_920' title='bbox 3519 5685 3662 5742; x_wconf 92' lang='lat' dir='ltr'><strong>ﬁlios</strong></span> <span class='ocrx_word' id='word_1_921' title='bbox 3688 5682 3885 5750; x_wconf 88' lang='lat' dir='ltr'><strong>Israel,</strong></span> 
     </span>
    </p>
   </div>
   <div class='ocr_carea' id='block_1_117' title="bbox 2281 5780 3889 5855">
    <p class='ocr_par' dir='ltr' id='par_1_117' title="bbox 2281 5780 3889 5855">
     <span class='ocr_line' id='line_1_117' title="bbox 2281 5780 3889 5855; baseline 0 -18"><span class='ocrx_word' id='word_1_922' title='bbox 2281 5782 2335 5837; x_wconf 92' lang='lat' dir='ltr'><strong>in</strong></span> <span class='ocrx_word' id='word_1_923' title='bbox 2378 5783 2772 5855; x_wconf 88' lang='lat' dir='ltr'><strong>campestribus</strong></span> <span class='ocrx_word' id='word_1_924' title='bbox 2820 5784 2979 5840; x_wconf 87' lang='lat' dir='ltr'><strong>Moab</strong></span> <span class='ocrx_word' id='word_1_925' title='bbox 3020 5799 3185 5855; x_wconf 85' lang='lat' dir='ltr'><strong>super</strong></span> <span class='ocrx_word' id='word_1_926' title='bbox 3228 5782 3520 5840; x_wconf 77' lang='lat' dir='ltr'><strong>Iordanem</strong></span> <span class='ocrx_word' id='word_1_927' title='bbox 3565 5790 3756 5839; x_wconf 89' lang='lat' dir='ltr'><strong>contra</strong></span> <span class='ocrx_word' id='word_1_928' title='bbox 3796 5780 3889 5837; x_wconf 76' lang='lat' dir='ltr'><strong>Je-</strong></span> 
     </span>
    </p>
   </div>
   <div class='ocr_carea' id='block_1_118' title="bbox 2276 5876 2449 5932">
    <p class='ocr_par' dir='ltr' id='par_1_118' title="bbox 2276 5876 2449 5932">
     <span class='ocr_line' id='line_1_118' title="bbox 2276 5876 2449 5932; baseline 0.012 -3"><span class='ocrx_word' id='word_1_929' title='bbox 2276 5876 2449 5932; x_wconf 85' lang='lat' dir='ltr'><strong>richo.</strong></span> 
     </span>
    </p>
   </div>
   <div class='ocr_carea' id='block_1_119' title="bbox 1324 5954 3117 6052">
    <p class='ocr_par' dir='ltr' id='par_1_119' title="bbox 1324 5954 3117 6052">
     <span class='ocr_line' id='line_1_119' title="bbox 1324 5954 3117 6052; baseline 0.01 -41"><span class='ocrx_word' id='word_1_930' title='bbox 1324 5954 1557 6033; x_wconf 70' lang='lat' dir='ltr'><strong>Explicit</strong></span> <span class='ocrx_word' id='word_1_931' title='bbox 1587 5957 2120 6046; x_wconf 69' lang='lat' dir='ltr'><strong>tiberNumerQrum,</strong></span> <span class='ocrx_word' id='word_1_932' title='bbox 2158 5967 2248 6040; x_wconf 79' lang='lat' dir='ltr'><strong>qui</strong></span> <span class='ocrx_word' id='word_1_933' title='bbox 2275 5965 2534 6052; x_wconf 66' lang='lat' dir='ltr'><strong>Hebraice</strong></span> <span class='ocrx_word' id='word_1_934' title='bbox 2554 5969 2747 6030; x_wconf 82' lang='lat' dir='ltr'><strong>dicitur</strong></span> <span class='ocrx_word' id='word_1_935' title='bbox 2775 5969 3117 6043; x_wconf 81' lang='lat' dir='ltr'><strong>Vajedabber.</strong></span> 
     </span>
    </p>
   </div>
  </div>
