4098 6366
278 307 372 363 40!

1423 438 3001 466 Ἦ-

1203 309 1800 368 CAPITULATIONES
1835 311 2019 369 LIBRI
2060 314 2611 376 DEUTERONOMII.

3457 330 3564 389 402

3145 453 3479 467 ψ

1303 542 1574 606 TITULI
1618 542 1834 605 LIBRI
1877 543 2516 616 DEUTERONOMII.

274 688 311 746 I.
339 688 496 744 Trans
521 686 810 744 Iordanem
839 691 1034 762 populo
1058 691 1217 762 legem
1248 691 1516 764 explanat,
1545 707 1854 745 commemo—
1881 691 1932 751 Α

333 793 407 837 rat
435 782 866 852 quemadmodum
896 800 982 838 eos
1015 783 1252 840 hortatus
1287 787 1477 857 fuerit,
1503 795 1558 839 ut
1582 785 1862 855 prudentes

333 877 573 946 eligerent
597 877 730 930 viros
746 894 873 949 quos
883 879 1087 950 judices
1104 879 1469 934 constituerent
1489 896 1504 933 :
1521 877 1775 950 quomodo
1794 878 1862 932 ad

330 981 512 1025 terrain
537 972 896 1043 promissionis
926 973 1124 1028 miserit
1150 974 1462 1042 inspectores
1493 989 1512 1028 .'
1541 983 1585 1027 et
1611 973 1750 1044 quod
1778 990 1860 1026 re-

329 1064 469 1118 bellis
483 1066 730 1119 exstiterit
769 1076 952 1121 cuncta
978 1067 1156 1139 papuli
1175 1066 1455 1120 multitudo
1476 1084 1493 1121 :
1513 1052 1713 1138 etquod
1739 1083 1860 1136 pro-

327 1169 436 1232 pter
478 1159 724 1213 delictum
765 1175 946 1214 eorum
987 1161 1143 1214 etiam
1188 1161 1296 1232 ipse
1323 1160 1530 1232 Moyses
1559 1168 1708 1214 terrm
1734 1176 1856 1229 pro-

327 1255 587 1308 missionis
609 1254 892 1325 privaretur
928 1254 1160 1309 introitu.
1194 1254 1260 1310 Et
1289 1255 1376 1309 ubi
1402 1273 1433 1308 a
1475 1253 1699 1307 Domino
1725 1270 1860 1324 prai—

325 1349 514 1421 cipitur
540 1366 605 1404 ne
631 1348 694 1403 de
722 1349 1042 1419 possessione
1062 1349 1292 1419 ﬁliorum
1322 1347 1463 1404 Esau
1481 1359 1528 1404 et
1545 1347 1640 1403 Lot
1658 1347 1857 1420 aliquid

323 1445 682 1514 contingatur.

259 1535 314 1592 II.
348 1536 648 1593 Transitum
690 1549 938 1595 memorat
968 1557 1060 1611 per
1087 1540 1258 1594 urbem
1295 1538 1427 1606 lIar,
1469 1554 1622 1608 quam
1650 1537 1856 1610 Cappa-

323 1629 469 1684 doces
507 1632 879 1702 possederunt,
921 1642 968 1687 et
1009 1633 1264 1704 quomodo
1306 1631 1513 1685 nuntios
1558 1631 1747 1684 direxit
1784 1630 1854 1684 ad

324 1721 459 1777 Seon
493 1733 543 1777 et
585 1724 664 1798 0g
692 1743 836 1797 reges
873 1725 1316 1790 Amorrhteorum,
1360 1725 1451 1796 qui
1486 1741 1600 1778 cum
1636 1731 1854 1796 sprevis-

322 1824 430 1868 sent
469 1828 729 1888 prmeepta
773 1817 1018 1884 Domini,
1061 1817 1309 1871 adversus
1356 1817 1495 1886 ipsos
1541 1817 1728 1870 initum
1777 1826 1851 1869 est

329 1926 589 1971 certamen
633 1930 652 1968 :
695 1913 822 1984 Ipsis
865 1914 1065 1968 duabus
1093 1914 1242 1968 semis
1285 1912 1513 1968 tribubus
1535 1912 1845 1984 possidenda

320 2025 494 2065 eorum
524 2016 664 2061 terra
692 2006 792 2076 fuit
822 2006 1037 2062 tradita.

2030 698 2345 762 sequendum
2373 701 2542 756 scelus
2577 713 3036 779 transgressorum.
3077 705 3493 775 Benedictiones,
3520 708 3565 764 si

2040 790 2289 847 obedieris
2303 812 2322 860 ;
2351 795 2757 867 maledictiones,
2782 802 2827 855 si
2849 803 3155 874 neglexeris.

1968 879 2100 938 VIII.
2147 885 2501 959 Ubiprazcepit
2519 893 2748 964 judicia,
2773 913 2890 966 qua:
2914 897 2968 950 in
3016 906 3153 952 terra
3204 899 3562 970 promissionis

2037 979 2253 1034 debeant
2275 983 2409 1050 fieri.
2449 984 2598 1040 ldola
2631 991 3005 1061 confringenda
3033 1009 3050 1048 :
3079 993 3333 1062 decimas,
3375 1003 3422 1047 et
3453 996 3566 1064 pri-

2038 1074 2297 1141 mogenita
2321 1075 2493 1130 danda
2514 1094 2530 1130 :
2549 1076 2857 1134 holocausta
2882 1083 3176 1154 offerenda,
3203 1093 3253 1138 et
3277 1087 3566 1143 sacerdotes

2035 1180 2136 1218 non
2168 1166 2496 1224 deserendas.

1962 1255 2053 1311 IX.
2101 1257 2175 1312 De
2197 1261 2447 1330 prapheta
2475 1263 2613 1334 falso
2639 1275 2688 1320 et
2727 1270 3065 1324 somniatore.
3114 1269 3192 1325 De
3213 1272 3395 1341 fratre,
3419 1273 3558 1343 ﬁlio,

2033 1355 2222 1422 amico,
2249 1368 2298 1411 et
2320 1375 2477 1414 uxore
2493 1362 2825 1417 suadentibus
2849 1365 2922 1418 ire
2954 1374 3068 1434 post
3103 1367 3265 1433 idola,
3299 1367 3560 1440 lapidibus

2034 1448 2323 1505 obruendos
2367 1470 2474 1507 esse
2507 1465 2694 1508 monet.
2744 1455 2822 1511 De
2867 1457 3180 1514 discretione
3224 1461 3554 1532 animalium,

2031 1541 2222 1609 avium,
2287 1545 2605 1616 pisciumque
2676 1549 2986 1604 mundorum
3050 1561 3096 1606 et
3153 1551 3559 1611 immundorum.

2034 1631 2173 1698 Quid
2201 1637 2462 1691 comedere
2493 1638 2668 1701 liceat,
2693 1641 2878 1712 quidve
2916 1659 3020 1697 non
3051 1643 3224 1698 liceat.
3277 1645 3428 1699 Anno
3474 1663 3558 1700 re-

2031 1727 2289 1782 missionis
2334 1731 2466 1784 nihil
2518 1734 2852 1805 repetendum
2900 1736 2962 1788 ab
3007 1753 3166 1809 egeno
3205 1746 3254 1790 et
3303 1755 3553 1809 paupere,

2029 1822 2160 1875 nihil
2210 1825 2524 1895 negandum.
2560 1826 2639 1881 De
2691 1827 2913 1884 Hebra’o
2961 1831 3250 1887 distracto:
3279 1833 3342 1887 de
3362 1835 3558 1906 primo-

2027 1918 2210 1989 genitis
2235 1919 2530 1988 reddendis,
2558 1930 2606 1986 et
2636 1924 2849 1997 sanguis
2872 1941 2936 1978 ne
2959 1926 3277 1980 comedatur.

1955 2009 2026 2064 X.
2071 2009 2391 2066 Faciendum
2419 2013 2634 2084 pascha,
2655 2025 2702 2070 et
2732 2017 2796 2072 de
2827 2018 2934 2071 ritu
2959 2019 3302 2074 solemnitatis
3327 2021 3464 2092 ejus.
3486 2018 3554 2075 In

273 2101 362 2158 III.
389 2101 646 2156 Hortatur
676 2098 948 2172 papulum,
973 2109 1027 2152 ut
1058 2108 1311 2171 praecepta
1337 2108 1384 2154 et
1388 2097 1592 2170 judicia
1616 2106 1777 2151 servet
1791 2115 1850 2152 ac
1881 2095 1928 2158 B
2019 2107 2228 2179 judicio
2282 2125 2552 2179 personam
2593 2128 2696 2166 non
2739 2113 3120 2184 accipiendam.
3151 2113 3292 2171 Solis
3333 2125 3381 2170 et
3414 2117 3554 2170 luna:

316 2201 510 2272 faciat;
541 2214 630 2253 nec
661 2196 980 2252 caeremoniis
1005 2196 1233 2268 gentium
1265 2195 1428 2249 dediti
1459 2194 1741 2247 Dominum
1769 2194 1849 2267 of-

316 2293 529 2364 fendant
559 2308 578 2346 :
606 2302 653 2344 et
682 2302 896 2361 paterna
925 2291 1178 2344 charitate
1207 2288 1473 2343 blanditur
1504 2286 1703 2342 nullam
1741 2304 1850 2342 esse

315 2396 418 2440 tam
455 2385 705 2457 inclytam
739 2394 960 2451 gentem,
1009 2400 1126 2454 qua:
1162 2380 1273 2437 Deo
1315 2383 1378 2437 sit
1406 2382 1665 2452 proxima.
1704 2380 1844 2448 Quo-

319 2481 469 2534 modo
495 2477 566 2531 ad
595 2486 817 2531 montem
845 2477 1168 2542 accesserint,
1203 2485 1248 2530 et
1279 2493 1450 2531 vocem
1482 2475 1573 2528 Dei
1596 2475 1659 2528 de
1675 2474 1842 2528 medio

315 2575 451 2645 ignis
481 2572 776 2636 audierint;
800 2587 861 2624 ac
900 2570 1201 2644 deCtlIOgum
1227 2571 1280 2624 in
1305 2570 1493 2624 tabulis
1521 2567 1740 2642 lapideis
1766 2569 1820 2622 di
1832 2600 1847 2609 -

311 2669 417 2741 gito
447 2667 541 2720 Dei
567 2667 731 2738 fuisse
757 2666 1124 2736 conscriptum.
1154 2663 1470 2720 Moriturum
1499 2681 1550 2718 se
1578 2665 1724 2718 dicit.
1760 2664 1844 2718 Ne

315 2761 460 2815 idola
503 2762 700 2832 faciant
745 2769 1052 2822 commonet,
1085 2773 1130 2816 et
1175 2761 1297 2830 quia
1338 2776 1442 2814 non
1469 2769 1540 2814 est
1569 2761 1703 2814 alius
1746 2761 1846 2813 nisi

315 2873 450 2910 unus
481 2853 641 2910 Deus.
670 2853 1042 2910 Commemorat
1068 2870 1180 2921 qua:
1204 2854 1306 2908 sint
1337 2855 1564 2908 civitates
1585 2862 1839 2926 separata:

315 2949 369 3001 in
395 2947 638 3020 prcesidia
683 2945 1017 3018 fugitivorum
1046 2986 1061 3013 ,
1089 2945 1178 3016 qui
1212 2945 1438 3000 nolentes
1475 2944 1731 2999 hominem
1760 2961 1845 3000 oc-

313 3040 554 3096 ciderint.

241 3134 337 3191 IV.
375 3136 549 3190 Accito
593 3135 735 3189 omni
785 3133 976 3207 pOpulo
1023 3133 1155 3188 dixit
1210 3149 1264 3188 se
1305 3133 1473 3204 ipsum
1540 3140 1844 3199 sequestrem

316 3231 475 3302 fuisse
502 3231 582 3286 vel
605 3229 852 3297 medium,
881 3238 930 3283 et
960 3226 1352 3283 interIsraelem
1381 3237 1428 3282 et
1451 3226 1638 3292 Deum,
1656 3236 1700 3280 et
1729 3242 1845 3296 qua:

317 3323 418 3377 sint
444 3323 619 3378 decem
641 3321 792 3378 verba
820 3338 910 3396 per
940 3321 1172 3376 ordinem
1215 3322 1401 3392 digerit
1433 3337 1450 3376 :
1491 3319 1727 3374 hortatur
1755 3338 1844 3374 cu-

314 3418 562 3484 stodiant,
591 3433 657 3471 ne
684 3426 739 3472 ut
770 3427 1176 3488 transgressores
1205 3425 1432 3487 pereant.

244 3511 314 3567 V.
353 3511 510 3577 Audi,
536 3510 726 3578 Israel,
765 3509 1016 3565 Dominus
1042 3508 1181 3564 Deus
1214 3520 1354 3575 tuus,
1380 3509 1517 3564 Deus
1558 3526 1694 3564 unus
1725 3520 1842 3565 est:
1871 3501 1916 3565 C

317 3614 365 3658 et
391 3606 576 3676 diliges
606 3602 889 3658 Dominum
911 3602 1076 3658 Deum
1111 3613 1277 3658 tuum.
1319 3603 1430 3657 Hoc
1453 3620 1654 3673 semper
1677 3605 1840 3658 inedi-

317 3697 572 3751 tandum:
599 3695 696 3750 hoc
735 3695 868 3766 ﬁliis
915 3705 959 3750 et
1007 3695 1280 3765 nepotibus
1327 3697 1792 3751 commendamlum
1822 3712 1843 3752 :

318 3805 421 3843 non
455 3790 683 3844 eundum
715 3799 825 3859 post
854 3788 974 3864 deos
1012 3789 1232 3843 alienos.
1265 3787 1386 3842 Non
1408 3789 1681 3843 tacendum
1703 3789 1842 3860 quod

315 3881 592 3936 servierunt
613 3880 904 3949 Pharaoni,
931 3891 979 3935 et
1007 3893 1194 3953 septem
1213 3893 1385 3952 gentes
1429 3900 1460 3935 a
1503 3881 1727 3936 Domino
1753 3899 1844 3936 ex-

315 3975 650 4046 stinguendas
701 3992 831 4031 esse.
890 3974 1126 4042 Quorum
1175 3977 1252 4030 vel
1316 3975 1526 4044 ﬁliabus
1581 3993 1682 4030 non
1713 3975 1833 4030 licet

317 4069 520 4123 misceri
545 4068 822 4124 connubio.
857 4067 979 4122 Non
1005 4069 1395 4139 formidandum
1430 4069 1603 4124 hostes
1626 4070 1841 4137 amplis-

317 4163 495 4227 simos,
525 4178 584 4216 eo
614 4161 753 4231 quod
778 4161 1031 4216 Dominus
1069 4163 1243 4216 tradat
1274 4179 1379 4216 eos.
1432 4161 1584 4216 Nihil
1622 4164 1738 4216 auri
1763 4164 1843 4217 vel

318 4259 518 4327 argenti
544 4257 609 4310 de
629 4255 789 4310 idolis
819 4258 1327 4329 concupiscendum;
1361 4275 1418 4311 eo
1447 4258 1587 4328 quod
1613 4259 1678 4311 sit
1711 4276 1841 4312 ana-

316 4348 504 4403 thema.
540 4348 918 4405 Commemorat
961 4351 1148 4405 itinera
1191 4369 1445 4406 annorum
1494 4352 1840 4425 quadraginta

316 4460 404 4514 per
434 4444 732 4498 desertum:
753 4444 1037 4514 pra’stitum
1079 4461 1200 4497 man
1231 4461 1247 4497 :
1280 4445 1576 4498 vestimenta
1623 4445 1700 4499 vel
1755 4463 1842 4500 su-

321 4533 488 4602 pellex
516 4544 703 4589 ca’tera
725 4537 870 4590 nulla
893 4546 1137 4590 vetustate
1160 4547 1489 4608 consumpta,
1514 4554 1609 4610 pro
1652 4539 1841 4610 quibus

317 4644 512 4699 semper
536 4626 750 4681 Domini
770 4627 864 4682 Dei
892 4645 1140 4684 memores
1166 4647 1276 4684 esse
1298 4631 1534 4685 debeant.

250 4718 339 4774 VI.
382 4719 480 4775 Ubi
510 4723 633 4775 dicit
658 4722 1008 4794 ingressurum
1043 4724 1295 4796 papulum
1324 4733 1516 4778 terram
1547 4741 1704 4796 quam
1728 4742 1842 4794 pro-

323 4824 456 4876 misit
505 4823 761 4877 Dominus
785 4821 948 4893 Deus,
973 4833 1020 4878 et
1045 4825 1288 4879 admonet
1315 4843 1378 4880 ne
1397 4826 1610 4895 justitia
1629 4845 1722 4880 sua
1743 4828 1839 4880 sibi

2026 2199 2328 2255 adoratores
2381 2203 2643 2272 lapidibus
2701 2205 3008 2262 obruendos.
3085 2207 3278 2279 Regem
3339 2209 3553 2264 alterius

2023 2294 2189 2366 gentis
2215 2294 2470 2350 hominem
2497 2314 2601 2352 non
2652 2299 2834 2354 debere
2869 2302 3112 2356 constitui
3141 2319 3158 2356 :
3185 2312 3235 2357 et
3256 2302 3460 2357 Levitas
3491 2319 3553 2358 ac

2025 2387 2319 2443 sacerdotes
2342 2389 2552 2443 decimis
2575 2400 2620 2443 et
2649 2392 2992 2448 oblationibus
3012 2412 3122 2450 esse
3151 2404 3438 2450 contentos.

1950 2479 2043 2536 XI.
2087 2480 2316 2537 Levitam
2351 2485 2632 2538 venientem
2673 2503 2737 2540 ex
2767 2488 2974 2543 civitate
3016 2506 3109 2544 sua
3137 2490 3188 2542 in
3219 2490 3402 2555 aliam,
3423 2491 3549 2561 jure

2019 2576 2152 2630 inter
2177 2576 2361 2641 fratres
2398 2577 2607 2633 Domini
2648 2579 2828 2634 debere
2850 2583 3001 2654 [ωιθὶ
3025 2583 3337 2638 ministerio.
3380 2583 3548 2638 Male-

2022 2669 2146 2739 ficos
2173 2674 2500 2741 auferendos.
2523 2672 2838 2746 Pr0phetam
2860 2691 2921 2729 ea:
2945 2676 3125 2730 eadem
3141 2684 3290 2745 gente
3303 2692 3548 2747 magnum

2019 2778 2226 2832 surgere
2255 2779 2270 2815 :
2297 2764 2487 2835 falsum
2535 2776 2708 2820 autem
2753 2767 3011 2840 exstingui
3037 2765 3235 2821 debere.
3269 2763 3338 2820 Et
3383 2767 3446 2822 de
3475 2767 3549 2823 le-

2023 2854 2168 2923 gibus
2197 2874 2326 2928 quas
2349 2857 2560 2913 debeant
2585 2859 2876 2914 observare.
3017 2859 3019 2861 ’

1950 2945 2066 3003 XII.
2111 2948 2188 3004 De
2233 2968 2502 3021 progressu
2527 2953 2856 3020 bellatorum,
2891 2955 3148 3024 quomodo
3179 2956 3424 3026 progredi
3453 2955 3547 3010 de-

2023 3040 2192 3107 beant,
2225 3051 2271 3095 et
2297 3045 2560 3098 exstinctis
2586 3046 2816 3101 hostibus
2839 3047 3101 3112 quomodo
3133 3049 3382 3102 exercitui
3413 3048 3545 3102 divi—

2022 3133 2178 3186 datur
2209 3136 2402 3202 pra-zda.
2430 3135 2507 3190 De
2537 3138 2784 3192 cadavere
2815 3140 3036 3194 hominis
3057 3141 3217 3210 juxta
3248 3140 3426 3194 urbem
3464 3158 3544 3195 re-

2024 3226 2158 3296 perti
2181 3226 2288 3281 :de
2312 3229 2527 3284 muliere
2572 3228 2790 3300 pulchra
2834 3241 2881 3284 et
2923 3231 3126 3298 captiva
3172 3247 3190 3286 :
3235 3233 3298 3284 de
3342 3232 3545 3285 duabus

2021 3319 2268 3374 uxoribus
2296 3331 2342 3374 et
2369 3321 2494 3390 ﬁliis
2524 3339 2718 3376 earum.
2755 3321 2830 3376 De
2851 3323 2960 3392 ﬁlio
2985 3332 3305 3378 contumace.
3331 3321 3410 3377 De
3423 3340 3543 3391 pec-

2021 3422 2136 3466 calo
2161 3413 2307 3483 gravi
2337 3430 2354 3466 :
2383 3415 2444 3466 de
2472 3415 2761 3469 inventione
2786 3415 3053 3470 reddenda
3079 3432 3097 3471 :
3133 3415 3197 3470 de
3217 3426 3352 3471 veste
3374 3417 3469 3470 viri
3493 3428 3541 3472 et

2021 3507 2274 3572 mulieris,
2303 3515 2349 3561 et
2378 3509 2593 3563 diversis
2624 3509 2838 3577 legibus.

1947 3598 2083 3655 XIII.
2126 3597 2204 3653 De
2245 3599 2325 3652 his
2373 3617 2491 3670 qua:
2518 3617 2606 3671 per
2651 3603 2907 3656 somnium
2933 3604 3228 3675 contingere
3259 3602 3443 3669 solent,
3493 3612 3542 3656 et

2018 3695 2136 3748 alia:
2163 3695 2297 3766 leges
2319 3711 2412 3766 pro
2423 3695 2889 3766 justiﬁcationibus
2920 3698 3282 3769 promulgatae.

1944 3783 2086 3840 XIV.
2130 3783 2208 3838 De
2238 3787 2470 3856 ingressu
2499 3799 2650 3841 terra:
2673 3788 3052 3856 promissionis,
3081 3797 3127 3843 et
3154 3789 3414 3857 quomodo
3453 3804 3541 3842 co-

2017 3896 2128 3938 ram
2153 3880 2507 3934 sacerdotibus
2535 3882 2812 3936 obtinuisse
2837 3883 3196 3953 proﬁteantur.

1945 3971 2061 4028 XV.
2112 3971 2378 4041 Praecepta
2409 3975 2766 4037 custodienda,
2798 3984 2847 4028 et
2875 3976 3258 4031 maledictiones
3284 3976 3541 4048 negligen-

2017 4067 2174 4133 tibus,
2200 4066 2573 4121 benedictiones
2597 4067 3019 4136 custodientibus,
3053 4077 3099 4122 et
3119 4085 3426 4141 responsum
3448 4084 3542 4140 po-

2021 4159 2132 4228 puli
2157 4160 2372 4214 dicentis
2401 4177 2569 4215 amen.
2740 4223 2745 4227 ,

1945 4251 2085 4307 XVI.
2135 4251 2308 4306 Verba
2331 4253 2536 4322 foederis
2561 4255 2795 4323 replicat,
2844 4263 2891 4308 et
2938 4254 3175 4311 hortatur
3205 4271 3270 4309 ne
3295 4253 3538 4308 derelicto

2021 4345 2244 4401 Domino
2297 4347 2438 4402 idola
2485 4359 2786 4419 sequantur,
2820 4349 2898 4403 vel
2929 4350 3259 4404 caeremonias
3281 4348 3534 4420 gentium,

2016 4457 2238 4511 quarum
2264 4451 2454 4494 terram
2485 4442 2744 4512 accepturi
2766 4452 2883 4496 sunt
2908 4441 3288 4512 possidendam.

1947 4532 2109 4589 XVII.
2153 4533 2368 4588 Centum
2402 4535 2581 4607 viginti
2617 4552 2668 4590 se
2702 4537 2822 4589 dicit
2857 4552 3154 4590 annorum:
3182 4544 3326 4588 vocat
3347 4533 3537 4601 Iosue,

2017 4629 2280 4695 verbisque
2301 4630 2597 4683 corroborat
2624 4631 2752 4693 suis,
2787 4646 2848 4682 ac
2890 4629 3125 4702 praulicit
3167 4629 3304 4700 quod
3337 4637 3532 4697 terram

2017 4724 2126 4794 ipse
2156 4733 2289 4777 sorte
2343 4723 2535 4776 dividat
2561 4740 2578 4778 :
2604 4723 2766 4795 legem
2813 4723 3039 4794 scripsit,
3079 4739 3141 4778 ac
3185 4721 3535 4778 sacerdotibus

2018 4826 2253 4892 tradidit,
2284 4843 2496 4897 eamque
2523 4837 2834 4898 congregato
2861 4827 3056 4894 papula
3088 4827 3230 4898 legit.

322 4927 599 4996 subjectum
623 4927 701 4983 vel
728 4926 905 4982 datam
928 4935 1119 4982 terram
1139 4929 1299 4999 fuisse
1321 4940 1656 4999 pra'sumant,
1676 4931 1837 4985 maxi-
1865 4896 1922 4958 D
1947 4929 2133 4985 XVIII.
2157 4896 2416 4984 Dominus
2437 4929 2560 4983 dicit
2583 4896 2651 4984 ad
2676 4896 2855 4984 Hasen
2878 4946 2896 4984 :
2921 4929 3094 5000 Prope
3122 4896 3241 4984 sunt
3262 4929 3372 4984 dies
3399 4945 3542 4984 mor-

325 5047 400 5084 me
420 5032 544 5101 quia
591 5047 792 5102 semper
832 5031 901 5084 ad
944 5032 1264 5085 iracundiam
1292 5042 1695 5104 provocaverant
1732 5033 1842 5088 Do-

323 5132 538 5197 minum,
571 5148 687 5186 cum
711 5131 930 5186 vitulum
950 5132 1308 5202 fabricassent,
1339 5145 1385 5188 et
1411 5135 1472 5190 ob
1505 5135 1602 5190 hoc
1621 5136 1736 5207 ipse
1765 5146 1842 5190 ta-

323 5232 466 5287 bulas
495 5233 852 5306 confregisset,
895 5241 1045 5304 atque
1075 5251 1166 5306 pro
1205 5235 1304 5290 hoc
1328 5235 1517 5291 scelere
1541 5237 1842 5308 deprecator

325 5336 614 5389 accesserit.
649 5333 850 5389 Deinde
890 5335 943 5389 in
988 5337 1238 5408 sepulcris
1285 5339 1732 5402 concupiscentite.
1765 5338 1842 5392 De
1899 5407 1902 5410 ξ

324 5436 733 5508 exploratoribus
759 5437 930 5492 missis
976 5455 1038 5491 ac
1078 5444 1254 5506 postea
1300 5439 1418 5491 aliis
1450 5441 1639 5493 tabulis
1666 5441 1838 5510 factis.

327 5538 508 5591 Arcam
531 5537 843 5608 fabricatam
870 5537 1015 5606 dicit,
1048 5548 1094 5594 et
1117 5539 1182 5594 de
1198 5551 1362 5594 morte
1385 5542 1560 5594 Aaron
1591 5542 1641 5594 in
1673 5550 1846 5597 monte

329 5640 462 5696 Hor.

262 5741 366 5800 VII.
407 5743 707 5801 Commonet
725 5746 858 5800 nihil
882 5746 1030 5801 aliud
1053 5747 1308 5819 imperare
1320 5746 1520 5801 homini
1545 5746 1846 5814 Dominum,

329 5849 425 5904 nisi
451 5849 710 5904 culturam
737 5867 906 5919 suam,
952 5860 1000 5906 et
1045 5860 1304 5922 praecepta
1348 5851 1686 5907 custodienda
1713 5867 1732 5906 :
1761 5867 1851 5907 nec

2017 5031 2082 5084 tis
2111 5039 2254 5095 tuae;
2284 5046 2407 5084 voca
2436 5029 2596 5085 Iosue
2624 5029 2693 5083 ad
2720 5031 2908 5084 ostium
2939 5029 3283 5098 tabernaculi,
3337 5039 3382 5084 et
3406 5047 3541 5102 prte-

2019 5132 2207 5199 cipiam
2235 5131 2280 5184 ei
2303 5147 2319 5183 :
2345 5132 2688 5202 apparuitque
2713 5132 2784 5185 eis
2813 5130 3066 5186 Dominus
3089 5133 3146 5186 in
3175 5131 3416 5186 columna
3439 5149 3540 5186 nu-

2021 5233 2119 5300 bis,
2146 5243 2193 5288 et
2215 5235 2511 5306 pronuntiat
2540 5233 2794 5304 populum
2816 5234 2956 5288 idola
2980 5244 3298 5288 secuturum.
3332 5232 3544 5305 Moyses

2017 5335 2194 5390 scribit
2242 5335 2522 5399 canticum,
2551 5346 2599 5390 et
2629 5335 2772 5389 docet
2828 5334 2966 5406 filios
2995 5333 3184 5404 Israel,
3241 5351 3300 5389 ac
3347 5335 3542 5390 Levitis

2019 5438 2254 5508 pra’cipit
2295 5437 2350 5490 in
2376 5453 2512 5492 arcte
2541 5437 2704 5492 latere
2723 5453 2819 5505 pro
2857 5437 3145 5492 testimonio
3176 5437 3338 5510 legem
3391 5450 3544 5504 repo-

2020 5541 2264 5595 nendam.
2290 5538 2506 5593 Invocat
2537 5548 2718 5592 contra
2762 5555 2846 5593 eos
2883 5548 3033 5593 testes
3077 5539 3259 5593 caelum
3279 5545 3323 5592 et
3355 5546 3541 5601 terras,

2020 5642 2159 5715 quod
2185 5651 2394 5714 pereant
2419 5658 2537 5695 cum
2578 5642 2716 5696 mala
2762 5642 3042 5713 patrarint,
3075 5651 3123 5695 et
3144 5647 3317 5694 cantat
3348 5652 3548 5707 prazsav

2024 5762 2144 5818 gum
2174 5743 2431 5798 canticum
2477 5744 2791 5816 futurorum,
2851 5745 2902 5800 in
2935 5760 3036 5816 quo
3081 5759 3143 5798 ea:
3188 5757 3410 5812 persona
3434 5737 3545 5793 Do-

2025 5849 2152 5906 mini
2184 5847 2255 5904 eis
2278 5847 2599 5920 improperat
2625 5849 2802 5906 dicens
2825 5864 2844 5904 :
2870 5846 2968 5906 Ubi
2987 5854 3106 5904 sunt
3127 5843 3201 5900 dii
3222 5843 3318 5914 tui,
3351 5841 3545 5913 Israel,
