  <div class='ocr_page' id='page_1' title='image "/cluster/home/n/w/nwhite01/storage/ocr_20150623/28/hvd.32044015471410/207.png"; bbox 0 0 4098 6366; ppageno 0'>
   <div class='ocr_carea' id='block_1_1' title="bbox 495 341 607 403">
    <p class='ocr_par' dir='ltr' id='par_1_1' title="bbox 495 341 607 403">
     <span class='ocr_line' id='line_1_1' title="bbox 495 341 607 403; baseline -0.009 0"><span class='ocrx_word' id='word_1_1' title='bbox 495 341 607 403; x_wconf 62' lang='lat'><strong><em>‘03</em></strong></span> 
     </span>
    </p>
   </div>
   <div class='ocr_carea' id='block_1_2' title="bbox 1494 319 2772 393">
    <p class='ocr_par' dir='ltr' id='par_1_2' title="bbox 1494 319 2772 393">
     <span class='ocr_line' id='line_1_2' title="bbox 1494 319 2772 393; baseline -0.008 -1"><span class='ocrx_word' id='word_1_2' title='bbox 1494 337 1550 393; x_wconf 86' lang='lat' dir='ltr'><strong><em>S.</em></strong></span> <span class='ocrx_word' id='word_1_3' title='bbox 1595 323 1979 391; x_wconf 68' lang='lat' dir='ltr'><strong><em>lIIEIIONYIII</em></strong></span> <span class='ocrx_word' id='word_1_4' title='bbox 2023 319 2251 387; x_wconf 74' lang='lat' dir='ltr'><strong><em>DIVIHA</em></strong></span> <span class='ocrx_word' id='word_1_5' title='bbox 2297 319 2772 383; x_wconf 53' lang='lat' dir='ltr'><strong><em>IIIIILIOTIIEIZA.</em></strong></span> 
     </span>
    </p>
   </div>
   <div class='ocr_carea' id='block_1_3' title="bbox 3689 317 3796 382">
    <p class='ocr_par' dir='ltr' id='par_1_3' title="bbox 3689 317 3796 382">
     <span class='ocr_line' id='line_1_3' title="bbox 3689 317 3796 382; baseline 0.019 -2"><span class='ocrx_word' id='word_1_6' title='bbox 3689 317 3796 382; x_wconf 74' lang='grc' dir='ltr'><strong><em>ιω</em></strong></span> 
     </span>
    </p>
   </div>
   <div class='ocr_carea' id='block_1_4' title="bbox 569 437 3796 533">
    <p class='ocr_par' dir='ltr' id='par_1_4' title="bbox 569 437 3796 533">
     <span class='ocr_line' id='line_1_4' title="bbox 569 437 3796 533; baseline -0.008 -17"><span class='ocrx_word' id='word_1_7' title='bbox 569 465 620 517; x_wconf 89' lang='lat' dir='ltr'><strong><em>in</em></strong></span> <span class='ocrx_word' id='word_1_8' title='bbox 659 459 842 533; x_wconf 82' lang='lat' dir='ltr'><strong><em>quibus</em></strong></span> <span class='ocrx_word' id='word_1_9' title='bbox 903 454 1233 527; x_wconf 77' lang='lat' dir='ltr'><strong><em>conﬁdebas,</em></strong></span> <span class='ocrx_word' id='word_1_10' title='bbox 1295 463 1344 509; x_wconf 92' lang='lat' dir='ltr'><strong><em>et</em></strong></span> <span class='ocrx_word' id='word_1_11' title='bbox 1399 462 1581 508; x_wconf 81' lang='lat' dir='ltr'><strong><em>ctetera</em></strong></span> <span class='ocrx_word' id='word_1_12' title='bbox 1636 443 1941 503; x_wconf 72' lang='lat' dir='ltr'><strong><em>mirabiliter</em></strong></span> <span class='ocrx_word' id='word_1_13' title='bbox 1997 455 2097 501; x_wconf 88' lang='lat' dir='ltr'><strong><em>tre-</em></strong></span> <span class='ocrx_word' id='word_1_14' title='bbox 2125 451 2176 510; x_wconf 85' lang='grc' dir='ltr'><strong>Α</strong></span> <span class='ocrx_word' id='word_1_15' title='bbox 2275 438 2609 515; x_wconf 84' lang='lat' dir='ltr'><strong><em>gulastribus</em></strong></span> <span class='ocrx_word' id='word_1_16' title='bbox 2640 439 2933 507; x_wconf 76' lang='lat' dir='ltr'><strong><em>benedixit;</em></strong></span> <span class='ocrx_word' id='word_1_17' title='bbox 2984 457 3295 512; x_wconf 77' lang='lat' dir='ltr'><strong><em>ascensoque</em></strong></span> <span class='ocrx_word' id='word_1_18' title='bbox 3346 437 3532 494; x_wconf 79' lang='lat' dir='ltr'><strong><em>uertice</em></strong></span> <span class='ocrx_word' id='word_1_19' title='bbox 3585 437 3796 509; x_wconf 81' lang='lat' dir='ltr'><strong><em>montis,</em></strong></span> 
     </span>
    </p>
   </div>
   <div class='ocr_carea' id='block_1_5' title="bbox 568 550 848 608">
    <p class='ocr_par' dir='ltr' id='par_1_5' title="bbox 568 550 848 608">
     <span class='ocr_line' id='line_1_5' title="bbox 568 550 848 608; baseline -0.014 0"><span class='ocrx_word' id='word_1_20' title='bbox 568 550 848 608; x_wconf 87' lang='lat' dir='ltr'><strong><em>miscenda.</em></strong></span> 
     </span>
    </p>
   </div>
   <div class='ocr_carea' id='block_1_6' title="bbox 493 631 2095 716">
    <p class='ocr_par' dir='ltr' id='par_1_6' title="bbox 493 631 2095 716">
     <span class='ocr_line' id='line_1_6' title="bbox 493 631 2095 716; baseline -0.012 -13"><span class='ocrx_word' id='word_1_21' title='bbox 493 647 637 706; x_wconf 88' lang='lat' dir='ltr'><strong><em>XIX.</em></strong></span> <span class='ocrx_word' id='word_1_22' title='bbox 686 644 969 716; x_wconf 79' lang='lat' dir='ltr'><strong><em>Postquam</em></strong></span> <span class='ocrx_word' id='word_1_23' title='bbox 1009 639 1216 712; x_wconf 77' lang='lat' dir='ltr'><strong><em>Moyses</em></strong></span> <span class='ocrx_word' id='word_1_24' title='bbox 1257 639 1428 692; x_wconf 96' lang='lat' dir='ltr'><strong><em>omnia</em></strong></span> <span class='ocrx_word' id='word_1_25' title='bbox 1459 634 1704 688; x_wconf 78' lang='lat' dir='ltr'><strong><em>carminis</em></strong></span> <span class='ocrx_word' id='word_1_26' title='bbox 1745 631 1899 688; x_wconf 84' lang='lat' dir='ltr'><strong><em>verba</em></strong></span> <span class='ocrx_word' id='word_1_27' title='bbox 1954 647 2095 685; x_wconf 86' lang='lat' dir='ltr'><strong><em>rom-</em></strong></span> 
     </span>
    </p>
   </div>
   <div class='ocr_carea' id='block_1_7' title="bbox 571 724 2096 816">
    <p class='ocr_par' dir='ltr' id='par_1_7' title="bbox 571 724 2096 816">
     <span class='ocr_line' id='line_1_7' title="bbox 571 724 2096 816; baseline -0.01 -17"><span class='ocrx_word' id='word_1_28' title='bbox 571 741 742 816; x_wconf 79' lang='lat' dir='ltr'><strong><em>pterit,</em></strong></span> <span class='ocrx_word' id='word_1_29' title='bbox 776 739 1001 812; x_wconf 86' lang='lat' dir='ltr'><strong><em>loquitur</em></strong></span> <span class='ocrx_word' id='word_1_30' title='bbox 1032 735 1078 794; x_wconf 86' lang='lat' dir='ltr'><strong><em>ei</em></strong></span> <span class='ocrx_word' id='word_1_31' title='bbox 1112 733 1363 790; x_wconf 78' lang='lat' dir='ltr'><strong><em>Domiqu</em></strong></span> <span class='ocrx_word' id='word_1_32' title='bbox 1393 731 1569 789; x_wconf 82' lang='lat' dir='ltr'><strong><em>eadem</em></strong></span> <span class='ocrx_word' id='word_1_33' title='bbox 1608 729 1735 786; x_wconf 81' lang='lat' dir='ltr'><strong><em>die:</em></strong></span> <span class='ocrx_word' id='word_1_34' title='bbox 1763 724 1996 785; x_wconf 80' lang='lat' dir='ltr'><strong><em>Ascende</em></strong></span> <span class='ocrx_word' id='word_1_35' title='bbox 2041 729 2096 783; x_wconf 89' lang='lat' dir='ltr'><strong><em>in</em></strong></span> 
     </span>
    </p>
   </div>
   <div class='ocr_carea' id='block_1_8' title="bbox 571 823 2096 900">
    <p class='ocr_par' dir='ltr' id='par_1_8' title="bbox 571 823 2096 900">
     <span class='ocr_line' id='line_1_8' title="bbox 571 823 2096 900; baseline -0.008 -10"><span class='ocrx_word' id='word_1_36' title='bbox 571 846 796 890; x_wconf 78' lang='lat' dir='ltr'><strong><em>montem</em></strong></span> <span class='ocrx_word' id='word_1_37' title='bbox 847 825 1014 899; x_wconf 83' lang='lat' dir='ltr'><strong><em>Nebo,</em></strong></span> <span class='ocrx_word' id='word_1_38' title='bbox 1063 837 1110 887; x_wconf 85' lang='lat' dir='ltr'><strong><em>et</em></strong></span> <span class='ocrx_word' id='word_1_39' title='bbox 1141 843 1358 894; x_wconf 80' lang='lat' dir='ltr'><strong><em>morere,</em></strong></span> <span class='ocrx_word' id='word_1_40' title='bbox 1393 837 1442 882; x_wconf 90' lang='lat' dir='ltr'><strong><em>et</em></strong></span> <span class='ocrx_word' id='word_1_41' title='bbox 1479 830 1703 900; x_wconf 82' lang='lat' dir='ltr'><strong><em>jungere</em></strong></span> <span class='ocrx_word' id='word_1_42' title='bbox 1735 825 1942 898; x_wconf 78' lang='lat' dir='ltr'><strong><em>papnlis</em></strong></span> <span class='ocrx_word' id='word_1_43' title='bbox 1971 823 2096 878; x_wconf 87' lang='lat' dir='ltr'><strong><em>tuis.</em></strong></span> 
     </span>
    </p>
   </div>
   <div class='ocr_carea' id='block_1_9' title="bbox 574 913 2100 999">
    <p class='ocr_par' dir='ltr' id='par_1_9' title="bbox 574 913 2100 999">
     <span class='ocr_line' id='line_1_9' title="bbox 574 913 2100 999; baseline -0.011 -14"><span class='ocrx_word' id='word_1_44' title='bbox 574 927 642 984; x_wconf 78' lang='lat' dir='ltr'><strong><em>Et</em></strong></span> <span class='ocrx_word' id='word_1_45' title='bbox 667 937 940 999; x_wconf 73' lang='lat' dir='ltr'><strong><em>antequam</em></strong></span> <span class='ocrx_word' id='word_1_46' title='bbox 961 923 1279 990; x_wconf 79' lang='lat' dir='ltr'><strong><em>ascenderet,</em></strong></span> <span class='ocrx_word' id='word_1_47' title='bbox 1323 915 1616 975; x_wconf 71' lang='lat' dir='ltr'><strong><em>uniuersum</em></strong></span> <span class='ocrx_word' id='word_1_48' title='bbox 1645 913 1816 973; x_wconf 85' lang='lat' dir='ltr'><strong><em>Israel</em></strong></span> <span class='ocrx_word' id='word_1_49' title='bbox 1854 927 1945 988; x_wconf 82' lang='lat' dir='ltr'><strong><em>per</em></strong></span> <span class='ocrx_word' id='word_1_50' title='bbox 1993 915 2100 970; x_wconf 80' lang='lat' dir='ltr'><strong><em>sin-</em></strong></span> 
     </span>
    </p>
   </div>
   <div class='ocr_carea' id='block_1_10' title="bbox 1691 1057 2064 1068">
    <p class='ocr_par' dir='ltr' id='par_1_10' title="bbox 1691 1057 2064 1068">
     <span class='ocr_line' id='line_1_10' title="bbox 1691 1057 2064 1068; baseline 0 -2"><span class='ocrx_word' id='word_1_51' title='bbox 1691 1057 2064 1068; x_wconf 58' lang='lat'><strong><em>—____.——</em></strong></span> 
     </span>
    </p>
   </div>
   <div class='ocr_carea' id='block_1_11' title="bbox 1213 1057 1677 1072">
    <p class='ocr_par' dir='ltr' id='par_1_11' title="bbox 1213 1057 1677 1072">
     <span class='ocr_line' id='line_1_11' title="bbox 1213 1057 1677 1072; baseline 0.002 -6"><span class='ocrx_word' id='word_1_52' title='bbox 1213 1057 1677 1072; x_wconf 71' lang='lat'><strong><em>—___—__———-</em></strong></span> 
     </span>
    </p>
   </div>
   <div class='ocr_carea' id='block_1_12' title="bbox 2270 534 3802 608">
    <p class='ocr_par' dir='ltr' id='par_1_12' title="bbox 2270 534 3802 608">
     <span class='ocr_line' id='line_1_12' title="bbox 2270 534 3802 608; baseline -0.003 -15"><span class='ocrx_word' id='word_1_53' title='bbox 2270 539 2561 594; x_wconf 69' lang='lat' dir='ltr'><strong><em>uniuersum</em></strong></span> <span class='ocrx_word' id='word_1_54' title='bbox 2609 545 2804 592; x_wconf 81' lang='lat' dir='ltr'><strong><em>terram</em></strong></span> <span class='ocrx_word' id='word_1_55' title='bbox 2853 537 3213 608; x_wconf 81' lang='lat' dir='ltr'><strong><em>promissionis</em></strong></span> <span class='ocrx_word' id='word_1_56' title='bbox 3267 535 3492 607; x_wconf 70' lang='lat' dir='ltr'><strong><em>aspexit,</em></strong></span> <span class='ocrx_word' id='word_1_57' title='bbox 3549 534 3620 588; x_wconf 87' lang='lat' dir='ltr'><strong><em>ad</em></strong></span> <span class='ocrx_word' id='word_1_58' title='bbox 3643 551 3802 606; x_wconf 84' lang='lat' dir='ltr'><strong><em>quam</em></strong></span> 
     </span>
    </p>
   </div>
   <div class='ocr_carea' id='block_1_13' title="bbox 2273 629 3804 702">
    <p class='ocr_par' dir='ltr' id='par_1_13' title="bbox 2273 629 3804 702">
     <span class='ocr_line' id='line_1_13' title="bbox 2273 629 3804 702; baseline -0.001 -18"><span class='ocrx_word' id='word_1_59' title='bbox 2273 648 2368 702; x_wconf 90' lang='lat' dir='ltr'><strong><em>pro</em></strong></span> <span class='ocrx_word' id='word_1_60' title='bbox 2397 631 2802 686; x_wconf 75' lang='lat' dir='ltr'><strong><em>contradictione</em></strong></span> <span class='ocrx_word' id='word_1_61' title='bbox 2851 641 2898 684; x_wconf 88' lang='lat' dir='ltr'><strong><em>et</em></strong></span> <span class='ocrx_word' id='word_1_62' title='bbox 2953 629 3352 684; x_wconf 69' lang='lat' dir='ltr'><strong><em>exacerbatione</em></strong></span> <span class='ocrx_word' id='word_1_63' title='bbox 3397 643 3652 696; x_wconf 88' lang='lat' dir='ltr'><strong><em>aquarum</em></strong></span> <span class='ocrx_word' id='word_1_64' title='bbox 3677 643 3804 682; x_wconf 86' lang='lat' dir='ltr'><strong><em>cou-</em></strong></span> 
     </span>
    </p>
   </div>
   <div class='ocr_carea' id='block_1_14' title="bbox 2274 713 3806 796">
    <p class='ocr_par' dir='ltr' id='par_1_14' title="bbox 2274 713 3806 796">
     <span class='ocr_line' id='line_1_14' title="bbox 2274 713 3806 796; baseline -0.003 -16"><span class='ocrx_word' id='word_1_65' title='bbox 2274 723 2601 780; x_wconf 79' lang='lat' dir='ltr'><strong><em>tradictibnis</em></strong></span> <span class='ocrx_word' id='word_1_66' title='bbox 2649 723 2845 778; x_wconf 83' lang='lat' dir='ltr'><strong><em>intrare</em></strong></span> <span class='ocrx_word' id='word_1_67' title='bbox 2883 733 2985 777; x_wconf 82' lang='lat' dir='ltr'><strong><em>non</em></strong></span> <span class='ocrx_word' id='word_1_68' title='bbox 3032 725 3199 796; x_wconf 86' lang='lat' dir='ltr'><strong><em>potuit</em></strong></span> <span class='ocrx_word' id='word_1_69' title='bbox 3232 739 3251 778; x_wconf 91' lang='lat'><strong><em>:</em></strong></span> <span class='ocrx_word' id='word_1_70' title='bbox 3279 719 3453 794; x_wconf 78' lang='lat' dir='ltr'><strong><em>ibique</em></strong></span> <span class='ocrx_word' id='word_1_71' title='bbox 3496 713 3806 776; x_wconf 76' lang='lat' dir='ltr'><strong><em>describitur</em></strong></span> 
     </span>
    </p>
   </div>
   <div class='ocr_carea' id='block_1_15' title="bbox 2270 813 3806 888">
    <p class='ocr_par' dir='ltr' id='par_1_15' title="bbox 2270 813 3806 888">
     <span class='ocr_line' id='line_1_15' title="bbox 2270 813 3806 888; baseline -0.001 -16"><span class='ocrx_word' id='word_1_72' title='bbox 2270 822 2522 878; x_wconf 80' lang='lat' dir='ltr'><strong><em>mortuus.</em></strong></span> <span class='ocrx_word' id='word_1_73' title='bbox 2547 826 2595 872; x_wconf 90' lang='lat' dir='ltr'><strong><em>et</em></strong></span> <span class='ocrx_word' id='word_1_74' title='bbox 2624 815 2943 888; x_wconf 83' lang='lat' dir='ltr'><strong><em>incognitum</em></strong></span> <span class='ocrx_word' id='word_1_75' title='bbox 2986 831 3094 870; x_wconf 87' lang='lat' dir='ltr'><strong><em>esse</em></strong></span> <span class='ocrx_word' id='word_1_76' title='bbox 3122 817 3236 886; x_wconf 73' lang='lat' dir='ltr'><strong><em>eius</em></strong></span> <span class='ocrx_word' id='word_1_77' title='bbox 3282 813 3599 886; x_wconf 82' lang='lat' dir='ltr'><strong><em>sepulcrum,</em></strong></span> <span class='ocrx_word' id='word_1_78' title='bbox 3633 831 3696 870; x_wconf 88' lang='lat' dir='ltr'><strong><em>ac</em></strong></span> <span class='ocrx_word' id='word_1_79' title='bbox 3725 825 3806 870; x_wconf 87' lang='lat' dir='ltr'><strong><em>ta-</em></strong></span> 
     </span>
    </p>
   </div>
   <div class='ocr_carea' id='block_1_16' title="bbox 2273 901 3629 981">
    <p class='ocr_par' dir='ltr' id='par_1_16' title="bbox 2273 901 3629 981">
     <span class='ocr_line' id='line_1_16' title="bbox 2273 901 3629 981; baseline -0.002 -17"><span class='ocrx_word' id='word_1_80' title='bbox 2273 909 2374 965; x_wconf 87' lang='lat' dir='ltr'><strong><em>lem</em></strong></span> <span class='ocrx_word' id='word_1_81' title='bbox 2401 907 2540 965; x_wconf 80' lang='lat' dir='ltr'><strong><em>ultro</em></strong></span> <span class='ocrx_word' id='word_1_82' title='bbox 2560 909 2614 963; x_wconf 86' lang='lat' dir='ltr'><strong><em>in</em></strong></span> <span class='ocrx_word' id='word_1_83' title='bbox 2645 905 2817 964; x_wconf 85' lang='lat' dir='ltr'><strong><em>Israel</em></strong></span> <span class='ocrx_word' id='word_1_84' title='bbox 2845 921 2948 963; x_wconf 87' lang='lat' dir='ltr'><strong><em>non</em></strong></span> <span class='ocrx_word' id='word_1_85' title='bbox 2985 907 3272 964; x_wconf 69' lang='lat' dir='ltr'><strong><em>surrexisse</em></strong></span> <span class='ocrx_word' id='word_1_86' title='bbox 3301 901 3629 981; x_wconf 76' lang='lat' dir='ltr'><strong><em>prophetam.</em></strong></span> 
     </span>
    </p>
   </div>
   <div class='ocr_carea' id='block_1_17' title="bbox 2065 1053 2254 1067">
    <p class='ocr_par' dir='ltr' id='par_1_17' title="bbox 2065 1053 2254 1067">
     <span class='ocr_line' id='line_1_17' title="bbox 2065 1053 2254 1067; baseline -0.011 -2"><span class='ocrx_word' id='word_1_87' title='bbox 2065 1053 2254 1067; x_wconf 64' lang='grc' dir='ltr'><strong><em>...ιι-ο</em></strong></span> 
     </span>
    </p>
   </div>
   <div class='ocr_carea' id='block_1_18' title="bbox 1529 1153 2776 1230">
    <p class='ocr_par' dir='ltr' id='par_1_18' title="bbox 1529 1153 2776 1230">
     <span class='ocr_line' id='line_1_18' title="bbox 1529 1153 2776 1230; baseline -0.013 0"><span class='ocrx_word' id='word_1_88' title='bbox 1529 1165 1838 1230; x_wconf 79' lang='lat' dir='ltr'><strong><em>BREVES</em></strong></span> <span class='ocrx_word' id='word_1_89' title='bbox 1883 1161 2096 1226; x_wconf 80' lang='lat' dir='ltr'><strong>LIBRI</strong></span> <span class='ocrx_word' id='word_1_90' title='bbox 2141 1153 2776 1222; x_wconf 79' lang='lat' dir='ltr'><strong><em>DEUTERONOMII.</em></strong></span> 
     </span>
    </p>
   </div>
   <div class='ocr_carea' id='block_1_19' title="bbox 496 1285 967 1355">
    <p class='ocr_par' dir='ltr' id='par_1_19' title="bbox 496 1285 967 1355">
     <span class='ocr_line' id='line_1_19' title="bbox 496 1285 967 1355; baseline -0.015 0"><span class='ocrx_word' id='word_1_91' title='bbox 496 1299 541 1355; x_wconf 84' lang='grc' dir='ltr'><strong><em>Ι.</em></strong></span> <span class='ocrx_word' id='word_1_92' title='bbox 576 1291 650 1349; x_wconf 87' lang='lat' dir='ltr'><strong><em>De</em></strong></span> <span class='ocrx_word' id='word_1_93' title='bbox 669 1285 967 1348; x_wconf 70' lang='lat' dir='ltr'><strong><em>Iudicibus.</em></strong></span> 
     </span>
    </p>
   </div>
   <div class='ocr_carea' id='block_1_20' title="bbox 494 1378 1752 1458">
    <p class='ocr_par' dir='ltr' id='par_1_20' title="bbox 494 1378 1752 1458">
     <span class='ocr_line' id='line_1_20' title="bbox 494 1378 1752 1458; baseline -0.007 -12"><span class='ocrx_word' id='word_1_94' title='bbox 494 1385 563 1446; x_wconf 91' lang='lat' dir='ltr'><strong><em>II.</em></strong></span> <span class='ocrx_word' id='word_1_95' title='bbox 606 1382 1033 1442; x_wconf 80' lang='lat' dir='ltr'><strong><em>Commemoratio</em></strong></span> <span class='ocrx_word' id='word_1_96' title='bbox 1063 1378 1436 1458; x_wconf 69' lang='lat' dir='ltr'><strong><em>explorationis</em></strong></span> <span class='ocrx_word' id='word_1_97' title='bbox 1466 1391 1637 1440; x_wconf 80' lang='lat' dir='ltr'><strong><em>teme.</em></strong></span> <span class='ocrx_word' id='word_1_98' title='bbox 1747 1453 1752 1458; x_wconf 7' lang='grc' dir='ltr'><strong><em>ἦ</em></strong></span> 
     </span>
    </p>
   </div>
   <div class='ocr_carea' id='block_1_21' title="bbox 495 1467 1518 1544">
    <p class='ocr_par' dir='ltr' id='par_1_21' title="bbox 495 1467 1518 1544">
     <span class='ocr_line' id='line_1_21' title="bbox 495 1467 1518 1544; baseline -0.008 -9"><span class='ocrx_word' id='word_1_99' title='bbox 495 1477 584 1536; x_wconf 89' lang='lat' dir='ltr'><strong><em>Ill.</em></strong></span> <span class='ocrx_word' id='word_1_100' title='bbox 627 1473 1060 1534; x_wconf 81' lang='lat' dir='ltr'><strong><em>Commemoratio</em></strong></span> <span class='ocrx_word' id='word_1_101' title='bbox 1091 1472 1324 1544; x_wconf 74' lang='lat' dir='ltr'><strong><em>filiorum</em></strong></span> <span class='ocrx_word' id='word_1_102' title='bbox 1359 1467 1518 1528; x_wconf 79' lang='lat' dir='ltr'><strong><em>Esau.</em></strong></span> 
     </span>
    </p>
   </div>
   <div class='ocr_carea' id='block_1_22' title="bbox 496 1563 1470 1628">
    <p class='ocr_par' dir='ltr' id='par_1_22' title="bbox 496 1563 1470 1628">
     <span class='ocr_line' id='line_1_22' title="bbox 496 1563 1470 1628; baseline -0.006 0"><span class='ocrx_word' id='word_1_103' title='bbox 496 1570 588 1628; x_wconf 85' lang='lat' dir='ltr'><strong><em>IV.</em></strong></span> <span class='ocrx_word' id='word_1_104' title='bbox 631 1569 1066 1625; x_wconf 81' lang='lat' dir='ltr'><strong><em>Commemoratio</em></strong></span> <span class='ocrx_word' id='word_1_105' title='bbox 1096 1563 1470 1622; x_wconf 77' lang='lat' dir='ltr'><strong><em>Moabitarunt.</em></strong></span> 
     </span>
    </p>
   </div>
   <div class='ocr_carea' id='block_1_23' title="bbox 2205 1271 3621 1337">
    <p class='ocr_par' dir='ltr' id='par_1_23' title="bbox 2205 1271 3621 1337">
     <span class='ocr_line' id='line_1_23' title="bbox 2205 1271 3621 1337; baseline -0.002 0"><span class='ocrx_word' id='word_1_106' title='bbox 2205 1274 2342 1337; x_wconf 90' lang='lat' dir='ltr'><strong><em>XLI.</em></strong></span> <span class='ocrx_word' id='word_1_107' title='bbox 2383 1275 2581 1334; x_wconf 84' lang='lat' dir='ltr'><strong><em>Ctelnm</em></strong></span> <span class='ocrx_word' id='word_1_108' title='bbox 2609 1276 2724 1334; x_wconf 73' lang='grc' dir='ltr'><strong><em>εωιί</em></strong></span> <span class='ocrx_word' id='word_1_109' title='bbox 2747 1287 2794 1333; x_wconf 91' lang='lat' dir='ltr'><strong><em>et</em></strong></span> <span class='ocrx_word' id='word_1_110' title='bbox 2821 1277 2994 1332; x_wconf 83' lang='lat' dir='ltr'><strong><em>omnia</em></strong></span> <span class='ocrx_word' id='word_1_111' title='bbox 3025 1271 3240 1333; x_wconf 86' lang='lat' dir='ltr'><strong><em>Domini</em></strong></span> <span class='ocrx_word' id='word_1_112' title='bbox 3275 1272 3368 1334; x_wconf 84' lang='lat' dir='ltr'><strong><em>Det</em></strong></span> <span class='ocrx_word' id='word_1_113' title='bbox 3386 1275 3464 1334; x_wconf 84' lang='lat' dir='ltr'><strong><em>tui</em></strong></span> <span class='ocrx_word' id='word_1_114' title='bbox 3493 1276 3621 1334; x_wconf 85' lang='lat' dir='ltr'><strong><em>sint.</em></strong></span> 
     </span>
    </p>
   </div>
   <div class='ocr_carea' id='block_1_24' title="bbox 2205 1368 3376 1430">
    <p class='ocr_par' dir='ltr' id='par_1_24' title="bbox 2205 1368 3376 1430">
     <span class='ocr_line' id='line_1_24' title="bbox 2205 1368 3376 1430; baseline -0.004 0"><span class='ocrx_word' id='word_1_115' title='bbox 2205 1368 2364 1430; x_wconf 87' lang='lat' dir='ltr'><strong><em>XLII.</em></strong></span> <span class='ocrx_word' id='word_1_116' title='bbox 2399 1369 2662 1428; x_wconf 82' lang='lat' dir='ltr'><strong><em>Duritiam</em></strong></span> <span class='ocrx_word' id='word_1_117' title='bbox 2685 1369 2860 1426; x_wconf 79' lang='lat' dir='ltr'><strong><em>cordis</em></strong></span> <span class='ocrx_word' id='word_1_118' title='bbox 2883 1370 3376 1426; x_wconf 72' lang='lat' dir='ltr'><strong><em>circumcidendum.</em></strong></span> 
     </span>
    </p>
   </div>
   <div class='ocr_carea' id='block_1_25' title="bbox 2208 1465 3804 1536">
    <p class='ocr_par' dir='ltr' id='par_1_25' title="bbox 2208 1465 3804 1536">
     <span class='ocr_line' id='line_1_25' title="bbox 2208 1465 3804 1536; baseline 0 -13"><span class='ocrx_word' id='word_1_119' title='bbox 2208 1466 2390 1525; x_wconf 87' lang='lat' dir='ltr'><strong><em>XLIII.</em></strong></span> <span class='ocrx_word' id='word_1_120' title='bbox 2435 1466 2709 1521; x_wconf 89' lang='lat' dir='ltr'><strong><em>Dominum</em></strong></span> <span class='ocrx_word' id='word_1_121' title='bbox 2741 1465 2904 1521; x_wconf 85' lang='lat' dir='ltr'><strong><em>Deum</em></strong></span> <span class='ocrx_word' id='word_1_122' title='bbox 2938 1475 3084 1520; x_wconf 91' lang='lat' dir='ltr'><strong><em>tuum</em></strong></span> <span class='ocrx_word' id='word_1_123' title='bbox 3111 1465 3336 1536; x_wconf 87' lang='lat' dir='ltr'><strong><em>timebis,</em></strong></span> <span class='ocrx_word' id='word_1_124' title='bbox 3367 1471 3417 1523; x_wconf 84' lang='lat' dir='ltr'><strong><em>et</em></strong></span> <span class='ocrx_word' id='word_1_125' title='bbox 3453 1465 3536 1523; x_wconf 83' lang='lat' dir='ltr'><strong><em>illi</em></strong></span> <span class='ocrx_word' id='word_1_126' title='bbox 3563 1466 3665 1524; x_wconf 85' lang='lat' dir='ltr'><strong><em>soli</em></strong></span> <span class='ocrx_word' id='word_1_127' title='bbox 3692 1483 3804 1523; x_wconf 77' lang='lat' dir='ltr'><strong><em>ser-</em></strong></span> 
     </span>
    </p>
   </div>
   <div class='ocr_carea' id='block_1_26' title="bbox 2278 1561 2398 1616">
    <p class='ocr_par' dir='ltr' id='par_1_26' title="bbox 2278 1561 2398 1616">
     <span class='ocr_line' id='line_1_26' title="bbox 2278 1561 2398 1616; baseline -0.025 -2"><span class='ocrx_word' id='word_1_128' title='bbox 2278 1561 2398 1616; x_wconf 78' lang='lat' dir='ltr'><strong><em>cies.</em></strong></span> 
     </span>
    </p>
   </div>
   <div class='ocr_carea' id='block_1_27' title="bbox 498 1646 3412 1732">
    <p class='ocr_par' dir='ltr' id='par_1_27' title="bbox 498 1646 3412 1732">
     <span class='ocr_line' id='line_1_27' title="bbox 498 1646 3412 1732; baseline -0.003 -14"><span class='ocrx_word' id='word_1_129' title='bbox 498 1662 569 1718; x_wconf 86' lang='lat' dir='ltr'><strong><em>V.</em></strong></span> <span class='ocrx_word' id='word_1_130' title='bbox 614 1659 1045 1716; x_wconf 70' lang='lat' dir='ltr'><strong><em>Commemwatio</em></strong></span> <span class='ocrx_word' id='word_1_131' title='bbox 1072 1672 1264 1732; x_wconf 78' lang='lat' dir='ltr'><strong><em>pugna:</em></strong></span> <span class='ocrx_word' id='word_1_132' title='bbox 1291 1654 1461 1714; x_wconf 82' lang='lat' dir='ltr'><strong><em>Israel</em></strong></span> <span class='ocrx_word' id='word_1_133' title='bbox 1491 1656 1741 1713; x_wconf 83' lang='lat' dir='ltr'><strong><em>adversus</em></strong></span> <span class='ocrx_word' id='word_1_134' title='bbox 1773 1653 1912 1713; x_wconf 84' lang='lat' dir='ltr'><strong><em>Seon</em></strong></span> <span class='ocrx_word' id='word_1_135' title='bbox 1939 1665 1990 1712; x_wconf 91' lang='lat' dir='ltr'><strong><em>et</em></strong></span> <span class='ocrx_word' id='word_1_136' title='bbox 2017 1655 2100 1729; x_wconf 82' lang='lat' dir='ltr'><strong><em>Og</em></strong></span> <span class='ocrx_word' id='word_1_137' title='bbox 2210 1646 2395 1711; x_wconf 83' lang='lat' dir='ltr'><strong><em>XLIV.</em></strong></span> <span class='ocrx_word' id='word_1_138' title='bbox 2441 1648 2648 1708; x_wconf 72' lang='lat' dir='ltr'><strong><em>Iiatltan</em></strong></span> <span class='ocrx_word' id='word_1_139' title='bbox 2677 1661 2724 1708; x_wconf 88' lang='lat' dir='ltr'><strong><em>et</em></strong></span> <span class='ocrx_word' id='word_1_140' title='bbox 2749 1651 2943 1708; x_wconf 79' lang='lat' dir='ltr'><strong><em>Abiron</em></strong></span> <span class='ocrx_word' id='word_1_141' title='bbox 2967 1653 3412 1710; x_wconf 74' lang='lat' dir='ltr'><strong><em>eamntemOratio.</em></strong></span> 
     </span>
    </p>
   </div>
   <div class='ocr_carea' id='block_1_28' title="bbox 575 1767 740 1827">
    <p class='ocr_par' dir='ltr' id='par_1_28' title="bbox 575 1767 740 1827">
     <span class='ocr_line' id='line_1_28' title="bbox 575 1767 740 1827; baseline -0.006 -17"><span class='ocrx_word' id='word_1_142' title='bbox 575 1767 740 1827; x_wconf 83' lang='lat' dir='ltr'><strong><em>reges.</em></strong></span> 
     </span>
    </p>
   </div>
   <div class='ocr_carea' id='block_1_29' title="bbox 501 1843 1204 1917">
    <p class='ocr_par' dir='ltr' id='par_1_29' title="bbox 501 1843 1204 1917">
     <span class='ocr_line' id='line_1_29' title="bbox 501 1843 1204 1917; baseline -0.009 -13"><span class='ocrx_word' id='word_1_143' title='bbox 501 1849 592 1904; x_wconf 82' lang='lat' dir='ltr'><strong><em>VI.</em></strong></span> <span class='ocrx_word' id='word_1_144' title='bbox 638 1847 714 1902; x_wconf 89' lang='lat' dir='ltr'><strong><em>De</em></strong></span> <span class='ocrx_word' id='word_1_145' title='bbox 745 1843 874 1902; x_wconf 81' lang='lat' dir='ltr'><strong><em>lecto</em></strong></span> <span class='ocrx_word' id='word_1_146' title='bbox 901 1847 1069 1916; x_wconf 75' lang='lat' dir='ltr'><strong><em>ferreo</em></strong></span> <span class='ocrx_word' id='word_1_147' title='bbox 1103 1843 1204 1917; x_wconf 75' lang='lat'><strong><em>09.</em></strong></span> 
     </span>
    </p>
   </div>
   <div class='ocr_carea' id='block_1_30' title="bbox 501 1939 938 1998">
    <p class='ocr_par' dir='ltr' id='par_1_30' title="bbox 501 1939 938 1998">
     <span class='ocr_line' id='line_1_30' title="bbox 501 1939 938 1998; baseline -0.011 0"><span class='ocrx_word' id='word_1_148' title='bbox 501 1941 618 1998; x_wconf 85' lang='lat' dir='ltr'><strong><em>VII.</em></strong></span> <span class='ocrx_word' id='word_1_149' title='bbox 664 1943 738 1996; x_wconf 87' lang='lat' dir='ltr'><strong><em>De</em></strong></span> <span class='ocrx_word' id='word_1_150' title='bbox 759 1939 938 1995; x_wconf 76' lang='lat' dir='ltr'><strong><em>Iosue.</em></strong></span> 
     </span>
    </p>
   </div>
   <div class='ocr_carea' id='block_1_31' title="bbox 501 2026 1336 2108">
    <p class='ocr_par' dir='ltr' id='par_1_31' title="bbox 501 2026 1336 2108">
     <span class='ocr_line' id='line_1_31' title="bbox 501 2026 1336 2108; baseline -0.002 -18"><span class='ocrx_word' id='word_1_151' title='bbox 501 2033 638 2095; x_wconf 83' lang='lat' dir='ltr'><strong><em>VIII.</em></strong></span> <span class='ocrx_word' id='word_1_152' title='bbox 686 2026 894 2108; x_wconf 73' lang='lat' dir='ltr'><strong><em>Moyses</em></strong></span> <span class='ocrx_word' id='word_1_153' title='bbox 922 2031 984 2091; x_wconf 85' lang='lat' dir='ltr'><strong><em>de</em></strong></span> <span class='ocrx_word' id='word_1_154' title='bbox 1010 2050 1065 2090; x_wconf 87' lang='lat' dir='ltr'><strong><em>se</em></strong></span> <span class='ocrx_word' id='word_1_155' title='bbox 1090 2031 1336 2106; x_wconf 76' lang='lat' dir='ltr'><strong><em>loquitur.</em></strong></span> 
     </span>
    </p>
   </div>
   <div class='ocr_carea' id='block_1_32' title="bbox 505 2124 1590 2203">
    <p class='ocr_par' dir='ltr' id='par_1_32' title="bbox 505 2124 1590 2203">
     <span class='ocr_line' id='line_1_32' title="bbox 505 2124 1590 2203; baseline -0.006 -14"><span class='ocrx_word' id='word_1_156' title='bbox 505 2128 598 2189; x_wconf 87' lang='lat' dir='ltr'><strong><em>IX.</em></strong></span> <span class='ocrx_word' id='word_1_157' title='bbox 643 2131 718 2186; x_wconf 88' lang='lat' dir='ltr'><strong><em>De</em></strong></span> <span class='ocrx_word' id='word_1_158' title='bbox 735 2132 984 2203; x_wconf 70' lang='lat' dir='ltr'><strong><em>justitia,‘</em></strong></span> <span class='ocrx_word' id='word_1_159' title='bbox 1014 2131 1064 2184; x_wconf 87' lang='lat' dir='ltr'><strong><em>et</em></strong></span> <span class='ocrx_word' id='word_1_160' title='bbox 1088 2125 1290 2197; x_wconf 79' lang='lat' dir='ltr'><strong><em>iudicio</em></strong></span> <span class='ocrx_word' id='word_1_161' title='bbox 1318 2124 1590 2182; x_wconf 73' lang='lat' dir='ltr'><strong><em>servando.</em></strong></span> 
     </span>
    </p>
   </div>
   <div class='ocr_carea' id='block_1_33' title="bbox 512 2219 1327 2296">
    <p class='ocr_par' dir='ltr' id='par_1_33' title="bbox 512 2219 1327 2296">
     <span class='ocr_line' id='line_1_33' title="bbox 512 2219 1327 2296; baseline -0.004 -16"><span class='ocrx_word' id='word_1_162' title='bbox 512 2227 578 2280; x_wconf 73' lang='grc' dir='ltr'><strong><em>Χ.</em></strong></span> <span class='ocrx_word' id='word_1_163' title='bbox 623 2221 702 2280; x_wconf 82' lang='lat' dir='ltr'><strong><em>De</em></strong></span> <span class='ocrx_word' id='word_1_164' title='bbox 726 2223 849 2296; x_wconf 82' lang='lat' dir='ltr'><strong><em>ﬁliis</em></strong></span> <span class='ocrx_word' id='word_1_165' title='bbox 869 2219 1031 2296; x_wconf 78' lang='lat' dir='ltr'><strong><em>legem</em></strong></span> <span class='ocrx_word' id='word_1_166' title='bbox 1064 2219 1327 2277; x_wconf 73' lang='lat' dir='ltr'><strong><em>docendis.</em></strong></span> 
     </span>
    </p>
   </div>
   <div class='ocr_carea' id='block_1_34' title="bbox 507 2309 1621 2386">
    <p class='ocr_par' dir='ltr' id='par_1_34' title="bbox 507 2309 1621 2386">
     <span class='ocr_line' id='line_1_34' title="bbox 507 2309 1621 2386; baseline -0.01 -11"><span class='ocrx_word' id='word_1_167' title='bbox 507 2317 603 2376; x_wconf 86' lang='lat' dir='ltr'><strong><em>XI.</em></strong></span> <span class='ocrx_word' id='word_1_168' title='bbox 649 2311 866 2373; x_wconf 84' lang='lat' dir='ltr'><strong><em>Nullum</em></strong></span> <span class='ocrx_word' id='word_1_169' title='bbox 898 2309 1284 2371; x_wconf 75' lang='lat' dir='ltr'><strong><em>similitudinem</em></strong></span> <span class='ocrx_word' id='word_1_170' title='bbox 1308 2311 1621 2386; x_wconf 77' lang='lat' dir='ltr'><strong><em>faciendam.</em></strong></span> 
     </span>
    </p>
   </div>
   <div class='ocr_carea' id='block_1_35' title="bbox 507 2399 1907 2466">
    <p class='ocr_par' dir='ltr' id='par_1_35' title="bbox 507 2399 1907 2466">
     <span class='ocr_line' id='line_1_35' title="bbox 507 2399 1907 2466; baseline -0.004 0"><span class='ocrx_word' id='word_1_171' title='bbox 507 2410 628 2466; x_wconf 94' lang='lat' dir='ltr'><strong><em>XII.</em></strong></span> <span class='ocrx_word' id='word_1_172' title='bbox 672 2409 849 2466; x_wconf 81' lang='lat' dir='ltr'><strong><em>Solem</em></strong></span> <span class='ocrx_word' id='word_1_173' title='bbox 871 2418 917 2462; x_wconf 87' lang='lat' dir='ltr'><strong><em>et</em></strong></span> <span class='ocrx_word' id='word_1_174' title='bbox 948 2408 1124 2462; x_wconf 80' lang='lat' dir='ltr'><strong><em>lunam</em></strong></span> <span class='ocrx_word' id='word_1_175' title='bbox 1147 2415 1196 2462; x_wconf 91' lang='lat' dir='ltr'><strong><em>et</em></strong></span> <span class='ocrx_word' id='word_1_176' title='bbox 1219 2399 1401 2460; x_wconf 76' lang='lat' dir='ltr'><strong><em>stellas</em></strong></span> <span class='ocrx_word' id='word_1_177' title='bbox 1428 2419 1531 2460; x_wconf 87' lang='lat' dir='ltr'><strong><em>non</em></strong></span> <span class='ocrx_word' id='word_1_178' title='bbox 1559 2404 1907 2460; x_wconf 81' lang='lat' dir='ltr'><strong><em>adorandum.</em></strong></span> 
     </span>
    </p>
   </div>
   <div class='ocr_carea' id='block_1_36' title="bbox 507 2493 2112 2572">
    <p class='ocr_par' dir='ltr' id='par_1_36' title="bbox 507 2493 2112 2572">
     <span class='ocr_line' id='line_1_36' title="bbox 507 2493 2112 2572; baseline -0.004 -11"><span class='ocrx_word' id='word_1_179' title='bbox 507 2500 652 2561; x_wconf 89' lang='lat' dir='ltr'><strong><em>XIII.</em></strong></span> <span class='ocrx_word' id='word_1_180' title='bbox 698 2493 798 2558; x_wconf 82' lang='lat' dir='ltr'><strong><em>Ubi</em></strong></span> <span class='ocrx_word' id='word_1_181' title='bbox 827 2502 950 2556; x_wconf 73' lang='lat' dir='ltr'><strong><em>dicit</em></strong></span> <span class='ocrx_word' id='word_1_182' title='bbox 1003 2499 1210 2572; x_wconf 69' lang='lat' dir='ltr'><strong><em>Moyses</em></strong></span> <span class='ocrx_word' id='word_1_183' title='bbox 1244 2499 1384 2571; x_wconf 75' lang='lat' dir='ltr'><strong><em>quod</em></strong></span> <span class='ocrx_word' id='word_1_184' title='bbox 1431 2500 1612 2555; x_wconf 80' lang='lat' dir='ltr'><strong><em>merito</em></strong></span> <span class='ocrx_word' id='word_1_185' title='bbox 1641 2499 1824 2572; x_wconf 80' lang='lat' dir='ltr'><strong><em>populi</em></strong></span> <span class='ocrx_word' id='word_1_186' title='bbox 1851 2499 1899 2554; x_wconf 85' lang='lat' dir='ltr'><strong><em>ei</em></strong></span> <span class='ocrx_word' id='word_1_187' title='bbox 1933 2493 2112 2556; x_wconf 82' lang='lat' dir='ltr'><strong><em>Domi-</em></strong></span> 
     </span>
    </p>
   </div>
   <div class='ocr_carea' id='block_1_37' title="bbox 583 2593 1118 2668">
    <p class='ocr_par' dir='ltr' id='par_1_37' title="bbox 583 2593 1118 2668">
     <span class='ocr_line' id='line_1_37' title="bbox 583 2593 1118 2668; baseline -0.007 -20"><span class='ocrx_word' id='word_1_188' title='bbox 583 2609 682 2650; x_wconf 85' lang='lat' dir='ltr'><strong><em>nus</em></strong></span> <span class='ocrx_word' id='word_1_189' title='bbox 706 2595 1006 2668; x_wconf 76' lang='lat' dir='ltr'><strong><em>indignatus</em></strong></span> <span class='ocrx_word' id='word_1_190' title='bbox 1031 2593 1118 2647; x_wconf 90' lang='lat' dir='ltr'><strong><em>sit.</em></strong></span> 
     </span>
    </p>
   </div>
   <div class='ocr_carea' id='block_1_38' title="bbox 507 2681 1508 2754">
    <p class='ocr_par' dir='ltr' id='par_1_38' title="bbox 507 2681 1508 2754">
     <span class='ocr_line' id='line_1_38' title="bbox 507 2681 1508 2754; baseline -0.007 -11"><span class='ocrx_word' id='word_1_191' title='bbox 507 2685 650 2744; x_wconf 80' lang='lat' dir='ltr'><strong><em>XIV.</em></strong></span> <span class='ocrx_word' id='word_1_192' title='bbox 685 2685 1034 2740; x_wconf 75' lang='lat' dir='ltr'><strong><em>Comminulio</em></strong></span> <span class='ocrx_word' id='word_1_193' title='bbox 1063 2686 1131 2740; x_wconf 84' lang='lat' dir='ltr'><strong><em>ad</em></strong></span> <span class='ocrx_word' id='word_1_194' title='bbox 1158 2682 1298 2754; x_wconf 66' lang='lat' dir='ltr'><strong><em>ﬁlios</em></strong></span> <span class='ocrx_word' id='word_1_195' title='bbox 1319 2681 1508 2739; x_wconf 77' lang='lat' dir='ltr'><strong><em>Israel.</em></strong></span> 
     </span>
    </p>
   </div>
   <div class='ocr_carea' id='block_1_39' title="bbox 511 2771 1626 2848">
    <p class='ocr_par' dir='ltr' id='par_1_39' title="bbox 511 2771 1626 2848">
     <span class='ocr_line' id='line_1_39' title="bbox 511 2771 1626 2848; baseline -0.003 -14"><span class='ocrx_word' id='word_1_196' title='bbox 511 2777 630 2834; x_wconf 84' lang='lat' dir='ltr'><strong><em>XV.</em></strong></span> <span class='ocrx_word' id='word_1_197' title='bbox 675 2771 984 2834; x_wconf 70' lang='lat' dir='ltr'><strong><em>Exhortatio</em></strong></span> <span class='ocrx_word' id='word_1_198' title='bbox 1014 2784 1130 2848; x_wconf 82' lang='lat' dir='ltr'><strong><em>post</em></strong></span> <span class='ocrx_word' id='word_1_199' title='bbox 1151 2776 1626 2832; x_wconf 72' lang='lat' dir='ltr'><strong><em>comminationern.</em></strong></span> 
     </span>
    </p>
   </div>
   <div class='ocr_carea' id='block_1_40' title="bbox 513 2869 1423 2926">
    <p class='ocr_par' dir='ltr' id='par_1_40' title="bbox 513 2869 1423 2926">
     <span class='ocr_line' id='line_1_40' title="bbox 513 2869 1423 2926; baseline -0.004 0"><span class='ocrx_word' id='word_1_200' title='bbox 513 2871 658 2926; x_wconf 86' lang='lat' dir='ltr'><strong><em>XVI.</em></strong></span> <span class='ocrx_word' id='word_1_201' title='bbox 699 2869 1127 2926; x_wconf 87' lang='lat' dir='ltr'><strong><em>Commemoratio</em></strong></span> <span class='ocrx_word' id='word_1_202' title='bbox 1157 2869 1423 2924; x_wconf 77' lang='lat' dir='ltr'><strong><em>uirtutum.</em></strong></span> 
     </span>
    </p>
   </div>
   <div class='ocr_carea' id='block_1_41' title="bbox 520 2959 1744 3040">
    <p class='ocr_par' dir='ltr' id='par_1_41' title="bbox 520 2959 1744 3040">
     <span class='ocr_line' id='line_1_41' title="bbox 520 2959 1744 3040; baseline -0.001 -17"><span class='ocrx_word' id='word_1_203' title='bbox 520 2959 684 3023; x_wconf 90' lang='lat' dir='ltr'><strong><em>XVII.</em></strong></span> <span class='ocrx_word' id='word_1_204' title='bbox 729 2965 972 3020; x_wconf 75' lang='lat' dir='ltr'><strong><em>Civitates</em></strong></span> <span class='ocrx_word' id='word_1_205' title='bbox 993 2967 1188 3040; x_wconf 71' lang='lat' dir='ltr'><strong><em>reruin</em></strong></span> <span class='ocrx_word' id='word_1_206' title='bbox 1205 2981 1324 3022; x_wconf 78' lang='lat' dir='ltr'><strong><em>eum</em></strong></span> <span class='ocrx_word' id='word_1_207' title='bbox 1350 2967 1590 3024; x_wconf 85' lang='lat' dir='ltr'><strong><em>omnibus</em></strong></span> <span class='ocrx_word' id='word_1_208' title='bbox 1615 2965 1744 3023; x_wconf 84' lang='lat' dir='ltr'><strong><em>suis.</em></strong></span> 
     </span>
    </p>
   </div>
   <div class='ocr_carea' id='block_1_42' title="bbox 525 3057 1461 3133">
    <p class='ocr_par' dir='ltr' id='par_1_42' title="bbox 525 3057 1461 3133">
     <span class='ocr_line' id='line_1_42' title="bbox 525 3057 1461 3133; baseline 0.003 -18"><span class='ocrx_word' id='word_1_209' title='bbox 525 3058 710 3115; x_wconf 80' lang='lat' dir='ltr'><strong><em>XVIII.</em></strong></span> <span class='ocrx_word' id='word_1_210' title='bbox 759 3057 1004 3133; x_wconf 80' lang='lat' dir='ltr'><strong><em>Decalogi</em></strong></span> <span class='ocrx_word' id='word_1_211' title='bbox 1027 3065 1461 3118; x_wconf 80' lang='lat' dir='ltr'><strong><em>commemoratio.</em></strong></span> 
     </span>
    </p>
   </div>
   <div class='ocr_carea' id='block_1_43' title="bbox 518 3149 1889 3220">
    <p class='ocr_par' dir='ltr' id='par_1_43' title="bbox 518 3149 1889 3220">
     <span class='ocr_line' id='line_1_43' title="bbox 518 3149 1889 3220; baseline 0.003 -13"><span class='ocrx_word' id='word_1_212' title='bbox 518 3150 660 3207; x_wconf 79' lang='lat' dir='ltr'><strong><em>XIX.</em></strong></span> <span class='ocrx_word' id='word_1_213' title='bbox 703 3149 834 3220; x_wconf 80' lang='lat' dir='ltr'><strong><em>Quis</em></strong></span> <span class='ocrx_word' id='word_1_214' title='bbox 866 3151 1008 3207; x_wconf 80' lang='lat' dir='ltr'><strong><em>dabit</em></strong></span> <span class='ocrx_word' id='word_1_215' title='bbox 1035 3153 1108 3208; x_wconf 86' lang='lat' dir='ltr'><strong><em>eis</em></strong></span> <span class='ocrx_word' id='word_1_216' title='bbox 1132 3163 1221 3208; x_wconf 83' lang='lat' dir='ltr'><strong><em>eor</em></strong></span> <span class='ocrx_word' id='word_1_217' title='bbox 1243 3153 1318 3209; x_wconf 87' lang='lat' dir='ltr'><strong><em>sic</em></strong></span> <span class='ocrx_word' id='word_1_218' title='bbox 1339 3169 1448 3210; x_wconf 86' lang='lat' dir='ltr'><strong><em>esse</em></strong></span> <span class='ocrx_word' id='word_1_219' title='bbox 1474 3165 1528 3210; x_wconf 91' lang='lat' dir='ltr'><strong><em>ut</em></strong></span> <span class='ocrx_word' id='word_1_220' title='bbox 1559 3152 1769 3211; x_wconf 78' lang='lat' dir='ltr'><strong><em>timeant</em></strong></span> <span class='ocrx_word' id='word_1_221' title='bbox 1791 3172 1889 3212; x_wconf 82' lang='lat' dir='ltr'><strong><em>me.</em></strong></span> 
     </span>
    </p>
   </div>
   <div class='ocr_carea' id='block_1_44' title="bbox 519 3231 1426 3314">
    <p class='ocr_par' dir='ltr' id='par_1_44' title="bbox 519 3231 1426 3314">
     <span class='ocr_line' id='line_1_44' title="bbox 519 3231 1426 3314; baseline 0.002 -15"><span class='ocrx_word' id='word_1_222' title='bbox 519 3241 638 3299; x_wconf 87' lang='lat' dir='ltr'><strong><em>XX.</em></strong></span> <span class='ocrx_word' id='word_1_223' title='bbox 683 3241 760 3297; x_wconf 88' lang='lat' dir='ltr'><strong><em>De</em></strong></span> <span class='ocrx_word' id='word_1_224' title='bbox 778 3231 1046 3314; x_wconf 56' lang='lat' dir='ltr'><strong><em>praeceptis</em></strong></span> <span class='ocrx_word' id='word_1_225' title='bbox 1075 3242 1426 3301; x_wconf 74' lang='lat' dir='ltr'><strong><em>observandis.</em></strong></span> 
     </span>
    </p>
   </div>
   <div class='ocr_carea' id='block_1_45' title="bbox 517 3335 1600 3396">
    <p class='ocr_par' dir='ltr' id='par_1_45' title="bbox 517 3335 1600 3396">
     <span class='ocr_line' id='line_1_45' title="bbox 517 3335 1600 3396; baseline 0.002 -2"><span class='ocrx_word' id='word_1_226' title='bbox 517 3335 662 3394; x_wconf 86' lang='lat' dir='ltr'><strong><em>XXI.</em></strong></span> <span class='ocrx_word' id='word_1_227' title='bbox 709 3337 990 3394; x_wconf 87' lang='lat' dir='ltr'><strong><em>Dominum</em></strong></span> <span class='ocrx_word' id='word_1_228' title='bbox 1021 3353 1122 3394; x_wconf 89' lang='lat' dir='ltr'><strong><em>non</em></strong></span> <span class='ocrx_word' id='word_1_229' title='bbox 1148 3339 1600 3396; x_wconf 83' lang='lat' dir='ltr'><strong><em>contemnendum.</em></strong></span> 
     </span>
    </p>
   </div>
   <div class='ocr_carea' id='block_1_46' title="bbox 518 3427 1416 3492">
    <p class='ocr_par' dir='ltr' id='par_1_46' title="bbox 518 3427 1416 3492">
     <span class='ocr_line' id='line_1_46' title="bbox 518 3427 1416 3492; baseline 0.004 -4"><span class='ocrx_word' id='word_1_230' title='bbox 518 3427 685 3488; x_wconf 81' lang='lat' dir='ltr'><strong><em>XXII.</em></strong></span> <span class='ocrx_word' id='word_1_231' title='bbox 728 3429 902 3489; x_wconf 85' lang='lat' dir='ltr'><strong><em>Filios</em></strong></span> <span class='ocrx_word' id='word_1_232' title='bbox 929 3429 1262 3490; x_wconf 85' lang='lat' dir='ltr'><strong><em>instruendos</em></strong></span> <span class='ocrx_word' id='word_1_233' title='bbox 1289 3451 1416 3492; x_wconf 86' lang='lat' dir='ltr'><strong><em>esse.</em></strong></span> 
     </span>
    </p>
   </div>
   <div class='ocr_carea' id='block_1_47' title="bbox 2207 1743 3267 1817">
    <p class='ocr_par' dir='ltr' id='par_1_47' title="bbox 2207 1743 3267 1817">
     <span class='ocr_line' id='line_1_47' title="bbox 2207 1743 3267 1817; baseline 0 -15"><span class='ocrx_word' id='word_1_234' title='bbox 2207 1744 2371 1802; x_wconf 88' lang='lat' dir='ltr'><strong><em>XLV.</em></strong></span> <span class='ocrx_word' id='word_1_235' title='bbox 2413 1743 2666 1817; x_wconf 73' lang='lat' dir='ltr'><strong><em>Deﬁnitio</em></strong></span> <span class='ocrx_word' id='word_1_236' title='bbox 2696 1755 2868 1816; x_wconf 70' lang='lat' dir='ltr'><strong><em>terrm,</em></strong></span> <span class='ocrx_word' id='word_1_237' title='bbox 2893 1747 2974 1802; x_wconf 82' lang='lat' dir='ltr'><strong><em>vel</em></strong></span> <span class='ocrx_word' id='word_1_238' title='bbox 3005 1745 3267 1803; x_wconf 81' lang='lat' dir='ltr'><strong><em>laudatio.</em></strong></span> 
     </span>
    </p>
   </div>
   <div class='ocr_carea' id='block_1_48' title="bbox 2211 1835 3808 1918">
    <p class='ocr_par' dir='ltr' id='par_1_48' title="bbox 2211 1835 3808 1918">
     <span class='ocr_line' id='line_1_48' title="bbox 2211 1835 3808 1918; baseline 0.004 -24"><span class='ocrx_word' id='word_1_239' title='bbox 2211 1835 2394 1896; x_wconf 83' lang='lat' dir='ltr'><strong><em>XLVI.</em></strong></span> <span class='ocrx_word' id='word_1_240' title='bbox 2439 1835 2500 1896; x_wconf 87' lang='lat' dir='ltr'><strong><em>Si</em></strong></span> <span class='ocrx_word' id='word_1_241' title='bbox 2529 1839 2716 1894; x_wconf 83' lang='lat' dir='ltr'><strong><em>auditu</em></strong></span> <span class='ocrx_word' id='word_1_242' title='bbox 2765 1839 2996 1896; x_wconf 86' lang='lat' dir='ltr'><strong><em>audieris</em></strong></span> <span class='ocrx_word' id='word_1_243' title='bbox 3042 1839 3342 1910; x_wconf 86' lang='lat' dir='ltr'><strong><em>Dominum,</em></strong></span> <span class='ocrx_word' id='word_1_244' title='bbox 3376 1839 3520 1899; x_wconf 80' lang='lat' dir='ltr'><strong><em>dabit</em></strong></span> <span class='ocrx_word' id='word_1_245' title='bbox 3575 1842 3808 1918; x_wconf 73' lang='lat' dir='ltr'><strong><em>plut-iam</em></strong></span> 
     </span>
    </p>
   </div>
   <div class='ocr_carea' id='block_1_49' title="bbox 2283 1941 2658 2006">
    <p class='ocr_par' dir='ltr' id='par_1_49' title="bbox 2283 1941 2658 2006">
     <span class='ocr_line' id='line_1_49' title="bbox 2283 1941 2658 2006; baseline 0 -20"><span class='ocrx_word' id='word_1_246' title='bbox 2283 1941 2513 2006; x_wconf 86' lang='lat' dir='ltr'><strong><em>tempore</em></strong></span> <span class='ocrx_word' id='word_1_247' title='bbox 2539 1944 2658 1988; x_wconf 75' lang='lat' dir='ltr'><strong><em>suo.</em></strong></span> 
     </span>
    </p>
   </div>
   <div class='ocr_carea' id='block_1_50' title="bbox 2211 2025 3806 2104">
    <p class='ocr_par' dir='ltr' id='par_1_50' title="bbox 2211 2025 3806 2104">
     <span class='ocr_line' id='line_1_50' title="bbox 2211 2025 3806 2104; baseline 0.006 -22"><span class='ocrx_word' id='word_1_248' title='bbox 2211 2025 2422 2082; x_wconf 86' lang='lat' dir='ltr'><strong><em>XLVII.</em></strong></span> <span class='ocrx_word' id='word_1_249' title='bbox 2466 2027 2549 2082; x_wconf 77' lang='lat' dir='ltr'><strong><em>Ne</em></strong></span> <span class='ocrx_word' id='word_1_250' title='bbox 2575 2044 2692 2082; x_wconf 85' lang='lat' dir='ltr'><strong><em>cum</em></strong></span> <span class='ocrx_word' id='word_1_251' title='bbox 2715 2027 2898 2101; x_wconf 87' lang='lat' dir='ltr'><strong><em>repleti</em></strong></span> <span class='ocrx_word' id='word_1_252' title='bbox 2937 2028 3148 2100; x_wconf 82' lang='lat' dir='ltr'><strong><em>fuerint,</em></strong></span> <span class='ocrx_word' id='word_1_253' title='bbox 3205 2031 3450 2088; x_wconf 90' lang='lat' dir='ltr'><strong><em>deserant</em></strong></span> <span class='ocrx_word' id='word_1_254' title='bbox 3504 2025 3806 2104; x_wconf 79' lang='lat' dir='ltr'><strong><em>Dominum,</em></strong></span> 
     </span>
    </p>
   </div>
   <div class='ocr_carea' id='block_1_51' title="bbox 2139 2119 3367 2200">
    <p class='ocr_par' dir='ltr' id='par_1_51' title="bbox 2139 2119 3367 2200">
     <span class='ocr_line' id='line_1_51' title="bbox 2139 2119 3367 2200; baseline 0.003 -22"><span class='ocrx_word' id='word_1_255' title='bbox 2139 2119 2186 2188; x_wconf 77' lang='grc' dir='ltr'><strong>Β</strong></span> <span class='ocrx_word' id='word_1_256' title='bbox 2285 2128 2334 2178; x_wconf 84' lang='lat' dir='ltr'><strong><em>et</em></strong></span> <span class='ocrx_word' id='word_1_257' title='bbox 2361 2121 2620 2179; x_wconf 85' lang='lat' dir='ltr'><strong><em>contineat</em></strong></span> <span class='ocrx_word' id='word_1_258' title='bbox 2644 2123 2852 2195; x_wconf 72' lang='lat' dir='ltr'><strong><em>cadunt,</em></strong></span> <span class='ocrx_word' id='word_1_259' title='bbox 2880 2130 2928 2179; x_wconf 88' lang='lat' dir='ltr'><strong><em>et</em></strong></span> <span class='ocrx_word' id='word_1_260' title='bbox 2960 2139 3062 2180; x_wconf 89' lang='lat' dir='ltr'><strong><em>non</em></strong></span> <span class='ocrx_word' id='word_1_261' title='bbox 3086 2127 3149 2181; x_wconf 88' lang='lat' dir='ltr'><strong><em>sit</em></strong></span> <span class='ocrx_word' id='word_1_262' title='bbox 3174 2123 3367 2200; x_wconf 81' lang='lat' dir='ltr'><strong><em>pluria.</em></strong></span> 
     </span>
    </p>
   </div>
   <div class='ocr_carea' id='block_1_52' title="bbox 2213 2209 3202 2288">
    <p class='ocr_par' dir='ltr' id='par_1_52' title="bbox 2213 2209 3202 2288">
     <span class='ocr_line' id='line_1_52' title="bbox 2213 2209 3202 2288; baseline 0.002 -16"><span class='ocrx_word' id='word_1_263' title='bbox 2213 2209 2444 2272; x_wconf 81' lang='lat' dir='ltr'><strong><em>XLVIII.</em></strong></span> <span class='ocrx_word' id='word_1_264' title='bbox 2489 2212 2658 2272; x_wconf 81' lang='lat' dir='ltr'><strong><em>Filios</em></strong></span> <span class='ocrx_word' id='word_1_265' title='bbox 2685 2229 2888 2288; x_wconf 61' lang='grc' dir='ltr'><strong><em>θεωρεῖ</em></strong></span> <span class='ocrx_word' id='word_1_266' title='bbox 2919 2215 3202 2274; x_wconf 83' lang='lat' dir='ltr'><strong><em>docendos.</em></strong></span> 
     </span>
    </p>
   </div>
   <div class='ocr_carea' id='block_1_53' title="bbox 2213 2304 3671 2384">
    <p class='ocr_par' dir='ltr' id='par_1_53' title="bbox 2213 2304 3671 2384">
     <span class='ocr_line' id='line_1_53' title="bbox 2213 2304 3671 2384; baseline 0.002 -17"><span class='ocrx_word' id='word_1_267' title='bbox 2213 2307 2404 2367; x_wconf 87' lang='lat' dir='ltr'><strong><em>XLIX.</em></strong></span> <span class='ocrx_word' id='word_1_268' title='bbox 2451 2304 2525 2366; x_wconf 91' lang='lat' dir='ltr'><strong><em>De</em></strong></span> <span class='ocrx_word' id='word_1_269' title='bbox 2551 2309 2861 2384; x_wconf 79' lang='lat' dir='ltr'><strong><em>fortitudine</em></strong></span> <span class='ocrx_word' id='word_1_270' title='bbox 2889 2311 2985 2366; x_wconf 88' lang='lat' dir='ltr'><strong><em>Dei</em></strong></span> <span class='ocrx_word' id='word_1_271' title='bbox 3009 2327 3164 2384; x_wconf 84' lang='lat' dir='ltr'><strong><em>super</em></strong></span> <span class='ocrx_word' id='word_1_272' title='bbox 3185 2315 3358 2384; x_wconf 78' lang='lat' dir='ltr'><strong><em>gentes</em></strong></span> <span class='ocrx_word' id='word_1_273' title='bbox 3382 2314 3671 2372; x_wconf 62' lang='lat' dir='ltr'><strong><em>terrendaz.</em></strong></span> 
     </span>
    </p>
   </div>
   <div class='ocr_carea' id='block_1_54' title="bbox 2215 2397 3270 2488">
    <p class='ocr_par' dir='ltr' id='par_1_54' title="bbox 2215 2397 3270 2488">
     <span class='ocr_line' id='line_1_54' title="bbox 2215 2397 3270 2488; baseline -0.001 -25"><span class='ocrx_word' id='word_1_274' title='bbox 2215 2407 2276 2463; x_wconf 92' lang='lat' dir='ltr'><strong><em>L.</em></strong></span> <span class='ocrx_word' id='word_1_275' title='bbox 2323 2397 2400 2460; x_wconf 84' lang='lat' dir='ltr'><strong><em>De</em></strong></span> <span class='ocrx_word' id='word_1_276' title='bbox 2428 2401 2780 2461; x_wconf 80' lang='lat' dir='ltr'><strong><em>benedictione</em></strong></span> <span class='ocrx_word' id='word_1_277' title='bbox 2809 2409 2858 2460; x_wconf 86' lang='lat' dir='ltr'><strong><em>et</em></strong></span> <span class='ocrx_word' id='word_1_278' title='bbox 2881 2403 3270 2488; x_wconf 61' lang='lat' dir='ltr'><strong><em>malediciione.</em></strong></span> 
     </span>
    </p>
   </div>
   <div class='ocr_carea' id='block_1_55' title="bbox 2214 2495 3165 2573">
    <p class='ocr_par' dir='ltr' id='par_1_55' title="bbox 2214 2495 3165 2573">
     <span class='ocr_line' id='line_1_55' title="bbox 2214 2495 3165 2573; baseline -0.003 -17"><span class='ocrx_word' id='word_1_279' title='bbox 2214 2496 2300 2556; x_wconf 88' lang='lat' dir='ltr'><strong><em>LI.</em></strong></span> <span class='ocrx_word' id='word_1_280' title='bbox 2344 2495 2476 2554; x_wconf 90' lang='lat' dir='ltr'><strong><em>Item</em></strong></span> <span class='ocrx_word' id='word_1_281' title='bbox 2505 2497 2568 2554; x_wconf 89' lang='lat' dir='ltr'><strong><em>de</em></strong></span> <span class='ocrx_word' id='word_1_282' title='bbox 2591 2495 2738 2556; x_wconf 86' lang='lat' dir='ltr'><strong><em>idolo</em></strong></span> <span class='ocrx_word' id='word_1_283' title='bbox 2767 2496 3165 2573; x_wconf 75' lang='lat' dir='ltr'><strong><em>confringendo.</em></strong></span> 
     </span>
    </p>
   </div>
   <div class='ocr_carea' id='block_1_56' title="bbox 2215 2591 3152 2667">
    <p class='ocr_par' dir='ltr' id='par_1_56' title="bbox 2215 2591 3152 2667">
     <span class='ocr_line' id='line_1_56' title="bbox 2215 2591 3152 2667; baseline -0.001 -18"><span class='ocrx_word' id='word_1_284' title='bbox 2215 2591 2321 2649; x_wconf 88' lang='lat' dir='ltr'><strong><em>LII.</em></strong></span> <span class='ocrx_word' id='word_1_285' title='bbox 2367 2592 2432 2648; x_wconf 88' lang='lat' dir='ltr'><strong><em>In</em></strong></span> <span class='ocrx_word' id='word_1_286' title='bbox 2455 2609 2561 2649; x_wconf 76' lang='lat' dir='ltr'><strong><em>uno</em></strong></span> <span class='ocrx_word' id='word_1_287' title='bbox 2585 2591 2698 2649; x_wconf 89' lang='lat' dir='ltr'><strong><em>loco</em></strong></span> <span class='ocrx_word' id='word_1_288' title='bbox 2725 2593 3152 2667; x_wconf 70' lang='lat' dir='ltr'><strong><em>sacriﬁcandum.</em></strong></span> 
     </span>
    </p>
   </div>
   <div class='ocr_carea' id='block_1_57' title="bbox 2214 2683 3818 2765">
    <p class='ocr_par' dir='ltr' id='par_1_57' title="bbox 2214 2683 3818 2765">
     <span class='ocr_line' id='line_1_57' title="bbox 2214 2683 3818 2765; baseline 0.004 -21"><span class='ocrx_word' id='word_1_289' title='bbox 2214 2684 2346 2744; x_wconf 84' lang='lat' dir='ltr'><strong><em>LIII.</em></strong></span> <span class='ocrx_word' id='word_1_290' title='bbox 2392 2683 2670 2759; x_wconf 81' lang='lat' dir='ltr'><strong><em>Sacriﬁcia</em></strong></span> <span class='ocrx_word' id='word_1_291' title='bbox 2709 2695 2757 2743; x_wconf 88' lang='lat' dir='ltr'><strong><em>et</em></strong></span> <span class='ocrx_word' id='word_1_292' title='bbox 2786 2689 2962 2745; x_wconf 86' lang='lat' dir='ltr'><strong><em>ontnia</em></strong></span> <span class='ocrx_word' id='word_1_293' title='bbox 2999 2694 3116 2744; x_wconf 78' lang='lat' dir='ltr'><strong><em>vota</em></strong></span> <span class='ocrx_word' id='word_1_294' title='bbox 3145 2701 3250 2745; x_wconf 85' lang='lat' dir='ltr'><strong><em>non</em></strong></span> <span class='ocrx_word' id='word_1_295' title='bbox 3293 2689 3396 2746; x_wconf 89' lang='lat' dir='ltr'><strong><em>nisi</em></strong></span> <span class='ocrx_word' id='word_1_296' title='bbox 3435 2690 3523 2747; x_wconf 82' lang='lat' dir='ltr'><strong><em>ubi</em></strong></span> <span class='ocrx_word' id='word_1_297' title='bbox 3567 2692 3818 2765; x_wconf 85' lang='lat' dir='ltr'><strong><em>tentplum</em></strong></span> 
     </span>
    </p>
   </div>
   <div class='ocr_carea' id='block_1_58' title="bbox 2289 2777 3282 2855">
    <p class='ocr_par' dir='ltr' id='par_1_58' title="bbox 2289 2777 3282 2855">
     <span class='ocr_line' id='line_1_58' title="bbox 2289 2777 3282 2855; baseline 0.002 -19"><span class='ocrx_word' id='word_1_298' title='bbox 2289 2777 2446 2855; x_wconf 77' lang='lat' dir='ltr'><strong><em>fuerit</em></strong></span> <span class='ocrx_word' id='word_1_299' title='bbox 2462 2825 2476 2848; x_wconf 90' lang='lat'><strong><em>,</em></strong></span> <span class='ocrx_word' id='word_1_300' title='bbox 2507 2781 2839 2838; x_wconf 85' lang='lat' dir='ltr'><strong><em>celebranda.</em></strong></span> <span class='ocrx_word' id='word_1_301' title='bbox 3278 2795 3282 2799; x_wconf 87' lang='lat'>&#39;</span> 
     </span>
    </p>
   </div>
   <div class='ocr_carea' id='block_1_59' title="bbox 2217 2873 3818 2953">
    <p class='ocr_par' dir='ltr' id='par_1_59' title="bbox 2217 2873 3818 2953">
     <span class='ocr_line' id='line_1_59' title="bbox 2217 2873 3818 2953; baseline 0.002 -19"><span class='ocrx_word' id='word_1_302' title='bbox 2217 2874 2353 2934; x_wconf 87' lang='lat' dir='ltr'><strong><em>LIV.</em></strong></span> <span class='ocrx_word' id='word_1_303' title='bbox 2397 2873 2598 2934; x_wconf 83' lang='lat' dir='ltr'><strong><em>Levitas</em></strong></span> <span class='ocrx_word' id='word_1_304' title='bbox 2629 2893 2730 2932; x_wconf 84' lang='lat' dir='ltr'><strong><em>non</em></strong></span> <span class='ocrx_word' id='word_1_305' title='bbox 2763 2874 2932 2934; x_wconf 85' lang='lat' dir='ltr'><strong><em>deseri</em></strong></span> <span class='ocrx_word' id='word_1_306' title='bbox 2963 2875 3014 2933; x_wconf 90' lang='lat' dir='ltr'><strong><em>in</em></strong></span> <span class='ocrx_word' id='word_1_307' title='bbox 3045 2875 3177 2934; x_wconf 82' lang='lat' dir='ltr'><strong><em>votis</em></strong></span> <span class='ocrx_word' id='word_1_308' title='bbox 3202 2924 3216 2950; x_wconf 91' lang='lat'><strong><em>,</em></strong></span> <span class='ocrx_word' id='word_1_309' title='bbox 3265 2887 3312 2934; x_wconf 91' lang='lat' dir='ltr'><strong><em>et</em></strong></span> <span class='ocrx_word' id='word_1_310' title='bbox 3357 2881 3666 2953; x_wconf 77' lang='lat' dir='ltr'><strong><em>sanguinem</em></strong></span> <span class='ocrx_word' id='word_1_311' title='bbox 3709 2897 3818 2938; x_wconf 83' lang='lat' dir='ltr'><strong><em>non</em></strong></span> 
     </span>
    </p>
   </div>
   <div class='ocr_carea' id='block_1_60' title="bbox 2293 2971 2732 3027">
    <p class='ocr_par' dir='ltr' id='par_1_60' title="bbox 2293 2971 2732 3027">
     <span class='ocr_line' id='line_1_60' title="bbox 2293 2971 2732 3027; baseline 0.005 -5"><span class='ocrx_word' id='word_1_312' title='bbox 2293 2971 2732 3027; x_wconf 82' lang='lat' dir='ltr'><strong><em>manducandum.</em></strong></span> 
     </span>
    </p>
   </div>
   <div class='ocr_carea' id='block_1_61' title="bbox 2219 3061 3820 3136">
    <p class='ocr_par' dir='ltr' id='par_1_61' title="bbox 2219 3061 3820 3136">
     <span class='ocr_line' id='line_1_61' title="bbox 2219 3061 3820 3136; baseline 0.002 -17"><span class='ocrx_word' id='word_1_313' title='bbox 2219 3063 2330 3119; x_wconf 87' lang='lat' dir='ltr'><strong><em>LV.</em></strong></span> <span class='ocrx_word' id='word_1_314' title='bbox 2373 3061 2454 3118; x_wconf 89' lang='lat' dir='ltr'><strong><em>De</em></strong></span> <span class='ocrx_word' id='word_1_315' title='bbox 2499 3063 2750 3136; x_wconf 83' lang='lat' dir='ltr'><strong><em>propheta</em></strong></span> <span class='ocrx_word' id='word_1_316' title='bbox 2799 3065 2846 3120; x_wconf 90' lang='lat' dir='ltr'><strong><em>si</em></strong></span> <span class='ocrx_word' id='word_1_317' title='bbox 2893 3066 3221 3132; x_wconf 72' lang='lat' dir='ltr'><strong><em>surrexerit,</em></strong></span> <span class='ocrx_word' id='word_1_318' title='bbox 3274 3078 3321 3121; x_wconf 89' lang='lat' dir='ltr'><strong><em>et</em></strong></span> <span class='ocrx_word' id='word_1_319' title='bbox 3362 3066 3696 3124; x_wconf 79' lang='lat' dir='ltr'><strong><em>suadentibus</em></strong></span> <span class='ocrx_word' id='word_1_320' title='bbox 3747 3069 3820 3123; x_wconf 86' lang='lat' dir='ltr'><strong><em>ad</em></strong></span> 
     </span>
    </p>
   </div>
   <div class='ocr_carea' id='block_1_62' title="bbox 2289 3157 2456 3214">
    <p class='ocr_par' dir='ltr' id='par_1_62' title="bbox 2289 3157 2456 3214">
     <span class='ocr_line' id='line_1_62' title="bbox 2289 3157 2456 3214; baseline -0.006 -1"><span class='ocrx_word' id='word_1_321' title='bbox 2289 3157 2456 3214; x_wconf 88' lang='lat' dir='ltr'><strong><em>idola.</em></strong></span> 
     </span>
    </p>
   </div>
   <div class='ocr_carea' id='block_1_63' title="bbox 2221 3247 3418 3327">
    <p class='ocr_par' dir='ltr' id='par_1_63' title="bbox 2221 3247 3418 3327">
     <span class='ocr_line' id='line_1_63' title="bbox 2221 3247 3418 3327; baseline 0.003 -18"><span class='ocrx_word' id='word_1_322' title='bbox 2221 3247 2353 3309; x_wconf 88' lang='lat' dir='ltr'><strong><em>LVI.</em></strong></span> <span class='ocrx_word' id='word_1_323' title='bbox 2399 3254 2574 3327; x_wconf 81' lang='lat' dir='ltr'><strong><em>Supra</em></strong></span> <span class='ocrx_word' id='word_1_324' title='bbox 2601 3258 2862 3308; x_wconf 85' lang='lat' dir='ltr'><strong><em>mortuum</em></strong></span> <span class='ocrx_word' id='word_1_325' title='bbox 2886 3264 2990 3310; x_wconf 87' lang='lat' dir='ltr'><strong><em>non</em></strong></span> <span class='ocrx_word' id='word_1_326' title='bbox 3016 3250 3418 3312; x_wconf 62' lang='lat' dir='ltr'><strong><em>decalbattdum.</em></strong></span> 
     </span>
    </p>
   </div>
   <div class='ocr_carea' id='block_1_64' title="bbox 2219 3339 3647 3418">
    <p class='ocr_par' dir='ltr' id='par_1_64' title="bbox 2219 3339 3647 3418">
     <span class='ocr_line' id='line_1_64' title="bbox 2219 3339 3647 3418; baseline -0.003 -16"><span class='ocrx_word' id='word_1_327' title='bbox 2219 3339 2377 3402; x_wconf 69' lang='lat' dir='ltr'><strong><em>LVII.</em></strong></span> <span class='ocrx_word' id='word_1_328' title='bbox 2424 3343 2502 3402; x_wconf 88' lang='lat' dir='ltr'><strong><em>De</em></strong></span> <span class='ocrx_word' id='word_1_329' title='bbox 2531 3347 2795 3418; x_wconf 78' lang='lat' dir='ltr'><strong><em>pecoribus</em></strong></span> <span class='ocrx_word' id='word_1_330' title='bbox 2821 3346 3055 3413; x_wconf 81' lang='lat' dir='ltr'><strong><em>mundis,</em></strong></span> <span class='ocrx_word' id='word_1_331' title='bbox 3088 3359 3137 3404; x_wconf 90' lang='lat' dir='ltr'><strong><em>et</em></strong></span> <span class='ocrx_word' id='word_1_332' title='bbox 3169 3358 3272 3403; x_wconf 82' lang='lat' dir='ltr'><strong><em>non</em></strong></span> <span class='ocrx_word' id='word_1_333' title='bbox 3301 3344 3647 3404; x_wconf 76' lang='lat' dir='ltr'><strong><em>cornedentlis.</em></strong></span> 
     </span>
    </p>
   </div>
   <div class='ocr_carea' id='block_1_65' title="bbox 2220 3437 3392 3512">
    <p class='ocr_par' dir='ltr' id='par_1_65' title="bbox 2220 3437 3392 3512">
     <span class='ocr_line' id='line_1_65' title="bbox 2220 3437 3392 3512; baseline 0 -18"><span class='ocrx_word' id='word_1_334' title='bbox 2220 3437 2403 3494; x_wconf 80' lang='lat' dir='ltr'><strong><em>LVIII.</em></strong></span> <span class='ocrx_word' id='word_1_335' title='bbox 2449 3438 2689 3494; x_wconf 86' lang='lat' dir='ltr'><strong><em>Decimas</em></strong></span> <span class='ocrx_word' id='word_1_336' title='bbox 2719 3439 2772 3492; x_wconf 87' lang='lat' dir='ltr'><strong><em>in</em></strong></span> <span class='ocrx_word' id='word_1_337' title='bbox 2802 3438 3047 3512; x_wconf 81' lang='lat' dir='ltr'><strong><em>templum</em></strong></span> <span class='ocrx_word' id='word_1_338' title='bbox 3077 3437 3392 3509; x_wconf 54' lang='lat' dir='ltr'><strong><em>olerendds.</em></strong></span> 
     </span>
    </p>
   </div>
   <div class='ocr_carea' id='block_1_66' title="bbox 517 3521 3816 3611">
    <p class='ocr_par' dir='ltr' id='par_1_66' title="bbox 517 3521 3816 3611">
     <span class='ocr_line' id='line_1_66' title="bbox 517 3521 3816 3611; baseline 0.003 -31"><span class='ocrx_word' id='word_1_339' title='bbox 517 3525 709 3581; x_wconf 82' lang='lat' dir='ltr'><strong><em>XXIII.</em></strong></span> <span class='ocrx_word' id='word_1_340' title='bbox 755 3525 832 3582; x_wconf 89' lang='lat' dir='ltr'><strong><em>De</em></strong></span> <span class='ocrx_word' id='word_1_341' title='bbox 863 3530 1094 3600; x_wconf 81' lang='lat' dir='ltr'><strong><em>gentibus</em></strong></span> <span class='ocrx_word' id='word_1_342' title='bbox 1116 3527 1534 3584; x_wconf 67' lang='lat' dir='ltr'><strong><em>Chananwoi-um</em></strong></span> <span class='ocrx_word' id='word_1_343' title='bbox 1565 3528 1866 3600; x_wconf 76' lang='lat' dir='ltr'><strong><em>perdennis,</em></strong></span> <span class='ocrx_word' id='word_1_344' title='bbox 1893 3535 1936 3586; x_wconf 82' lang='lat' dir='ltr'><strong><em>et</em></strong></span> <span class='ocrx_word' id='word_1_345' title='bbox 1963 3539 2117 3587; x_wconf 83' lang='lat' dir='ltr'><strong><em>testa-</em></strong></span> <span class='ocrx_word' id='word_1_346' title='bbox 2143 3521 2188 3590; x_wconf 90' lang='lat' dir='ltr'>C</span> <span class='ocrx_word' id='word_1_347' title='bbox 2224 3527 2360 3588; x_wconf 87' lang='lat' dir='ltr'><strong><em>LIX.</em></strong></span> <span class='ocrx_word' id='word_1_348' title='bbox 2403 3527 2470 3587; x_wconf 91' lang='lat' dir='ltr'><strong><em>In</em></strong></span> <span class='ocrx_word' id='word_1_349' title='bbox 2515 3535 2618 3586; x_wconf 75' lang='lat' dir='ltr'><strong><em>voti</em></strong></span> <span class='ocrx_word' id='word_1_350' title='bbox 2670 3533 2926 3589; x_wconf 82' lang='lat' dir='ltr'><strong><em>solutione</em></strong></span> <span class='ocrx_word' id='word_1_351' title='bbox 2979 3526 3210 3590; x_wconf 80' lang='lat' dir='ltr'><strong><em>Leoitnm</em></strong></span> <span class='ocrx_word' id='word_1_352' title='bbox 3259 3542 3362 3592; x_wconf 83' lang='lat' dir='ltr'><strong><em>non</em></strong></span> <span class='ocrx_word' id='word_1_353' title='bbox 3415 3534 3816 3611; x_wconf 70' lang='lat' dir='ltr'><strong><em>pftl’lei‘mllleti-</em></strong></span> 
     </span>
    </p>
   </div>
   <div class='ocr_carea' id='block_1_67' title="bbox 589 3619 1608 3694">
    <p class='ocr_par' dir='ltr' id='par_1_67' title="bbox 589 3619 1608 3694">
     <span class='ocr_line' id='line_1_67' title="bbox 589 3619 1608 3694; baseline 0.003 -21"><span class='ocrx_word' id='word_1_354' title='bbox 589 3625 819 3675; x_wconf 79' lang='lat' dir='ltr'><strong><em>mentum</em></strong></span> <span class='ocrx_word' id='word_1_355' title='bbox 843 3631 957 3675; x_wconf 76' lang='lat' dir='ltr'><strong><em>cum</em></strong></span> <span class='ocrx_word' id='word_1_356' title='bbox 979 3619 1052 3676; x_wconf 88' lang='lat' dir='ltr'><strong><em>eis</em></strong></span> <span class='ocrx_word' id='word_1_357' title='bbox 1079 3635 1182 3676; x_wconf 87' lang='lat' dir='ltr'><strong><em>non</em></strong></span> <span class='ocrx_word' id='word_1_358' title='bbox 1207 3619 1608 3694; x_wconf 65' lang='lat' dir='ltr'><strong><em>disponendam.</em></strong></span> 
     </span>
    </p>
   </div>
   <div class='ocr_carea' id='block_1_68' title="bbox 517 3707 1690 3783">
    <p class='ocr_par' dir='ltr' id='par_1_68' title="bbox 517 3707 1690 3783">
     <span class='ocr_line' id='line_1_68' title="bbox 517 3707 1690 3783; baseline 0.003 -17"><span class='ocrx_word' id='word_1_359' title='bbox 517 3709 710 3766; x_wconf 83' lang='lat' dir='ltr'><strong><em>XXIV.</em></strong></span> <span class='ocrx_word' id='word_1_360' title='bbox 743 3707 914 3766; x_wconf 79' lang='lat' dir='ltr'><strong><em>Filias</em></strong></span> <span class='ocrx_word' id='word_1_361' title='bbox 943 3709 1177 3783; x_wconf 76' lang='lat' dir='ltr'><strong><em>gentium</em></strong></span> <span class='ocrx_word' id='word_1_362' title='bbox 1207 3723 1309 3768; x_wconf 82' lang='lat' dir='ltr'><strong><em>non</em></strong></span> <span class='ocrx_word' id='word_1_363' title='bbox 1340 3711 1690 3782; x_wconf 66' lang='lat' dir='ltr'><strong><em>accipiendae.</em></strong></span> 
     </span>
    </p>
   </div>
   <div class='ocr_carea' id='block_1_69' title="bbox 517 3797 1320 3879">
    <p class='ocr_par' dir='ltr' id='par_1_69' title="bbox 517 3797 1320 3879">
     <span class='ocr_line' id='line_1_69' title="bbox 517 3797 1320 3879; baseline -0.001 -20"><span class='ocrx_word' id='word_1_364' title='bbox 517 3797 688 3860; x_wconf 87' lang='lat' dir='ltr'><strong><em>XXV.</em></strong></span> <span class='ocrx_word' id='word_1_365' title='bbox 735 3803 866 3858; x_wconf 81' lang='lat' dir='ltr'><strong><em>Aras</em></strong></span> <span class='ocrx_word' id='word_1_366' title='bbox 893 3805 1320 3879; x_wconf 74' lang='lat' dir='ltr'><strong><em>confringendos.</em></strong></span> 
     </span>
    </p>
   </div>
   <div class='ocr_carea' id='block_1_70' title="bbox 521 3897 2005 3974">
    <p class='ocr_par' dir='ltr' id='par_1_70' title="bbox 521 3897 2005 3974">
     <span class='ocr_line' id='line_1_70' title="bbox 521 3897 2005 3974; baseline 0.004 -20"><span class='ocrx_word' id='word_1_367' title='bbox 521 3897 712 3954; x_wconf 84' lang='lat' dir='ltr'><strong><em>XXVI.</em></strong></span> <span class='ocrx_word' id='word_1_368' title='bbox 759 3897 879 3953; x_wconf 84' lang='lat' dir='ltr'><strong><em>Non</em></strong></span> <span class='ocrx_word' id='word_1_369' title='bbox 903 3906 1114 3972; x_wconf 86' lang='lat' dir='ltr'><strong><em>propter</em></strong></span> <span class='ocrx_word' id='word_1_370' title='bbox 1135 3897 1356 3955; x_wconf 71' lang='lat' dir='ltr'><strong><em>multum</em></strong></span> <span class='ocrx_word' id='word_1_371' title='bbox 1383 3897 1599 3974; x_wconf 85' lang='lat' dir='ltr'><strong><em>elegisse</em></strong></span> <span class='ocrx_word' id='word_1_372' title='bbox 1623 3897 1785 3957; x_wconf 84' lang='lat' dir='ltr'><strong><em>Deum</em></strong></span> <span class='ocrx_word' id='word_1_373' title='bbox 1817 3900 2005 3960; x_wconf 81' lang='lat' dir='ltr'><strong><em>Israel.</em></strong></span> 
     </span>
    </p>
   </div>
   <div class='ocr_carea' id='block_1_71' title="bbox 511 3983 2110 4064">
    <p class='ocr_par' dir='ltr' id='par_1_71' title="bbox 511 3983 2110 4064">
     <span class='ocr_line' id='line_1_71' title="bbox 511 3983 2110 4064; baseline 0.006 -19"><span class='ocrx_word' id='word_1_374' title='bbox 511 3983 730 4045; x_wconf 84' lang='lat' dir='ltr'><strong><em>XXVII.</em></strong></span> <span class='ocrx_word' id='word_1_375' title='bbox 779 3985 1060 4046; x_wconf 77' lang='lat' dir='ltr'><strong><em>Promistin</em></strong></span> <span class='ocrx_word' id='word_1_376' title='bbox 1089 3987 1363 4061; x_wconf 84' lang='lat' dir='ltr'><strong><em>bonorum,</em></strong></span> <span class='ocrx_word' id='word_1_377' title='bbox 1409 3991 1452 4048; x_wconf 89' lang='lat' dir='ltr'><strong><em>si</em></strong></span> <span class='ocrx_word' id='word_1_378' title='bbox 1495 3985 1782 4050; x_wconf 79' lang='lat' dir='ltr'><strong><em>obedierint</em></strong></span> <span class='ocrx_word' id='word_1_379' title='bbox 1811 3987 1908 4064; x_wconf 76' lang='lat' dir='ltr'><strong><em>[Ilii</em></strong></span> <span class='ocrx_word' id='word_1_380' title='bbox 1941 3995 2110 4054; x_wconf 83' lang='lat' dir='ltr'><strong><em>Israel</em></strong></span> 
     </span>
    </p>
   </div>
   <div class='ocr_carea' id='block_1_72' title="bbox 437 4079 838 4138">
    <p class='ocr_par' dir='ltr' id='par_1_72' title="bbox 437 4079 838 4138">
     <span class='ocr_line' id='line_1_72' title="bbox 437 4079 838 4138; baseline 0.012 -7"><span class='ocrx_word' id='word_1_381' title='bbox 437 4128 440 4131; x_wconf 89' lang='lat'><strong><em>.</em></strong></span> <span class='ocrx_word' id='word_1_382' title='bbox 588 4079 838 4138; x_wconf 87' lang='lat' dir='ltr'><strong><em>Domino.</em></strong></span> 
     </span>
    </p>
   </div>
   <div class='ocr_carea' id='block_1_73' title="bbox 513 4171 1085 4248">
    <p class='ocr_par' dir='ltr' id='par_1_73' title="bbox 513 4171 1085 4248">
     <span class='ocr_line' id='line_1_73' title="bbox 513 4171 1085 4248; baseline 0 -18"><span class='ocrx_word' id='word_1_383' title='bbox 513 4171 754 4230; x_wconf 82' lang='lat' dir='ltr'><strong><em>XXVIII.</em></strong></span> <span class='ocrx_word' id='word_1_384' title='bbox 794 4173 875 4230; x_wconf 86' lang='lat' dir='ltr'><strong><em>De</em></strong></span> <span class='ocrx_word' id='word_1_385' title='bbox 899 4177 1085 4248; x_wconf 77' lang='lat' dir='ltr'><strong><em>vespis.</em></strong></span> 
     </span>
    </p>
   </div>
   <div class='ocr_carea' id='block_1_74' title="bbox 515 4261 1936 4344">
    <p class='ocr_par' dir='ltr' id='par_1_74' title="bbox 515 4261 1936 4344">
     <span class='ocr_line' id='line_1_74' title="bbox 515 4261 1936 4344; baseline 0.006 -23"><span class='ocrx_word' id='word_1_386' title='bbox 515 4261 714 4322; x_wconf 85' lang='lat' dir='ltr'><strong><em>XXIX.</em></strong></span> <span class='ocrx_word' id='word_1_387' title='bbox 759 4263 885 4322; x_wconf 83' lang='lat' dir='ltr'><strong><em>Non</em></strong></span> <span class='ocrx_word' id='word_1_388' title='bbox 911 4267 1071 4324; x_wconf 86' lang='lat' dir='ltr'><strong><em>semel</em></strong></span> <span class='ocrx_word' id='word_1_389' title='bbox 1093 4278 1267 4342; x_wconf 83' lang='lat' dir='ltr'><strong><em>gentes</em></strong></span> <span class='ocrx_word' id='word_1_390' title='bbox 1295 4269 1468 4342; x_wconf 79' lang='lat' dir='ltr'><strong><em>perire</em></strong></span> <span class='ocrx_word' id='word_1_391' title='bbox 1494 4274 1706 4344; x_wconf 76' lang='lat' dir='ltr'><strong><em>propter</em></strong></span> <span class='ocrx_word' id='word_1_392' title='bbox 1727 4271 1936 4330; x_wconf 83' lang='lat' dir='ltr'><strong><em>bestias.</em></strong></span> 
     </span>
    </p>
   </div>
   <div class='ocr_carea' id='block_1_75' title="bbox 513 4357 2112 4440">
    <p class='ocr_par' dir='ltr' id='par_1_75' title="bbox 513 4357 2112 4440">
     <span class='ocr_line' id='line_1_75' title="bbox 513 4357 2112 4440; baseline 0.009 -25"><span class='ocrx_word' id='word_1_393' title='bbox 513 4357 688 4416; x_wconf 86' lang='lat' dir='ltr'><strong><em>XXX.</em></strong></span> <span class='ocrx_word' id='word_1_394' title='bbox 731 4360 928 4416; x_wconf 73' lang='lat' dir='ltr'><strong><em>Aurum</em></strong></span> <span class='ocrx_word' id='word_1_395' title='bbox 951 4368 1000 4418; x_wconf 90' lang='lat' dir='ltr'><strong><em>et</em></strong></span> <span class='ocrx_word' id='word_1_396' title='bbox 1023 4371 1291 4436; x_wconf 80' lang='lat' dir='ltr'><strong><em>argentum</em></strong></span> <span class='ocrx_word' id='word_1_397' title='bbox 1319 4363 1582 4421; x_wconf 81' lang='lat' dir='ltr'><strong><em>idolorum</em></strong></span> <span class='ocrx_word' id='word_1_398' title='bbox 1612 4365 1841 4440; x_wconf 84' lang='lat' dir='ltr'><strong><em>gentium</em></strong></span> <span class='ocrx_word' id='word_1_399' title='bbox 1866 4380 1969 4428; x_wconf 82' lang='lat' dir='ltr'><strong><em>non</em></strong></span> <span class='ocrx_word' id='word_1_400' title='bbox 1986 4388 2112 4429; x_wconf 83' lang='lat' dir='ltr'><strong><em>con-</em></strong></span> 
     </span>
    </p>
   </div>
   <div class='ocr_carea' id='block_1_76' title="bbox 586 4455 972 4526">
    <p class='ocr_par' dir='ltr' id='par_1_76' title="bbox 586 4455 972 4526">
     <span class='ocr_line' id='line_1_76' title="bbox 586 4455 972 4526; baseline 0.005 -19"><span class='ocrx_word' id='word_1_401' title='bbox 586 4455 972 4526; x_wconf 81' lang='lat' dir='ltr'><strong><em>cupiscendum.</em></strong></span> 
     </span>
    </p>
   </div>
   <div class='ocr_carea' id='block_1_77' title="bbox 516 4541 2111 4696">
    <p class='ocr_par' dir='ltr' id='par_1_77' title="bbox 516 4541 2111 4696">
     <span class='ocr_line' id='line_1_77' title="bbox 516 4541 2111 4696; baseline 0.008 -94"><span class='ocrx_word' id='word_1_402' title='bbox 516 4541 714 4696; x_wconf 42' lang='lat' dir='ltr'><strong><em>XXI“.</em></strong></span> <span class='ocrx_word' id='word_1_403' title='bbox 757 4544 1006 4604; x_wconf 80' lang='lat' dir='ltr'><strong><em>Redditio</em></strong></span> <span class='ocrx_word' id='word_1_404' title='bbox 1049 4559 1242 4617; x_wconf 85' lang='lat' dir='ltr'><strong><em>causte,</em></strong></span> <span class='ocrx_word' id='word_1_405' title='bbox 1273 4561 1434 4624; x_wconf 73' lang='lat' dir='ltr'><strong><em>quare</em></strong></span> <span class='ocrx_word' id='word_1_406' title='bbox 1475 4550 1704 4625; x_wconf 86' lang='lat' dir='ltr'><strong><em>populus</em></strong></span> <span class='ocrx_word' id='word_1_407' title='bbox 1750 4548 1840 4610; x_wconf 85' lang='lat' dir='ltr'><strong><em>diu</em></strong></span> <span class='ocrx_word' id='word_1_408' title='bbox 1881 4557 2111 4645; x_wconf 76' lang='lat' dir='ltr'><strong><em>tentatus</em></strong></span> 
     </span>
     <span class='ocr_line' id='line_1_78' title="bbox 632 4645 671 4694; baseline 0 0"><span class='ocrx_word' id='word_1_409' title='bbox 632 4645 671 4694; x_wconf 87' lang='lat' dir='ltr'><strong><em>I.</em></strong></span> 
     </span>
    </p>
   </div>
   <div class='ocr_carea' id='block_1_78' title="bbox 632 4645 671 4694">
    <p class='ocr_par' dir='ltr' id='par_1_78' title="bbox 632 4645 671 4694">
     <span class='ocr_line' id='line_1_79' title="bbox 632 4645 671 4694; baseline 0 0"><span class='ocrx_word' id='word_1_410' title='bbox 632 4645 671 4694; x_wconf 86' lang='lat' dir='ltr'><strong><em>I.</em></strong></span> 
     </span>
    </p>
   </div>
   <div class='ocr_carea' id='block_1_79' title="bbox 511 4724 2108 4810">
    <p class='ocr_par' dir='ltr' id='par_1_79' title="bbox 511 4724 2108 4810">
     <span class='ocr_line' id='line_1_80' title="bbox 511 4724 2108 4810; baseline 0.008 -22"><span class='ocrx_word' id='word_1_411' title='bbox 511 4724 730 4790; x_wconf 83' lang='lat' dir='ltr'><strong><em>XXXII.</em></strong></span> <span class='ocrx_word' id='word_1_412' title='bbox 775 4734 912 4802; x_wconf 78' lang='lat' dir='ltr'><strong><em>Quia</em></strong></span> <span class='ocrx_word' id='word_1_413' title='bbox 937 4748 1040 4790; x_wconf 88' lang='lat' dir='ltr'><strong><em>non</em></strong></span> <span class='ocrx_word' id='word_1_414' title='bbox 1067 4735 1125 4791; x_wconf 81' lang='lat' dir='ltr'><strong><em>in</em></strong></span> <span class='ocrx_word' id='word_1_415' title='bbox 1150 4736 1262 4793; x_wconf 86' lang='lat' dir='ltr'><strong><em>solo</em></strong></span> <span class='ocrx_word' id='word_1_416' title='bbox 1295 4747 1430 4808; x_wconf 88' lang='lat' dir='ltr'><strong><em>pane</em></strong></span> <span class='ocrx_word' id='word_1_417' title='bbox 1454 4737 1576 4796; x_wconf 79' lang='lat' dir='ltr'><strong><em>vivit</em></strong></span> <span class='ocrx_word' id='word_1_418' title='bbox 1600 4736 1947 4810; x_wconf 79' lang='lat' dir='ltr'><strong><em>homo,sedin</em></strong></span> <span class='ocrx_word' id='word_1_419' title='bbox 1966 4747 2108 4802; x_wconf 88' lang='lat' dir='ltr'><strong><em>omni</em></strong></span> 
     </span>
    </p>
   </div>
   <div class='ocr_carea' id='block_1_80' title="bbox 589 4825 1377 4883">
    <p class='ocr_par' dir='ltr' id='par_1_80' title="bbox 589 4825 1377 4883">
     <span class='ocr_line' id='line_1_81' title="bbox 589 4825 1377 4883; baseline 0.013 -4"><span class='ocrx_word' id='word_1_420' title='bbox 589 4827 740 4880; x_wconf 88' lang='lat' dir='ltr'><strong><em>verbo</em></strong></span> <span class='ocrx_word' id='word_1_421' title='bbox 761 4825 876 4883; x_wconf 85' lang='lat' dir='ltr'><strong><em>Del.</em></strong></span> <span class='ocrx_word' id='word_1_422' title='bbox 1370 4836 1377 4842; x_wconf 77' lang='grc'><strong>’</strong></span> 
     </span>
    </p>
   </div>
   <div class='ocr_carea' id='block_1_81' title="bbox 514 4917 1449 4981">
    <p class='ocr_par' dir='ltr' id='par_1_81' title="bbox 514 4917 1449 4981">
     <span class='ocr_line' id='line_1_82' title="bbox 514 4917 1449 4981; baseline 0.007 -7"><span class='ocrx_word' id='word_1_423' title='bbox 514 4917 760 4976; x_wconf 85' lang='lat' dir='ltr'><strong><em>XXXIII.</em></strong></span> <span class='ocrx_word' id='word_1_424' title='bbox 800 4918 882 4976; x_wconf 79' lang='lat' dir='ltr'><strong><em>De</em></strong></span> <span class='ocrx_word' id='word_1_425' title='bbox 905 4923 1128 4979; x_wconf 74' lang='lat' dir='ltr'><strong><em>uestibus</em></strong></span> <span class='ocrx_word' id='word_1_426' title='bbox 1155 4940 1262 4980; x_wconf 84' lang='lat' dir='ltr'><strong><em>non</em></strong></span> <span class='ocrx_word' id='word_1_427' title='bbox 1290 4924 1449 4981; x_wconf 83' lang='lat' dir='ltr'><strong><em>tritis.</em></strong></span> 
     </span>
    </p>
   </div>
   <div class='ocr_carea' id='block_1_82' title="bbox 512 5008 2047 5082">
    <p class='ocr_par' dir='ltr' id='par_1_82' title="bbox 512 5008 2047 5082">
     <span class='ocr_line' id='line_1_83' title="bbox 512 5008 2047 5082; baseline 0.009 -14"><span class='ocrx_word' id='word_1_428' title='bbox 512 5008 759 5068; x_wconf 78' lang='lat' dir='ltr'><strong><em>XXXIV.</em></strong></span> <span class='ocrx_word' id='word_1_429' title='bbox 803 5011 888 5068; x_wconf 78' lang='lat' dir='ltr'><strong><em>Ne</em></strong></span> <span class='ocrx_word' id='word_1_430' title='bbox 911 5013 1110 5070; x_wconf 77' lang='lat' dir='ltr'><strong><em>ditatus</em></strong></span> <span class='ocrx_word' id='word_1_431' title='bbox 1139 5016 1344 5074; x_wconf 73' lang='lat' dir='ltr'><strong><em>deserat</em></strong></span> <span class='ocrx_word' id='word_1_432' title='bbox 1376 5017 1656 5076; x_wconf 70' lang='lat' dir='ltr'><strong><em>Dominam</em></strong></span> <span class='ocrx_word' id='word_1_433' title='bbox 1681 5019 1848 5079; x_wconf 76' lang='lat' dir='ltr'><strong><em>Deum</em></strong></span> <span class='ocrx_word' id='word_1_434' title='bbox 1869 5037 2047 5082; x_wconf 71' lang='lat' dir='ltr'><strong><em>suum.</em></strong></span> 
     </span>
    </p>
   </div>
   <div class='ocr_carea' id='block_1_83' title="bbox 510 5101 1382 5178">
    <p class='ocr_par' dir='ltr' id='par_1_83' title="bbox 510 5101 1382 5178">
     <span class='ocr_line' id='line_1_84' title="bbox 510 5101 1382 5178; baseline 0.009 -19"><span class='ocrx_word' id='word_1_435' title='bbox 510 5101 732 5160; x_wconf 84' lang='lat' dir='ltr'><strong><em>XXXV.</em></strong></span> <span class='ocrx_word' id='word_1_436' title='bbox 775 5103 916 5162; x_wconf 89' lang='lat' dir='ltr'><strong><em>Deus</em></strong></span> <span class='ocrx_word' id='word_1_437' title='bbox 945 5107 1084 5178; x_wconf 82' lang='lat' dir='ltr'><strong><em>ignis</em></strong></span> <span class='ocrx_word' id='word_1_438' title='bbox 1105 5108 1382 5168; x_wconf 70' lang='lat' dir='ltr'><strong><em>devorans.</em></strong></span> 
     </span>
    </p>
   </div>
   <div class='ocr_carea' id='block_1_84' title="bbox 507 5193 2108 5284">
    <p class='ocr_par' dir='ltr' id='par_1_84' title="bbox 507 5193 2108 5284">
     <span class='ocr_line' id='line_1_85' title="bbox 507 5193 2108 5284; baseline 0.01 -30"><span class='ocrx_word' id='word_1_439' title='bbox 507 5193 754 5254; x_wconf 79' lang='lat' dir='ltr'><strong><em>XXXVI.</em></strong></span> <span class='ocrx_word' id='word_1_440' title='bbox 803 5197 1066 5272; x_wconf 84' lang='lat' dir='ltr'><strong><em>Populum</em></strong></span> <span class='ocrx_word' id='word_1_441' title='bbox 1121 5218 1225 5258; x_wconf 87' lang='lat' dir='ltr'><strong><em>non</em></strong></span> <span class='ocrx_word' id='word_1_442' title='bbox 1289 5214 1500 5278; x_wconf 82' lang='lat' dir='ltr'><strong><em>propter</em></strong></span> <span class='ocrx_word' id='word_1_443' title='bbox 1541 5195 1810 5281; x_wconf 77' lang='lat' dir='ltr'><strong><em>justitiam</em></strong></span> <span class='ocrx_word' id='word_1_444' title='bbox 1851 5213 2108 5284; x_wconf 81' lang='lat' dir='ltr'><strong><em>accepisse</em></strong></span> 
     </span>
    </p>
   </div>
   <div class='ocr_carea' id='block_1_85' title="bbox 575 5292 1782 5367">
    <p class='ocr_par' dir='ltr' id='par_1_85' title="bbox 575 5292 1782 5367">
     <span class='ocr_line' id='line_1_86' title="bbox 575 5292 1782 5367; baseline 0.008 -21"><span class='ocrx_word' id='word_1_445' title='bbox 575 5301 966 5348; x_wconf 84' lang='lat' dir='ltr'><strong><em>commemorat.</em></strong></span> <span class='ocrx_word' id='word_1_446' title='bbox 997 5292 1272 5367; x_wconf 79' lang='lat' dir='ltr'><strong><em>Jejunium</em></strong></span> <span class='ocrx_word' id='word_1_447' title='bbox 1295 5295 1436 5354; x_wconf 83' lang='lat' dir='ltr'><strong><em>Mosi</em></strong></span> <span class='ocrx_word' id='word_1_448' title='bbox 1469 5315 1536 5355; x_wconf 75' lang='grc' dir='ltr'><strong><em>ιιι.</em></strong></span> <span class='ocrx_word' id='word_1_449' title='bbox 1557 5299 1782 5358; x_wconf 80' lang='lat' dir='ltr'><strong><em>dierum.</em></strong></span> 
     </span>
    </p>
   </div>
   <div class='ocr_carea' id='block_1_86' title="bbox 505 5379 1442 5448">
    <p class='ocr_par' dir='ltr' id='par_1_86' title="bbox 505 5379 1442 5448">
     <span class='ocr_line' id='line_1_87' title="bbox 505 5379 1442 5448; baseline 0.013 -12"><span class='ocrx_word' id='word_1_450' title='bbox 505 5379 777 5440; x_wconf 85' lang='lat' dir='ltr'><strong><em>XXXVII.</em></strong></span> <span class='ocrx_word' id='word_1_451' title='bbox 817 5381 1249 5444; x_wconf 88' lang='lat' dir='ltr'><strong><em>Commemoratio</em></strong></span> <span class='ocrx_word' id='word_1_452' title='bbox 1273 5389 1442 5448; x_wconf 83' lang='lat' dir='ltr'><strong><em>uituli.</em></strong></span> 
     </span>
    </p>
   </div>
   <div class='ocr_carea' id='block_1_87' title="bbox 501 5467 2098 5568">
    <p class='ocr_par' dir='ltr' id='par_1_87' title="bbox 501 5467 2098 5568">
     <span class='ocr_line' id='line_1_88' title="bbox 501 5467 2098 5568; baseline 0.014 -40"><span class='ocrx_word' id='word_1_453' title='bbox 501 5467 792 5533; x_wconf 85' lang='lat' dir='ltr'><strong><em>XXXVIII.</em></strong></span> <span class='ocrx_word' id='word_1_454' title='bbox 833 5473 1269 5538; x_wconf 83' lang='lat' dir='ltr'><strong><em>Commemoratio</em></strong></span> <span class='ocrx_word' id='word_1_455' title='bbox 1299 5481 1395 5540; x_wconf 78' lang='lat' dir='ltr'><strong><em>im</em></strong></span> <span class='ocrx_word' id='word_1_456' title='bbox 1421 5475 1634 5545; x_wconf 87' lang='lat' dir='ltr'><strong><em>Domini</em></strong></span> <span class='ocrx_word' id='word_1_457' title='bbox 1657 5493 1903 5548; x_wconf 79' lang='lat' dir='ltr'><strong><em>adversus</em></strong></span> <span class='ocrx_word' id='word_1_458' title='bbox 1927 5511 2098 5568; x_wconf 84' lang='lat' dir='ltr'><strong><em>popu-</em></strong></span> 
     </span>
    </p>
   </div>
   <div class='ocr_carea' id='block_1_88' title="bbox 567 5567 2094 5665">
    <p class='ocr_par' dir='ltr' id='par_1_88' title="bbox 567 5567 2094 5665">
     <span class='ocr_line' id='line_1_89' title="bbox 567 5567 2094 5665; baseline 0.018 -45"><span class='ocrx_word' id='word_1_459' title='bbox 567 5567 626 5622; x_wconf 90' lang='lat' dir='ltr'><strong><em>lu</em></strong></span> <span class='ocrx_word' id='word_1_460' title='bbox 647 5586 676 5621; x_wconf 90' lang='lat' dir='ltr'><strong><em>n</em></strong></span> <span class='ocrx_word' id='word_1_461' title='bbox 707 5576 752 5624; x_wconf 88' lang='lat' dir='ltr'><strong><em>et</em></strong></span> <span class='ocrx_word' id='word_1_462' title='bbox 786 5569 983 5636; x_wconf 82' lang='lat' dir='ltr'><strong><em>Aaron,</em></strong></span> <span class='ocrx_word' id='word_1_463' title='bbox 1015 5587 1228 5665; x_wconf 83' lang='lat' dir='ltr'><strong><em>propter</em></strong></span> <span class='ocrx_word' id='word_1_464' title='bbox 1259 5577 1500 5650; x_wconf 82' lang='lat' dir='ltr'><strong><em>uitulum,</em></strong></span> <span class='ocrx_word' id='word_1_465' title='bbox 1525 5593 1572 5638; x_wconf 90' lang='lat' dir='ltr'><strong><em>et</em></strong></span> <span class='ocrx_word' id='word_1_466' title='bbox 1603 5585 1724 5640; x_wconf 89' lang='lat' dir='ltr'><strong><em>item</em></strong></span> <span class='ocrx_word' id='word_1_467' title='bbox 1774 5567 2003 5646; x_wconf 84' lang='lat' dir='ltr'><strong><em>secundi</em></strong></span> <span class='ocrx_word' id='word_1_468' title='bbox 2004 5593 2094 5665; x_wconf 85' lang='lat' dir='ltr'><strong><em>je-</em></strong></span> 
     </span>
    </p>
   </div>
   <div class='ocr_carea' id='block_1_89' title="bbox 563 5660 1329 5737">
    <p class='ocr_par' dir='ltr' id='par_1_89' title="bbox 563 5660 1329 5737">
     <span class='ocr_line' id='line_1_90' title="bbox 563 5660 1329 5737; baseline 0.018 -24"><span class='ocrx_word' id='word_1_469' title='bbox 563 5661 709 5735; x_wconf 86' lang='lat' dir='ltr'><strong><em>junii</em></strong></span> <span class='ocrx_word' id='word_1_470' title='bbox 723 5661 1078 5737; x_wconf 81' lang='lat' dir='ltr'><strong><em>quadraginta</em></strong></span> <span class='ocrx_word' id='word_1_471' title='bbox 1103 5660 1329 5727; x_wconf 74' lang='lat' dir='ltr'><strong><em>dierum.</em></strong></span> 
     </span>
    </p>
   </div>
   <div class='ocr_carea' id='block_1_90' title="bbox 498 5745 1934 5832">
    <p class='ocr_par' dir='ltr' id='par_1_90' title="bbox 498 5745 1934 5832">
     <span class='ocr_line' id='line_1_91' title="bbox 498 5745 1934 5832; baseline 0.017 -25"><span class='ocrx_word' id='word_1_472' title='bbox 498 5745 744 5812; x_wconf 77' lang='lat' dir='ltr'><strong><em>XXXIX.</em></strong></span> <span class='ocrx_word' id='word_1_473' title='bbox 781 5754 1212 5819; x_wconf 72' lang='lat' dir='ltr'><strong><em>Commoratto</em></strong></span> <span class='ocrx_word' id='word_1_474' title='bbox 1240 5759 1538 5824; x_wconf 80' lang='lat' dir='ltr'><strong><em>tabularum</em></strong></span> <span class='ocrx_word' id='word_1_475' title='bbox 1565 5763 1934 5832; x_wconf 82' lang='lat' dir='ltr'><strong><em>secundarum.</em></strong></span> 
     </span>
    </p>
   </div>
   <div class='ocr_carea' id='block_1_91' title="bbox 490 5837 2007 5934">
    <p class='ocr_par' dir='ltr' id='par_1_91' title="bbox 490 5837 2007 5934">
     <span class='ocr_line' id='line_1_92' title="bbox 490 5837 2007 5934; baseline 0.015 -34"><span class='ocrx_word' id='word_1_476' title='bbox 490 5840 604 5902; x_wconf 84' lang='lat' dir='ltr'><strong><em>XL.</em></strong></span> <span class='ocrx_word' id='word_1_477' title='bbox 650 5837 792 5914; x_wconf 70' lang='lat' dir='ltr'><strong><em>Quid</em></strong></span> <span class='ocrx_word' id='word_1_478' title='bbox 820 5841 1076 5908; x_wconf 76' lang='lat' dir='ltr'><strong><em>Dominus</em></strong></span> <span class='ocrx_word' id='word_1_479' title='bbox 1105 5851 1242 5912; x_wconf 78' lang='lat' dir='ltr'><strong><em>Deus</em></strong></span> <span class='ocrx_word' id='word_1_480' title='bbox 1267 5864 1388 5914; x_wconf 79' lang='lat' dir='ltr'><strong><em>tuus</em></strong></span> <span class='ocrx_word' id='word_1_481' title='bbox 1407 5860 1627 5934; x_wconf 60' lang='lat' dir='ltr'><strong><em>exquirit</em></strong></span> <span class='ocrx_word' id='word_1_482' title='bbox 1653 5877 1686 5917; x_wconf 74' lang='grc' dir='ltr'>ι</span> <span class='ocrx_word' id='word_1_483' title='bbox 1713 5867 1780 5932; x_wconf 87' lang='lat' dir='ltr'><strong><em>te,</em></strong></span> <span class='ocrx_word' id='word_1_484' title='bbox 1815 5861 2007 5922; x_wconf 76' lang='lat' dir='ltr'><strong><em>Israel.</em></strong></span> 
     </span>
    </p>
   </div>
   <div class='ocr_carea' id='block_1_92' title="bbox 2290 3627 2434 3686">
    <p class='ocr_par' dir='ltr' id='par_1_92' title="bbox 2290 3627 2434 3686">
     <span class='ocr_line' id='line_1_93' title="bbox 2290 3627 2434 3686; baseline 0.028 -4"><span class='ocrx_word' id='word_1_485' title='bbox 2290 3627 2434 3686; x_wconf 90' lang='lat' dir='ltr'><strong><em>dum.</em></strong></span> 
     </span>
    </p>
   </div>
   <div class='ocr_carea' id='block_1_93' title="bbox 2217 3712 3076 3796">
    <p class='ocr_par' dir='ltr' id='par_1_93' title="bbox 2217 3712 3076 3796">
     <span class='ocr_line' id='line_1_94' title="bbox 2217 3712 3076 3796; baseline 0.003 -20"><span class='ocrx_word' id='word_1_486' title='bbox 2217 3712 2330 3776; x_wconf 85' lang='lat' dir='ltr'><strong><em>LX.</em></strong></span> <span class='ocrx_word' id='word_1_487' title='bbox 2373 3715 2713 3778; x_wconf 75' lang='lat' dir='ltr'><strong><em>Remissionis</em></strong></span> <span class='ocrx_word' id='word_1_488' title='bbox 2742 3728 3076 3796; x_wconf 80' lang='lat' dir='ltr'><strong><em>prwceptnm.</em></strong></span> 
     </span>
    </p>
   </div>
   <div class='ocr_carea' id='block_1_94' title="bbox 2215 3807 3452 3873">
    <p class='ocr_par' dir='ltr' id='par_1_94' title="bbox 2215 3807 3452 3873">
     <span class='ocr_line' id='line_1_95' title="bbox 2215 3807 3452 3873; baseline 0.002 -3"><span class='ocrx_word' id='word_1_489' title='bbox 2215 3809 2354 3872; x_wconf 86' lang='lat' dir='ltr'><strong><em>LXI.</em></strong></span> <span class='ocrx_word' id='word_1_490' title='bbox 2397 3807 2458 3872; x_wconf 87' lang='lat' dir='ltr'><strong><em>Si</em></strong></span> <span class='ocrx_word' id='word_1_491' title='bbox 2486 3827 2613 3872; x_wconf 88' lang='lat' dir='ltr'><strong><em>aure</em></strong></span> <span class='ocrx_word' id='word_1_492' title='bbox 2632 3817 2904 3872; x_wconf 83' lang='lat' dir='ltr'><strong><em>audieritis</em></strong></span> <span class='ocrx_word' id='word_1_493' title='bbox 2935 3831 3120 3873; x_wconf 78' lang='lat' dir='ltr'><strong><em>nomen</em></strong></span> <span class='ocrx_word' id='word_1_494' title='bbox 3153 3807 3249 3873; x_wconf 86' lang='lat' dir='ltr'><strong><em>Dei</em></strong></span> <span class='ocrx_word' id='word_1_495' title='bbox 3278 3815 3452 3872; x_wconf 75' lang='lat' dir='ltr'><strong><em>uestri.</em></strong></span> 
     </span>
    </p>
   </div>
   <div class='ocr_carea' id='block_1_95' title="bbox 2213 3903 3054 3986">
    <p class='ocr_par' dir='ltr' id='par_1_95' title="bbox 2213 3903 3054 3986">
     <span class='ocr_line' id='line_1_96' title="bbox 2213 3903 3054 3986; baseline 0.004 -22"><span class='ocrx_word' id='word_1_496' title='bbox 2213 3903 2374 3964; x_wconf 83' lang='lat' dir='ltr'><strong><em>LXII.</em></strong></span> <span class='ocrx_word' id='word_1_497' title='bbox 2421 3908 2498 3966; x_wconf 90' lang='lat' dir='ltr'><strong><em>De</em></strong></span> <span class='ocrx_word' id='word_1_498' title='bbox 2525 3909 2762 3984; x_wconf 73' lang='lat' dir='ltr'><strong><em>gentibus</em></strong></span> <span class='ocrx_word' id='word_1_499' title='bbox 2781 3911 3054 3986; x_wconf 66' lang='lat' dir='ltr'><strong><em>proximis.</em></strong></span> 
     </span>
    </p>
   </div>
   <div class='ocr_carea' id='block_1_96' title="bbox 2214 3997 2968 4062">
    <p class='ocr_par' dir='ltr' id='par_1_96' title="bbox 2214 3997 2968 4062">
     <span class='ocr_line' id='line_1_97' title="bbox 2214 3997 2968 4062; baseline 0.003 -2"><span class='ocrx_word' id='word_1_500' title='bbox 2214 3998 2399 4061; x_wconf 83' lang='lat' dir='ltr'><strong><em>LXIII.</em></strong></span> <span class='ocrx_word' id='word_1_501' title='bbox 2441 3997 2522 4059; x_wconf 90' lang='lat' dir='ltr'><strong><em>De</em></strong></span> <span class='ocrx_word' id='word_1_502' title='bbox 2549 4013 2694 4060; x_wconf 83' lang='lat' dir='ltr'><strong><em>servo</em></strong></span> <span class='ocrx_word' id='word_1_503' title='bbox 2719 4003 2968 4062; x_wconf 72' lang='lat' dir='ltr'><strong><em>Hebrazo.</em></strong></span> 
     </span>
    </p>
   </div>
   <div class='ocr_carea' id='block_1_97' title="bbox 2213 4091 3068 4171">
    <p class='ocr_par' dir='ltr' id='par_1_97' title="bbox 2213 4091 3068 4171">
     <span class='ocr_line' id='line_1_98' title="bbox 2213 4091 3068 4171; baseline 0.004 -21"><span class='ocrx_word' id='word_1_504' title='bbox 2213 4093 2400 4150; x_wconf 90' lang='lat' dir='ltr'><strong><em>LXIV.</em></strong></span> <span class='ocrx_word' id='word_1_505' title='bbox 2438 4091 2512 4152; x_wconf 88' lang='lat' dir='ltr'><strong><em>De</em></strong></span> <span class='ocrx_word' id='word_1_506' title='bbox 2543 4098 2786 4167; x_wconf 83' lang='lat' dir='ltr'><strong><em>primitiis</em></strong></span> <span class='ocrx_word' id='word_1_507' title='bbox 2806 4109 3068 4171; x_wconf 85' lang='lat' dir='ltr'><strong><em>pecorum.</em></strong></span> 
     </span>
    </p>
   </div>
   <div class='ocr_carea' id='block_1_98' title="bbox 2215 4181 3491 4262">
    <p class='ocr_par' dir='ltr' id='par_1_98' title="bbox 2215 4181 3491 4262">
     <span class='ocr_line' id='line_1_99' title="bbox 2215 4181 3491 4262; baseline 0.004 -21"><span class='ocrx_word' id='word_1_508' title='bbox 2215 4181 2376 4242; x_wconf 85' lang='lat' dir='ltr'><strong><em>LXV.</em></strong></span> <span class='ocrx_word' id='word_1_509' title='bbox 2425 4187 2597 4256; x_wconf 84' lang='lat' dir='ltr'><strong><em>Quare</em></strong></span> <span class='ocrx_word' id='word_1_510' title='bbox 2616 4181 2811 4259; x_wconf 85' lang='lat' dir='ltr'><strong><em>pascha</em></strong></span> <span class='ocrx_word' id='word_1_511' title='bbox 2837 4197 2887 4244; x_wconf 89' lang='lat' dir='ltr'><strong><em>et</em></strong></span> <span class='ocrx_word' id='word_1_512' title='bbox 2909 4204 3095 4262; x_wconf 69' lang='lat' dir='ltr'><strong><em>azyma</em></strong></span> <span class='ocrx_word' id='word_1_513' title='bbox 3121 4189 3491 4247; x_wconf 84' lang='lat' dir='ltr'><strong><em>mandacetur.</em></strong></span> 
     </span>
    </p>
   </div>
   <div class='ocr_carea' id='block_1_99' title="bbox 2213 4269 2876 4337">
    <p class='ocr_par' dir='ltr' id='par_1_99' title="bbox 2213 4269 2876 4337">
     <span class='ocr_line' id='line_1_100' title="bbox 2213 4269 2876 4337; baseline 0.006 -4"><span class='ocrx_word' id='word_1_514' title='bbox 2213 4269 2399 4334; x_wconf 87' lang='lat' dir='ltr'><strong><em>LXVI.</em></strong></span> <span class='ocrx_word' id='word_1_515' title='bbox 2442 4274 2520 4337; x_wconf 89' lang='lat' dir='ltr'><strong><em>De</em></strong></span> <span class='ocrx_word' id='word_1_516' title='bbox 2553 4277 2876 4337; x_wconf 82' lang='lat' dir='ltr'><strong><em>Pentecoste.</em></strong></span> 
     </span>
    </p>
   </div>
   <div class='ocr_carea' id='block_1_100' title="bbox 2214 4368 3162 4431">
    <p class='ocr_par' dir='ltr' id='par_1_100' title="bbox 2214 4368 3162 4431">
     <span class='ocr_line' id='line_1_101' title="bbox 2214 4368 3162 4431; baseline 0.007 -7"><span class='ocrx_word' id='word_1_517' title='bbox 2214 4368 2424 4426; x_wconf 87' lang='lat' dir='ltr'><strong><em>LXVII.</em></strong></span> <span class='ocrx_word' id='word_1_518' title='bbox 2468 4369 2631 4428; x_wconf 82' lang='lat' dir='ltr'><strong><em>Festa</em></strong></span> <span class='ocrx_word' id='word_1_519' title='bbox 2669 4368 3162 4431; x_wconf 69' lang='lat' dir='ltr'><strong><em>Iubet-naeniarum.</em></strong></span> 
     </span>
    </p>
   </div>
   <div class='ocr_carea' id='block_1_101' title="bbox 2213 4455 3814 4540">
    <p class='ocr_par' dir='ltr' id='par_1_101' title="bbox 2213 4455 3814 4540">
     <span class='ocr_line' id='line_1_102' title="bbox 2213 4455 3814 4540; baseline 0.004 -22"><span class='ocrx_word' id='word_1_520' title='bbox 2213 4460 2446 4520; x_wconf 85' lang='lat' dir='ltr'><strong><em>LXVIII.</em></strong></span> <span class='ocrx_word' id='word_1_521' title='bbox 2489 4455 2611 4520; x_wconf 80' lang='lat' dir='ltr'><strong><em>Non</em></strong></span> <span class='ocrx_word' id='word_1_522' title='bbox 2644 4461 2919 4539; x_wconf 66' lang='lat' dir='ltr'><strong><em>apparebit!</em></strong></span> <span class='ocrx_word' id='word_1_523' title='bbox 2955 4467 3012 4524; x_wconf 83' lang='lat' dir='ltr'><strong><em>in</em></strong></span> <span class='ocrx_word' id='word_1_524' title='bbox 3052 4468 3329 4540; x_wconf 76' lang='lat' dir='ltr'><strong><em>conspectu</em></strong></span> <span class='ocrx_word' id='word_1_525' title='bbox 3371 4465 3584 4526; x_wconf 87' lang='lat' dir='ltr'><strong><em>Domini</em></strong></span> <span class='ocrx_word' id='word_1_526' title='bbox 3613 4467 3690 4525; x_wconf 86' lang='lat' dir='ltr'><strong><em>tui</em></strong></span> <span class='ocrx_word' id='word_1_527' title='bbox 3719 4485 3814 4525; x_wconf 76' lang='lat' dir='ltr'><strong><em>ea-</em></strong></span> 
     </span>
    </p>
   </div>
   <div class='ocr_carea' id='block_1_102' title="bbox 2285 4571 2432 4612">
    <p class='ocr_par' dir='ltr' id='par_1_102' title="bbox 2285 4571 2432 4612">
     <span class='ocr_line' id='line_1_103' title="bbox 2285 4571 2432 4612; baseline 0.014 -2"><span class='ocrx_word' id='word_1_528' title='bbox 2285 4571 2432 4612; x_wconf 75' lang='lat' dir='ltr'><strong><em>tuus.</em></strong></span> 
     </span>
    </p>
   </div>
   <div class='ocr_carea' id='block_1_103' title="bbox 2211 4648 3600 4731">
    <p class='ocr_par' dir='ltr' id='par_1_103' title="bbox 2211 4648 3600 4731">
     <span class='ocr_line' id='line_1_104' title="bbox 2211 4648 3600 4731; baseline 0.005 -24"><span class='ocrx_word' id='word_1_529' title='bbox 2211 4649 2416 4720; x_wconf 50' lang='lat' dir='ltr'><strong><em>LXIX,</em></strong></span> <span class='ocrx_word' id='word_1_530' title='bbox 2437 4648 2654 4709; x_wconf 72' lang='lat' dir='ltr'><strong><em>Iudices</em></strong></span> <span class='ocrx_word' id='word_1_531' title='bbox 2680 4651 3062 4724; x_wconf 80' lang='lat' dir='ltr'><strong><em>constituendi,</em></strong></span> <span class='ocrx_word' id='word_1_532' title='bbox 3096 4659 3152 4712; x_wconf 86' lang='lat' dir='ltr'><strong><em>ut</em></strong></span> <span class='ocrx_word' id='word_1_533' title='bbox 3170 4656 3412 4730; x_wconf 80' lang='lat' dir='ltr'><strong><em>judicent</em></strong></span> <span class='ocrx_word' id='word_1_534' title='bbox 3430 4657 3600 4731; x_wconf 75' lang='lat' dir='ltr'><strong><em>justo.</em></strong></span> 
     </span>
    </p>
   </div>
   <div class='ocr_carea' id='block_1_104' title="bbox 2212 4741 3286 4816">
    <p class='ocr_par' dir='ltr' id='par_1_104' title="bbox 2212 4741 3286 4816">
     <span class='ocr_line' id='line_1_105' title="bbox 2212 4741 3286 4816; baseline 0.004 -17"><span class='ocrx_word' id='word_1_535' title='bbox 2212 4741 2380 4800; x_wconf 89' lang='lat' dir='ltr'><strong><em>LXX.</em></strong></span> <span class='ocrx_word' id='word_1_536' title='bbox 2420 4741 2772 4801; x_wconf 86' lang='lat' dir='ltr'><strong><em>Immaculata</em></strong></span> <span class='ocrx_word' id='word_1_537' title='bbox 2798 4745 3064 4816; x_wconf 72' lang='lat' dir='ltr'><strong><em>oﬂ’erenda</em></strong></span> <span class='ocrx_word' id='word_1_538' title='bbox 3092 4745 3286 4804; x_wconf 81' lang='lat' dir='ltr'><strong><em>hostia.</em></strong></span> 
     </span>
    </p>
   </div>
   <div class='ocr_carea' id='block_1_105' title="bbox 2211 4835 3700 4910">
    <p class='ocr_par' dir='ltr' id='par_1_105' title="bbox 2211 4835 3700 4910">
     <span class='ocr_line' id='line_1_106' title="bbox 2211 4835 3700 4910; baseline 0.003 -17"><span class='ocrx_word' id='word_1_539' title='bbox 2211 4835 2398 4894; x_wconf 87' lang='lat' dir='ltr'><strong><em>LXXI.</em></strong></span> <span class='ocrx_word' id='word_1_540' title='bbox 2445 4837 2570 4894; x_wconf 78' lang='lat' dir='ltr'><strong><em>Non</em></strong></span> <span class='ocrx_word' id='word_1_541' title='bbox 2595 4840 2914 4910; x_wconf 59' lang='lat' dir='ltr'><strong><em>partiendum</em></strong></span> <span class='ocrx_word' id='word_1_542' title='bbox 2937 4840 3082 4896; x_wconf 86' lang='lat' dir='ltr'><strong><em>idola</em></strong></span> <span class='ocrx_word' id='word_1_543' title='bbox 3101 4851 3164 4896; x_wconf 82' lang='lat' dir='ltr'><strong><em>ac</em></strong></span> <span class='ocrx_word' id='word_1_544' title='bbox 3193 4842 3371 4898; x_wconf 82' lang='lat' dir='ltr'><strong><em>sidera</em></strong></span> <span class='ocrx_word' id='word_1_545' title='bbox 3391 4839 3700 4898; x_wconf 78' lang='lat' dir='ltr'><strong><em>colentibus.</em></strong></span> 
     </span>
    </p>
   </div>
   <div class='ocr_carea' id='block_1_106' title="bbox 2133 4925 3811 4992">
    <p class='ocr_par' dir='ltr' id='par_1_106' title="bbox 2133 4925 3811 4992">
     <span class='ocr_line' id='line_1_107' title="bbox 2133 4925 3811 4992; baseline 0 -2"><span class='ocrx_word' id='word_1_546' title='bbox 2133 4925 2188 4990; x_wconf 82' lang='grc' dir='ltr'><strong><em>Ῐ)</em></strong></span> <span class='ocrx_word' id='word_1_547' title='bbox 2211 4927 2424 4988; x_wconf 70' lang='lat' dir='ltr'><strong><em>LXXII.</em></strong></span> <span class='ocrx_word' id='word_1_548' title='bbox 2470 4929 2536 4987; x_wconf 88' lang='lat' dir='ltr'><strong><em>In</em></strong></span> <span class='ocrx_word' id='word_1_549' title='bbox 2583 4931 2787 4988; x_wconf 74' lang='lat' dir='ltr'><strong><em>duobus</em></strong></span> <span class='ocrx_word' id='word_1_550' title='bbox 2832 4934 2910 4990; x_wconf 83' lang='lat' dir='ltr'><strong><em>uel</em></strong></span> <span class='ocrx_word' id='word_1_551' title='bbox 2949 4935 3118 4990; x_wconf 80' lang='lat' dir='ltr'><strong><em>tribus</em></strong></span> <span class='ocrx_word' id='word_1_552' title='bbox 3163 4934 3378 4992; x_wconf 72' lang='lat' dir='ltr'><strong><em>testibus</em></strong></span> <span class='ocrx_word' id='word_1_553' title='bbox 3413 4944 3653 4992; x_wconf 66' lang='lat' dir='ltr'><strong><em>constare</em></strong></span> <span class='ocrx_word' id='word_1_554' title='bbox 3697 4951 3811 4990; x_wconf 83' lang='lat' dir='ltr'><strong><em>ont-</em></strong></span> 
     </span>
    </p>
   </div>
   <div class='ocr_carea' id='block_1_107' title="bbox 2207 5105 3808 5197">
    <p class='ocr_par' dir='ltr' id='par_1_107' title="bbox 2207 5105 3808 5197">
     <span class='ocr_line' id='line_1_108' title="bbox 2207 5105 3808 5197; baseline 0.004 -23"><span class='ocrx_word' id='word_1_555' title='bbox 2207 5117 2443 5176; x_wconf 74' lang='lat' dir='ltr'><strong><em>LXXIII.</em></strong></span> <span class='ocrx_word' id='word_1_556' title='bbox 2488 5118 2550 5176; x_wconf 81' lang='lat' dir='ltr'><strong><em>Si</em></strong></span> <span class='ocrx_word' id='word_1_557' title='bbox 2591 5121 2798 5177; x_wconf 67' lang='lat' dir='ltr'><strong><em>verbum</em></strong></span> <span class='ocrx_word' id='word_1_558' title='bbox 2833 5119 3034 5192; x_wconf 74' lang='lat' dir='ltr'><strong><em>judicio</em></strong></span> <span class='ocrx_word' id='word_1_559' title='bbox 3070 5105 3369 5194; x_wconf 31' lang='lat' dir='ltr'><strong><em>defeceritp</em></strong></span> <span class='ocrx_word' id='word_1_560' title='bbox 3409 5135 3460 5179; x_wconf 86' lang='lat' dir='ltr'><strong><em>et</em></strong></span> <span class='ocrx_word' id='word_1_561' title='bbox 3503 5124 3808 5197; x_wconf 73' lang='lat' dir='ltr'><strong><em>ambiguum</em></strong></span> 
     </span>
    </p>
   </div>
   <div class='ocr_carea' id='block_1_108' title="bbox 2278 5212 2686 5284">
    <p class='ocr_par' dir='ltr' id='par_1_108' title="bbox 2278 5212 2686 5284">
     <span class='ocr_line' id='line_1_109' title="bbox 2278 5212 2686 5284; baseline 0.007 -19"><span class='ocrx_word' id='word_1_562' title='bbox 2278 5212 2477 5283; x_wconf 78' lang='lat' dir='ltr'><strong><em>aliquid</em></strong></span> <span class='ocrx_word' id='word_1_563' title='bbox 2507 5214 2686 5284; x_wconf 77' lang='lat' dir='ltr'><strong><em>fuerit.</em></strong></span> 
     </span>
    </p>
   </div>
   <div class='ocr_carea' id='block_1_109' title="bbox 2205 5305 3442 5382">
    <p class='ocr_par' dir='ltr' id='par_1_109' title="bbox 2205 5305 3442 5382">
     <span class='ocr_line' id='line_1_110' title="bbox 2205 5305 3442 5382; baseline 0.002 -19"><span class='ocrx_word' id='word_1_564' title='bbox 2205 5305 2446 5364; x_wconf 83' lang='lat' dir='ltr'><strong><em>LXXIV.</em></strong></span> <span class='ocrx_word' id='word_1_565' title='bbox 2489 5307 2562 5366; x_wconf 87' lang='lat' dir='ltr'><strong><em>De</em></strong></span> <span class='ocrx_word' id='word_1_566' title='bbox 2589 5310 2856 5366; x_wconf 84' lang='lat' dir='ltr'><strong><em>sacerdote</em></strong></span> <span class='ocrx_word' id='word_1_567' title='bbox 2881 5321 2928 5368; x_wconf 91' lang='lat' dir='ltr'><strong><em>et</em></strong></span> <span class='ocrx_word' id='word_1_568' title='bbox 2945 5311 3129 5382; x_wconf 74' lang='lat' dir='ltr'><strong><em>judice</em></strong></span> <span class='ocrx_word' id='word_1_569' title='bbox 3155 5311 3442 5368; x_wconf 79' lang='lat' dir='ltr'><strong><em>audiendo.</em></strong></span> 
     </span>
    </p>
   </div>
   <div class='ocr_carea' id='block_1_110' title="bbox 2205 5399 3307 5476">
    <p class='ocr_par' dir='ltr' id='par_1_110' title="bbox 2205 5399 3307 5476">
     <span class='ocr_line' id='line_1_111' title="bbox 2205 5399 3307 5476; baseline 0.004 -20"><span class='ocrx_word' id='word_1_570' title='bbox 2205 5399 2420 5458; x_wconf 88' lang='lat' dir='ltr'><strong><em>LXXV.</em></strong></span> <span class='ocrx_word' id='word_1_571' title='bbox 2462 5401 2537 5455; x_wconf 88' lang='lat' dir='ltr'><strong><em>De</em></strong></span> <span class='ocrx_word' id='word_1_572' title='bbox 2565 5403 2928 5475; x_wconf 79' lang='lat' dir='ltr'><strong><em>prteponendis</em></strong></span> <span class='ocrx_word' id='word_1_573' title='bbox 2959 5403 3307 5476; x_wconf 86' lang='lat' dir='ltr'><strong><em>principibus.</em></strong></span> 
     </span>
    </p>
   </div>
   <div class='ocr_carea' id='block_1_111' title="bbox 2200 5488 3808 5568">
    <p class='ocr_par' dir='ltr' id='par_1_111' title="bbox 2200 5488 3808 5568">
     <span class='ocr_line' id='line_1_112' title="bbox 2200 5488 3808 5568; baseline 0.002 -20"><span class='ocrx_word' id='word_1_574' title='bbox 2200 5488 2440 5549; x_wconf 87' lang='lat' dir='ltr'><strong><em>LXXVI.</em></strong></span> <span class='ocrx_word' id='word_1_575' title='bbox 2482 5489 2562 5549; x_wconf 91' lang='lat' dir='ltr'><strong><em>De</em></strong></span> <span class='ocrx_word' id='word_1_576' title='bbox 2586 5494 2818 5568; x_wconf 85' lang='lat' dir='ltr'><strong><em>partibus</em></strong></span> <span class='ocrx_word' id='word_1_577' title='bbox 2844 5495 3152 5568; x_wconf 74' lang='lat' dir='ltr'><strong><em>prcestandis</em></strong></span> <span class='ocrx_word' id='word_1_578' title='bbox 3173 5496 3526 5554; x_wconf 88' lang='lat' dir='ltr'><strong><em>sacerdotibus</em></strong></span> <span class='ocrx_word' id='word_1_579' title='bbox 3549 5513 3616 5552; x_wconf 73' lang='lat' dir='ltr'><strong><em>ex</em></strong></span> <span class='ocrx_word' id='word_1_580' title='bbox 3639 5496 3808 5552; x_wconf 88' lang='lat' dir='ltr'><strong><em>sacri-</em></strong></span> 
     </span>
    </p>
   </div>
   <div class='ocr_carea' id='block_1_112' title="bbox 2275 5577 2428 5656">
    <p class='ocr_par' dir='ltr' id='par_1_112' title="bbox 2275 5577 2428 5656">
     <span class='ocr_line' id='line_1_113' title="bbox 2275 5577 2428 5656; baseline 0.02 -16"><span class='ocrx_word' id='word_1_581' title='bbox 2275 5577 2428 5656; x_wconf 82' lang='lat' dir='ltr'><strong><em>liciis.</em></strong></span> 
     </span>
    </p>
   </div>
   <div class='ocr_carea' id='block_1_113' title="bbox 2201 5675 3804 5741">
    <p class='ocr_par' dir='ltr' id='par_1_113' title="bbox 2201 5675 3804 5741">
     <span class='ocr_line' id='line_1_114' title="bbox 2201 5675 3804 5741; baseline 0.001 -5"><span class='ocrx_word' id='word_1_582' title='bbox 2201 5675 2456 5736; x_wconf 88' lang='lat' dir='ltr'><strong><em>LXXVII.</em></strong></span> <span class='ocrx_word' id='word_1_583' title='bbox 2498 5678 2678 5735; x_wconf 74' lang='lat' dir='ltr'><strong><em>Levita</em></strong></span> <span class='ocrx_word' id='word_1_584' title='bbox 2700 5682 2747 5736; x_wconf 88' lang='lat' dir='ltr'><strong><em>si</em></strong></span> <span class='ocrx_word' id='word_1_585' title='bbox 2773 5681 2838 5737; x_wconf 85' lang='lat' dir='ltr'><strong><em>de</em></strong></span> <span class='ocrx_word' id='word_1_586' title='bbox 2865 5685 3272 5741; x_wconf 81' lang='lat' dir='ltr'><strong><em>commoratione</em></strong></span> <span class='ocrx_word' id='word_1_587' title='bbox 3301 5684 3476 5739; x_wconf 87' lang='lat' dir='ltr'><strong><em>suain</em></strong></span> <span class='ocrx_word' id='word_1_588' title='bbox 3501 5680 3804 5739; x_wconf 80' lang='lat' dir='ltr'><strong><em>Jerusalem</em></strong></span> 
     </span>
    </p>
   </div>
   <div class='ocr_carea' id='block_1_114' title="bbox 2267 5767 2696 5828">
    <p class='ocr_par' dir='ltr' id='par_1_114' title="bbox 2267 5767 2696 5828">
     <span class='ocr_line' id='line_1_115' title="bbox 2267 5767 2696 5828; baseline 0.007 -3"><span class='ocrx_word' id='word_1_589' title='bbox 2267 5769 2438 5827; x_wconf 82' lang='lat' dir='ltr'><strong><em>venire</em></strong></span> <span class='ocrx_word' id='word_1_590' title='bbox 2458 5767 2696 5828; x_wconf 75' lang='lat' dir='ltr'><strong><em>uoluerit.</em></strong></span> 
     </span>
    </p>
   </div>
   <div class='ocr_carea' id='block_1_115' title="bbox 2192 5863 3720 5947">
    <p class='ocr_par' dir='ltr' id='par_1_115' title="bbox 2192 5863 3720 5947">
     <span class='ocr_line' id='line_1_116' title="bbox 2192 5863 3720 5947; baseline 0.003 -27"><span class='ocrx_word' id='word_1_591' title='bbox 2192 5863 2474 5920; x_wconf 79' lang='lat' dir='ltr'><strong><em>LXXVIII.</em></strong></span> <span class='ocrx_word' id='word_1_592' title='bbox 2519 5863 2598 5922; x_wconf 83' lang='lat' dir='ltr'><strong><em>De</em></strong></span> <span class='ocrx_word' id='word_1_593' title='bbox 2618 5867 2854 5940; x_wconf 61' lang='lat' dir='ltr'><strong><em>auguriis</em></strong></span> <span class='ocrx_word' id='word_1_594' title='bbox 2875 5869 2927 5922; x_wconf 82' lang='lat' dir='ltr'><strong><em>et</em></strong></span> <span class='ocrx_word' id='word_1_595' title='bbox 2944 5867 3424 5947; x_wconf 63' lang='lat' dir='ltr'><strong><em>incantatortbuset</em></strong></span> <span class='ocrx_word' id='word_1_596' title='bbox 3443 5868 3720 5924; x_wconf 61' lang='lat' dir='ltr'><strong><em>maleﬁcio.</em></strong></span> 
     </span>
    </p>
   </div>
  </div>
