4098 6366
319 341 428 402 I05
1255 345 1848 404 CAPITULATIONES
1889 345 2068 403 LIBRI
2116 347 2292 404 IIEU'I
2304 347 2652 404 ERONOIIII.
3513 347 3618 403 406

320 463 557 522 LXXIX.
605 467 924 538 Prophetam
958 469 1195 524 suscitari
1218 469 1272 523 in
1305 474 1516 540 populo.
1947 466 1992 526 Α
2021 465 2201 521 CXIII.
2248 466 2320 520 De
2345 483 2444 521 non
2476 468 2802 539 pignoranda
2825 468 2983 522 mola.

318 560 538 618 LXXX.
584 561 857 631 Quornado
883 563 1090 618 verbum
1111 563 1411 635 agnoscitur
1437 577 1503 616 an
1528 560 1735 616 Domini
1756 560 1840 613 sit.
2017 556 2201 612 CXIV.
2249 557 2322 612 De
2349 559 2553 612 vendito
2579 563 2769 630 fratre,
2798 561 2843 613 si
2872 559 3090 627 pretium
3123 560 3372 631 acceperit
3399 601 3414 626 ,
3457 559 3616 613 inter-

318 652 559 710 LXXXI.
606 654 682 709 De
711 655 1000 711 civitatibus
1031 656 1235 728 rafugii.
2089 649 2296 718 ficiatur
2323 651 2576 704 venditor.

319 744 586 801 LXXXII.
632 747 754 803 Non
787 750 1170 819 transferendos
1199 749 1463 803 terminos.
2015 740 2177 797 CXV.
2221 744 2300 796 De
2328 751 2469 800 tactu
2497 744 2677 811 lepra’.

315 837 606 895 LXXXIII.
651 840 730 896 De
759 850 882 895 teste
908 843 1088 913 iniquo
1117 858 1135 898 :
1167 842 1221 896 in
1256 855 1347 897 ore
1390 835 1614 895 duorum
1653 840 1732 894 sel
1761 841 1915 893 trium
2017 834 2200 890 CXVI.
2246 836 2324 890 De
2351 835 2546 892 Maria.

387 935 538 988 stabit
561 952 710 991 omne
734 934 966 991 uerbum,
2016 928 2224 985 CXVII.
2271 930 2346 985 De
2371 933 2586 1003 pignore
2613 933 2898 990 reddendo.

311 1024 602 1082 LXXXIV.
648 1026 872 1083 Oculum
903 1045 998 1100 pro
1022 1029 1194 1084 oculo.
1709 1089 1714 1094 .
2015 1019 2244 1078 CXVIII.
2289 1024 2366 1078 De
2394 1025 2625 1079 mercede
2652 1028 2976 1082 mercenarii.

314 1117 582 1176 LXXXV.
619 1118 934 1176 Exhortatio
960 1123 1013 1176 in
1038 1135 1234 1192 pugna.
2016 1115 2204 1172 CXIX.
2250 1115 2373 1172 Non
2403 1120 2538 1172 mori
2568 1130 2740 1188 patres
2772 1137 2864 1188 pro
2887 1121 3034 1190 filiis.

309 1210 602 1267 LXXXVI.
633 1211 713 1267 De
751 1213 895 1286 ligno
919 1214 1191 1286 fructifera
1220 1231 1323 1268 non
1368 1213 1658 1269 excidenda
1686 1215 1738 1267 in
1778 1211 1914 1266 obsio
2015 1209 2176 1265 CXX.
2220 1211 2297 1264 De
2315 1211 2523 1284 judicio
2546 1211 2735 1284 pupilli
2764 1222 2811 1268 et
2841 1213 3032 1268 vidua.

383 1307 536 1362 dione
564 1307 807 1362 civitatis.
2015 1302 2202 1360 CXXI.
2251 1305 2324 1359 De
2356 1305 2544 1361 Messe.

305 1401 622 1458 LXXXVII.
667 1401 744 1457 De
768 1402 939 1457 occiso
964 1419 996 1456 a
1018 1406 1246 1458 latrone.
2012 1395 2230 1454 CXXII.
2273 1398 2348 1453 De
2376 1399 2513 1453 oliva
2540 1409 2587 1454 et
2615 1401 2898 1455 vindemia.

303 1493 642 1551 LXXXVIII.
678 1494 756 1550 De
785 1494 999 1550 muliere
1027 1495 1260 1568 captiva,
1292 1496 1338 1550 si
1366 1511 1498 1552 uxor
1524 1497 1680 1567 fuerit
1709 1496 1870 1567 facta.
2014 1486 2249 1544 CXXIII.
2295 1490 2371 1544 De
2421 1491 2590 1561 plagis
2649 1495 2910 1562 peccaturi
2955 1495 3304 1567 quadraginta
3351 1497 3620 1567 imponen-

301 1586 599 1646 LXXXIX.
626 1588 702 1644 De
729 1590 929 1644 duabus
954 1590 1221 1645 uxoribus.
2088 1584 2192 1636 dis.

305 1683 418 1739 XC.
463 1682 545 1739 De
573 1682 700 1754 ﬁliis
731 1701 835 1739 non
859 1684 1000 1739 dicto
1031 1685 1380 1740 audientibus.
2015 1673 2248 1730 CXXIV.
2293 1675 2369 1729 De
2397 1676 2520 1731 bove
2548 1677 2845 1734 triturante.

299 1776 439 1834 XC],
481 1777 563 1833 De
583 1778 865 1849 οηισξβπο,
2016 1764 2228 1821 CXXV.
2277 1767 2350 1820 De
2377 1769 2679 1823 suscitanda
2711 1772 2941 1842 defuncti
2967 1775 3180 1830 semine.

300 1869 470 1928 XCII.
521 1868 602 1926 De
623 1886 810 1943 pecore
838 1871 1080 1942 proximi.
1946 1871 1988 1933 Β
2017 1859 2253 1916 CXXVI.
2297 1860 2373 1915 De
2392 1877 2552 1916 uxore
2582 1862 2822 1918 rixantis.

297 1961 490 2020 XCIII.
537 1963 615 2018 De
643 1972 779 2020 veste
805 1964 938 2032 viri,
964 1974 1012 2020 et
1036 1965 1290 2022 mulieris.
2013 1950 2271 2007 CXXVII.
2319 1952 2390 2006 De
2420 1954 2670 2024 pondere.

308 2056 496 2114 XCIV.
549 2057 623 2111 De
650 2059 795 2112 nido.

2013 2041 2292 2097 CXXVIII.
2341 2043 2416 2098 De
2437 2044 2670 2100 Amalec.

307 2147 471 2205 xcv,
517 2149 592 2204 De
617 2149 786 2204 balteo
809 2149 1018 2205 damus,
2010 2133 2246 2190 CXXIX.
2293 2133 2370 2188 De
2399 2136 2643 2204 primitiis
2667 2149 2836 2193 terrae.

296 2239 492 2297 XCVI.
539 2241 616 2295 De
639 2242 784 2295 vinea
811 2257 912 2295 non
953 2241 1278 2296 seminando.

2009 2226 2224 2284 CXXX.
2271 2228 2421 2296 Quod
2452 2228 2618 2285 Israel
2643 2231 2922 2288 Dominum
2960 2233 3127 2289 Deum
3147 2236 3371 2308 elegerit.

297 2334 506 2390 xcv",
557 2334 633 2390 De
657 2335 805 2390 αεεηα
835 2347 882 2388 ει
913 2334 1095 2389 vitulo,
2009 2321 2250 2380 CXXXI.
2299 2325 2371 2379 De
2404 2325 2668 2396 lapidibus
2686 2329 2970 2384 scribendis
2994 2340 3042 2385 et
3067 2332 3376 2387 statuendis.

298 2426 532 2482 XCVIII.
573 2428 643 2481 i‘e
675 2427 784 2481 lino
809 2437 859 2481 et
883 2427 1002 2481 lana
1031 2437 1078 2481 et
1099 2427 1380 2500 opertorio.

2007 2413 2278 2510 CXXXII:
2311 2417 2410 2473 Ubi
2458 2418 2621 2485 dicit,
2674 2423 2980 2478 maletlictus
3026 2427 3115 2496 qui
3167 2427 3434 2482 dormierit
3490 2445 3601 2482 cum

297 2521 484 2577 XCIX.
531 2522 609 2576 De
653 2523 974 2594 projicienda
1032 2539 1224 2589 uxore,
1271 2524 1316 2576 si
1363 2525 1506 2596 virgo
1548 2525 1752 2579 inventa
1803 2541 1904 2580 non

1805 2541 1904 2580 ηοη
2078 2523 2238 2562 uxore
2258 2510 2422 2579 patris
2444 2511 2556 2576 sui,
2587 2511 2663 2565 vel
2687 2513 2771 2583 qui
2799 2515 2974 2584 fecerit
3003 2516 3246 2585 sculptile
3267 2558 3284 2585 ,
3317 2531 3423 2574 etc.

366 2617 545 2685 fuerit.

2005 2598 2288 2655 CXXXIII.
2332 2600 2463 2656 Item
2487 2603 2793 2661 benedictio.

291 2707 354 2764 C.
407 2708 480 2761 De
513 2707 796 2775 adulterio,
820 2709 898 2762 vel
924 2709 1120 2779 virgine
1144 2718 1408 2778 sponsata.

2005 2691 2290 2748 CXXXIV.
2336 2693 2402 2748 Et
2425 2695 2517 2748 erit
2544 2696 2646 2748 vita
2677 2706 2764 2751 tua
2796 2699 3021 2768 pendens
3045 2711 3161 2756 ante
3189 2702 3366 2759 oculos
3394 2716 3529 2761 tuos.

301 2800 386 2855 CI.
431 2801 505 2855 De
527 2801 724 2869 virgine
747 2801 846 2854 vim
875 2818 1026 2870 passa
1051 2802 1104 2855 in
1126 2817 1272 2873 agro.
2003 2785 2266 2844 CXXXV.
2309 2787 2740 2846 Commemoratio
2769 2795 3140 2864 prwstitorum,
3172 2813 3290 2869 qua:
3311 2815 3472 2870 neque
3492 2817 3602 2869 cor,

295 2891 406 2947 CII.
454 2893 528 2946 lie
557 2892 794 2947 nuditate
822 2894 1000 2948 uxoris
1022 2894 1188 2962 patris
1214 2910 1316 2949 non
1348 2895 1616 2949 nudanda.
2077 2898 2239 2951 mque
2268 2883 2474 2945 οοαίοεο
2509 2900 2667 2954 "eque
2706 2901 2858 2939 αωέε
2897 2885 3202 2957 habuerim:
3231 2901 3286 2944 ³η
3328 2907 3603 2965 cognom-

303 2983 440 3041 CIII.
486 2985 562 3039 De
585 2985 760 3040 abciso
783 2995 829 3040 et
849 2986 1151 3056 fornicario.

2073 2986 2212 3038 rent,
2247 2987 2293 3030 et
2324 2977 2388 3030 de
2414 2978 2632 3032 vestibus
2663 2989 2709 3032 et
2753 2979 3115 3034 calceamentis
3141 2983 3486 3055 quadraginta
3511 3003 3603 3040 an-

291 3076 426 3132 CIV.
471 3078 548 3132 De
575 3078 777 3150 polluto
801 3079 992 3146 fluente
1016 3078 1228 3132 semine.
2077 3073 2178 3125 nis.

288 3171 402 3226 CV.
449 3169 524 3225 De
543 3187 690 3226 servo
716 3185 818 3223 non
849 3169 1123 3225 tradendo.
1999 3164 2286 3221 CXXXVI.
2333 3164 2463 3231 Qua:
2484 3165 2735 3220 absconsa
2753 3177 2874 3222 sunt
2897 3169 3027 3237 Deo,
3045 3185 3158 3241 quia
3177 3171 3456 3239 manifesta
3479 3181 3599 3227 sunt

286 3263 420 3320 CVI.
465 3264 588 3319 Non
610 3265 861 3335 fornicari
884 3264 1021 3332 filios
1053 3262 1240 3318 Israel.
1911 3244 1956 3306 C
2065 3257 2223 3310 vobis.

284 3356 440 3414 CVII.
483 3356 564 3414 De
588 3360 756 3432 pretio
785 3359 1111 3430 fornicarite,
1152 3368 1202 3411 et
1229 3359 1372 3416 canis
1396 3373 1496 3412 non
1527 3358 1809 3426 offerendo.
1987 3347 2298 3404 CXXXVII.
2339 3349 2418 3404 De
2441 3351 2543 3404 vita
2569 3360 2616 3404 et
2647 3362 2809 3404 morte
2840 3361 2963 3406 ante
2993 3361 3059 3406 te.

283 3449 463 3506 CVIII.
512 3451 697 3507 Usum:
727 3467 831 3505 non
870 3450 1120 3504 dandum.
1986 3439 2320 3496 CXXXVIII.
2363 3440 2614 3513 Testatio.

277 3543 417 3600 CIX,
469 3542 599 3599 γοια
626 3546 729 3600 cito
765 3543 1052 3599 reddenda.
1984 3531 2275 3589 CXXXIX.
2317 3531 2442 3588 Jesu
2469 3522 2746 3590 destinavit
2778 3531 2999 3608 Moyses.

279 3635 396 3694 CX.
438 3637 514 3693 De
543 3647 712 3710 segete
735 3649 781 3692 et
813 3637 960 3691 vinea
988 3639 1160 3691 vicini.
1983 3624 2139 3682 CXL.
2185 3625 2452 3681 Canticum
2494 3625 2684 3699 Moysi.

279 3729 416 3785 CXI.
458 3729 539 3785 De
557 3714 742 3785 libello
766 3729 994 3802 repudii.
1985 3717 2164 3774 CXLI.
2208 3718 2458 3790 Loquitur
2504 3717 2711 3792 Moyses
2737 3717 2808 3774 ad
2851 3719 3097 3794 papulum
3122 3763 3137 3789 ,
3180 3733 3228 3778 et
3265 3723 3496 3779 ascendit
3521 3726 3590 3779 ad

277 3821 436 3879 CXII.
483 3822 561 3878 De
604 3824 746 3878 novis
792 3824 1006 3894 nuptis,
1060 3840 1160 3878 nou
1212 3823 1433 3879 alienari
1481 3838 1582 3877 uno
1627 3838 1764 3877 anno
1813 3821 1878 3876 de
2057 3827 2300 3872 montem.

352 3920 526 3974 domo.
1984 3910 2190 3967 CXLII.
2222 3910 2523 3967 Benedictio
2554 3901 2752 3984 Moysis
2782 3931 2936 3984 super
2959 3914 3232 3986 populum.

382 4174 773 4238 CAPITULA
824 4177 1034 4238 LIBRI
1078 4178 1286 4238 ELLE
1332 4168 1809 4238 ADDABARIM
1853 4175 1990 4252 QUI
2037 4175 2327 4239 GRECE
2372 4173 2698 4240 DICITUR
2741 4171 3463 4241 DEUTERONOMIUM.

273 4300 314 4354 I.
363 4298 527 4354 Verba
552 4315 671 4372 quia
692 4300 895 4356 locutus
923 4307 996 4356 est
1034 4303 1242 4374 Moyses
1265 4303 1406 4357 omni
1447 4302 1616 4358 Israel
1641 4305 1871 4373 quadra-
1975 4301 2109 4356 VIII.
2143 4300 2208 4354 Et
2233 4303 2358 4356 milii
2385 4303 2548 4356 iratus
2572 4313 2648 4356 est
2695 4303 2946 4356 Dominus
2989 4320 3145 4356 causa
3174 4303 3324 4358 vestri
3355 4299 3532 4359 dicens
3562 4321 3578 4355 .'

348 4393 542 4463 gesimo
568 4408 707 4446 anno
749 4394 805 4448 in
846 4409 1016 4447 eremo
1054 4404 1170 4465 post
1218 4394 1522 4448 occisionem
1553 4393 1691 4448 Seon
1714 4403 1759 4446 et
1792 4391 1871 4463 Og
2051 4394 2162 4449 Nec
2189 4404 2241 4448 tu
2269 4394 2486 4448 intrabis
2511 4393 2603 4457 ibi,
2628 4394 2720 4448 sed
2737 4391 2891 4447 Iesus
2911 4394 3054 4464 filius
3080 4392 3229 4448 Nave
3252 4393 3466 4448 intrabit
3488 4389 3578 4460 ibi,

341 4500 544 4554 regum,
617 4500 706 4552 per
773 4487 947 4538 omnia
995 4503 1110 4556 qua:
1183 4487 1428 4557 prwcepit
1489 4485 1570 4541 illi
1629 4487 1765 4542 Deus
1819 4487 1870 4540 in
2051 4499 2098 4541 et
2124 4488 2226 4558 filii
2253 4503 2450 4554 eorum,
2474 4503 2602 4558 quos
2629 4488 2871 4541 dixerunt
2911 4487 3144 4556 captivos
3173 4485 3396 4558 futuros.

344 4575 547 4632 Horeb.
595 4565 600 4571 l
1979 4580 2070 4635 IX.
2117 4579 2180 4633 Et
2229 4588 2409 4633 contra
2456 4578 3103 4644 mandatum‘ascendistis
3140 4578 3193 4632 in
3232 4589 3493 4646 montem,
3525 4587 3574 4633 et

267 4667 329 4724 Il.
350 4669 494 4725 Dixit
525 4670 733 4744 Moyses
761 4674 830 4728 ad
851 4675 1102 4744 populum
1131 4675 1185 4728 in
1216 4684 1442 4747 tempore
1469 4673 1585 4742 illo,
1619 4672 1741 4728 Non
1771 4692 1862 4745 po-
1898 4699 1948 4759 Β
2045 4676 2202 4729 exivit
2230 4674 2591 4738 Amorrlueus,
2623 4685 2672 4729 et
2693 4684 2986 4746 persecutus
3017 4684 3089 4729 est
3117 4690 3225 4730 vos.

335 4770 446 4817 tero
483 4765 626 4820 solus
655 4766 872 4835 su/ferre
914 4783 998 4821 vos
1023 4812 1036 4834 ,
1087 4778 1134 4822 et
1175 4769 1410 4823 ordinavi
1437 4767 1576 4821 vobis
1621 4767 1758 4822 viros
1785 4785 1869 4822 sa-
1976 4765 2040 4821 X.
2087 4765 2339 4820 Similiter
2381 4767 2610 4820 decurrit
2642 4783 2732 4838 per
2774 4767 3016 4838 singula,
3065 4776 3112 4820 et
3137 4765 3427 4824 dinumerat
3453 4771 3572 4824 uni-

333 4855 548 4926 pientes,
571 4859 662 4927 qui
685 4869 963 4930 putassent
992 4861 1154 4917 vobis.
2045 4873 2191 4910 versa
2231 4857 2491 4928 inagnalia
2541 4857 2630 4910 L’ei
2651 4900 2665 4923 ,
2705 4867 2754 4911 et
2782 4859 2994 4913 virtutes
3033 4857 3218 4930 quibus
3246 4859 3457 4929 praeibat
3487 4878 3571 4915 cas

263 4945 346 5001 III.
393 4947 654 5006 Tollentes
684 4969 737 5006 se
766 4953 828 5008 de
859 4953 1054 5019 Horeb,
1101 4956 1497 5010 ambulaverunt
1527 4973 1620 5028 per
1665 4973 1866 5012 omnem
2043 4949 2214 5016 υεκδ,
2247 4959 2292 5004 ίέ
2324 4950 2576 5020 quomodo
2619 4951 2751 5005 aluit
2777 4967 2860 5006 eos
2899 4952 2951 5006 in
2989 4951 3190 5007 deserto
3219 4969 3310 5024 per
3339 4954 3570 5026 quadra-

330 5055 586 5097 eremum.
2043 5044 2186 5114 ginta
2212 5060 2408 5110 annos,
2436 5055 2483 5098 et
2511 5059 2628 5115 quis
2658 5045 2778 5116 fecit
2813 5045 2945 5099 Deus
2973 5045 3176 5100 duobus
3200 5047 3408 5118 regibus
3432 5037 3570 5104 Setin

261 5131 349 5186 IV.
392 5135 699 5192 Accessistis
729 5140 798 5194 ad
817 5157 917 5210 me,
952 5151 998 5196 et
1018 5143 1226 5198 dixistis
1251 5161 1267 5196 .·
1297 5143 1568 5200 Mittamus
1595 5147 1728 5200 viros
1749 5155 1866 5201 ante
2041 5143 2090 5188 ετ
2121 5135 2220 5208 09-

329 5240 521 5292 nos,et
549 5232 650 5300 feci
668 5233 956 5288 secundum
987 5235 1083 5290 hoc
1111 5237 1338 5290 verbum,
1977 5226 2064 5281 XI.
2111 5223 2178 5281 Et
2227 5238 2465 5298 precatus
2509 5245 2622 5282 sum
2675 5228 2954 5283 Dominum
3000 5229 3056 5284 in
3101 5239 3329 5303 tempore
3373 5231 3488 5296 illo,
3522 5241 3570 5287 et

266 5316 324 5372 V.
372 5317 440 5372 Et
466 5319 708 5378 noluistis
729 5326 1005 5380 ascendere
1023 5367 1039 5392 ,
1063 5343 1224 5397 neque
1253 5326 1545 5383 credidistis
1575 5329 1723 5384 verba
1758 5329 1864 5384 Do-
2045 5321 2274 5390 αρερεωὶι
2300 5337 2378 5375 me
2405 5337 2563 5375 εαιιδα
2595 5322 2768 5376 "uti.

339 5415 484 5467 mini.
1976 5411 2088 5467 XII.
2134 5412 2236 5466 Hic
2265 5413 2453 5466 iterum
2475 5414 2718 5485 astringit
2745 5431 2808 5469 ne
2838 5415 3108 5472 discedant
3139 5434 3171 5472 a
3198 5419 3479 5474 mandatis.

264 5503 351 5560 VI.
399 5505 462 5560 Et
488 5508 600 5562 diri
631 5509 792 5577 vobis,
829 5512 1078 5569 Dominus
1108 5514 1245 5570 Dem
1277 5515 1526 5586 pra’ccdel
1554 5533 1661 5585 νος,
1693 5525 1738 5571 ει
1761 5533 1861 5572 non
1971 5504 2109 5560 XIII.
2165 5505 2342 5558 Videte
2366 5523 2428 5559 ne
2457 5507 2665 5577 faciatis
2707 5507 2846 5562 vobis
2875 5510 3144 5582 sculptile,
3177 5512 3567 5566 similitudinem

336 5599 652 5658 credidistis.
2045 5598 2208 5652 omnis
2255 5598 2477 5652 hominis
2503 5644 2516 5666 ,
2549 5610 2636 5652 aut
2662 5602 2885 5671 pecoris,
2915 5603 3003 5654 aut
3055 5602 3282 5677 alicujus
3315 5604 3418 5672 rei,
3450 5609 3566 5672 qua:

261 5687 375 5744 VII.
409 5689 778 5750 Murrnurastis
799 5707 846 5751 et
866 5700 1204 5754 exacerbatus
1225 5709 1298 5754 est
1337 5699 1587 5754 Dominus
1609 5745 1623 5768 ,
1651 5710 1696 5754 et
1715 5701 1865 5769 farao

1729 5701 1865 5754 iura.
2045 5703 2162 5746 sunt
2192 5708 2346 5763 super
2373 5702 2582 5760 terram,
2611 5705 2698 5747 aut
2729 5695 2780 5748 in
2808 5696 2962 5762 calo,
2996 5703 3085 5749 aut
3115 5697 3167 5749 in
3194 5695 3347 5749 mari.

328 5783 397 5832 vit
430 5799 531 5836 non
558 5785 844 5841 intraturos
888 5805 977 5844 vos
1008 5790 1059 5843 in
1093 5800 1285 5844 terram
1314 5789 1462 5845 illam
1489 5790 1674 5845 bonam
1702 5837 1716 5860 ,
1768 5792 1866 5846 nisi
1975 5785 2113 5842 XIV.
2163 5787 2414 5841 Dominus
2437 5788 2598 5841 iratus
2629 5800 2700 5842 est
2746 5789 2872 5843 mihi
2917 5799 3122 5860 prapter
3147 5805 3257 5856 vos,
3281 5795 3329 5842 et
3360 5804 3460 5842 non
3490 5788 3572 5841 in-

331 5871 523 5930 (Ihaleb
545 5885 592 5930 et
621 5876 757 5946 filios
790 5882 926 5951 ejus.
2054 5880 2200 5934 trabo
2227 5879 2517 5950 vobiscum,
2553 5881 2640 5936 sed
2666 5884 2862 5938 morior
2904 5883 2958 5937 in
3001 5883 3096 5936 hac
3127 5890 3282 5938 terra.
3320 5883 3576 5938 Attendile
