4098 6366
516 328 623 386 407

1508 333 1568 387 S.
1610 328 1993 388 IIIERONYMI
2035 327 2272 389 DIVINA
2316 333 2800 394 BIBLIO'I‘HECA.

3704 346 3815 404 408

589 460 653 500 ne
701 444 1076 502 obliviscamini
1125 453 1481 502 testamentum
1530 445 1742 503 Domini
1778 445 1877 501 Dei
1917 445 2073 501 vestri
2097 445 2440 508 :AXXXV.
2482 448 2552 506 Et
2598 452 2902 526 deprecatus
2944 471 3057 511 sum
3100 455 3386 513 Dominum
3436 458 3624 514 iterum
3674 460 3816 517 sicut

582 539 829 609 quoniam
854 539 901 593 si
939 539 1358 594 exacerbaveritis
1384 539 1584 606 Deum,
1617 546 1771 592 testor
1793 536 1933 593 vobis
1959 537 2112 593 hodie

586 633 771 688 caelum
801 640 849 687 et
878 641 1104 700 terram,
1130 632 1254 704 quia
1276 631 1507 702 peribitis
1537 631 1603 685 de
1627 640 1768 685 terra
1789 630 1904 689 illa.

515 724 637 784 XV.
680 725 1004 797 lnterrogate
1029 727 1075 781 si
1097 744 1128 780 a
1153 741 1256 797 quo
1282 725 1477 779 creavit
1522 724 1661 780 Deus
1691 725 1982 793 hominem,
2014 741 2114 779 au-

584 821 750 875 ditum
778 828 853 875 est
881 818 978 874 hoc
997 860 1013 888 ,
1044 821 1093 874 si
1119 827 1193 874 est
1237 835 1363 890 gens
1392 817 1486 873 sub
1515 817 1645 873 caelo
1673 819 1760 874 cui
1804 818 2005 874 locutus
2045 819 2114 874 sit

584 912 839 968 Dominus
871 913 934 967 de
962 911 1134 968 medio
1160 912 1319 985 ignis.

516 1006 658 1064 XVI.
698 1006 845 1063 Tunc
870 1005 1127 1078 disposuit
1153 1004 1358 1077 Moyses
1379 1006 1612 1062 civitates
1637 1006 1706 1061 ad
1725 1007 1990 1081 refugium
2015 1008 2116 1080 ho-

587 1102 912 1157 micidarum.

514 1194 677 1253 XVII.
724 1194 850 1251 llaec
881 1204 955 1249 est
984 1194 1089 1264 lex,
1120 1210 1277 1267 quam
1325 1195 1526 1251 locutus
1570 1205 1644 1250 est
1676 1193 1891 1267 Moyses
1921 1213 2111 1251 convo-

585 1308 707 1346 cans
737 1290 805 1345 ad
829 1308 883 1346 se
910 1306 1112 1345 omnem
1140 1288 1332 1346 Israel.
1558 1274 1565 1281 Ι

513 1382 701 1440 XVIII.
731 1382 857 1439 ch
883 1383 1033 1438 verba
1059 1384 1264 1439 locutus
1288 1392 1365 1439 est
1396 1383 1652 1439 Dominus
1669 1382 1738 1436 ad
1762 1398 1966 1439 onmem
1993 1401 2117 1456 syn-

588 1474 809 1552 agOgam
848 1475 1049 1546 Israel,
1088 1487 1136 1533 et
1168 1478 1371 1533 dixistis
1397 1477 1527 1531 mihi
1572 1486 1629 1531 ut
1653 1476 1893 1531 audirem
1919 1494 1951 1530 a
1980 1476 2112 1543 De0,

584 1585 632 1631 et
680 1577 886 1630 locutus
925 1591 1089 1631 essem
1126 1574 1303 1643 vobis,
1348 1583 1395 1630 et
1438 1590 1579 1629 nunc
1605 1574 1761 1644 facite
1784 1589 2117 1644 quacumque

589 1669 830 1741 prwcvpit
870 1669 1012 1723 vobis
1056 1669 1352 1737 Dominus,
1400 1685 1501 1723 non
1546 1666 1864 1723 declinantes
1891 1668 1960 1722 ad
1987 1668 2115 1723 dex-

590 1772 721 1817 tram
740 1803 757 1831 ,
788 1778 949 1833 neque
976 1761 1046 1815 ad
1071 1762 1357 1818 sinistram.

2288 546 2456 615 prius,
2477 547 2829 620 quadraginta
2859 548 3061 619 diebus,
3087 559 3137 605 et
3177 552 3530 624 quadraginta
3572 554 3815 612 noctibus

2288 653 2472 707 panem
2500 654 2603 692 non
2624 638 2729 707 edi,
2764 646 2815 693 et
2836 657 3024 711 aquam
3054 658 3157 697 non
3189 642 3322 698 bibi.

2214 730 2458 788 XXXVI.
2500 732 2569 788 Et
2590 733 2645 787 in
2668 732 2845 789 Aaron
2874 735 3042 790 iratus
3064 746 3138 791 est
3169 736 3319 793 valde
3340 736 3599 794 Dominus
3629 756 3727 811 pro
3752 756 3816 796 eo

2285 826 2423 896 quod
2451 826 2645 897 fecistis
2669 825 2907 882 vitulum.

2216 918 2481 975 XXXVII.
2527 918 2593 974 Et
2622 924 2839 994 sumpsi,
2875 929 2921 975 et
2949 921 3210 977 combussi
3241 921 3413 978 illum.

2218 1013 2503 1069 XXXVIII.
2550 1012 2616 1067 Et
2640 1015 2695 1069 in
2721 1014 3008 1070 tentatione
3046 1015 3399 1071 exacerbastis
3428 1014 3745 1076 Demittunt.

2216 1105 2462 1163 XXXIX.
2516 1106 2586 1162 Et
2638 1107 2847 1178 quando
2897 1108 3038 1163 misit
3081 1124 3169 1163 vos
3225 1108 3483 1165 Dominus
3527 1127 3563 1164 a
3620 1109 3821 1168 Gades-

2292 1199 2482 1257 Barne.

2218 1292 2331 1349 XL.
2373 1292 2446 1349 Et
2495 1302 2739 1368 precatus
2784 1311 2900 1349 sum
2954 1304 3075 1349 ante
3129 1294 3414 1351 Dominum
3463 1295 3824 1371 quadraginta

2289 1387 2487 1454 diebus,
2518 1397 2566 1443 et
2593 1388 2941 1460 quadraginta
2968 1388 3224 1443 noctibus.

2221 1481 2354 1538 XLI.
2377 1481 2442 1537 In
2465 1481 2560 1538 illo
2584 1497 2814 1552 tempore
2839 1482 2972 1538 dixit
2999 1483 3129 1538 mihi
3151 1481 3444 1541 Dominus:
3467 1482 3709 1541 Praecide
3728 1486 3823 1542 tibi

2292 1576 2423 1632 duas
2451 1576 2653 1633 tabulas
2684 1577 2918 1649 lapideas
2943 1579 3076 1632 sicut
3109 1577 3336 1647 priores,
3387 1586 3435 1632 et
3475 1578 3698 1634 ascende
3746 1579 3818 1633 ad

2290 1690 2369 1729 me
2397 1674 2452 1746 in
2481 1681 2730 1728 montem.

2219 1766 2381 1823 XLII.
2426 1767 2493 1821 Et
2520 1766 2620 1838 feci
2638 1781 2815 1820 arcam
2842 1774 2888 1820 et
2918 1765 3132 1820 ascendi
3160 1764 3211 1819 in
3234 1773 3479 1820 montem.

518 1857 663 1913 XIX.
704 1857 864 1924 Audi,
909 1856 1101 1925 Israel,
1144 1857 1399 1912 Dominus
1429 1856 1572 1911 Deus
1618 1865 1790 1913 noster
1816 1858 1956 1914 Deus
1984 1834 2117 1913 mins
2147 1847 2192 1908 Β
2221 1860 2406 1917 XLIII.
2450 1834 2809 1926 lit-descendi,
2833 1868 2880 1913 et
2904 1859 3021 1914 misi
3049 1857 3255 1913 tabulas
3283 1859 3339 1913 in
3367 1874 3568 1913 arcam.

590 1965 697 2023 est,
721 1963 768 2007 et
799 1952 982 2026 diliges
1014 1953 1292 2008 Dominum
1338 1952 1504 2007 Deum
1533 1961 1676 2006 tuum
1722 1967 1787 2007 ex
1821 1962 1926 2007 toto
1966 1953 2120 2008 corde

591 2059 701 2115 tuo,
728 2058 775 2104 et
805 2066 869 2103 ex
892 2057 999 2103 tota
1025 2048 1205 2102 virtute
1231 2058 1342 2102 tua.

520 2140 647 2198 XX.
695 2141 978 2197 Dominum
998 2141 1167 2195 Deum
1190 2149 1335 2195 tuum
1357 2140 1575 2211 timebis,
1605 2150 1651 2196 et
1676 2140 1757 2195 illi
1776 2142 1877 2197 soli
1907 2143 2115 2199 servies.

521 2234 665 2291 XXI.
711 2234 835 2290 Non
868 2235 1007 2289 ibitis
1037 2244 1152 2307 post
1182 2234 1306 2290 deos
1331 2235 1530 2289 alienos
1551 2276 1568 2302 ,
1598 2251 1661 2289 ne
1687 2235 2044 2291 eradicemini.

522 2329 689 2386 XXII.
732 2329 857 2384 Non
880 2328 1097 2384 tentabis
1127 2327 1410 2383 Dominum
1433 2327 1600 2383 Deum
1627 2337 1775 2381 tuum
1797 2368 1812 2394 ,
1839 2326 1931 2381 sed
1960 2329 2118 2397 facies

590 2437 706 2494 qua:
735 2422 973 2494 prazcepit
1004 2420 1095 2475 tibi
1117 2463 1132 2489 ,
1160 2430 1208 2475 et
1235 2421 1346 2490 ﬁlio
1398 2428 1487 2475 tuo
1515 2421 1653 2476 dices
1682 2419 2120 2492 quemadmodum

591 2516 827 2571 eduxerit
859 2525 907 2570 te
932 2514 1184 2570 Dominus
1214 2515 1277 2570 de
1305 2513 1558 2588 zEgypto.

527 2606 718 2663 XXIII.
766 2607 918 2677 Quod
955 2608 1001 2662 si
1027 2608 1373 2664 introduxerit
1421 2618 1469 2664 te
1508 2607 1760 2663 Dominus
1800 2611 1854 2663 in
1903 2615 2116 2676 terram,

593 2719 751 2774 quam
777 2719 1112 2773 possessurus
1140 2720 1223 2773 es,
1253 2703 1521 2773 disperdes
1546 2718 1722 2756 omnes
1750 2711 1929 2773 gentes
1953 2705 2118 2776 ipsas,

594 2808 643 2853 et
665 2814 785 2853 aras
811 2813 1012 2862 carum,
1042 2805 1087 2852 et
1116 2798 1293 2852 titulos
1321 2806 1371 2851 et
1396 2796 1662 2865 sculptilia
1699 2798 1961 2852 combures
1987 2799 2117 2870 igni.

522 2889 715 2946 XXIV.
760 2890 822 2947 Si
853 2890 1238 2945 observaveritis
1289 2899 1549 2962 praecepta
1590 2899 1639 2945 et
1676 2892 1912 2963 justitias
1968 2892 2116 2961 istas,

594 2986 810 3040 servabit
831 2995 880 3040 et
908 2984 1048 3040 vobis
1072 2984 1330 3040 Dominus
1360 2993 1739 3050 testamentum,
1761 2985 1901 3057 quod
1917 2986 2122 3056 juravit

597 3078 830 3150 patribus
845 3079 1044 3145 vestris,
1072 3090 1121 3135 et
1154 3078 1410 3133 benedicet
1436 3094 1555 3146 vos,
1598 3088 1645 3134 et
1679 3080 1897 3153 expellet
1921 3095 2121 3136 onmem

597 3175 897 3246 languorem
927 3190 960 3228 a
986 3173 1144 3228 vobis.

2225 1954 2409 2011 XLIV.
2455 1953 2521 2009 In
2578 1953 2674 2009 illo
2724 1962 2954 2025 tempore
3003 1953 3261 2023 separavit
3317 1949 3578 2008 Dominus
3635 1953 3827 2010 tribum

2294 2046 2439 2114 Levi,
2470 2057 2526 2102 ut
2550 2054 2821 2118 portarent
2841 2063 3040 2101 arcam.

2224 2142 2388 2199 XLV.
2432 2142 2501 2198 Et
2523 2157 2679 2208 nunc,
2712 2138 3070 2212 Israel,quid
3123 2139 3382 2196 Dominus
3434 2140 3665 2212 postulat
3712 2151 3827 2198 ate

2293 2237 2464 2308 aliud,
2488 2253 2642 2308 quam
2666 2244 2720 2290 ut
2751 2236 2935 2291 timeas
2970 2234 3252 2290 Dominum
3278 2234 3442 2290 Deum
3478 2243 3644 2304 tuum,
3666 2244 3715 2290 et
3737 2236 3826 2291 di-

2294 2330 2429 2405 ligas
2454 2347 2594 2397 eum,
2623 2338 2667 2384 et
2702 2329 2894 2384 servias
2923 2329 3007 2383 ei?

2223 2424 2408 2481 XLVI.
2451 2422 2735 2478 Dominum
2763 2419 2935 2477 Deum
2965 2429 3113 2476 tuum
3137 2421 3361 2489 timebis,
3390 2430 3437 2477 et
3466 2421 3546 2477 illi
3575 2420 3678 2476 soli
3704 2437 3823 2477 scr-

2294 2536 2418 2574 vtes.

2221 2612 2431 2670 XLVII.
2475 2611 2604 2667 Cum
2624 2621 2649 2650 °
2675 2612 3007 2683 septuaginta
3033 2608 3303 2664 animabus
3324 2606 3702 2664 descenderunt
3725 2626 3826 2682 pa-

2295 2718 2396 2764 tres
2427 2709 2503 2763 tui
2531 2709 2584 2761 in
2606 2705 2898 2779 /Egyptum
2918 2746 2934 2773 ,
2975 2713 3028 2758 et
3063 2703 3186 2774 fecit
3216 2712 3265 2759 te
3296 2700 3436 2757 Deus
3476 2702 3608 2758 sicut
3638 2700 3825 2758 stellas

2295 2803 2409 2858 caeli
2432 2804 2484 2857 in
2512 2802 2917 2857 multitudinem.

2224 2898 2458 2955 XLVIII.
2501 2896 2570 2951 Et
2602 2897 2799 2952 amabis
2826 2896 3146 2965 Dominum,
3206 2895 3412 2957 etscies
3466 2895 3726 2967 quomodo
3775 2902 3827 2951 te

2295 2991 2470 3047 eduxit
2492 2989 2752 3045 Dominus
2773 2991 2837 3044 de
2868 2987 3128 3063 .Eggpto,
3153 2996 3203 3043 et
3230 3005 3347 3060 quso
3388 2987 3564 3061 fecerit
3607 2985 3829 3044 Dathan

2296 3094 2341 3139 et
2369 3083 2564 3139 Abiron
2593 3084 2719 3152 ﬁliis
2745 3081 2926 3139 Eliab.
3485 3071 3490 3077 ’

2224 3175 2413 3233 XLIX.
2459 3177 2611 3245 Quod
2640 3178 2684 3233 si
2721 3176 2995 3232 audieritis
3025 3185 3286 3249 praecepta
3315 3174 3494 3245 illius,
3525 3176 3669 3231 dabit
3699 3177 3828 3248 plu-

524 3244 701 3327 XXV.‘
737 3259 861 3324 Non
903 3285 1083 3341 parces
1124 3268 1381 3341 gentibus,
1430 3285 1559 3341 quas
1599 3266 1857 3324 Dominus
1886 3270 2119 3340 subjiciet
2146 3244 2193 3308 Ο
2297 3270 2430 3323 viam
2457 3244 2609 3323 terra:
2640 3276 2841 3334 vestrte,
2871 3276 2919 3322 et
2947 3244 3238 3322 satietatem
3263 3269 3321 3322 in
3346 3244 3487 3339 agris
3513 3244 3715 3325 vestris.

599 3366 713 3435 tibi,
739 3382 830 3421 nec
861 3365 1017 3433 dices,
1051 3363 1249 3439 Magna
1274 3380 1396 3436 gens
1434 3363 1546 3419 haec
1569 3404 1586 3432 ,
1637 3365 1895 3436 quomodo
1940 3373 2119 3435 potero

597 3462 843 3517 adversus
870 3462 1029 3515 eam?
1056 3469 1103 3514 et
1139 3476 1243 3514 non
1265 3461 1595 3531 concupisces
1618 3476 1805 3514 aurum
1830 3461 1909 3515 vel
1936 3476 2121 3530 argen-

599 3564 706 3608 tum
728 3555 794 3610 de
825 3553 1152 3627 sculptilibus
1196 3569 1395 3619 eorum,
1426 3552 1516 3606 sed
1546 3552 2013 3607 anathematizabis
2036 3570 2118 3609 ea.

527 3650 719 3708 XXVI.
766 3650 954 3705 Omnia
980 3649 1229 3704 mandata
1254 3664 1370 3719 qua:
1400 3648 1550 3702 trado
1578 3647 1718 3703 vobis
1748 3648 1923 3715 hodie,
1949 3648 2123 3705 obser-

601 3743 802 3806 vabitis,
834 3750 892 3796 ut
918 3741 1122 3805 vivatis,
1153 3748 1202 3795 et
1246 3740 1302 3794 in
1349 3748 1513 3795 mente
1555 3740 1735 3795 habete
1779 3741 1953 3795 omnia
2005 3757 2124 3812 qua:

599 3837 798 3909 experti
821 3836 941 3893 estis
963 3835 1017 3889 in
1041 3834 1291 3902 desertis,
1336 3836 1384 3887 et
1421 3833 1654 3887 esuristis
1699 3841 1747 3887 et
1781 3832 1922 3886 dedit
1981 3833 2124 3889 vobis

599 3933 855 3990 Dominus
880 3950 1073 3987 manna
1097 3948 1114 3985 :
1143 3942 1197 3986 ut
1221 3931 1423 3986 sciretis
1466 3930 1591 4000 quia
1623 3947 1731 3987 non
1760 3931 1813 3985 in
1840 3948 1972 4000 pane
2009 3940 2124 3987 tan-

599 4036 709 4093 tum
730 4028 849 4082 vivit
876 4026 1050 4093 homo,
1079 4023 1170 4079 sed
1196 4026 1248 4079 in
1277 4023 1416 4078 omni
1452 4024 1601 4080 verbo
1626 4024 1740 4079 Dei.

530 4120 746 4178 XXVII.
788 4120 1008 4176 Attende
1029 4119 1140 4188 tibi,
1168 4135 1233 4175 ne
1261 4118 1579 4175 obliviscaris
1632 4119 1878 4189 beneﬁcia
1914 4119 2128 4179 Domini

603 4212 699 4267 Dei
725 4213 820 4267 tui.

527 4304 766 4361 XXVIII.
810 4304 934 4361 Non
962 4305 1106 4361 dicas
1132 4305 1186 4360 in
1213 4304 1368 4361 corde
1396 4313 1504 4373 tuo,
1538 4306 1704 4360 virtus
1731 4322 1843 4361 mea
1860 4307 1983 4378 fecit
2017 4309 2127 4365 [nec

600 4399 795 4453 omnia.

530 4492 726 4549 XXIX.
769 4493 930 4558 Audi,
966 4492 1153 4563 Israel,
1181 4504 1237 4549 tu
1266 4492 1486 4547 transies
1535 4492 1688 4548 hodie
1740 4491 2045 4565 Iordanem,
2079 4506 2127 4552 et

599 4588 885 4660 possidebis
906 4596 1083 4660 gentes
1126 4604 1344 4658 magnas
1365 4629 1378 4652 ,
1409 4594 1456 4640 et
1478 4586 1709 4641 civitates
1764 4589 1987 4644 munitas
2011 4631 2026 4658 ,
2077 4600 2127 4646 et

597 4682 727 4735 scies
752 4681 877 4753 quia
898 4678 1151 4734 Dominus
1182 4678 1326 4735 Deus
1353 4687 1473 4734 tuus
1502 4678 1755 4752 prtecedet
1781 4689 1846 4735 te.

524 4775 697 4831 XXX.
743 4774 866 4831 Non
892 4774 1037 4830 dicas
1063 4775 1116 4829 in
1145 4775 1300 4830 corde
1331 4784 1419 4829 tuo
1439 4816 1453 4841 ,
1482 4783 1697 4847 propter
1715 4775 1959 4844 justitias
1981 4794 2121 4834 meas

598 4871 889 4927 introduxit
910 4887 989 4925 me
1017 4868 1272 4924 Dominus
1298 4869 1351 4923 in
1380 4878 1567 4923 terram
1588 4871 1760 4945 istam.

523 4964 719 5022 XXXI.
763 4962 831 5017 In
864 4971 1030 5017 mente
1049 4960 1232 5016 habete
1256 4962 1458 5031 quoties
1490 4961 1915 5018 exacerbaveritis
1942 4962 2124 5019 Domi-

598 5073 723 5111 num
757 5056 812 5110 in
842 5055 1080 5110 desertis.

522 5148 741 5207 XXXII.
786 5146 854 5201 Et
875 5149 928 5202 in
957 5146 1133 5202 Horeb
1153 5146 1500 5203 exacerbastis
1542 5146 1823 5203 Dominum
1848 5192 1861 5217 ,
1911 5151 2123 5223 quando

598 5242 791 5314 fecistis
811 5239 1093 5311 conflatile.

525 5335 765 5392 XXXIII.
809 5334 877 5390 Et
905 5333 1040 5390 dixit
1072 5332 1328 5389 Dominus
1361 5333 1431 5389 ad
1457 5350 1554 5403 me,
1589 5335 1702 5391 sine
1727 5351 1826 5404 me,
1856 5347 1904 5392 et
1926 5336 2125 5394 deleam

592 5430 733 5485 illos.

521 5521 767 5579 XXXIV.
793 5521 861 5577 Et
884 5512 1122 5576 descendi
1148 5522 1211 5576 de
1246 5530 1438 5591 monte,
1460 5532 1506 5577 et
1536 5522 1640 5577 vidi
1675 5524 1798 5595 quia
1842 5523 2115 5598 peccasiis,

594 5629 645 5673 et
689 5617 888 5692 projeci
935 5615 1139 5671 tubulas
1179 5614 1245 5671 de
1286 5615 1530 5672 manibus
1576 5619 1744 5687 meis,
1790 5628 1840 5675 et
1880 5621 2119 5696 confregi

594 5709 736 5767 illas.

589 5918 615 5947 ⁸
640 5907 699 5965 In
725 5908 953 5966 Palatin.
980 5921 1080 5965 ms.
1105 5953 1118 5979 ,
1160 5923 1277 5964 cum
1302 5906 1373 5964 75
1407 5907 1700 5964 animabus.

2223 3361 2288 3419 L.
2333 3360 2394 3415 Et
2429 3362 2475 3415 si
2505 3359 2845 3415 obaudieritis
2877 3375 3032 3414 omne
3060 3368 3383 3432 praeceptum
3429 3360 3574 3414 istud
3598 3403 3612 3427 ,
3656 3360 3830 3433 ejiciet

2294 3452 2553 3508 Dominus
2574 3470 2750 3509 omnes
2779 3464 2955 3527 gentes
2976 3471 3009 3507 a
3033 3455 3168 3524 facie
3193 3463 3385 3509 vestra.

2226 3548 2309 3605 LI.
2352 3548 2488 3603 Ecce
2517 3547 2585 3604 do
2612 3548 2750 3604 vobis
2790 3546 2946 3603 hodie
2981 3548 3387 3603 benedictionem
3425 3555 3474 3601 et
3504 3547 3832 3602 maledictio—

2299 3660 2436 3699 nem.
3698 3692 3705 3701 ἡ

2226 3737 2333 3794 LII.
2376 3736 2489 3792 Ista
2510 3745 2770 3810 praecepta
2800 3745 2919 3792 sunt
2943 3745 2990 3792 et
3005 3735 3245 3810 judicia,
3274 3750 3393 3806 qua:
3422 3722 3782 3793 observabitis.

2226 3832 2356 3888 LIII.
2402 3830 2525 3887 Non
2559 3832 2761 3904 facietis
2797 3832 3112 3885 voluntatem
3152 3838 3393 3884 vestram.

2227 3927 2359 3984 LIV.
2401 3926 2469 3982 In
2495 3927 2608 3982 loco
2622 3943 2772 3999 quem
2792 3926 3008 3999 elegerit
3041 3923 3328 3991 Dominus,
3385 3922 3623 3992 o/feretis
3651 3924 3828 3979 omnia

2298 4040 2413 4096 quas
2434 4040 2526 4097 ego
2556 4022 2745 4076 mando
2769 4021 2934 4076 vobis.

2229 4116 2339 4174 LV.
2393 4117 2580 4173 Omnes
2624 4115 2884 4187 primitias
2928 4122 3043 4168 tuas
3078 4112 3133 4168 in
3182 4121 3456 4185 conspectu
3496 4110 3709 4166 Domini
3752 4112 3828 4166 tui

2302 4211 2660 4267 nsanducabis.

2230 4305 2365 4363 LVI.
2409 4305 2674 4361 Attendite
2703 4320 2768 4359 ne
2797 4302 3119 4359 manducetis
3140 4302 3468 4374 sanguinem.

2230 4401 2388 4458 LVII.
2431 4400 2675 4468 Custodi,
2726 4406 2774 4454 et
2815 4402 2899 4470 fac
2925 4400 3101 4455 omnia
3125 4397 3280 4453 verba
3304 4438 3320 4466 ,
3353 4412 3470 4469 qua
3512 4412 3607 4469 ego
3635 4396 3827 4452 mando

2304 4496 2413 4551 tibi.

2234 4590 2411 4647 LVIII.
2440 4588 2603 4644 Omne
2623 4589 2830 4645 verbum
2859 4586 2998 4659 quod
3040 4602 3133 4658 ego
3184 4586 3375 4641 mando
3414 4584 3525 4656 tibi,
3551 4584 3754 4640 custodi
3778 4593 3827 4639 et

2151 4651 2207 4712 D
2304 4686 2411 4753 fac,
2445 4692 2493 4737 et
2515 4681 2820 4754 praphetam
2845 4651 2935 4751 qui
2962 4651 3149 4733 dixerit
3175 4678 3312 4732 tibi:
3348 4651 3540 4733 Eamus
3568 4685 3618 4732 et
3635 4676 3829 4749 servia-

2305 4793 2420 4831 mus
2449 4776 2573 4843 diis,
2607 4791 2709 4829 non
2731 4772 2933 4828 audies.

2232 4869 2370 4937 LIX.
2411 4869 2542 4925 Post
2575 4868 2857 4923 Dominum
2896 4864 3066 4921 Deum
3104 4874 3332 4922 vestrum
3372 4864 3550 4936 ibitis,
3580 4873 3629 4919 et
3655 4864 3831 4936 ipsum

2302 4964 2562 5019 timebitis.

2231 5057 2347 5114 LX.
2389 5058 2452 5115 Si
2471 5066 2642 5113 autem
2668 5057 2831 5128 frater
2859 5065 3001 5118 tuus.
3034 5063 3126 5110 aut
3150 5055 3320 5126 ﬁlius,
3367 5065 3456 5111 aut
3481 5057 3698 5128 conjux,
3730 5062 3826 5108 aut

2307 5151 2507 5206 amicus
2542 5150 2731 5205 dixerit
2772 5150 2866 5204 tibi
2898 5164 2919 5204 :
2949 5147 3176 5216 Eamus,
3209 5149 3496 5204 serviamus
3533 5148 3636 5203 diis
3657 5190 3675 5216 ,
3723 5161 3833 5202 non

2307 5260 2485 5313 parces
2507 5244 2574 5310 ei,
2604 5242 2694 5298 sed
2724 5244 2925 5314 deferes
2950 5257 3092 5309 eum,
3121 5252 3169 5296 et
3199 5241 3546 5313 lapidabitur.

2233 5337 2371 5396 LXI.
2414 5337 2479 5394 Si
2501 5348 2673 5393 autem
2703 5336 2932 5392 audieris
2959 5337 3153 5391 inuno
3182 5353 3247 5391 ex
3271 5335 3566 5392 civitatibus
3596 5334 3699 5390 tuis
3719 5349 3834 5390 esse

2303 5431 2538 5486 homines
2574 5438 2906 5499 peccatores,
2955 5428 3043 5498 qui
3081 5427 3322 5483 recedere
3370 5432 3602 5500 fecerunt
3652 5444 3833 5483 omnes

2302 5523 2646 5580 inhabitantes
2674 5524 2730 5577 in
2759 5538 2822 5577 ea
2842 5562 2857 5590 ,
2887 5530 2934 5576 et
2957 5522 3003 5575 si
3026 5536 3142 5577 vere
3165 5523 3365 5593 factum
3390 5529 3465 5577 est
3483 5563 3501 5591 ,
3549 5520 3832 5593 interficies

2298 5635 2495 5675 omnes.

2223 5711 2383 5770 LXII.
2429 5711 2549 5768 Non
2576 5710 2785 5784 facietis
2813 5709 3218 5765 decalvationem
3247 5724 3403 5781 super
3428 5717 3713 5765 mortuum.
