4098 6366
279 336 381 392 409

275 451 462 511 LXIII.
513 451 653 507 ch
684 465 901 522 pecora,
933 464 1048 519 qua:
1071 446 1476 502 manducabitis.

275 545 462 602 LXIV.
509 543 657 599 Hcec
685 542 1062 597 manducabitis
1095 541 1158 594 ab
1207 541 1319 604 his,
1342 556 1458 612 qua:
1484 548 1602 595 sunt
1632 539 1688 595 in
1713 539 1885 624 aquis.

275 638 439 696 LXV.
491 637 721 692 Omnem
737 652 882 691 avem
907 634 1156 689 mundam
1185 633 1581 688 manducabitis.

273 734 463 793 LXVI.
506 731 757 789 Decimus
783 732 898 803 agri
932 731 1008 784 tui
1037 727 1224 797 offeres
1257 728 1469 796 inloco,
1502 744 1651 799 quem
1679 725 1887 798 elegerit

343 828 647 883 Dominus.

273 921 490 980 LXVII.
538 919 676 976 Cum
705 929 878 976 autem
907 920 1057 991 longe
1084 917 1242 990 fuerit
1268 934 1299 970 a
1323 927 1368 972 te
1387 959 1402 984 ,
1427 915 1612 971 vendes
1640 932 1700 971 ea
1748 923 1796 970 et
1825 915 1892 971 il-

341 1017 414 1070 lic
459 1018 724 1072 redimes.

272 1110 513 1169 LXVIII.
567 1111 696 1166 Post
725 1118 920 1181 septem
950 1125 1114 1164 annos
1138 1110 1295 1178 facies
1316 1108 1691 1164 remissionem.

272 1203 464 1260 LXIX.
513 1203 583 1260 Si
606 1203 838 1258 audieris
867 1220 1036 1258 vocem
1082 1202 1290 1258 Domini
1331 1201 1427 1257 Dei
1481 1204 1598 1271 tui,
1651 1204 1890 1276 princeps

343 1297 450 1351 eris
483 1298 726 1370 gentium
758 1295 1064 1351 multarum.

271 1390 439 1447 LXX.
487 1391 558 1445 Si
590 1391 757 1462 factus
783 1391 940 1462 fuerit
976 1391 1030 1444 in
1072 1399 1120 1445 te
1145 1407 1293 1460 egens
1327 1390 1390 1446 de
1416 1390 1662 1462 fratribus
1693 1392 1814 1446 tuis.

273 1483 470 1540 LXXI.
518 1482 586 1540 Si
613 1485 794 1539 emeris
815 1501 1029 1557 puerum
1061 1482 1341 1538 Hebrtvum
1361 1527 1375 1553 ,
1401 1501 1492 1539 sex
1520 1502 1684 1540 annos
1709 1487 1891 1543 serviet

345 1580 462 1634 tibi.

272 1673 359 1730 LX
373 1671 493 1728 XII.
548 1673 714 1729 Omne
733 1673 1050 1746 primitivum
1081 1672 1429 1741 sanctiﬁcabis
1459 1671 1706 1726 Domino.
1791 1655 1866 1670 ’Μ

274 1766 522 1822 LXXIII.
568 1765 786 1821 Custodi
807 1782 1030 1820 mensem
1061 1781 1345 1834 novorum,
1397 1775 1445 1820 et
1491 1765 1646 1837 facies
1696 1765 1891 1836 pascha

346 1860 586 1915 Domino
620 1859 731 1914 Deo
761 1869 871 1914 tuo.
1845 1851 1856 1857 ”

278 1953 526 2009 LXXIV.
568 1952 786 2008 Iudices
838 1961 885 2007 et
933 1951 1128 2008 scribas
1180 1953 1497 2017 constitues,
1540 1959 1614 2020 ut
1647 1950 1892 2024 judicent

339 2049 516 2119 jnsle.

279 2138 498 2194 LXXV.
548 2137 674 2194 Non
705 2139 967 2209 plantabis
995 2138 1085 2193 tibi
1115 2139 1311 2193 lucum.

278 2231 524 2288 LXXVI.
572 2233 636 2289 Si
661 2233 897 2288 inventus
921 2234 1074 2305 fuerit
1102 2235 1154 2288 in
1195 2243 1242 2287 te
1276 2233 1496 2289 serviens
1527 2233 1658 2304 diis,
1683 2234 1736 2289 in
1762 2232 1892 2289 duo-

347 2327 443 2380 bus
473 2327 557 2381 vel
587 2327 753 2381 tribus
778 2325 987 2380 testibus
1015 2327 1280 2382 morietur.

277 2417 545 2474 LXXVII.
593 2419 656 2475 Si
682 2419 894 2474 latuerit
925 2429 974 2474 te
1006 2421 1232 2489 verbum,
1263 2420 1392 2476 vade
1416 2422 1485 2474 ad
1515 2422 1852 2478 sacerdotem.

282 2511 573 2569 LXXVIII.
623 2514 726 2582 Qui
747 2530 849 2568 non
875 2514 1097 2568 audierit
1121 2516 1457 2579 sacerdotem.
1483 2517 1754 2592 moriatur.

281 2605 529 2661 LXXIX.
579 2607 932 2677 Alienigenam
963 2625 1063 2662 non
1088 2610 1246 2679 facies
1284 2610 1571 2682 principem
1597 2597 1848 2684 super-te.

285 2697 507 2754 LXXX.
554 2699 675 2754 Hoc
696 2701 961 2770 judicium
984 2701 1328 2756 sacerdotum.

287 2792 534 2850 LXXXI.
580 2793 704 2848 Non
740 2795 1030 2850 invenietur
1073 2796 1124 2849 in
1167 2805 1214 2850 te
1253 2794 1487 2852 lustrans
1530 2797 1700 2868 ﬁlium
1735 2814 1888 2853 suum

357 2900 448 2942 aut
479 2889 670 2960 filiam.

289 2980 558 3038 LXXXII.
602 2981 922 3053 Prophetam
943 2982 1200 3037 suscitabo
1231 2984 1304 3038 eis
1326 3000 1390 3038 ex
1411 2985 1662 3055 fratribus
1685 3001 1885 3040 eorum.

290 3073 582 3132 LXXXIII.
625 3075 891 3148 PrOpheta
915 3075 959 3129 si
989 3075 1185 3130 locutus
1207 3075 1364 3146 fuerit
1405 3075 1612 3130 verbum
1636 3119 1650 3144 ,
1703 3087 1750 3132 et
1787 3094 1888 3133 non

359 3171 665 3242 contigerit,
688 3169 1060 3239 interﬁciatur.

293 3259 586 3316 LXXXIV.
631 3261 679 3314 Η
687 3278 746 3315 oc
767 3269 1082 3333 prteceptum
1106 3260 1397 3316 homicida’.

294 3353 561 3410 LXXXV.
607 3353 731 3408 Non
754 3354 1032 3425 transferes
1056 3355 1300 3408 terminos
1326 3370 1457 3426 quos
1483 3367 1764 3427 posuerant
1793 3372 1889 3426 pa-

364 3461 466 3506 tres
494 3453 596 3505 tui.

296 3541 582 3598 LXXXVI.
628 3542 750 3597 Non
789 3542 1010 3612 accipies
1062 3541 1411 3597 testimonium
1452 3543 1609 3598 unius
1647 3542 1892 3600 adversus

365 3636 651 3691 hominem.

302 3728 620 3786 LXXXVII.
661 3731 846 3786 Anima
867 3747 960 3804 pro
981 3730 1174 3798 anima,
1200 3731 1409 3785 oculum
1430 3747 1524 3803 pro
1553 3732 1702 3788 oculo
1725 3775 1737 3801 ,
1768 3733 1892 3788 den-

367 3837 464 3881 tem
491 3843 585 3895 pro
617 3827 787 3882 dente.

299 3915 631 3974 LXXXVIII.
675 3919 736 3974 Si
761 3919 950 3974 exieris
977 3919 1045 3972 ad
1066 3917 1275 3984 bellum,
1301 3919 1412 3973 noli
1441 3919 1640 3974 timere.

301 4009 589 4067 LXXXIX.
633 4010 696 4068 Si
723 4013 998 4067 accesseris
1024 4028 1326 4086 expugnare
1349 4013 1624 4067 civitatem.

300 4101 405 4159 XC.
449 4103 515 4160 Si
541 4103 799 4158 obsederis
822 4105 1105 4158 civitatem.

301 4193 430 4252 XCI.
475 4197 538 4252 Si
564 4198 799 4251 inventus
819 4198 977 4270 fuerit
1004 4197 1301 4252 vulneratus
1330 4198 1382 4252 in
1414 4205 1571 4252 terra.

305 4286 458 4345 XCII.
506 4289 569 4346 Si
604 4290 872 4345 tradiderit
899 4291 988 4344 tibi
1012 4290 1406 4347 Deusiuimieos
1438 4302 1575 4348 tuos.

305 4380 480 4439 XCIII.
527 4383 592 4439 Si
610 4384 804 4454 fuerint
832 4383 1029 4439 homini
1060 4389 1178 4440 duce
1210 4402 1418 4454 uxores,
1443 4387 1662 4456 dilecta,
1709 4397 1754 4441 et
1778 4388 1892 4442 odi-

372 4477 509 4534 bilis.

304 4565 482 4625 XCIV.
529 4578 555 4607 ⁸
580 4568 642 4627 Si
664 4570 818 4640 fuerit
843 4569 1004 4624 alicui
1031 4571 1173 4639 filius
1194 4571 1511 4629 inobedieus.

305 4659 460 4719 XCV.
503 4663 566 4720 Si
589 4665 741 4735 fuerit
763 4665 816 4718 in
843 4665 1019 4737 aliquo
1047 4674 1309 4735 peccatum
1341 4667 1409 4719 ad
1429 4674 1666 4722 mortem.

305 4750 482 4810 XCVI.
525 4755 588 4811 Si
616 4756 801 4810 videris
825 4755 1024 4811 animal
1069 4757 1248 4828 fratris
1278 4759 1352 4812 tui
1395 4774 1575 4813 errans
1603 4801 1617 4826 ,
1669 4757 1746 4814 vel
1797 4775 1889 4814 ca-

369 4853 518 4906 deus.

306 4938 504 4997 XCVII.
553 4942 675 4998 Non
695 4943 874 4998 induet
904 4946 1089 5000 mulier
1116 4954 1301 5001 vestem
1327 4947 1546 5004 virilem.

306 5032 530 5094 XCVIII.
574 5037 636 5095 Si
666 5040 918 5094 inveneris
949 5041 1129 5094 nidum
1157 5041 1342 5097 avium.

307 5123 491 5185 XCIX.
535 5130 597 5186 Si
624 5130 833 5186 domum
860 5148 1044 5187 novam
1079 5133 1438 5202 aztli/icaveris.

309 5221 365 5276 C.
408 5223 531 5278 Non
558 5225 730 5279 arabis
759 5224 813 5279 in
844 5224 1010 5280 vitulo
1037 5235 1086 5279 et
1114 5226 1285 5282 asina.

307 5316 386 5374 CI.
430 5321 493 5375 Si
512 5321 630 5392 quis
654 5323 907 5390 acceperit
937 5336 1156 5376 uxorem
1173 5366 1189 5392 ,
1216 5330 1264 5376 et
1290 5322 1452 5377 oderit
1474 5341 1606 5380 eam.

309 5411 408 5468 CII.
450 5415 512 5470 Si
539 5416 771 5471 inventus
795 5417 954 5488 fuerit
981 5417 1184 5471 adulter
1207 5434 1326 5472 cum
1351 5418 1611 5475 adultera.

309 5502 434 5563 CIII.
476 5507 540 5564 Si
565 5509 838 5564 dormierit
861 5509 1051 5581 aliquis
1081 5527 1200 5565 cum
1232 5511 1408 5581 puella
1438 5514 1770 5582 desponsata.

313 5599 434 5657 CIV.
478 5601 542 5659 Si
569 5604 622 5657 in
652 5619 832 5676 campo
876 5604 1126 5660 invenerit
1172 5605 1290 5675 quis
1345 5604 1572 5676 puellam
1617 5607 1898 5678 desponsa-

377 5704 502 5765 tam,
525 5705 574 5750 et
601 5697 700 5752 vim
718 5697 900 5768 fecerit
933 5698 1005 5754 ei.

382 5904 404 5932 α
434 5894 630 5953 Totum
661 5894 765 5955 hoc
792 5896 1088 5972 capitulum
1119 5897 1296 5956 Palat.
1333 5913 1440 5956 ms.
1467 5899 1704 5972 ignorat.

1238 323 1831 386 CAPITULA'I‘IONES
1873 324 2048 382 LIBRI
2093 323 2640 383 DEUTERONOMII.

1913 452 1965 511 Α
1992 445 2100 503 CV.
2145 445 2206 501 Si
2231 447 2482 501 invenerit
2514 446 2628 519 quis
2657 443 2885 517 puellam
2913 445 3194 518 virginem,
3234 454 3281 501 et
3321 445 3590 501 dormierit

1919 4641 1971 4702 D

3479 323 3588 382 410

2065 558 2176 595 cum
2205 558 2285 596 ea.

1992 631 2126 687 CVI.
2171 632 2292 686 Non
2323 633 2541 703 accipiet
2568 633 2721 687 homo
2751 649 2966 688 uxorem
2989 631 3155 704 patris
3179 632 3283 686 sui.

1991 725 2149 780 CVII.
2186 726 2308 780 Non
2331 726 2542 780 intrabit
2573 727 2810 783 abscisus
2833 729 2888 782 in
2915 725 3201 782 Ecclesiam
3219 725 3454 782 Domini.

1993 818 2170 875 CVIII.
2207 818 2328 873 Non
2350 819 2559 874 intrabit
2582 821 2888 892 fornicaria,
2913 836 3006 876 nec
3027 821 3347 875 Arnntanites
3367 830 3413 875 et
3441 819 3589 874 Moa-

2067 915 2194 970 bites
2223 915 2278 969 in
2308 912 2596 970 Ecclesium
2623 913 2858 970 Domini.

1993 1007 2130 1064 CIX.
2175 1009 2297 1064 Non
2325 1009 2648 1064 abominabis
2673 1008 2995 1078 Idumteum,
3022 1025 3183 1081 neque
3214 1008 3545 1082 Egyptium.

1993 1100 2105 1158 CX.
2150 1102 2212 1158 Si
2233 1103 2388 1172 fuerit
2415 1105 2571 1158 homo
2595 1104 2891 1159 immundus
2914 1147 2926 1170 ,
2957 1104 3115 1160 exibit
3141 1113 3288 1160 extra
3318 1112 3510 1160 castra.

1991 1194 2126 1250 CXI.
2164 1195 2286 1251 Non
2316 1199 2488 1252 trades
2511 1213 2714 1252 servum
2737 1197 2949 1253 domino
2969 1214 3085 1254 suo.
3529 1181 3531 1184 ι

1991 1289 2151 1345 CXII.
2196 1289 2320 1345 Non
2343 1292 2446 1346 erit
2469 1290 2736 1346 lsraelites
2761 1292 3067 1363 fornicaria.

1993 1385 2172 1445 CXIII.
2219 1387 2341 1441 Non
2365 1389 2552 1459 iuferes
2579 1388 2864 1443 mercedem
2907 1387 3229 1460 fornicaria'.

1992 1481 2173 1539 CXIV.
2206 1482 2233 1522 ι)
2269 1483 2388 1538 Non
2413 1485 2581 1555 exiges
2607 1499 2638 1537 a
2665 1487 2824 1554 fratre
2852 1492 2941 1536 tuo
2969 1498 3205 1538 usuram.

1991 1576 2156 1633 CXV.
2198 1577 2259 1634 Si
2289 1577 2484 1632 voveris
2513 1585 2686 1632 votum
2709 1577 2934 1632 Domino
2963 1621 2978 1647 ,
3027 1593 3131 1632 non
3157 1577 3331 1634 tardes
3377 1575 3589 1632 reddere

2062 1673 2218 1727 illud.

1993 1766 2176 1823 CXVI.
2221 1766 2284 1822 Si
2314 1767 2582 1821 intraveris
2607 1767 2661 1821 in
2688 1767 2892 1822 vineam
2921 1767 3146 1839 proximi
3174 1767 3268 1821 tui.

1920 1851 1968 1910 B
1994 1859 2200 1916 CXVII.
2244 1859 2307 1916 Si
2336 1861 2606 1915 intraveris
2633 1861 2687 1915 in
2716 1869 2940 1932 segetem
2972 1860 3196 1929 proximi
3231 1859 3334 1915 tui.

1993 1951 2224 2008 CXVIII.
2269 1952 2332 2008 Si
2352 1955 2464 2025 quis
2491 1954 2742 2026 acceperit
2787 1969 3003 2024 uxorem
3027 1994 3044 2021 ,
3081 1961 3128 2008 et
3174 1952 3420 2008 invenerit
3448 1954 3499 2008 in
3531 1967 3592 2006 ea

2065 2066 2172 2103 rem
2201 2059 2423 2118 turpem.

1993 2137 2181 2196 CXIX.
2227 2139 2288 2195 Si
2315 2141 2432 2211 quis
2458 2141 2712 2211 acceperit
2743 2155 2959 2196 uxorem
2988 2140 3042 2194 in
3069 2139 3294 2207 recenti,
3330 2154 3434 2194 non
3457 2138 3593 2194 exist

2067 2233 2135 2287 ad
2164 2231 2378 2288 bellum.

1993 2323 2157 2381 CXX.
2203 2323 2326 2380 Non
2357 2325 2662 2398 pignorabis
2685 2326 2898 2381 molam.

1991 2417 2180 2474 CXXI.
2225 2419 2287 2475 Si
2311 2429 2491 2491 captus
2511 2420 2667 2490 fuerit
2691 2419 2798 2491 fur.

1991 2511 2202 2568 CXXII.
2246 2510 2314 2566 In
2343 2521 2508 2566 mente
2531 2512 2659 2566 habe
2682 2529 2796 2584 qua:
2815 2512 2993 2584 fecerit
3021 2510 3278 2566 Dominus
3306 2508 3511 2564 Mariae.

1992 2606 2224 2663 CXXIII.
2269 2606 2563 2662 Debitorem
2592 2625 2695 2661 non
2722 2607 3016 2680 pignorabis
3036 2622 3131 2677 per
3163 2606 3288 2660 vim.

1991 2701 2227 2759 CXXIV.
2273 2701 2340 2756 In
2365 2704 2580 2776 pignore
2607 2703 2854 2776 pauperis
2896 2718 3000 2757 non
3027 2701 3250 2758 dormies
3276 2741 3292 2770 ,
3335 2709 3384 2756 et
3405 2717 3594 2756 nterce-

2065 2798 2182 2850 dem
2213 2795 2477 2850 laboranti
2500 2814 2564 2851 ne
2594 2797 2741 2852 tarde
2773 2797 3083 2852 reddideris.

1991 2887 2206 2944 CXXV.
2253 2889 2373 2944 Non
2399 2890 2690 2944 morientur
2720 2899 2889 2963 patres
2915 2894 3009 2963 pro
3041 2889 3188 2959 ﬁliis.

1991 2979 2232 3038 CXXVI.
2257 2980 2380 3037 Non
2405 2980 2692 3037 declinabis
2710 2982 2975 3056 judicium
2997 2983 3210 3038 advena:
3228 3024 3242 3050 ,
3271 2990 3319 3036 et
3343 2981 3590 3053 orphani,

2065 3086 2112 3130 et
2132 3075 2322 3131 viduae.

1993 3171 2255 3228 CXXVII.
2301 3171 2424 3227 Non
2446 3173 2746 3246 pignorabis
2777 3172 3010 3228 viduam.

1919 3249 1966 3313 C
1997 3266 2277 3322 CXXVIII.
2314 3268 2374 3324 Si
2395 3269 2647 3322 secaveris
2672 3278 2918 3337 segetem.

1994 3358 2230 3416 CXXIX.
2276 3362 2337 3418 Si
2364 3360 2633 3435 collegeris
2657 3360 2869 3416 olivam.

1993 3453 2210 3510 CXXX.
2254 3454 2315 3511 Si
2340 3455 2672 3510 vindemiabis
2702 3456 2925 3509 vineam.

1992 3545 2231 3604 CXXXI.
2275 3549 2338 3603 Si
2349 3549 2671 3622 judicaveris
2701 3549 2951 3618 impium,
3004 3546 3150 3602 dabis
3176 3546 3222 3601 ei
3247 3546 3594 3619 quadraginta

2064 3642 2297 3717 flagella.

1993 3737 2255 3793 CXXXII.
2301 3737 2426 3792 Non
2448 3738 2752 3810 infrantabis
2774 3738 2950 3792 bovem
2979 3737 3329 3792 triturantem.

1994 3832 2277 3888 CXXXIII.
2307 3833 2368 3889 Si
2393 3844 2621 3887 mortuus
2656 3834 2812 3904 fuerit
2841 3835 2956 3905 quis
2985 3832 3179 3887 habens
3220 3848 3436 3887 uxorem
3469 3834 3585 3888 sine

2067 3925 2212 3995 ﬁliis,
2243 3928 2458 3999 accipiet
2490 3943 2601 3980 eam
2635 3929 2796 3989 frater
2819 3929 2949 3999 ejus.

1993 4019 2280 4077 CXXXIV.
2317 4020 2380 4076 Si
2408 4019 2630 4076 noluerit
2669 4020 2824 4076 homo
2868 4021 3106 4093 accipere
3154 4037 3369 4077 uxorem
3412 4021 3595 4094 fra.'ris

2064 4131 2166 4168 ειη.

1993 4205 2259 4262 CXXXV.
2287 4205 2347 4263 Si
2376 4208 2660 4262 rimaverint
2681 4209 2784 4263 duo
2809 4208 3037 4264 homines
3057 4209 3110 4262 in
3140 4226 3213 4265 se.

1993 4297 2281 4354 CXXXVI.
2317 4297 2439 4354 Non
2465 4301 2561 4354 erit
2593 4299 2682 4354 tibi
2711 4301 2913 4371 pondus
2960 4301 3231 4370 iniquum,
3265 4309 3309 4356 et
3337 4316 3590 4356 mensurae

2064 4387 2315 4464 duplices.

1995 4485 2298 4542 CXXXVII.
2327 4486 2393 4541 lu
2425 4497 2589 4542 mente
2610 4487 2740 4543 habe
2765 4499 2958 4561 quanta
2979 4488 3069 4542 tibi
3091 4488 3268 4558 fecerit
3298 4488 3526 4542 Amalec.

1995 4579 2329 4638 CXXXVIII.
2351 4579 2481 4635 Cum
2510 4582 2814 4637 introieritis
2862 4583 2914 4636 in
2960 4591 3190 4650 terram,
3230 4598 3390 4654 quam
3409 4580 3593 4638 Domi-

2072 4693 2170 4729 nus
2196 4675 2333 4730 Deus
2361 4677 2503 4731 dabit
2529 4677 2690 4731 vobis.

2000 4769 2284 4826 CXXXIX.
2315 4769 2381 4824 Et
2409 4771 2541 4824 dixit
2563 4769 2767 4842 Moyses
2790 4771 2858 4826 ad
2879 4787 2942 4844 po
2951 4771 3132 4843 pulum
3157 4811 3171 4836 ,
3202 4779 3363 4825 tacete
3388 4813 3404 4840 ,
3429 4779 3476 4826 et
3503 4788 3600 4826 att-

2073 4863 2196 4916 dite.

2001 4953 2159 5010 CXL.
2188 4953 2262 5009 Hi
2287 4954 2495 5010 stabunt
2516 4955 2815 5011 benedicere
2842 4956 3062 5028 plebem,
3087 4967 3133 5013 et
3159 4957 3213 5011 hi
3235 4957 3564 5014 maledicere.

2001 5046 2184 5107 CXLI.
2213 5047 2526 5103 Maledictus
2549 5050 2712 5104 omnis
2742 5051 2831 5118 qui
2852 5050 3028 5120 fecerit
3059 5049 3190 5104 haec.
3505 5061 3508 5064 '

2005 5140 2210 5198 CXLII.
2243 5143 2304 5198 Si
2321 5142 2669 5197 custodieritis
2692 5151 2949 5214 prcecepta
2973 5139 3208 5209 Domini,
3233 5142 3431 5198 venient
3451 5159 3604 5216 super

2077 5252 2164 5291 vos
2195 5235 2567 5290 benedictiones
2597 5235 2730 5289 istm.

2003 5330 2231 5386 CXLIII.
2262 5329 2324 5387 Si
2354 5347 2458 5384 non
2485 5330 2785 5398 audieritis,
2833 5329 3034 5384 venient
3073 5330 3128 5384 in
3165 5345 3253 5384 vos
3282 5331 3608 5387 maledictio-

2075 5441 2164 5479 nes
2188 5426 2318 5478 istm.

2003 5513 2237 5571 CXLIV.
2280 5513 2493 5568 Vocavit
2525 5512 2732 5585 Moyses
2769 5530 2944 5569 onmes
2967 5515 3105 5586 filios
3135 5513 3304 5570 Israel
3330 5559 3348 5588 ,
3389 5524 3435 5569 et
3474 5515 3608 5570 dixit

2071 5607 2140 5661 ad
2159 5622 2294 5662 eos:
2345 5605 2507 5662 Scitis
2557 5614 2755 5679 quanta
2797 5607 2976 5679 fecerit
3029 5606 3284 5662 Dominus
3337 5605 3613 5662 Pharaoni

2075 5711 2285 5774 propter
2313 5716 2430 5755 vos.

2069 5900 2097 5940 δ
2113 5899 2224 5962 Hoc
2258 5917 2474 5976 quoque
2489 5903 2788 5978 capitulum
2823 5902 2877 5961 in
2900 5902 3095 5962 eodem
3113 5901 3603 5977 ms.desideratur.
