4098 6366
287 313 384 370 415

1532 303 1733 362 LIBER
1775 304 2324 365 DEUTERONOMII.

3464 315 3572 372 414

283 432 362 488 bis
393 430 686 500 principes.
723 428 874 482 'l‘unc
901 427 1256 499 respondistis
1289 429 1449 484 milii:
1480 429 1626 485 Bona
1653 443 1740 484 res
1767 436 1873 496 est,
1905 431 1952 501 Α
1980 427 2270 496 deberetis,
2300 439 2460 486 nocte
2481 431 2779 486 ostendens
2804 431 2956 486 vobis
2987 430 3088 487 iter
3113 446 3208 502 per
3256 431 3431 502 ignem
3464 472 3480 497 ,
3525 439 3580 488 et

287 540 443 597 quam
468 524 554 578 vis
579 523 778 579 tacere.
800 522 1032 593 Tulique
1045 522 1112 578 de
1140 523 1388 578 tribubus
1411 524 1605 579 vestris
1629 523 1775 579 viros
1795 538 1880 579 sa-

283 623 514 694 pientes,
545 632 600 675 et
633 619 867 682 nobiles,
901 625 955 672 rt
981 620 1237 673 constitui
1265 633 1360 674 eos
1384 619 1675 689 principes,
1711 616 1878 672 tribu-

281 731 398 780 nos,
429 721 486 769 et
508 714 887 778 centuriones,
920 723 975 768 et
1002 712 1498 783 quinquagenarias
1526 726 1589 768 ac
1615 711 1875 782 decanos,

281 808 363 879 qui
393 806 668 861 docerent
720 819 812 860 vos
853 805 1090 876 singula.
1120 806 1466 876 Prmeepique
1495 805 1606 868 eis,
1641 805 1829 861 dicens
1862 823 1873 858 :

281 899 471 957 Audite
494 899 640 965 illos,
669 909 722 954 et
745 899 890 968 quod
915 898 1122 967 jusmm
1147 907 1250 964 est,
1275 898 1515 968 judicate
1543 939 1558 966 ,
1591 897 1707 953 sive
1748 897 1880 952 civis

278 995 344 1050 sit
367 993 479 1058 ille,
513 994 633 1047 sive
657 992 994 1062 peregrinus.
1027 991 1180 1046 Nulla
1213 993 1317 1048 erit
1342 991 1596 1046 distantia
1620 1006 1880 1061 persona-

281 1102 416 1155 rum,
449 1087 524 1141 ita
559 1100 781 1156 parvum
815 1084 1049 1140 audietis
1076 1097 1131 1139 ut
1163 1101 1413 1157 tnagnum
1443 1101 1455 1138 :
1505 1102 1603 1141 nec
1652 1085 1881 1155 accipie-

283 1179 349 1236 tis
386 1179 717 1250 cujusquam
765 1194 1053 1250 personam
1082 1221 1098 1248 ,
1133 1181 1259 1249 quia
1313 1179 1404 1234 Dei
1457 1180 1720 1249 judicium
1776 1188 1879 1233 est.

281 1275 432 1344 Quod
461 1277 509 1330 si
537 1275 761 1331 difﬁcile
790 1274 944 1330 vobis
975 1275 1177 1345 aliquid
1218 1277 1389 1329 visum
1444 1273 1640 1340 fuerit,
1682 1275 1880 1329 referte

282 1371 344 1426 ad
373 1386 483 1436 me,
513 1379 572 1426 et
601 1386 702 1441 ego
723 1370 960 1425 audiam.
982 1370 1333 1440 Przecepique
1355 1371 1534 1426 omnia
1555 1385 1674 1440 quae
1697 1367 1881 1424 tacere

284 1463 577 1520 deberetis.
613 1462 697 1536 [C.
731 1461 841 1534 lll.]
890 1462 1123 1517 Profecti
1154 1470 1334 1517 autem
1365 1462 1434 1518 de
1456 1462 1654 1532 l‘loreb,
1681 1462 1878 1516 transi-

284 1557 452 1612 vimus
497 1571 597 1627 per
628 1571 869 1612 erenunn
905 1557 1200 1612 terribilem
1249 1565 1304 1612 et
1355 1557 1640 1611 maximam
1673 1599 1687 1622 ,
1721 1571 1881 1626 quam

284 1652 511 1718 vidistis,
549 1668 645 1722 per
668 1650 805 1706 viam
838 1652 1042 1706 montis
1059 1652 1396 1718 Amorrba'i,
1435 1653 1576 1706 sicut
1601 1666 1878 1722 prarcepe-

284 1759 360 1804 rat
383 1747 649 1802 Dominus
673 1747 811 1802 Deos
845 1757 1034 1804 noster
1065 1747 1244 1803 nobis.
1270 1747 1512 1818 Cumque
1542 1748 1881 1803 venissemus

286 1841 334 1896 in
360 1839 780 1908 Cades-Barne,
809 1839 922 1895 dixi
961 1840 1112 1895 vobis
1156 1859 1168 1893 :

285 1933 614 2000 Amorrbaei,
639 1949 800 2005 quem
833 1934 1092 1990 Dominus
1125 1934 1262 1988 Deus
1307 1944 1493 1990 noster
1528 1932 1754 1987 daturus
1798 1941 1882 1988 est

284 2027 454 2082 nobis.
484 2025 623 2082 Vide
649 2036 1061 2098 terram,quam
1116 2026 1380 2082 Dominus
1425 2026 1569 2083 Deus
1622 2033 1745 2081 tuus
1791 2024 1884 2079 dat

285 2121 415 2175 tibi:
445 2119 705 2188 ascende,
739 2129 791 2176 et
824 2119 1044 2193 posside
1067 2136 1209 2188 eam,
1247 2131 1271 2158 α
1302 2121 1442 2174 sicut
1467 2121 1681 2176 locutus
1702 2130 1786 2175 est
1817 2119 1884 2174 ti-

286 2213 334 2270 bi
364 2214 625 2270 Dominus
661 2215 798 2270 Deus
822 2226 1034 2284 patrum
1069 2226 1282 2271 tuorum
1310 2233 1322 2270 :
1351 2216 1459 2270 noli
1486 2223 1752 2281 metuere,
1784 2231 1883 2270 nec

285 2307 577 2379 quidquam
605 2322 823 2377 paveas.
859 2307 939 2380 lC.
973 2308 1087 2379 IV.|
1119 2311 1184 2364 Et
1205 2310 1514 2365 accessistis
1547 2311 1611 2364 ad
1647 2327 1734 2366 me
1766 2326 1884 2364 oni-

288 2416 398 2469 nes,
428 2413 596 2473 atque
627 2401 841 2457 dixiStis
873 2419 886 2456 :
920 2402 1190 2458 Mittamus
1226 2405 1389 2470 viros,
1415 2407 1503 2474 qui
1532 2404 1883 2460 considerent

288 2503 480 2548 terram
511 2494 593 2566 [h.
633 2504 759 2550 ante
809 2506 1160 2566 conspectuin
1213 2498 1510 2570 nostrum],
1569 2507 1624 2554 et
1674 2512 1878 2554 renun-

289 2586 416 2643 tient
437 2604 535 2657 per
565 2588 710 2659 quod
744 2590 844 2644 iter
874 2590 1167 2646 debeamus
1195 2590 1524 2656 ascendere,
1557 2602 1610 2647 et
1649 2591 1714 2647 ad
1741 2605 1880 2663 quas

288 2695 507 2752 pergere
535 2682 810 2738 civitates.
837 2682 918 2754 [Β.
953 2681 1043 2754 ΙΙ.]
1075 2683 1314 2754 Cumque
1367 2685 1508 2739 mihi
1550 2700 1731 2740 sermo
1771 2686 1882 2749 pla-

287 2773 504 2839 cuisset,
537 2775 660 2830 misi
693 2791 723 2830 e
755 2776 906 2830 vobis
937 2775 1221 2832 duodecim
1250 2778 1416 2843 viros,
1439 2779 1678 2850 singulos
1700 2779 1767 2836 de
1788 2780 1882 2834 tri-

289 2865 454 2924 bubus
474 2869 614 2925 suis.
645 2869 744 2938 Qui
768 2884 887 2925 cum
915 2871 1305 2938 perrexissent,
1338 2883 1388 2926 et
1418 2872 1795 2928 ascendissent
1825 2874 1876 2928 in

290 2970 561 3030 montana,
591 2973 854 3019 venerunt
883 2965 1138 3035 usquead
1189 2966 1384 3021 vallem
1419 2966 1563 3020 Botri
1600 2965 1675 3038 [h.
1710 2981 1880 3038 usque

293 3056 351 3109 ad
383 3065 683 3113 torrentem
718 3055 909 3130 Botri],
941 3069 993 3113 et
1021 3056 1370 3114 Considerata
1401 3069 1569 3121 terra,
1603 3069 1880 3113 sumentes

291 3148 354 3204 de
382 3149 650 3205 fructibus
683 3150 824 3220 ejus,
856 3160 914 3204 ut
943 3150 1294 3206 ostenderent
1318 3151 1617 3205 ubertatem
1645 3191 1658 3216 ,
1684 3151 1879 3207 attole-

1982 523 2068 577 die
2096 539 2193 593 per
2221 524 2529 582 columnam
2556 526 2737 582 nubis.
2770 526 2849 598 [C.
2885 525 3019 598 VII.)
3056 526 3301 596 Cumque
3339 525 3582 582 audisset

1983 615 2242 672 Dominus
2271 633 2455 674 vocem
2484 635 2802 676 sermonum
2829 628 3171 687 vestrorum,
3216 619 3388 676 iratus
3421 619 3578 690 jura-

1981 712 2078 776 vit,
2108 721 2161 767 et
2191 713 2264 766 ait
2292 729 2302 766 :
2329 712 2440 768 Non
2475 713 2678 769 videbit
2699 713 2966 784 (quispiam
2990 715 3059 770 de
3083 713 3392 769 hominibus
3416 727 3583 784 gene-

1982 804 2207 862 rationis
2239 805 2395 875 bujus
2425 807 2677 879 pessimae
2708 816 2907 863 terram
2933 807 3154 871 bonam,-
3182 822 3346 879 quam
3369 807 3472 861 8th
3492 807 3581 878 jud-

1982 907 2227 955 rameoto
2279 899 2551 971 pollicitus
2607 915 2726 954 sum
2777 901 3021 971 patribus
3073 901 3270 957 vestris
3303 940 3318 966 ,
3382 909 3580 970 printer

1982 990 2182 1046 Chaleb
2206 991 2377 1045 tilitun
2411 990 2712 1060 JepbOoue.
2752 991 2875 1062 lpse
2919 992 3063 1048 enim
3097 991 3300 1047 videbit
3334 1005 3452 1047 eam
3481 1032 3498 1058 ,
3527 998 3585 1048 et

1984 1088 2081 1160 ipsi
2113 1089 2252 1145 dabo
2285 1100 2507 1158 terram,
2535 1105 2694 1162 quam
2727 1089 2980 1158 calcavit,
3005 1100 3060 1144 et
3087 1089 3229 1144 titius
3267 1088 3422 1158 ejus,
3455 1086 3579 1159 quia

1984 1191 2206 1237 secutus
2228 1189 2312 1238 est
2337 1182 2649 1239 Dominum.
2680 1181 2791 1239 Nec
2814 1182 3060 1238 miranda
3090 1181 3385 1253 indignatio
3409 1181 3461 1236 in
3492 1195 3587 1252 poa

1986 1277 2345 1347 pulum,cum
2389 1279 2520 1332 milii
2569 1293 2784 1349 quoque
2837 1276 3011 1332 iratus
3054 1276 3315 1332 Dominus
3360 1284 3586 1346 prepter

1985 1385 2078 1427 vos
2105 1371 2301 1426 dixerit
2328 1391 2340 1427 :
2371 1369 2450 1444 [C.
2487 1371 2654 1443 Vlll.]
2682 1372 2793 1428 Nec
2833 1379 2887 1426 tu
2926 1371 3246 1442 ingredieris
3277 1371 3407 1427 illuc
3439 1387 3454 1424 :
3486 1370 3582 1427 sed
3643 1373 3654 1382 '

1984 1466 2170 1534 Josue,
2204 1467 2343 1520 titius
2372 1466 2512 1532 Non,
2543 1466 2789 1522 minister
2814 1475 2964 1532 tuus,
2996 1467 3110 1535 ipse
3133 1465 3359 1521 intrabit
3392 1480 3488 1538 pro
3508 1476 3580 1522 te.

1986 1560 2140 1614 Hunc
2171 1560 2466 1617 exliortare
2489 1571 2543 1616 et
2568 1562 2788 1629 robora,
2821 1569 2877 1618 et
2900 1562 3018 1632 ipse
3062 1569 3260 1617 terram
3301 1573 3452 1619 sorte
3496 1563 3581 1618 di-

1984 1651 2128 1707 videt
2158 1651 2364 1708 lsraeli.
2398 1652 2612 1708 Parvuli
2643 1653 2826 1723 vestri,
2858 1653 2927 1710 de
2953 1653 3149 1724 quibus
3169 1653 3406 1719 dixistis,
3435 1654 3578 1726 quod

1986 1747 2182 1816 captivi
2211 1747 2568 1818 ducerentur,
2613 1760 2672 1804 et
2702 1747 2796 1803 ﬁlii
2824 1749 2917 1818 qui
2966 1748 3127 1805 liodie
3167 1748 3293 1804 boni
3348 1765 3410 1805 ac
3455 1751 3582 1806 mali

1230 1840 1466 1896 Venistis
1525 1839 1588 1893 ad
1639 1848 1876 1895 montem
1913 1835 1956 1894 Β
1987 1841 2242 1910 ignorant
2271 1840 2605 1905 distantiam,
2636 1841 2736 1912 ipsi
2759 1841 3168 1912 ingrediantur,
3197 1850 3254 1898 et
3282 1840 3412 1913 ipsis
3438 1841 3581 1898 dabo

1987 1941 2207 2001 tet-ram,
2243 1943 2298 1988 et
2321 1933 2678 2001 possidebunt
2711 1950 2851 1990 eam.
2891 1933 2996 1990 Vos
3025 1941 3204 1990 autem
3243 1935 3581 1991 revertimini

1985 2029 2282 2084 etabitein
2316 2028 2666 2084 solitudinem
2707 2044 2805 2100 per
2849 2029 2996 2084 visat
3046 2028 3215 2084 maris
3266 2028 3456 2085 Rubri.
3513 2028 3582 2085 Et

1987 2123 2346 2192 respondistis
2390 2123 2522 2177 milii
2558 2141 2569 2174 :
2608 2121 2954 2179 Peccavimus
3003 2122 3233 2178 Domino
3264 2119 3406 2193 :,[C.
3453 2120 3579 2194 IX.]

1987 2215 2358 2272 Ascendcmus
2389 2225 2552 2288 atque
2579 2216 2940 2288 pugnabimus
2960 2259 2974 2284 ,
3009 2217 3149 2272 sicut
3189 2214 3449 2287 praecepit
3478 2217 3582 2270 Do-

1985 2311 2164 2366 minus
2190 2308 2832 2381 Deusrmster.Cunique
2875 2310 3123 2366 instructi
3174 2310 3342 2365 armis
3387 2323 3582 2380 perge-

1983 2405 2114 2458 retis
2143 2402 2195 2456 in
2226 2413 2468 2458 montem
2493 2446 2509 2470 ,
2553 2405 2628 2459 ait
2670 2404 2800 2460 milii
2848 2403 3113 2460 Dominus
3148 2421 3159 2458 :
3203 2404 3298 2460 Dic
3337 2403 3403 2459 ad
3443 2417 3578 2459 eos:

1982 2496 2158 2552 Nolite
2185 2496 2504 2562 ascendere,
2541 2513 2713 2568 neque
2739 2497 3011 2568 pugnetis,
3039 2513 3142 2553 non
3175 2499 3318 2552 enim
3344 2512 3461 2552 sum
3484 2510 3575 2552 vo-

1984 2591 2186 2646 biscum
2219 2609 2228 2642 :
2257 2606 2326 2645 ne
2355 2590 2559 2646 cadatis
2582 2605 2764 2646 coram
2815 2589 3051 2646 inimicis
3080 2591 3299 2646 vestris.
3345 2589 3580 2645 Locutus

1983 2701 2127 2752 sum,
2159 2696 2210 2740 et
2241 2700 2347 2739 non
2377 2685 2605 2741 audistis
2633 2705 2645 2738 :
2679 2685 2773 2741 sed
2809 2684 3161 2740 adversantes
3209 2685 3433 2755 imperio
3475 2684 3583 2740 Do-

1984 2779 2136 2844 mini,
2169 2789 2222 2834 et
2249 2787 2521 2834 tumentes
2551 2779 2806 2846 superbia
2830 2821 2844 2844 ,
2877 2778 3198 2834 ascendistis
3229 2777 3283 2833 in
3315 2786 3578 2832 montem.

1981 2872 2165 2943 Itaque
2194 2887 2446 2943 egressus
2475 2872 2850 2941 Amorrhaeus,
2875 2873 2967 2942 qui
2994 2871 3274 2926 habitabat
3304 2871 3358 2925 in
3384 2871 3584 2925 monti-

1984 2968 2085 3022 bus
2117 2965 2192 3039 [lt.
2222 2967 2274 3020 in
2309 2975 2492 3020 monte
2519 2975 2572 3020 et
2596 2953 2858 3036 obviam],
2888 2964 3129 3029 veniens,
3159 2973 3474 3034 persecutus
3503 2971 3587 3020 est

1982 3077 2102 3126 vos,
2128 3059 2265 3113 sicut
2305 3058 2485 3113 solent
2512 3073 2644 3126 apes
2685 3058 2934 3127 persequi
2969 3075 2981 3111 :
3018 3066 3072 3112 et
3110 3056 3314 3112 cedidit
3348 3056 3416 3113 de
3463 3055 3585 3112 Seir

1982 3170 2153 3224 usque
2183 3153 2400 3208 Horma.
2437 3153 2684 3220 Cumque
2712 3153 2914 3207 reversi
2945 3150 3232 3220 ploraretis
3263 3165 3445 3204 coram
3477 3149 3584 3203 Do-

293 3253 406 3295 runt
433 3241 503 3298 ad
537 3257 659 3309 nos,
690 3253 851 3311 atque
877 3241 1127 3298 dixerunt
1165 3262 1175 3296 :
1215 3243 1358 3297 Bona
1391 3253 1473 3298 est
1498 3253 1640 3299 terra
1668 3285 1682 3309 ,
1715 3260 1872 3313 quam
1904 3237 1949 3300 C
1983 3247 2149 3300 mino.
2182 3261 2286 3300 non
2312 3244 2518 3300 audivit
2562 3259 2685 3311 vos,
2734 3260 2833 3298 nec
2871 3243 2985 3297 voci
3033 3251 3231 3297 vestrae
3283 3241 3450 3296 voluit
3489 3256 3581 3297 ac-

294 3332 547 3391 Dominus
570 3336 708 3390 Deus
739 3347 923 3392 noster
964 3336 1192 3392 daturus
1221 3346 1305 3391 est
1337 3337 1511 3391 nobis.
1544 3335 1626 3406 [(1.
1676 3336 1766 3407 V.]
1815 3337 1880 3391 Et

296 3428 538 3484 noluistis
568 3429 890 3496 ascendere,
925 3429 1019 3484 sed
1059 3430 1321 3485 increduli
1353 3429 1418 3483 ad
1445 3445 1749 3483 sermonem
1779 3429 1882 3482 Do-

295 3520 418 3576 mini
440 3522 538 3577 Dei
564 3522 730 3577 nostri
763 3524 1084 3578 murinurati
1117 3525 1250 3577 estis
1280 3525 1330 3576 io
1367 3523 1734 3579 tabernaculis
1790 3535 1880 3578 ve-

294 3615 431 3680 stris,
457 3627 621 3686 atque
649 3614 869 3670 dixistis
897 3632 910 3668 :
944 3614 1068 3669 Odit
1098 3631 1194 3670 nos
1224 3615 1488 3669 Dominus
1515 3657 1528 3676 .
1563 3626 1614 3670 et
1675 3616 1881 3670 idcirco

294 3706 462 3764 eduxit
491 3725 592 3763 nos
621 3709 688 3764 de
720 3720 862 3764 terra
894 3709 1136 3782 IEgypti,
1168 3719 1225 3765 ut
1252 3710 1486 3765 traderet
1515 3725 1611 3765 nm
1643 3712 1692 3765 in
1718 3726 1878 3766 manu

295 3801 614 3864 Amorrltwi,
645 3810 807 3872 atque
835 3804 1066 3858 deleret.
1098 3802 1218 3870 Quo
1270 3802 1350 3874 [h.
1411 3802 1631 3858 Fratres
1683 3802 1879 3875 nostri]

295 3895 690 3951 ascendeiuus?
720 3897 892 3951 nuntii
919 3904 1233 3952 terruerunt
1271 3913 1366 3951 cor
1397 3905 1642 3952 nostrum
1694 3896 1881 3952 dicen-

299 3997 369 4046 tes
399 4009 412 4045 :
445 3991 680 4046 Maxima
707 3991 994 4046 multitudo
1021 4001 1106 4048 est
1128 4031 1144 4058 ,
1175 4002 1227 4047 et
1261 3991 1417 4046 nobis
1439 4000 1642 4045 statura
1688 4005 1872 4059 proce-

296 4084 433 4140 rior:
461 4085 629 4141 urbes
655 4099 884 4156 magnae,
916 4096 972 4142 et
1000 4087 1066 4140 ad
1098 4087 1292 4142 οωΙιιιιι
1318 4100 1492 4154 usque
1533 4085 1750 4140 munita:
1776 4127 1790 4149 ,
1824 4085 1884 4140 ti-

296 4175 387 4233 lios
415 4179 640 4235 Enacim
669 4179 904 4235 vidimus
937 4180 1031 4235 ibi.
1083 4180 1151 4235 Et
1181 4179 1291 4235 dixi
1321 4179 1475 4234 vobis
1510 4196 1522 4232 :
1555 4179 1734 4235 Nolite
1765 4195 1881 4235 me-

297 4277 458 4338 tuere,
489 4286 593 4328 nec
621 4270 857 4327 timeatis
882 4286 977 4327 eos
1004 4289 1018 4327 :
1052 4269 1134 4343 [C.
1163 4270 1273 4341 Vl]
1308 4270 1564 4327 Dominus
1600 4273 1757 4335 Deus,
1793 4272 1881 4340 qui

299 4362 480 4421 ductor
502 4375 586 4421 est
611 4363 638 4403 ι)
673 4376 850 4421 vester
873 4404 890 4432 ,
924 4381 1020 4434 pro
1061 4364 1216 4420 vobis
1258 4366 1373 4435 ipse
1402 4365 1698 4434 pugnabit,
1741 4366 1886 4420 sicut

296 4453 412 4513 fecit
432 4459 752 4532 inASgypto,
786 4460 1092 4516 videntibus
1122 4459 1354 4515 cunctis.
1373 4470 1396 4499 ο
1422 4461 1483 4515 Et
1512 4462 1564 4515 in
1594 4459 1884 4516 solitudine

299 4550 425 4619 (ipse
443 4551 654 4624 vidisti)
681 4554 916 4622 portavit
943 4560 997 4608 te
1027 4551 1289 4608 Dominus
1318 4552 1465 4608 Deus
1498 4564 1716 4620 tuus,ut
1746 4553 1884 4608 solet

1983 3343 2283 3411 quiescere.
2311 3337 2544 3394 Sedistis
2567 3351 2698 3406 ergo
2728 3337 2779 3392 in
2816 3335 3200 3391 Cades-Birne
3235 3335 3404 3389 multo
3447 3345 3583 3388 tent-

1984 3449 2135 3504 pore.
2198 3430 2395 3505 [ΟΧ.
2446 3429 2580 3500 Cap.
2631 3429 2691 3484 ll.
2733 3429 2743 3499 |
2795 3427 3139 3497 Profectique
3171 3427 3294 3482 inde
3336 3427 3584 3481 venimus

1984 3530 2035 3584 in
2089 3526 2482 3587 solitudinem,
2552 3539 2674 3594 quae
2731 3523 2879 3578 ducit
2935 3522 3000 3576 ad
3075 3538 3223 3578 mare
3295 3522 3580 3588 Rubrum,

1982 3623 2119 3678 sicut
2155 3621 2285 3674 milii
2317 3619 2534 3674 dixerat
2569 3617 2849 3682 Dominus,
2884 3625 2939 3672 et
2981 3615 3382 3670 circumivinius
3432 3632 3586 3670 nunt-

1986 3728 2090 3774 lem
2119 3718 2240 3772 Seir
2268 3717 2430 3786 longo
2469 3728 2732 3784 tempore.
2766 3713 2979 3786 |B.lll.j
3033 3713 3284 3782 Dixitque
3325 3710 3586 3769 Dominus

1983 3811 2049 3867 ad
2104 3826 2242 3865 me:
2297 3808 2508 3865 Sut‘tieit
2561 3807 2716 3863 Vobis
2763 3807 3054 3862 circumire
3105 3813 3338 3860 montem
3370 3807 3583 3859 istum:

1985 3905 2059 3960 ite
2087 3913 2273 3958 contra
2324 3902 2650 3972 Aquilonem
2678 3943 2691 3967 ,
2728 3909 2783 3954 et
2823 3899 3025 3969 popqu
3055 3899 3313 3968 praecipe,
3347 3896 3536 3953 dicens
3566 3913 3582 3952 :

1985 3995 2308 4052 ’l‘ransibitis
2337 4011 2432 4065 per
2461 3993 2724 4050 terminos
2749 3994 2970 4046 tratrum
3014 3997 3317 4044 vestrorum
3348 3988 3581 4044 tiliorum

1948 4071 1957 4078 ’
1989 4091 2146 4155 Esau,
2174 4089 2265 4160 qui
2300 4089 2539 4143 habitant
2571 4087 2628 4142 in
2658 4083 2810 4149 Seir,
2840 4092 2895 4140 et
2921 4083 3188 4138 timebunt
3230 4098 3347 4137 vos.
3393 4081 3583 4136 Videte

1985 4198 2115 4254 ergo
2141 4182 2452 4251 diligenter,
2501 4195 2568 4236 ne
2624 4176 2949 4234 moveamini
3003 4182 3192 4231 contra
3234 4188 3347 4229 eos.
3400 4173 3587 4244 Neque

1985 4279 2128 4332 enim
2167 4274 2310 4330 dabo
2361 4273 2514 4330 vobis
2555 4271 2624 4328 de
2676 4279 2818 4326 terra
2866 4284 3054 4324 eorum
3107 4276 3366 4337 quantuni
3408 4273 3589 4337 potest

1986 4371 2151 4424 unius
2182 4367 2337 4438 pedis
2366 4366 2582 4422 calcare
2610 4365 2917 4436 vestigium,
2947 4361 3071 4432 quia
3106 4361 3158 4416 in
3188 4361 3584 4429 possessionem

1990 4462 2131 4517 Esau
2162 4460 2284 4516 dedi
2319 4471 2559 4514 montem
2606 4457 2748 4513 Seir.
2782 4457 2946 4513 Cibos
2993 4454 3070 4527 [Ιι.
3123 4451 3342 4523 Cibum]
3390 4453 3584 4508 emetis

1993 4554 2061 4610 ab
2090 4553 2169 4609 eis
2202 4553 2454 4624 pecunia,
2496 4558 2552 4605 et
2573 4550 2913 4606 comedetis:
2947 4561 3144 4617 aquam
3172 4554 3408 4616 emptam
3446 4547 3581 4601 bau-

299 4643 451 4702 bomo
481 4659 694 4716 gestare
720 4648 998 4717 parvulum
1023 4647 1100 4719 [Ιι.
1126 4663 1230 4702 non
1264 4649 1453 4717 habet,
1487 4646 1790 4719 parvulum]
1819 4650 1880 4702 ti-
1911 4627 1960 4690 ί)
1988 4646 2161 4712 rietis,
2190 4657 2245 4702 et
2281 4645 2500 4700 bibetis.
2535 4644 2795 4700 Dominus
2825 4643 2967 4698 Deus
2999 4649 3122 4696 tuus
3159 4639 3442 4696 benedixit
3489 4639 3585 4695 tibi

298 4737 414 4796 lium
442 4756 625 4808 suum,
658 4741 714 4796 in
741 4742 886 4797 omni
911 4741 1015 4808 via,
1050 4758 1144 4811 per
1161 4756 1322 4813 quam
1348 4742 1690 4812 ambulastis,
1708 4742 1883 4798 donec

299 4835 549 4890 veniretis
581 4834 647 4890 ad
671 4834 847 4890 locum
874 4835 1056 4890 istum.
1089 4835 1154 4890 Et
1177 4851 1278 4891 nec
1299 4837 1375 4890 sic
1402 4835 1616 4905 quidem
1650 4834 1886 4890 credidi-

299 4927 383 4982 stis
418 4926 651 4982 Domino
671 4927 781 4982 Deo
804 4938 1005 4991 vestro,
1035 4927 1122 5005 qui
1155 4927 1430 4998 praecessit
1457 4942 1555 4981 vos
1580 4928 1633 4982 in
1669 4927 1752 4983 via
1784 4968 1798 4992 ,
1829 4935 1884 4983 et

301 5029 525 5074 metatus
551 5031 632 5074 est
662 5020 838 5074 locum
867 5022 918 5074 in
949 5037 1054 5090 quo
1079 5020 1306 5076 tentoria
1356 5021 1434 5094 [h.
1466 5020 1670 5094 castra]
1721 5022 1886 5092 tigere

364 5167 386 5196 ι
411 5155 471 5212 In
499 5157 661 5214 editis
693 5158 938 5229 legimus,
962 5159 1094 5214 sicut
1121 5159 1320 5214 locutus
1344 5167 1419 5215 est
1447 5159 1700 5215 Dominus
1740 5161 1879 5216 Deus

300 5240 461 5284 noster
507 5230 737 5297 patribus
782 5232 907 5298 tuis,
941 5233 1087 5300 quod
1128 5233 1311 5300 plures
1357 5247 1488 5288 mss.
1532 5233 1750 5289 codices
1789 5251 1879 5289 se-

299 5311 548 5374 quuntur,
579 5303 761 5374 paucis
800 5303 1035 5367 omissis,
1067 5303 1152 5358 vel
1195 5306 1416 5358 mutatis
1443 5322 1454 5359 :
1480 5304 1685 5374 aliquot
1729 5305 1877 5362 enim

303 5370 522 5438 habent,
558 5372 789 5444 putribus
838 5374 1028 5444 nostris
1060 5391 1080 5428 .°
1106 5376 1198 5428 alii
1247 5377 1523 5440 omittuiit,
1570 5370 1762 5441 noster,
1805 5378 1882 5432 le-

302 5453 526 5518 guntque
558 5442 815 5518 Dominus
845 5443 982 5518 Deus
1012 5445 1247 5518 patribus
1273 5453 1392 5500 tuis.
1422 5445 1609 5500 Canon
1641 5463 1774 5518 pure
1801 5449 1879 5504 le-

301 5517 530 5586 gitjuxta
555 5516 864 5571 Hebraeum.
898 5515 1072 5572 Mittrr.

365 5588 568 5643 -Cum
584 5587 824 5656 Vulgatis
852 5586 1084 5643 Urbinas
1100 5604 1201 5642 ms.
1225 5591 1358 5642 sicut
1381 5589 1580 5644 locutus
1604 5599 1675 5644 est
1692 5588 1874 5645 Domi-

303 5674 386 5732 nus
410 5659 543 5732 Deus
565 5668 732 5732 noster
755 5659 988 5730 patribus
1009 5661 1110 5714 tuis
1137 5677 1155 5714 :
1183 5676 1210 5715 a
1237 5675 1343 5732 quo
1373 5660 1602 5715 Palatia.
1635 5662 1734 5718 hoc
1767 5679 1872 5717 uno

303 5729 538 5803 abludit.,
570 5729 713 5803 quod
746 5729 938 5796 noster,
969 5729 1262 5801 pronomen
1284 5733 1664 5803 printer-mittit.

366 5800 554 5858 ltlitem
582 5801 813 5868 Palatio,
844 5800 1032 5858 uoster.
1069 5803 1232 5858 Paulo
1261 5800 1382 5872 post
1407 5846 1420 5869 ,
1469 5804 1659 5874 jnncto
1705 5804 1864 5862 Urbi-

305 5881 440 5941 nate,
471 5874 704 5945 plurium
728 5889 952 5929 numero
981 5876 1163 5943 liabet,-
1185 5877 1284 5946 ipsi
1313 5875 1530 5931 vidistis.

1987 4745 2039 4798 in
2069 4739 2220 4796 omni
2269 4753 2440 4809 opere
2471 4752 2732 4794 manuum
2782 4745 3041 4792 tuarum:
3078 4734 3232 4789 novit
3267 4733 3370 4788 iter
3409 4742 3587 4797 tuum,

1987 4832 2262 4908 quomodo
2280 4821 2581 4887 transieris
2614 4829 2965 4887 solitudinem
3013 4831 3155 4884 lianc
3183 4842 3458 4899 magnam,
3493 4841 3590 4896 per

1986 4929 2346 5004 quadraginta
2393 4940 2568 4983 annos
2617 4925 2873 4981 habitans
2903 4938 3082 4979 tecum
3122 4923 3392 4978 Dominus
3446 4921 3589 4977 Deus

1991 5034 2145 5089 tuus,
2200 5031 2257 5078 et
2325 5019 2462 5075 nihil
2514 5019 2608 5074 tibi
2660 5017 2854 5074 defuit.
2911 5015 3157 5086 Cumque
3206 5015 3587 5071 transissemus

2063 5169 2084 5198 ο
2116 5156 2406 5213 Pluraliter
2434 5169 2695 5221 expressa
2716 5162 2799 5208 est
2825 5153 2938 5208 huic
2961 5150 3305 5223 parenthesis
3337 5154 3387 5206 in
3411 5150 3590 5208 Cano-

1990 5249 2057 5287 ηε
2086 5246 2147 5285 ac
2190 5228 2583 5300 pluriniisaliis
2615 5226 3017 5300 antiquissimis
3042 5223 3462 5300 uiss.,Ascillcet,
3491 5227 3592 5300 ipsi

1986 5295 2223 5369 vidistis;
2251 5301 2340 5355 scd
2370 5301 2421 5354 in
2442 5295 2757 5368 liujusmodi
2780 5297 3106 5353 lectionibus
3136 5295 3280 5369 nulla
3308 5295 3586 5352 contentio

1983 5384 2068 5430 est
2103 5391 2116 5428 :
2153 5367 2296 5426 unde
2328 5367 2548 5426 sanctus
2599 5369 2966 5440 Hieronymus
3007 5367 3239 5440 similem
3286 5370 3582 5440 variantem

1984 5446 2276 5502 lectionem
2331 5442 2535 5512 psalmi
2575 5453 2784 5493 Lxxxut
2828 5455 3107 5512 exponens
3150 5439 3202 5493 iu
3247 5439 3580 5512 epistolaad

1985 5516 2248 5574 Suniiiam
2277 5508 2655 5574 et'Fretelam,
2694 5513 2807 5565 haec
2830 5508 2992 5566 liabet
3025 5527 3042 5565 :
3067 5511 3134 5564 Et
3164 5525 3335 5580 quaeso
3364 5521 3472 5570 vos,
3499 5508 3583 5561 ln-

1983 5590 2120 5659 qnit,
2146 5597 2203 5642 ut
2232 5582 2531 5656 Itujusntodi
2553 5583 2791 5659 ineptias,
2809 5591 2856 5659 et
2882 5585 3184 5659 super/luris
3204 5582 3574 5659 contentiones,

1984 5650 2069 5712 tibi
2098 5650 2244 5712 nulla
2283 5650 2358 5710 ést
2389 5671 2567 5710 sensus
2593 5650 2909 5720 iminutatio,
2941 5650 3231 5710 declinatis.
3257 5650 3388 5716 Qum
3422 5664 3584 5720 prop-

1981 5741 2130 5786 terea
2163 5731 2419 5784 lectorem
2444 5724 2610 5781 semel
2643 5724 2986 5780 admouuisse
3017 5725 3190 5779 visum
3221 5731 3322 5787 est,
3361 5728 3417 5774 ut
3446 5721 3583 5777 sciat

1978 5803 2145 5857 multa
2170 5799 2366 5856 similia
2393 5811 2423 5854 a
2454 5794 2610 5855 nobis
2637 5795 2807 5854 fuisse
2831 5795 3216 5868 praetermissa.
3247 5789 3423 5848 Μκιιτ.
