4098 6366
310 314 401 372 11⁸1

1540 301 1739 364 111111σίῐί
1785 300 2324 364 DEUTERUNOMII.

3488 302 3593 368 118

304 433 506 498 portent
534 420 732 480 Gal-and
763 467 775 489 ,
810 430 864 478 et
905 436 1123 477 omnem
1155 422 1326 477 Basan
1358 422 1509 492 regni
1541 421 1619 492 0g
1644 462 1659 489 ,
1694 421 1892 476 tradidi
1920 424 1968 483 Α
1998 437 2098 475 nus
2120 432 2308 477 contra
2340 419 2732 492 Bccl-Phegor,
2761 420 3036 492 quomodo
3058 421 3379 477 contriverit
3408 436 3599 478 omnes

303 520 530 575 dimidiae
569 518 729 572 tribui
762 516 1011 572 llianasse
1037 558 1051 582 ,
1098 532 1315 573 omnem
1351 517 1630 588 regionem
1660 516 1843 585 Argob
1880 533 1892 571 :

304 621 487 668 cuncta
538 611 707 664 Basan
759 620 989 664 vocatur
1039 619 1185 664 terra
1236 607 1549 679 Gigantum.
1600 606 1715 661 Jair
1755 605 1896 659 ﬁlius

300 703 537 759 Manasse
569 700 810 771 possedit
835 715 1053 757 omnem
1086 700 1361 771 regionem
1396 698 1577 769 Argob
1622 712 1795 767 usque
1825 696 1893 751 ad

303 796 560 853 terminos
588 794 787 851 Gesuri
814 805 868 850 et
896 794 1188 850 Machztthi.
1225 793 1557 863 Voeavitque
1583 808 1647 847 ex
1674 789 1896 846 nomine

302 907 391 947 suo
414 891 611 959 Bisan,
636 888 820 944 Avotlt
847 888 980 951 Jair,
1009 888 1061 942 id
1085 896 1189 954 est,
1212 887 1387 943 Villas
1410 886 1527 942 Jair
1556 885 1633 958 [b.
1664 900 1770 939 non
1796 883 1894 938 ha-

301 987 413 1051 bet,
449 984 502 1039 id
535 995 650 1050 est,
680 982 842 1038 villas
870 982 1006 1054 Jair]
1027 1024 1040 1048 ,
1075 997 1251 1053 usque
1284 982 1336 1037 in
1373 991 1696 1050 praesentem
1726 979 1892 1034 diem.

302 1079 497 1135 Machir
527 1094 745 1150 quoque
772 1077 898 1133 dedi
933 1076 1155 1133 Galaad.
1201 1077 1270 1131 Et
1310 1075 1552 1131 tribubus
1599 1074 1811 1139 Ruben,
1846 1081 1899 1129 et

303 1173 407 1230 Gad
432 1172 553 1228 dedi
582 1173 651 1228 de
679 1180 824 1227 terra
850 1170 927 1243 [b.
959 1186 1067 1226 non
1095 1170 1276 1234 habet,
1302 1168 1471 1239 terra]
1497 1167 1700 1224 Galaad
1724 1182 1896 1235 usque

302 1263 362 1319 ad
382 1276 674 1319 torrentem
698 1263 885 1318 Arnon
910 1261 1145 1318 medium
1172 1260 1450 1326 torrentis,
1477 1268 1500 1295 ⁸
1523 1268 1578 1313 et
1599 1258 1894 1314 conﬁnium

301 1373 464 1428 usque
506 1357 574 1411 ad
607 1365 906 1412 torrentem
936 1355 1145 1410 Jebboe
1166 1396 1179 1421 ,
1223 1354 1318 1423 qui
1349 1360 1433 1407 est
1461 1352 1729 1409 terminus
1760 1349 1896 1405 ﬁlio-

301 1467 413 1508 rum
442 1449 709 1519 Ammon,
744 1460 793 1506 et
825 1450 1105 1521 planitiem
1138 1447 1483 1512 solitudinis,
1516 1456 1679 1517 atque
1705 1444 1897 1500 Jorda-

302 1564 441 1613 nem,
468 1556 525 1602 et
552 1546 817 1603 terminos
835 1544 1148 1601 Cheneretb
1172 1542 1250 1615 [b.
1276 1551 1329 1598 et
1357 1541 1707 1597 solitudinem
1734 1549 1897 1609 atque

302 1639 614 1703 Iordanem,
636 1648 690 1695 et
716 1639 1006 1693 terminum
1027 1638 1093 1692 de
1116 1634 1449 1706 Chenereth]
1471 1650 1639 1704 usque
1660 1633 1725 1688 ad
1750 1648 1898 1687 mare

304 1733 534 1798 deserti,
589 1732 732 1801 quod
775 1742 858 1785 est
884 1729 1278 1794 salsissimnm,
1329 1727 1396 1781 ad
1439 1726 1655 1781 radices
1698 1725 1898 1780 montis

304 1828 507 1899 Phasga
537 1836 727 1883 contra
757 1826 1048 1881 orientem.
1082 1822 1437 1893 Praecepique
1466 1822 1622 1876 vobis
1660 1820 1713 1874 in
1748 1830 1898 1874 tem-

303 1935 426 1993 pore
457 1919 549 1975 illo
572 1920 759 1974 dicens
786 1934 800 1974 :
829 1917 1088 1973 Dominus
1112 1916 1255 1970 Deus
1281 1923 1465 1970 vester
1490 1913 1584 1968 dat
1606 1913 1759 1967 vobis
1790 1920 1899 1967 tcr-

304 2029 413 2070 ram
444 2014 585 2067 hanc
613 2013 667 2067 in
700 2011 1100 2079 haereditatem,
1134 2008 1371 2079 expediti
1392 2005 1900 2078 prreceditelratres

307 2119 516 2164 vestros
548 2106 688 2163 ﬁlios
718 2104 883 2161 Israel
908 2119 1099 2161 omnes
1130 2104 1232 2158 viri
1263 2102 1496 2167 robusti,
1530 2101 1740 2170 absque
1769 2114 1897 2153 uxo-

305 2203 483 2265 ribus,
531 2211 588 2257 et
638 2198 907 2271 parvulis,
952 2212 1017 2253 ac
1052 2196 1334 2267 jumeutis.
1384 2193 1521 2248 Novi
1563 2192 1708 2247 enim
1756 2191 1901 2261 quod

307 2295 458 2366 plura
491 2292 743 2347 habeatis
772 2306 991 2362 pecora,
1019 2298 1073 2344 et
1105 2289 1156 2344 in
1181 2286 1404 2343 urbibus
1430 2299 1715 2341 remanere
1737 2282 1903 2337 debe-

306 2388 457 2454 bunt,
489 2401 629 2457 quas
654 2385 850 2441 tradidi
882 2384 1066 2453 vobis,
1093 2383 1266 2438 donec
1296 2382 1542 2451 requiem
1569 2379 1774 2433 tribuat
1800 2377 1904 2432 Do-

306 2484 481 2537 minus
512 2482 774 2537 lratribus
802 2480 1023 2545 vestris,
1048 2478 1191 2534 sicut
1218 2477 1374 2532 vobis
1404 2474 1616 2543 tribuit,
1647 2482 1703 2528 et
1730 2474 1904 2544 possi-

309 2576 467 2632 deant
494 2576 661 2631 etiam
695 2576 795 2645 ipsi
827 2584 1053 2639 terram,
1083 2587 1244 2643 quant
1277 2570 1503 2625 daturus
1532 2576 1617 2623 est
1645 2569 1727 2623 eis
1755 2576 1905 2622 trans

312 2668 605 2724 Jordanem
640 2685 656 2723 :
687 2676 816 2722 tunc
848 2674 1155 2722 revertetur
1196 2662 1567 2733 unusquisque
1598 2662 1649 2715 in
1685 2674 1907 2730 posses-

316 2762 522 2815 sioncm
550 2776 727 2825 suam,
758 2774 920 2829 quant
950 2757 1072 2813 dedi
1098 2756 1272 2810 vobis.
1302 2755 1385 2827 [Β.
1415 2754 1548 2825 Vll.]
1578 2753 1747 2809 Josue
1776 2768 1909 2824 quo-

312 2870 414 2926 que
461 2856 517 2909 111
564 2864 811 2924 tempore
860 2852 953 2908 illo
993 2852 1269 2922 praecepi,
1324 2850 1511 2905 dicens
1559 2864 1573 2904 :
1625 2847 1784 2903 Oculi
1833 2847 1908 2902 tui

314 2950 565 3004 viderunt
590 2964 709 3019 quae
742 2947 869 3003 fecit
904 2947 1163 3002 Dominus
1196 2946 1337 3000 Deus
1367 2954 1551 2999 vester
1583 2942 1795 2997 duobus
1828 2940 1910 2996 his

314 3044 531 3112 regibus
567 3060 581 3097 :
614 3041 693 3097 sic
725 3040 890 3096 faciet
917 3039 1171 3095 omnibus
1198 3038 1412 3109 regnis,
1450 3036 1516 3091 ad
1548 3052 1666 3106 quae
1707 3034 1908 3089 transi-

316 3148 465 3192 turus
502 3152 585 3192 es.
629 3134 709 3192 Ne
742 3135 932 3190 timeas
973 3133 1052 3206 [11.
1091 3131 1167 3188 Ne
1196 3130 1454 3203 timentis]
1496 3144 1611 3184 eos.
1649 3128 1911 3183 Dominus

1998 517 2238 572 cultores
2267 518 2386 586 ejus
2408 516 2475 571 de
2504 516 2685 571 medio
2715 516 2907 571 vestri.
2954 515 3057 570 Vos
3089 524 3268 571 autem
3302 516 3391 586 qui
3417 515 3599 569 adhae-

1998 619 2133 665 retts
2162 610 2398 666 Domino
2442 610 2551 665 Deo
2592 622 2806 675 veSIro,
2852 608 3037 665 vivitis
3069 608 3312 664 universi
3350 623 3518 678 usque
3547 608 3599 662 in

1997 714 2320 769 praesentem
2349 704 2513 759 diem.
2546 703 2713 759 Scitis
2737 702 2882 775 quod
2906 701 3184 759 docuerim
3207 716 3303 757 vos
3328 708 3602 769 prmcepta

1997 808 2163 868 atque
2196 798 2481 868 justitias,
2516 797 2655 853 sicut
2684 797 2961 853 mandavit
2991 796 3125 851 mibi
3167 794 3433 851 Dominus
3463 793 3606 849 Deus

1998 907 2153 947 meus
2185 880 2209 945 ε’
2231 893 2309 947 sic
2342 892 2551 947 facietis
2576 908 2637 947 ea
2668 893 2719 947 in
2755 900 2938 961 terra,
2973 906 3136 961 quam
3171 887 3481 960 possessuri
3509 901 3600 943 es-

2001 984 2067 1039 tis
2103 1003 2113 1037 :
2146 992 2201 1039 et
2227 984 2589 1039 observabitis
2623 993 2677 1039 et
2706 984 3002 1056 implebitis
3031 997 3197 1053 opere
3228 982 3304 1055 [11.
3341 980 3605 1051 atqneju-

1998 1076 2138 1132 dicia
2163 1118 2176 1141 ,
2202 1076 2284 1131 sic
2314 1088 2370 1130 ut
2410 1077 2675 1148 praecepit
2698 1076 2831 1131 mihi
2864 1076 3124 1131 Dominus
3151 1075 3297 1130 Deus
3328 1088 3503 1139 meus,
3546 1079 3605 1127 ιιι

1998 1168 2213 1224 faciatis
2236 1184 2295 1224 ea
2315 1170 2371 1223 in
2399 1179 2541 1224 terra
2564 1186 2725 1239 quam
2755 1169 3065 1240 possessuri
3091 1168 3248 1233 CSliS,
3267 1177 3321 1222 et
3341 1167 3601 1222 observe-

1999 1262 2069 1317 tis
2086 1271 2141 1317 et
2165 1262 2438 1331 impleatis
2462 1278 2628 1333 opere
2650 1262 2799 1335 [Haec
2815 1263 3056 1318 estenim
3068 1269 3248 1317 vestra
3264 1260 3532 1332 sapientia
3545 1267 3602 1314 et
3644 1324 3649 1329 _

1998 1354 2309 1410 intellectus
2359 1370 2547 1410 coram
2598 1356 2811 1426 populis
2840 1399 2854 1423 ,
2910 1364 2967 1410 ut
3007 1354 3300 1410 audientes
3346 1354 3600 1408 universa

2001 1459 2270 1519 praecepta
2302 1448 2439 1516 luce,
2474 1449 2657 1505 dicant
2688 1467 2700 1502 :
2733 1449 2813 1503 En
2844 1450 3074 1519 populus
3098 1449 3319 1517 sapiens
3348 1457 3403 1502 et
3437 1446 3600 1501 intel-

2002 1542 2210 1612 ligens,
2250 1559 2384 1613 gens
2415 1558 2604 1612 magna
2645 1543 2733 1616 [11.
2772 1558 2906 1615 gens
2948 1558 3139 1615 magna
3172 1541 3328 1614 haec].
3365 1541 3479 1598 Nec
3516 1549 3603 1597 est

2002 1638 2107 1691 alia
2132 1638 2281 1692 natio
2311 1648 2417 1693 tam
2448 1638 2692 1708 grandis,
2733 1656 2853 1708 qua:
2901 1638 3097 1694 habeat
3135 1637 3267 1693 deos
3308 1638 3601 1708 appropin-

2001 1740 2235 1803 quantes
2280 1733 2404 1797 sibi,
2453 1733 2593 1788 sicut
2636 1733 2894 1788 Dominus
2943 1732 3128 1805 [Vulg.
3172 1742 3273 1787 tac.
3322 1729 3601 1801 Dominus]

1929 1811 1975 1872 Β
2006 1824 2148 1880 Deus
2194 1835 2382 1880 noster
2423 1826 2580 1880 adest
2612 1826 2826 1880 cunctis
2862 1824 3338 1881 obsecrationibus
3378 1822 3599 1877 nostris.

2004 1921 2139 1989 Quae
2166 1931 2249 1977 est
2278 1921 2423 1977 enim
2453 1922 2555 1975 alia
2584 1936 2718 1992 gens
2748 1921 2827 1976 sic
2859 1921 3061 1992 inclyta
3082 1961 3095 1986 ,
3124 1929 3181 1973 ut
3211 1918 3409 1973 habeat
3437 1930 3606 1971 crcre-

2005 2018 2247 2081 monias,
2283 2016 2539 2086 justaque
2568 2014 2804 2085 judicia,
2861 2023 2917 2069 et
2970 2013 3280 2067 universam
3314 2010 3486 2082 legem
3523 2009 3600 2083 [11.

2000 2109 2160 2181 juxta
2189 2110 2497 2165 universam
2527 2106 2760 2180 legem],
2789 2123 2952 2180 quam
2979 2122 3080 2178 ego
3104 2120 3406 2178 proponam
3441 2102 3603 2159 hodie

2007 2214 2134 2259 ante
2168 2203 2356 2258 oculos
2386 2212 2598 2257 vestros
2635 2202 2716 2273 [11.
2758 2209 2882 2256 ante
2911 2208 3263 2271 conspectum
3296 2194 3610 2267 vestrum]?

2008 2298 2093 2372 [Β.
2130 2296 2220 2369 Χ.]
2252 2298 2471 2353 Custodi
2506 2298 2669 2367 igitur
2701 2296 3074 2366 temetipsum,
3110 2303 3165 2350 et
3193 2294 3428 2349 animam
3459 2300 3605 2346 tuam

2009 2390 2262 2447 sollicite.
2308 2390 2383 2447 Ne
2423 2390 2763 2445 obliviscaris
2806 2388 3100 2445 verborum
3127 2428 3142 2453 ,
3187 2402 3309 2457 qua:
3353 2385 3608 2440 viderunt

2009 2484 2151 2541 oeuli
2182 2484 2276 2548 tui,
2309 2494 2363 2538 et
2391 2499 2457 2538 ne
2483 2482 2738 2538 excidant
2760 2481 2828 2539 de
2856 2480 3028 2537 corde
3060 2489 3153 2535 tuo
3179 2479 3391 2535 cunctis
3414 2477 3607 2533 diebus

2010 2578 2137 2633 vitae
2177 2587 2302 2632 tute.
2347 2577 2577 2632 Doeebis
2615 2591 2678 2631 ea
2720 2575 2857 2630 lilios
2894 2590 2958 2630 ac
2993 2584 3221 2645 nepotes
3264 2581 3383 2628 tuos
3416 2590 3431 2628 :
3465 2571 3609 2627 diem

2014 2668 2196 2743 [γαίῃ.
2229 2686 2257 2724 a
2285 2670 2393 2741 die]
2422 2670 2474 2724 in
2506 2686 2614 2737 quo
2654 2666 2781 2723 steti
2816 2682 3001 2723 coram
3033 2667 3263 2722 Domino
3294 2665 3407 2721 Deo
3438 2674 3530 2719 tuo
3560 2664 3614 2720 in

2014 2766 2195 2821 Horeb
2217 2808 2231 2833 ,
2273 2764 2489 2837 quando
2519 2764 2779 2818 Dominus
2816 2762 3031 2819 locutus
3071 2770 3154 2818 est
3180 2760 3309 2817 mihi
3333 2802 3348 2827 ,
3378 2760 3565 2815 dicens
3596 2775 3611 2813 :

2012 2858 2293 2929 Congrega
2316 2857 2380 2911 ad
2401 2872 2487 2912 me
2512 2858 2789 2927 populum,
2814 2855 3115 2912 utaudiaut
3135 2867 3416 2909 sermones
3440 2866 3613 2918 meos,

2014 2962 2071 3008 et
2114 2952 2326 3007 discant
2361 2952 2553 3007 timere
2591 2967 2679 3007 me
2711 2950 2858 3006 omni
2899 2959 3143 3021 tempore
3187 2962 3294 3019 quo
3332 2947 3523 3002 vivunt
3561 2947 3615 3002 in

2017 3057 2181 3113 terra,
2210 3046 2547 3116 doceantque
2573 3045 2709 3100 ﬁlios
2735 3060 2882 3101 suos.
2908 3043 2977 3100 Et
2996 3043 3307 3100 accessistis
3331 3043 3407 3115 [11.
3440 3042 3509 3097 Et
3528 3057 3619 3098 ac-

2016 3140 2259 3195 cessistis
2289 3148 2344 3194 et
2376 3138 2630 3210 stetistis]
2663 3138 2729 3193 ad
2762 3138 2977 3193 radices
3013 3138 3245 3203 montis,
3276 3137 3367 3207 qui
3396 3135 3623 3191 ardebat

316 3236 455 3290 enim
496 3235 639 3289 Dens
669 3241 854 3289 vester
895 3229 1152 3302 pugnabit
1196 3244 1295 3298 pro
1334 3227 1511 3281 vobis.
1545 3225 1915 3293 Precatusque
1942 3211 1987 3275 C
2020 3250 2193 3305 usque
2223 3234 2288 3287 ad
2320 3234 2517 3289 οωιυιη
2562 3250 2576 3286 ε
2616 3241 2879 3301 eramque
2922 3232 2974 3286 in
3005 3247 3071 3287 eo
3105 3230 3377 3294 [enebrm.
3412 3229 3615 3297 nubes,

318 3344 433 3385 sum
457 3328 754 3383 Dominum
781 3327 833 3382 in
865 3336 1107 3395 tempore
1132 3324 1247 3390 illo,
1269 3322 1452 3377 dicens
1480 3340 1491 3374 :
1525 3319 1752 3374 Domine
1772 3317 1917 3371 Deus

319 3426 391 3499 [b.
416 3426 671 3494 Dimitte,
697 3420 971 3491 Domine],
999 3428 1057 3475 tu
1085 3418 1296 3489 coepisti
1328 3414 1616 3472 ostendere
1643 3427 1801 3468 servo
1824 3420 1917 3466 tuo

319 3519 747 3591 magnitudinem
778 3528 949 3583 tuam,
978 3527 1307 3583 manumque
1336 3508 1708 3565 fortissimam.
1736 3506 1919 3576 Neque

321 3616 461 3669 enim
498 3622 585 3667 est
612 3611 748 3666 alius
776 3610 918 3664 Deus
942 3648 958 3675 ,
996 3607 1081 3662 vel
1113 3607 1167 3661 in
1191 3604 1333 3660 coelo
1356 3647 1369 3671 ,
1407 3602 1495 3657 vel
1526 3602 1577 3655 in
1610 3612 1753 3655 terra
1784 3640 1797 3664 ,
1828 3596 1919 3668 qui

320 3708 484 3777 possit
513 3704 697 3759 facere
728 3717 892 3771 opera
922 3710 1031 3766 tua,
1056 3709 1111 3755 et
1135 3695 1439 3768 comparari
1467 3691 1765 3750 fortitudini
1793 3700 1918 3746 tuae.

322 3799 588 3855 Transibo
619 3798 698 3869 [11.
743 3796 1072 3861 Transeam,
1110 3789 1373 3859 obsecro]
1416 3790 1599 3859 igitur,
1634 3797 1689 3841 et
1725 3783 1924 3839 videbo

324 3903 527 3949 terram
569 3894 708 3947 hanc
748 3890 1007 3962 optimam
1042 3896 1192 3943 trans
1232 3883 1527 3940 Jordanem
1554 3921 1569 3947 ,
1600 3889 1653 3934 et
1685 3888 1923 3932 montem

326 3984 481 4039 istum
511 3984 814 4055 egregium,
845 3990 901 4037 et
927 3980 1211 4035 Libanum.
1240 3976 1525 4045 iratusque
1550 3980 1635 4028 est
1662 3970 1926 4025 Dominus

324 4078 451 4133 mihi
487 4086 718 4148 propter
740 4090 861 4141 vos,
892 4090 993 4129 nec
1021 4071 1294 4129 exaudivit
1327 4084 1436 4137 me,
1462 4067 1556 4123 sed
1588 4066 1725 4122 dixit
1750 4065 1879 4119 mihi
1911 4081 1923 4118 :

327 4172 539 4228 Sufﬁcit
571 4172 663 4226 tibi
695 4189 709 4229 :
738 4184 1076 4240 nequaquam
1107 4167 1246 4222 ultra
1281 4164 1523 4235 loquaris
1551 4162 1620 4217 de
1645 4161 1742 4216 hac
1773 4176 1831 4215 re
1860 4158 1927 4214 ad

327 4282 433 4323 me.
464 4265 717 4321 Aseende
749 4278 1009 4319 cacumen
1040 4261 1287 4331 Phasgae,
1321 4256 1515 4312 oculos
1543 4266 1667 4309 tuos
1693 4255 1931 4309 circum-

328 4360 407 4416 fer
448 4359 522 4415 ad
567 4358 941 4422 occidentem,
984 4363 1038 4411 et
1082 4352 1428 4425 aquilonem,
1476 4356 1829 4417 nostrumque
1877 4354 1933 4400 et

330 4455 637 4518 orientem,
677 4462 733 4506 et
772 4450 953 4521 aspice
987 4466 998 4501 :
1044 4461 1144 4502 nec
1170 4445 1311 4501 enim
1357 4442 1611 4498 transibis
1636 4438 1930 4495 Jordanem

332 4547 517 4603 istum.
551 4546 794 4615 Przecipe
820 4544 1005 4606 Josue,
1031 4550 1086 4597 et
1112 4539 1411 4596 corrobora
1436 4552 1582 4605 eum,
1612 4543 1777 4606 atque
1803 4547 1934 4589 con-

2020 3336 2074 3383 et
2102 3326 2297 3395 caligo.
2334 3324 2677 3395 Locutusquc
2706 3334 2789 3380 est
2829 3323 3091 3379 Dominus
3119 3323 3187 3378 ad
3220 3338 3314 3379 vos
3338 3321 3407 3379 de
3438 3322 3619 3378 medio

2020 3420 2180 3490 ignis.
2208 3418 2403 3474 Vocem
2426 3418 2715 3473 verborum
2736 3416 2856 3487 ejus
2873 3415 3119 3483 audistis,
3144 3424 3198 3472 et
3217 3416 3444 3471 formam
3470 3415 3625 3485 peni-

2023 3522 2109 3568 tus
2136 3528 2243 3566 non
2269 3510 2499 3566 vidistis.
2528 3510 2593 3564 Et
2614 3509 2850 3565 ostendit
2875 3509 2953 3581 [b.
2977 3508 3046 3563 Et
3066 3506 3435 3579 annuntiavit]
3468 3507 3621 3564 vobis

2024 3613 2240 3676 pactum
2259 3620 2437 3671 suum,
2467 3602 2609 3673 quod
2641 3603 2923 3673 praecepit,
2949 3608 3007 3656 nt
3035 3600 3307 3668 faceretis,
3330 3612 3381 3655 et
3403 3599 3483 3672 [11.
3515 3615 3622 3654 non

2026 3697 2207 3765 habet,
2227 3696 2498 3768 et]decem
2528 3694 2714 3764 verba,
2733 3711 2854 3766 qua:
2879 3694 3097 3765 scripsit
3122 3694 3175 3749 in
3190 3693 3400 3750 duabus
3427 3691 3626 3747 tabulis

2027 3791 2277 3861 lapideis.
2312 3789 2552 3860 Mihique
2598 3788 2876 3845 mandavit
2909 3789 2960 3843 in
2992 3788 3089 3844 illo
3136 3798 3403 3858 tempore,
3436 3797 3493 3842 ut
3527 3785 3625 3841 do-

2027 3900 2209 3941 cerem
2244 3898 2339 3939 vos
2377 3882 2731 3939 cmremonias
2762 3892 2816 3937 et
2846 3880 3075 3951 judicia,
3107 3896 3229 3951 quae
3254 3882 3433 3936 lacere
3458 3878 3625 3935 debe-

2028 3979 2163 4035 retis
2186 3980 2237 4033 in
2270 3986 2438 4043 terra,
2464 3992 2625 4048 quam
2664 3974 2967 4046 possessuri
2991 3976 3144 4033 estis.
3165 3974 3444 4031 Custodite
3466 3974 3631 4045 igitur

2030 4072 2267 4127 sollicite
2308 4072 2521 4126 animas
2565 4080 2793 4125 vestras.
2830 4067 2913 4141 [Β.
2950 4068 3045 4136 XI,
3074 4068 3137 4125 C.
3170 4066 3336 4138 Xlll.]
3382 4068 3501 4124 Non
3553 4068 3634 4122 vi-

2031 4166 2189 4222 distis
2217 4166 2451 4237 aliquam
2480 4164 2911 4230 similitudinem,
2946 4164 3000 4219 in
3031 4164 3120 4220 die
3147 4179 3251 4235 qua
3305 4164 3518 4219 locutus
3548 4168 3632 4217 est

2032 4258 2187 4313 vobis
2230 4258 2492 4313 Dmninus
2540 4258 2592 4313 in
2644 4257 2826 4313 Iloreb
2854 4257 2923 4314 de
2954 4257 3136 4313 medio
3168 4256 3307 4328 ignis
3347 4272 3362 4311 :
3399 4272 3465 4312 ne
3497 4256 3636 4312 forte

2033 4351 2248 4423 decepti
2282 4351 2493 4407 faciatis
2543 4350 2699 4407 vobis
2740 4350 3009 4418 sculptam
3061 4349 3499 4416 similitudinem,
3547 4359 3642 4405 aut

2035 4445 2326 4517 imaginem
2352 4445 2578 4501 masculi
2610 4445 2695 4500 vel
2725 4442 2943 4500 feminae
2972 4442 3051 4515 [b.
3079 4443 3349 4514 seulptam
3381 4442 3643 4497 similitu-

2036 4538 2217 4595 dinem
2266 4538 2420 4607 idoli,
2454 4538 2745 4609 imaginem
2774 4536 3021 4605 masculi,
3055 4536 3145 4592 vel
3194 4534 3455 4608 femina],
3488 4534 3643 4591 simi-

333 4642 469 4697 forta
499 4659 512 4694 :
538 4640 661 4710 quia
693 4612 809 4709 ipse
843 4636 1116 4707 praecedet
1142 4634 1400 4707 populum
1436 4632 1623 4699 istum,
1653 4637 1708 4685 et
1730 4612 2327 4687 diVidetDIitudinem
2377 4630 2619 4685 omnium
2675 4629 3055 4699 jumentorum
3110 4644 3235 4701 qua:
3300 4636 3427 4684 sunt
3483 4641 3647 4699 super

336 4736 413 4791 eis
450 4744 655 4790 terram
687 4747 848 4804 quam
887 4731 1102 4785 visurus
1145 4743 1228 4785 es.
1272 4726 1675 4796 Mansimusque
1712 4723 1765 4778 in
1798 4720 1939 4776 valle

336 4841 525 4886 contra
562 4829 745 4883 fanum
776 4827 1020 4883 Pholtor.

408 4924 497 4997 [Τ.
525 4923 614 4987 lll,
646 4922 704 4977 Β.
749 4920 836 4986 tx,
872 4921 933 4975 C.
964 4919 1079 4989 XII,
1116 4918 1244 4990 Cap.
1276 4915 1388 4988 IV.]
1418 4916 1484 4972 Et
1515 4929 1662 4971 nunc
1684 4955 1697 4981 ,
1734 4912 1937 4977 Israel,

341 5019 462 5074 audi
500 5024 773 5088 praecepta
801 5023 855 5071 et
879 5013 1116 5085 judicia,
1147 5027 1267 5083 quae
1295 5026 1398 5080 ego
1434 5009 1606 5065 doceo
1636 5017 1689 5063 te
1723 5024 1735 5061 :
1772 5014 1829 5061 ut
1861 5005 1943 5060 fa-

344 5114 496 5169 ciens
516 5127 600 5176 ea,
621 5109 793 5178 vivas,
817 5119 873 5166 et
895 5107 1208 5179 ingrediens
1230 5103 1516 5175 possideas
1539 5112 1760 5167 terram,
1784 5115 1943 5172 quam

345 5205 613 5260 Dominus
641 5204 784 5260 Deus
810 5212 1028 5273 patrum
1058 5210 1370 5257 vestrorum
1404 5197 1630 5251 daturus
1657 5203 1739 5251 est
1768 5194 1943 5249 vobis.

346 5296 469 5353 Non
503 5296 717 5352 addetis
748 5294 814 5350 ad
844 5294 1093 5359 verbum,
1124 5292 1268 5363 quod
1292 5290 1448 5347 vobis
1478 5290 1671 5360 loquor
1698 5288 1776 5361 [b.
1805 5285 1948 5358 quod

349 5406 451 5461 ego
483 5388 742 5461 praccipio
776 5387 992 5459 vobis],
1027 5402 1205 5458 neque
1234 5385 1494 5441 auferetis
1525 5398 1595 5437 ex
1624 5398 1693 5437 eo
1722 5400 1733 5434 :
1768 5390 1951 5436 custo-

352 5482 467 5537 dite
494 5481 747 5537 mandata
792 5480 1008 5537 Domini
1038 5480 1131 5535 Dei
1163 5479 1366 5545 vestri,
1400 5492 1525 5548 qua:
1564 5491 1667 5545 ego
1696 5473 1955 5545 praecipio

353 5576 529 5633 vobis.
554 5576 711 5632 Oculi
740 5575 904 5632 vestri
931 5574 1185 5631 viderunt
1208 5571 1387 5629 omnia
1409 5614 1425 5640 ,
1459 5587 1581 5643 qua:
1609 5569 1740 5626 fecit
1765 5569 1956 5624 Domi-

432 5728 458 5755 ει
484 5717 599 5773 Non
645 5716 948 5786 conﬁnium,
981 5714 1077 5771 sed
1104 5714 1289 5783 [inium
1316 5711 1543 5786 habetur
1569 5711 1623 5786 in
1649 5708 1871 5766 Canoue
1910 5715 1965 5786 et

358 5790 481 5844 aliis
497 5805 627 5844 mss.
642 5781 1056 5859 antiquioribus,
1073 5781 1357 5859 q'ui‘legunt
1374 5785 1475 5849 sie,
1490 5784 1713 5859 medium
1726 5781 1965 5859 torrentis

359 5873 406 5916 ct
435 5863 619 5933 ﬁnium
650 5875 669 5916 :
695 5860 745 5916 id
773 5854 908 5917 vero
936 5860 987 5914 in
1019 5854 1269 5915 eumdem
1293 5870 1513 5913 sensqu
1541 5854 1751 5911 recidit.
1782 5854 1963 5910 Manr.

2046 4734 2269 4789 terram,
2304 4723 2388 4778 vel
2416 4722 2595 4777 avium
2627 4720 2729 4777 sub
2758 4722 2900 4777 caelo
2931 4722 3254 4788 volantium,
3284 4731 3446 4793 atque
3476 4724 3647 4793 repli-

2044 4816 2173 4873 lium
2205 4830 2325 4886 quae
2356 4822 2645 4871 moventur
2675 4814 2727 4870 in
2762 4824 2933 4885 terra,
2979 4815 3094 4870 sive
3122 4815 3378 4886 piscium,
3430 4814 3522 4887 qui
3553 4815 3654 4872 sub

2049 4920 2193 4969 terra
2226 4921 2511 4967 morantur
2539 4912 2591 4966 in
2622 4909 2799 4981 aquis.
2846 4909 2933 4983 [Β.
2964 4908 3108 4983 XII.]
3158 4910 3236 4966 Ne
3276 4911 3413 4966 forte
3451 4909 3531 4982 [11.
3577 4910 3649 4964 Et

2051 5024 2119 5065 ne
2152 5006 2312 5080 forte]
2346 5006 2570 5063 elevatis
2601 5005 2778 5062 oculis
2804 5005 2870 5059 ad
2914 5005 3136 5073 coelum,
3166 5004 3352 5061 videas
3384 5005 3555 5062 solem
3602 5013 3658 5061 et

2053 5101 2263 5167 lunam,
2295 5108 2350 5155 et
2372 5099 2550 5155 omnia
2582 5107 2727 5153 astra
2755 5097 2903 5167 coeli,
2935 5106 2989 5154 et
3018 5112 3210 5153 errore
3238 5097 3499 5168 deceptus
3529 5097 3661 5153 adu-

2055 5211 2144 5251 res
2190 5210 2279 5265 ea,
2312 5202 2367 5249 et
2396 5194 2548 5249 colas
2577 5208 2697 5263 qum
2732 5190 2944 5248 ereavit
2975 5191 3240 5247 Dominus
3285 5192 3424 5249 Deus
3454 5202 3577 5249 tuus
3607 5192 3661 5249 in

2060 5287 2417 5345 ministerium
2458 5286 2671 5343 cunctis
2710 5285 2985 5358 gentibus,
3032 5302 3153 5359 qua:
3199 5288 3299 5343 sub
3346 5287 3487 5344 caelo
3536 5296 3667 5344 sunt

2062 5381 2144 5454 [b.
2174 5397 2295 5453 quas
2332 5381 2519 5437 divisit
2544 5379 2803 5436 Dominus
2846 5379 2986 5435 Deus
3025 5388 3147 5436 tuus
3176 5382 3393 5437 cunctis
3419 5382 3666 5452 gentibus

2063 5490 2175 5545 qua:
2214 5473 2317 5529 sub
2363 5472 2503 5529 ccelo
2529 5471 2703 5544 sunt].
2733 5470 2845 5527 Vos
2888 5481 3070 5528 autem
3112 5471 3239 5527 tulit
3286 5471 3569 5535 Dominus,
3612 5479 3670 5526 et

2063 5565 2250 5622 eduxit
2279 5564 2347 5620 de
2373 5562 2603 5619 fornace
2634 5562 2813 5620 ferrea
2860 5562 3109 5635 Egypli,
3143 5571 3203 5618 ut
3244 5562 3469 5619 haberet
3497 5576 3668 5631 popu-

2126 5734 2210 5788 Ῑ-
2247 5703 2343 5759 Ms.
2379 5702 2638 5788 Urbinas,
2668 5704 2789 5760 dedi
2836 5714 3026 5788 terrent
3064 5703 3289 5759 Galaad.
3340 5701 3462 5788 M‘ox.
3492 5702 3669 5788 Pa]at.

2070 5778 2268 5906 ﬁliique
2284 5791 2447 5847 penes
2478 5774 2729 5833 Martian.
2752 5792 2909 5847 mss.,
2931 5777 3116 5846 ﬁnium
3141 5790 3239 5847 pro
3266 5774 3549 5845 conﬁnium
3573 5776 3673 5831 ha-

2110 5865 2173 5906 en
2208 5889 2220 5903 .
