4098 6366
442 294 545 363 ω

1444 296 1501 351 S.
1548 292 1930 353 lllERONYMl
1972 288 2205 350 οινιΝΑ
2247 287 2731 350 BIBLIOTIIECA.

3633 298 3761 361 520,

437 407 550 465 Imn
582 406 1007 476 haereditarium,
1032 408 1176 468 sicut
1195 420 1280 469 est
1301 411 1354 469 in
1376 409 1632 482 praesenti
1656 409 1761 466 die.
1790 408 1874 481 [8.
1893 405 2033 471 Xlll,
2064 412 2115 472 Α
2142 410 2198 461 et
2217 406 2455 475 cogitato
2476 406 2531 464 in
2562 406 2727 464 corde
2755 413 2869 472 tuo,
2898 406 3042 478 quod
3070 405 3335 463 Dominus
3357 405 3475 477 ipse
3502 406 3577 464 sit
3598 408 3743 465 Deus

435 500 498 558 C.
534 501 700 576 XIV.]
730 500 1020 574 lratusque
1047 514 1132 563 est
1161 505 1428 562 Dominus
1464 514 1654 562 contra
1700 517 1789 559 me
1820 509 2041 572 propter

434 608 720 655 scrmones
753 609 992 662 vestros,
1020 608 1076 655 et
1098 598 1308 669 juravit
1337 604 1397 655 ut
1442 610 1550 651 nou
1581 594 1873 653 transirem
1912 592 2039 651 Ior-

437 688 655 759 danem,
689 704 791 749 nec
835 689 1157 761 ingrederer
1197 699 1394 748 terram
1428 688 1716 760 optimam,
1756 702 1914 760 quam
1948 686 2042 743 dav

438 791 591 845 turus
645 790 731 845 est
786 784 940 843 vobis
994 784 1073 852 [h.
1126 784 1278 841 vobis
1327 783 1381 839 in
1435 780 1854 856 bacreditatem].
1898 781 2039 839 Ecce

440 876 646 937 morior
676 879 730 933 in
770 876 871 939 bac
913 875 1101 944 humo,
1150 892 1256 937 non
1310 876 1552 935 transibo
1577 875 1909 933 Iordanem:
1943 887 2040 933 vos

438 968 765 1035 transibitis,
785 978 842 1029 et
871 968 1227 1039 possidebitis
1256 977 1458 1027 terram
1479 969 1773 1041 egregiam.
1798 967 1943 1027 Cave
1970 981 2038 1023 ne

428 1061 646 1134 quando
673 1061 1013 1123 obliviscaris
1043 1062 1182 1133 pacti
1217 1064 1433 1121 Domini
1486 1063 1584 1121 Dei
1630 1064 1732 1129 tui,
1765 1060 1909 1133 quod
1943 1076 2037 1130 pe-

437 1155 571 1226 pigit
598 1165 777 1213 tecum
828 1175 843 1212 :
887 1165 943 1212 et
989 1155 1158 1213 iacias
1186 1156 1281 1213 tibi
1323 1158 1593 1227 sculptam
1624 1154 2035 1213 similitudinem

435 1263 652 1313 eorum.
682 1260 804 1319 quae
830 1248 949 1307 ﬁeri
983 1251 1247 1309 Dominus
1271 1251 1587 1322 prohibuit:
1621 1252 1746 1322 quia
1776 1249 2038 1307 Dominus

317 1327 324 1338 ’
382 1324 395 1333 ’
426 1341 570 1399 Deus
618 1352 740 1400 tuus
783 1342 922 1415 ignis
974 1359 1304 1402 consumens
1354 1355 1461 1416 est,
1521 1345 1666 1401 Deus
1726 1342 2033 1400 simulator.

344 1445 361 1455 '
432 1434 517 1505 IB.
553 1434 721 1509 XIV.]
750 1436 808 1494 Si
837 1438 1143 1509 genueritis
1174 1438 1251 1513 [h.
1280 1436 1416 1497 Cum
1447 1437 1767 1509 genueritis]
1803 1436 1942 1493 illius
1973 1450 2037 1493 ac

432 1540 682 1601 nepotes,
710 1539 765 1587 et
783 1533 979 1589 morati
1014 1532 1224 1590 fueritis
1254 1533 1307 1589 in
1336 1542 1505 1600 terra,
1536 1532 1863 1604 deceptique
1894 1530 2037 1587 iaceo

437 1621 558 1684 ritis
589 1621 746 1679 vobis
773 1624 1015 1695 aliquam
1045 1624 1482 1693 similitudinem,
1524 1634 1804 1696 patrantes
1834 1626 2035 1680 malum

427 1728 615 1779 coram
662 1716 900 1777 Domino
930 1718 1046 1777 Deo
1076 1730 1283 1789 vestro,
1316 1729 1376 1777 ut
1412 1736 1536 1777 eum
1589 1720 1656 1777 ad
1696 1719 2034 1777 iracundiam

427 1811 742 1880 provocetis
773 1829 788 1866 :
834 1822 1001 1871 testes
1045 1814 1247 1872 invoco
1280 1813 1444 1871 hodie
1477 1815 1675 1871 ctelum
1707 1824 1762 1871 et
1808 1824 2033 1883 terram,

429 1901 543 1958 cito
575 1906 845 1974 perituros
872 1922 971 1965 vos
994 1922 1119 1966 esse
1145 1909 1214 1965 de
1248 1918 1414 1977 terra,
1438 1925 1625 1981 quam,
1655 1910 1886 1966 transito
1910 1908 2034 1967 Ior-

426 1994 591 2065 dane,
624 2001 928 2067 possessuri
964 2002 1118 2059 estis.
1169 2001 1289 2059 Non
1334 2003 1646 2060 habitabitis
1686 2004 1740 2059 in
1774 2019 1838 2060 ea
1873 2005 2033 2074 longo

424 2098 692 2160 tempore,
731 2093 828 2150 sed
860 2094 1067 2151 delebit
1106 2111 1204 2155 vos
1236 2095 1715 2168 Dominumatquc
1751 2097 2032 2167 disperget

424 2180 478 2237 in
497 2198 690 2243 omnes
705 2194 922 2256 gentes,
953 2196 1008 2243 et
1035 2189 1387 2247 remanebitis
1416 2190 1570 2258 pauci
1601 2190 2028 2264 ttttmero[Vulg.

421 2286 524 2335 tac.
558 2280 809 2352 numero]
831 2283 882 2335 in
909 2283 1245 2350 nationibus,
1270 2284 1335 2339 ad
1370 2300 1506 2355 quas
1538 2301 1633 2341 vos
1661 2284 1926 2344 ducturus
1947 2294 2032 2343 est

423 2369 711 2431 Dominus.
737 2373 925 2446 Ibique
945 2376 1340 2447 servietisdiis,
1361 2378 1451 2448 qui
1477 2378 1756 2435 hominum
1776 2394 1938 2436 mantt
1953 2380 2033 2434 ia-

422 2464 618 2531 bricati
647 2475 798 2535 sunt,
821 2469 968 2540 ligno
992 2479 1047 2526 et
1082 2471 1266 2541 lapidi.
1291 2471 1388 2542 qui
1420 2486 1529 2528 non
1561 2471 1766 2537 vident,
1796 2488 1902 2529 non
1933 2487 2032 2529 au-

423 2555 605 2627 diunt,
634 2575 739 2617 non
766 2562 1089 2629 comedunt,
1122 2579 1228 2620 non
1252 2562 1576 2623 odorantur.
1599 2565 1684 2637 [Β.
1703 2563 1847 2637 XV.]
1866 2564 2032 2621 Cum-

417 2655 821 2724 quequaesieris
836 2658 906 2713 ibi
931 2658 1215 2715 Deminum
1232 2658 1401 2716 Deum
1421 2668 1593 2722 tuum.
1615 2658 1859 2716 invenies
1872 2675 2026 2717 eum:

417 2744 465 2805 si
499 2755 679 2803 tatnen
714 2755 830 2805 toto
859 2749 1029 2806 corde
1066 2752 1391 2819 quaesieris,
1431 2760 1491 2807 et
1533 2761 1648 2807 tota
1679 2751 2028 2809 tribulatione

422 2834 503 2910 [h.
544 2837 599 2897 Si
635 2851 815 2899 tamen
850 2850 962 2897 toto
1007 2842 1166 2898 corde
1215 2852 1263 2897 et
1309 2843 1485 2898 animo
1514 2843 1794 2913 quaesieris
1838 2859 2025 2900 eunt...

420 2930 703 2989 tribulatio
734 2932 865 3005 b...]
896 2933 1098 2991 animae
1127 2942 1255 2990 tuas.
1303 2935 1598 3005 Postquam
1646 2945 1697 2991 te
1723 2935 2029 2993 invenerint

421 3025 606 3083 omnia
632 3040 756 3095 quae
785 3026 1041 3097 praedicta
1072 3036 1222 3093 sunt,
1248 3028 1550 3083 novissimo
1576 3036 1820 3100 tempore
1843 3043 2025 3087 rever-

419 3116 554 3177 teris
576 3118 644 3176 ad
670 3119 958 3177 Dominum
991 3120 1158 3177 Deum
1185 3129 1359 3187 tuum,
1381 3131 1436 3175 et
1465 3119 1655 3177 audies
1673 3136 1864 3177 vocem
1882 3121 2020 3190 ejus.

2140 496 2194 551 in
2220 498 2362 557 cmlo
2383 514 2622 567 sursum,
2649 508 2703 555 et
2728 499 2780 555 in
2804 508 2953 557 terra
2976 498 3258 566 deorsum,
3282 507 3337 554 et
3362 513 3467 554 non
3485 499 3556 556 sit
3582 500 3743 557 alius.

2138 589 2364 649 Custodi
2399 602 2669 664 pricccpta
2695 591 2814 664 ejus
2845 602 3005 664 atque
3030 590 3305 661 mandata,
3331 607 3451 663 quae
3479 608 3580 663 ego
3601 608 3748 663 pra:-

2140 683 2288 754 cipio
2325 685 2457 741 tibi:
2512 693 2568 742 ut
2607 684 2746 742 bene
2774 685 2849 741 sit
2901 683 2994 740 tibi
3027 683 3105 755 [h.
3136 683 3387 757 principio
3411 684 3502 740 tibi
3541 683 3741 756 hodie],

2138 786 2196 837 et
2234 780 2361 837 liliis
2408 780 2517 835 tuis
2558 788 2678 852 post
2726 789 2803 843 te,
2833 788 2891 836 et
2920 793 3248 850 permaneas
3294 779 3466 836 multo
3499 788 3745 850 tempore

2138 890 2305 945 super
2336 886 2560 942 terram,
2585 890 2749 948 quam
2782 875 3046 933 Dominus
3084 878 3227 933 Deus
3256 882 3381 932 tuus
3411 874 3637 933 daturus
3657 883 3745 932 est

2138 968 2261 1025 tibi.

2113 1061 2117 1065 ’
2212 1061 2295 1134 [Β.
2342 1061 2510 1132 XVII,
2542 1063 2604 1119 (ἒ.
2633 1060 2801 1135 XVI.]
2844 1062 2998 1120 Tunc
3023 1061 3294 1134 separavit
3323 1061 3498 1127 loses
3520 1072 3632 1118 tros
3660 1062 3743 1118 ci-

2138 1157 2339 1213 vitates
2380 1168 2531 1213 trans
2577 1156 2873 1215 Iordanem
2903 1156 2981 1231 [h.
3015 1157 3070 1215 iu
3104 1158 3336 1215 transitu
3358 1158 3638 1230 Iordanis]
3669 1157 3740 1213 ad

2136 1247 2473 1306 Orientalem
2506 1252 2741 1322 plagam,
2790 1259 2853 1307 ut
2905 1251 3187 1323 confugiat
3223 1252 3293 1309 ad
3334 1267 3430 1309 cas
3461 1253 3554 1324 qui
3598 1253 3744 1308 occi-

2137 1341 2280 1398 derit
2304 1343 2495 1399 nolens
2524 1347 2831 1414 proximum
2855 1360 3040 1411 suum,
3073 1360 3175 1401 nec
3208 1343 3377 1402 fuerit
3404 1346 3454 1402 ei
3490 1344 3745 1403 inimicus
3821 1412 3837 1419 ο

2136 1445 2264 1493 ante
2294 1453 2461 1493 unum
2491 1450 2545 1494 et
2589 1441 2821 1494 alterum
2848 1438 2990 1494 diem
3016 1437 3094 1510 [h.
3145 1453 3247 1497 nec
3274 1437 3442 1494 Iuerit
3466 1437 3516 1494 ei
3557 1438 3746 1495 inimi-

2137 1547 2235 1589 cus
2265 1532 2335 1589 ab
2361 1532 2481 1587 lteri
2507 1541 2562 1588 et
2593 1532 2791 1589 nudius
2821 1529 3061 1603 tertius],
3094 1541 3151 1588 et
3177 1531 3244 1587 ad
3277 1533 3470 1588 barum
3499 1530 3764 1603 aliquam

2138 1625 2354 1681 urbium
2403 1625 2575 1697 possit
2615 1625 2850 1681 evadere
2887 1643 2900 1679 :
2943 1625 3115 1681 Bosor
3164 1610 3218 1681 in
3258 1624 3576 1690 solitudine,
3618 1638 3744 1695 qum

2137 1719 2239 1776 sita
2268 1728 2355 1775 est
2396 1721 2450 1775 in
2489 1730 2632 1776 terra
2663 1720 2958 1791 campestri
2987 1719 3059 1775 de
3097 1717 3246 1776 tribu
3276 1717 3467 1776 Ruben
3499 1737 3511 1775 ε
3540 1728 3595 1774 et
3629 1718 3742 1774 lia~

2066 1803 2114 1864 Β
2140 1813 2293 1869 moth
2324 1814 2379 1869 in
2410 1814 2639 1879 Galaad,
2663 1830 2787 1886 qua:
2817 1823 2902 1869 est
2931 1813 2984 1869 in
3014 1812 3157 1869 tribu
3187 1812 3303 1869 Gad
3343 1830 3359 1869 :
3401 1821 3458 1869 et
3484 1810 3660 1870 Golan
3683 1813 3740 1870 in

2136 1905 2336 1972 Basau,
2365 1920 2488 1976 quae
2517 1916 2601 1961 est
2629 1904 2684 1959 in
2719 1905 2860 1962 tribu
2894 1904 3160 1961 Manasse.
3194 1904 3274 1976 [ϐ.
3310 1902 3498 1975 χγιω
3524 1902 3628 1960 Ista
3656 1911 3743 1969 est

2135 2000 2247 2067 lex,
2267 2016 2430 2071 quam
2454 2000 2739 2070 proposuit
2763 1999 3146 2071 Mosescoram
3174 1998 3301 2054 [iliis
3323 1996 3519 2063 Israel,
3536 2008 3591 2053 et
3618 1998 3737 2055 bazc

2133 2096 2444 2152 testimonia
2469 2104 2523 2150 et
2545 2095 2896 2150 οωνθηιοιιὶω
2917 2106 3078 2164 atque
3102 2091 3338 2163 judicia,
3367 2108 3491 2162 qua:
3521 2091 3739 2148 locutus

2131 2199 2218 2246 est
2242 2190 2308 2244 ad
2340 2188 2483 2245 lllios
2510 2187 2699 2258 Israel,
2730 2189 2950 2258 quando
2986 2189 3189 2260 egressi
3220 2198 3352 2242 sunt
3386 2186 3455 2245 de
3478 2184 3739 2258 Egypto,

2133 2292 2281 2339 trans
2328 2283 2623 2339 Iordanem
2678 2284 2757 2355 [h.
2816 2284 2869 2340 in
2901 2284 3135 2338 transitu
3174 2281 3456 2355 Iordanis]
3498 2283 3550 2337 in
3588 2282 3734 2341 vallo

2131 2387 2321 2434 contra
2354 2378 2534 2432 ianum
2570 2377 2791 2432 Pltobor
2817 2376 2872 2431 in
2897 2388 3039 2432 terra
3067 2378 3214 2432 Serm
3240 2376 3384 2448 regis
3409 2374 3737 2440 Amori-luci,

2130 2470 2224 2540 qui
2268 2470 2535 2526 habitavit
2589 2469 2643 2525 in
2703 2467 2945 2536 Escbon,
2992 2484 3151 2539 quem
3208 2468 3481 2539 percussit
3536 2466 3738 2533 Moses,

2132 2562 2159 2602 δ
2188 2562 2395 2634 ﬁliique
2423 2561 2593 2618 Israel
2621 2564 2832 2632 egressi
2861 2579 2929 2618 ex
2957 2560 3211 2635 Egypto.
3258 2562 3741 2632 Possederuntque

2134 2667 2335 2713 terram
2362 2656 2508 2727 ejus,
2545 2668 2600 2713 ct
2637 2668 2840 2715 terram
2866 2656 2945 2730 0g
2966 2659 3114 2730 regis
3143 2658 3347 2724 Busan,
3377 2657 3614 2712 duorum
3650 2673 3741 2712 rc-

2129 2767 2256 2822 gum
2282 2748 2753 2816 Amorrltmorum,
2783 2752 2873 2824 qui
2905 2761 3068 2808 erant
3101 2761 3250 2807 trans
3271 2751 3348 2824 [h.
3385 2751 3438 2805 in
3482 2747 3738 2822 transitu]

2129 2842 2426 2901 Iordanem
2471 2845 2539 2900 ad
2581 2847 2716 2901 solis
2746 2856 2927 2902 ortum
2967 2861 2981 2899 :
3032 2845 3103 2901 ab
3133 2847 3329 2907 Aroer,
3366 2858 3487 2915 quae
3518 2842 3622 2898 sita
3654 2850 3740 2900 est

2129 2952 2293 3007 super
2316 2938 2486 3008 ripam
2513 2940 2774 2993 torrentis
2794 2939 3010 3002 Arnim,
3036 2952 3209 3007 usque
3226 2936 3294 2992 ad
3319 2944 3556 2993 montem
3579 2934 3737 3003 Sion,

2127 3029 2219 3100 qui
2244 3040 2324 3084 est
2343 3040 2401 3083 et
2422 3030 2685 3094 Harmon,
2712 3045 2933 3085 onmem
2957 3028 3239 3100 planitiem
3265 3038 3416 3083 trans
3438 3026 3738 3083 Iordanem

2130 3123 2195 3177 ad
2225 3124 2546 3179 orientalem
2574 3123 2811 3193 plagam,
2840 3138 3010 3194 usque
3039 3122 3109 3181 ad
3140 3138 3296 3178 mare
3325 3120 3656 3186 solitudinis,
3680 3128 3740 3176 ct

420 3208 555 3279 Quia
584 3209 732 3267 Deus
761 3210 1101 3281 misericors,
1132 3211 1393 3269 Dominus
1417 3212 1558 3268 Deus
1588 3220 1715 3267 tuus
1743 3223 1861 3270 est:
1911 3186 2022 3273 non
2052 3186 2098 3251 δ
2130 3231 2301 3288 usque
2330 3216 2399 3272 ad
2428 3186 2642 3273 radices
2665 3186 2873 3273 montis
2899 3186 3134 3290 Dbasga.

419 3302 656 3363 ditnittet
678 3312 758 3373 te,
806 3320 907 3363 nec
936 3305 1162 3363 omnino
1189 3305 1414 3371 delebit,
1462 3321 1640 3375 neque
1670 3306 2027 3365 obliviscetur

417 3397 587 3468 pacti,
631 3398 683 3455 iu
715 3414 823 3470 quo
837 3398 1043 3470 juravit
1074 3399 1156 3471 [h.
1189 3398 1333 3471 quod
1356 3398 1601 3472 juravit]
1623 3402 1866 3471 patribus
1895 3402 2020 3459 tuis.

420 3488 506 3562 [8.
538 3489 681 3562 XVI,
709 3491 774 3551 C.
810 3492 956 3564 χω
987 3493 1263 3567 Interroga
1294 3494 1363 3550 do
1402 3494 1598 3553 diebus
1635 3497 1900 3567 antiquis,
1932 3497 2022 3567 qui

420 3583 641 3643 fuerunt
678 3595 807 3643 ante
850 3595 905 3647 te
931 3602 998 3643 ex
1031 3588 1123 3643 die
1151 3602 1262 3658 quo
1296 3588 1504 3645 creavit
1547 3587 1692 3645 Deus
1742 3588 2021 3645 hominem

419 3692 588 3750 super
628 3686 854 3744 terram.
896 3695 927 3739 a
973 3696 1190 3740 summo
1234 3680 1363 3739 οωιί
1421 3697 1593 3753 usque
1641 3682 1708 3738 ad
1751 3697 2023 3739 summum

422 3772 566 3843 ejus,
598 3772 645 3830 si
672 3773 814 3831 facta
837 3783 924 3831 est
948 3774 1239 3844 aliquando
1262 3774 1634 3844 hujuscemodi
1660 3790 1769 3843 res,
1789 3784 1882 3832 aut
1907 3791 2025 3831 um-

413 3878 578 3936 quam
606 3866 890 3936 cognitum
916 3875 1024 3931 est,
1073 3876 1132 3922 ut
1175 3864 1397 3925 audiret
1428 3865 1659 3937 populus
1703 3880 1893 3923 vocem
1924 3863 2026 3922 Dei

415 3956 692 4029 loquentis
728 3959 797 4017 de
828 3959 1009 4017 medio
1051 3960 1213 4029 ignis,
1257 3959 1398 4016 sicut
1440 3968 1497 4017 tu
1527 3959 1725 4016 audisti
1758 3968 1816 4018 et
1842 3958 2022 4017 vixisti

423 4049 502 4122 [h.
550 4060 608 4107 et
639 4050 796 4123 vixit]
825 4068 838 4106 :
867 4052 914 4108 si
955 4052 1087 4110 fecit
1116 4052 1259 4109 Deus
1300 4062 1357 4108 ut
1388 4052 1788 4124 ingrederetur,
1824 4062 1881 4109 et
1917 4052 2022 4109 tol-

409 4143 551 4201 teret
594 4143 702 4201 sibi
749 4152 968 4214 gentem
1018 4144 1089 4205 de
1144 4143 1327 4201 medio
1361 4147 1670 4214 natitmum,
1709 4159 1806 4214 per
1847 4154 2025 4201 tenta-

412 4238 611 4309 tiones,
642 4237 819 4310 signa,
843 4250 1009 4311 atque
1029 4248 1304 4311 portenta,
1338 4254 1431 4310 per
1461 4255 1719 4310 pugnam,
1747 4248 1804 4296 et
1834 4241 2019 4297 robus-

411 4342 518 4393 tam
565 4348 813 4399 manum,
844 4343 1233 4406 ostentumque
1282 4333 1583 4399 bruchimn,
1616 4341 1676 4391 et
1720 4334 2021 4392 horribiles

417 4423 686 4493 visiones,
712 4425 865 4496 justa
895 4427 1076 4485 omnia
1122 4442 1245 4497 quas
1286 4425 1423 4485 fecit
1447 4441 1545 4496 pro
1575 4428 1731 4484 vobis
1759 4427 2023 4485 Dominus

412 4517 558 4576 Deus
591 4526 771 4575 vester
812 4519 866 4574 in
923 4519 1183 4590 ASgypto,
1226 4518 1541 4579 videntibus
1570 4519 1745 4577 oculis
1782 4520 1918 4577 tuis:
1964 4529 2022 4575 ut

410 4612 583 4671 scires
604 4613 864 4684 quoniam
896 4611 1164 4671 Dominus
1185 4612 1305 4684 ipse
1349 4622 1436 4669 est
1463 4612 1629 4682 Deus,
1659 4622 1685 4652 ⁸
1714 4622 1770 4670 et
1799 4628 1905 4670 non
1936 4622 2022 4673 est

408 4705 554 4763 alius
576 4715 778 4777 prater
802 4722 967 4763 unum
1002 4706 1078 4779 [h.
1110 4715 1311 4777 praeter
1332 4705 1500 4777 eum].
1538 4706 1613 4763 De
1642 4706 1782 4763 coelo
1814 4713 1868 4763 te
1896 4705 2022 4763 iecit

422 4798 620 4856 audire
639 4813 831 4855 vocem
858 4813 1038 4866 suam,
1062 4810 1118 4855 ut
1145 4800 1368 4857 doceret
1392 4806 1445 4856 te
1469 4816 1484 4855 :
1508 4810 1564 4857 et
1587 4799 1643 4855 in
1665 4807 1811 4857 terra
1832 4808 2023 4856 osten-

406 4889 489 4951 dit
515 4890 607 4948 tibi
635 4891 815 4963 ignem
837 4907 1000 4955 suum
1030 4893 1353 4959 maximum,
1382 4900 1438 4949 et
1460 4890 1663 4957 audisti
1685 4892 1850 4949 verba
1875 4892 2020 4951 illius

404 4984 476 5047 de
516 4984 700 5043 medio
742 4986 908 5057 ignis,
945 4988 1074 5058 quia
1118 4985 1318 5044 dilexit
1356 4995 1538 5055 patres
1577 4994 1740 5054 tuos,
1770 4997 1825 5043 et
1855 4987 2020 5058 elegit

407 5092 597 5139 semen
634 5093 825 5135 eorum
868 5088 992 5150 post
1031 5092 1147 5137 eos.
1180 5077 1492 5149 Eduxitque
1524 5088 1576 5137 te
1616 5078 1934 5150 praecedens
1959 5079 2014 5136 in

411 5172 621 5229 virtute
645 5186 742 5230 sua
787 5185 987 5242 magna
1013 5186 1080 5233 ea
1117 5169 1379 5244 Egypt",
1416 5179 1476 5228 ut
1513 5171 1724 5231 deleret
1769 5174 2015 5229 nationes

415 5264 681 5329 maximas
709 5275 764 5327 et
807 5265 1063 5325 fortiores
1090 5274 1144 5329 te
1173 5266 1229 5327 in
1261 5266 1489 5325 introitu
1521 5273 1644 5324 tuo:
1677 5276 1733 5327 et
1764 5266 2013 5325 introdu-

407 5368 563 5421 ceret
604 5369 680 5429 te,
727 5360 994 5432 daretque
1032 5359 1127 5419 tibi
1158 5369 1360 5421 terram
1382 5377 1570 5423 earum
1617 5361 1672 5419 in
1706 5361 2015 5431 possessio-
2046 5398 2052 5403 ο

407 5467 561 5521 nem,
590 5453 733 5515 sicut
761 5454 945 5514 cernis
977 5455 1028 5517 iu
1056 5453 1318 5525 praesenti
1345 5455 1456 5515 die.
1488 5453 1645 5517 Scito
1672 5470 1805 5527 ergo
1830 5454 2011 5523 hodie,

476 5650 502 5677 δι
536 5639 737 5696 Prwter
765 5655 927 5695 unum
967 5636 1178 5711 habent
1195 5637 1530 5711 exemplaria
1563 5638 1811 5711 quaedam
1846 5652 2002 5711 mss.;

404 5714 460 5770 in
491 5712 612 5767 aliis
656 5714 857 5783 legitur
895 5711 1054 5782 juxta
1100 5708 1351 5765 schollon
1409 5708 1705 5785 marginale
1748 5708 2011 5837 annonis.

1813 5796 1941 5837 sar.

471 5854 500 5896 ιι
528 5856 681 5914 Alius
709 5865 790 5912 est
836 5870 1049 5925 sensus,
1089 5862 1142 5911 et
1176 5853 1537 5924 interpunctio
1568 5852 1625 5908 in
1667 5796 2018 5924 εόίπέὲἷῳιθ

2206 3308 2542 3380 Vocavitque
2568 3308 2748 3366 Moses
2791 3325 3010 3365 omnem
3053 3308 3339 3372 lsraelem,
3395 3317 3453 3365 et
3480 3306 3627 3364 dixit
3666 3307 3739 3363 ad

2127 3416 2252 3457 eum
2282 3399 2362 3472 [h.
2411 3401 2479 3456 ad
2525 3399 2645 3471 eos]
2678 3418 2690 3454 :
2734 3400 2895 3469 Audi,
2930 3399 3123 3468 Israel,
3156 3398 3519 3457 carcmonias
3568 3407 3735 3469 atque

2123 3492 2351 3564 judicia,
2384 3510 2505 3563 qum
2545 3509 2647 3565 ego
2677 3496 2869 3564 loquor
2914 3496 2968 3551 in
3012 3494 3240 3551 auribus
3288 3493 3490 3553 veJt‘is
3521 3491 3731 3549 hodie:

2126 3585 2325 3642 discite
2355 3602 2440 3651 ea,
2472 3596 2526 3642 et
2553 3602 2725 3658 opere
2749 3586 3045 3657 complete.
3081 3586 3345 3647 Dominus
3369 3586 3514 3643 Deus
3540 3594 3732 3647 noster

2128 3679 2337 3751 pepigit
2368 3680 2654 3737 nobiscum
2686 3678 2938 3737 fmdusin
2971 3678 3174 3737 Hnreb.
3199 3679 3316 3742 Non
3338 3694 3462 3739 cum
3484 3678 3733 3748 patribus
3838 3720 3845 3728 .

2126 3774 2328 3827 nostris
2361 3772 2482 3829 iniit
2518 3783 2732 3840 pactum
2777 3773 2854 3846 [h.
2886 3782 3101 3842 pactum
3138 3772 3284 3845 hoc],
3316 3772 3410 3829 sed
3439 3771 3728 3829 nobiscum

2124 3868 2221 3935 qni
2254 3865 2743 3936 imprtcsentiarunt
2770 3880 2979 3931 sumus,
3011 3872 3070 3921 et
3096 3865 3350 3923 vivimus.
3376 3863 3537 3921 Facie
3563 3862 3630 3919 ad
3655 3862 3735 3919 ia—

2124 3960 2265 4014 ciem
2298 3958 2514 4016 locutus
2537 3967 2623 4016 est
2655 3959 2812 4017 nobis
2836 3960 2891 4017 in
2919 3967 3108 4017 monte
3126 3957 3197 4017 de
3225 3956 3405 4015 medio
3428 3954 3727 4028 ignis.Ego

2124 4062 2414 4124 sequester
2442 4062 2498 4109 ct
2538 4052 2749 4109 medius
2793 4052 2867 4109 iul
2916 4052 3060 4109 inter
3091 4050 3379 4109 Donninum
3423 4058 3481 4106 ct
3527 4063 3627 4103 vos
3674 4048 3733 4103 in

2126 4157 2370 4218 tempore
2406 4148 2521 4211 illo,
2555 4158 2614 4204 ut
2654 4148 3040 4205 atmuntiarem
3072 4146 3229 4202 vobis
3257 4145 3419 4205 verba
3447 4144 3589 4216 ejus.
3632 4142 3731 4200 Ti-

2127 4243 2500 4297 tnuistisenim
2536 4242 2738 4312 ignem,
2766 4250 2821 4296 et
2849 4258 2956 4297 non
2992 4238 3325 4297 ascendistis
3356 4238 3410 4293 in
3458 4245 3727 4307 montem,

2124 4346 2179 4392 et
2208 4336 2314 4389 ait:
2342 4334 2423 4407 [Β.
2451 4333 2659 4406 XVIII.]
2689 4335 2804 4406 Ego
2829 4333 3095 4391 Dominus
3120 4331 3262 4391 Deus
3281 4342 3426 4392 tuus.
3449 4328 3721 4400 quiedusi

2124 4439 2184 4486 te
2208 4430 2280 4485 de
2308 4439 2454 4484 terra
2484 4427 2728 4500 Egypti,
2759 4429 2829 4486 de
2847 4429 3013 4486 domo
3045 4425 3351 4487 servitutis.
3374 4424 3423 4497 [l
3446 4422 3732 4495 Prwcept.]

2124 4520 2243 4577 Non
2259 4521 2481 4577 habebis
2503 4520 2641 4577 Deos
2664 4521 2875 4581 alienos
2894 4521 2947 4577 in
2966 4528 3266 4590 conspectu
3283 4533 3430 4574 meo.
3447 4517 3504 4590 [2
3531 4512 3729 4588 Proem]

2052 4585 2101 4651 υ
2124 4613 2241 4670 Non
2266 4613 2428 4671 iacies
2446 4613 2544 4670 tibi
2565 4614 2843 4685 sculptile,
2870 4612 3060 4685 uec[h.
3080 4585 3185 4671 non
3215 4585 3511 4682 habetnctc]
3535 4585 3733 4667 simili;

2125 4706 2368 4765 tudinem
2383 4706 2650 4771 omnium,
2666 4721 2787 4776 qua:
2803 4706 2858 4761 in
2874 4706 3018 4765 εωιο
3034 4714 3164 4763 sunt
3181 4704 3439 4777 desuper,
3465 4711 3521 4759 et
3538 4717 3658 4773 qua:
3673 4701 3728 4758 in

2125 4811 2266 4856 terra
2295 4799 2575 4866 deorsum,
2599 4807 2655 4853 et
2685 4814 2807 4867 qua:
2832 4807 3121 4855 versantur
3150 4798 3202 4855 in
3233 4797 3391 4868 aquis
3415 4795 3518 4854 sub
3550 4806 3717 4851 terra.

2124 4891 2242 4951 Non
2257 4891 2514 4951 adorabis
2524 4906 2614 4959 ea,
2629 4900 2683 4947 et
2705 4905 2817 4949 non
2833 4891 3005 4949 eriles.
3022 4891 3135 4961 Ego
3149 4890 3296 4951 cutim
3319 4904 3441 4947 sutn
3463 4887 3731 4946 Dominus

2126 4988 2269 5045 Deus
2297 4998 2417 5044 tuus
2442 5005 2456 5042 :
2482 4986 2623 5043 Deus
2646 4986 2928 5043 :cmulator
2945 5026 2961 5053 ,
2995 4984 3236 5043 reddens
3263 4982 3607 5055 iniquitatem
3634 4996 3730 5053 pa-

2123 5092 2266 5141 trum
2291 5094 2459 5147 super
2479 5078 2622 5137 iilios
2639 5080 2695 5135 in
2723 5078 2937 5143 tertiam
2959 5088 3014 5137 et
3038 5086 3290 5149 quartam
3307 5078 3724 5151 generationem

2122 5173 2206 5230 bis
2245 5173 2337 5245 qui
2381 5172 2618 5231 oderunt
2662 5188 2789 5240 me,
2837 5182 2894 5233 et
2934 5170 3142 5235 faciens
3178 5170 3617 5247 miscricordiam
3671 5170 3728 5227 in

2120 5269 2287 5325 multa
2326 5264 2407 5340 [h.
2442 5265 2561 5323 Non
2603 5266 2769 5326 habet
2798 5264 2992 5338 multa]
3024 5265 3193 5325 millia
3221 5264 3578 5337 diligentibus
3614 5279 3726 5332 me,

2116 5372 2173 5423 et
2187 5359 2621 5417 cusmdientilms
2654 5369 2931 5429 praecepta
2960 5358 3176 5431 mea.[5
3205 5356 3403 5432 Prom]
3426 5357 3545 5415 Non
3569 5372 3730 5413 υκαι*-

2119 5454 2275 5528 pubis
2316 5469 2516 5513 nomen
2551 5454 2766 5513 Domini
2798 5453 2893 5511 Dei
2927 5452 3005 5515 tui
3034 5453 3237 5511 frustra
3268 5453 3348 5526 [h.
3397 5452 3515 5515 Non
3562 5466 3727 5511 assu-

2120 5639 2173 5693 in
2201 5653 2333 5693 mss.
2366 5637 2665 5693 codicibus.
2701 5636 2862 5692 Solus
2902 5635 3088 5691 Canon
3117 5637 3364 5692 veritatis
3421 5635 3725 5701 llebraicte,

2122 5708 2231 5766 isto
2262 5710 2317 5765 in
2348 5709 2491 5778 loco,
2524 5709 2677 5763 velut
2715 5706 2772 5763 in
2817 5706 2939 5762 aliis
2968 5708 3267 5776 sexcentis,
3292 5706 3460 5767 fontis
3490 5706 3575 5763 sui
3601 5724 3728 5763 scn-

2120 5796 2240 5838 sum
2273 5781 2506 5836 ﬁdeliter
2534 5779 2732 5838 reddit.
2758 5778 2934 5837 Mans.

2192 5852 2443 5909 —Nostri
2463 5868 2594 5907 mss.
2612 5849 2741 5906 Filii
2764 5866 2967 5922 quoque
2979 5848 3167 5917 Israel,
3181 5860 3281 5907 etc.
3302 5890 3315 5917 ,
3328 5849 3725 5923 cumVulgatis.
