4098 6366
285 275 370 336 ut

1545 267 1747 328 LIBER
1791 265 2328 330 DEUTEDONOMII.

3457 274 3567 338 με

282 407 385 447 ntcs
413 405 621 448 nomen
659 390 869 445 Dotnini
906 389 998 444 Dei
1026 386 1100 442 tui
1133 387 1184 441 itt
1208 385 1464 458 vanum]:
1487 383 1609 452 quia
1633 401 1737 440 nott
1767 383 1870 438 crit
1897 384 1945 444 Α
1973 398 2208 447 meeum,
2237 393 2292 442 et
2321 387 2509 460 loquar
2554 384 2646 444 tibi
2689 385 2873 444 omnia
2917 389 3191 456 mandata,
3220 398 3275 446 et
3304 405 3564 448 cterento-

282 483 569 554 impunitus
601 483 695 553 qui
735 498 901 551 super
944 497 1005 538 re
1049 496 1186 534 vana
1232 494 1427 534 nomen
1476 477 1593 547 ejus
1621 490 1870 546 assump-

282 580 420 634 serit.
455 578 510 649 μ
564 577 765 648 Priami
795 576 1037 632 Observa
1099 574 1245 629 diem
1295 571 1530 634 sabbati,
1567 580 1619 624 nt
1665 568 1868 623 sancti-

277 673 394 729 lices
419 687 572 737 eum,
628 671 766 726 sicut
797 670 1059 742 prmcepit
1096 669 1189 726 tibi
1243 667 1505 722 Dominus
1536 665 1676 720 Deus
1720 671 1865 717 tuus.

278 767 372 823 Sex
414 765 622 820 diebus
655 764 999 834 operaberis,
1041 771 1101 818 et
1148 760 1314 816 facies
1344 759 1526 813 omnia
1558 773 1720 826 opera
1753 764 1863 810 tua.

274 862 537 930 Septimus
581 859 704 915 dies
741 858 952 914 sabbati
993 866 1097 922 est,
1148 854 1198 909 id
1242 863 1344 921 est,
1389 851 1604 922 requies
1657 849 1868 908 Domini

280 954 445 1027 Dei‘tui
472 953 556 1025 [b.
577 951 859 1024 Septimus
885 951 1004 1006 dies
1025 948 1235 1005 sabbati
1267 955 1354 1003 est
1382 945 1595 1001 Domini
1630 944 1722 1000 Dei
1749 941 1865 1014 tui].

277 1047 382 1102 Non
426 1046 609 1102 facies
639 1048 691 1102 in
736 1063 802 1101 co
834 1043 1126 1115 quidquam
1155 1040 1343 1111 operis
1369 1050 1448 1105 tu,
1475 1047 1530 1096 et
1551 1038 1694 1094 lilius
1724 1047 1867 1102 tuus,

275 1148 323 1194 et
350 1139 477 1206 tilia,
510 1152 712 1194 servus
734 1149 786 1191 et
819 1135 1042 1203 ancilla,
1072 1146 1123 1190 et
1153 1134 1272 1198 bos.
1304 1143 1358 1189 et
1381 1131 1582 1195 asinus,
1615 1139 1668 1192 et
1705 1143 1868 1186 omne

271 1232 566 1301 jutnentum
606 1240 776 1294 tuum,
820 1237 875 1283 et
918 1228 1239 1297 peregrinus
1267 1225 1356 1295 qui
1387 1231 1471 1279 est
1501 1223 1638 1282 intra
1686 1231 1868 1289 portas

273 1336 398 1390 tuas,
433 1332 492 1378 ut
521 1325 837 1394 requiescat
864 1337 1060 1378 servus
1091 1330 1240 1384 tuus,
1273 1327 1329 1374 ct
1355 1316 1545 1376 ancilla
1573 1326 1683 1382 tua,
1726 1313 1870 1370 sit-ut

271 1430 320 1477 et
348 1430 422 1476 tu.
453 1421 735 1474 Memento
763 1418 906 1490 quod
945 1426 999 1472 ct
1029 1416 1146 1486 ipse
1167 1413 1425 1470 servieris
1447 1412 1498 1469 in
1528 1408 1788 1481 Egypto,
1816 1415 1872 1464 et

271 1515 513 1573 eduxerit
545 1524 606 1570 te
637 1513 762 1568 ittde
808 1512 1072 1567 Dominus
1109 1512 1245 1564 Deus
1279 1518 1401 1563 tuus
1427 1506 1482 1563 in
1523 1520 1682 1560 manu
1715 1501 1866 1568 forti,

277 1619 329 1663 ct
353 1606 583 1664 brachio
616 1616 862 1661 extento.
899 1603 1110 1658 Idcirco
1140 1624 1148 1667 ι
1173 1601 1398 1668 τειεοθιιὶι
1422 1599 1517 1654 tibi
1551 1598 1629 1668 ιιι.
1662 1595 1870 1652 Idcirco

273 1698 526 1772 praecepit
580 1699 676 1753 tibi
721 1697 987 1754 Dominus
1039 1696 1176 1750 Deus
1225 1692 1393 1763 tuus],
1438 1700 1498 1748 ut
1545 1689 1873 1745 observares

1973 476 2090 531 nias
2115 475 2497 547 atquejndicia
2525 493 2537 530 :
2566 492 2687 547 qua:
2717 476 2938 534 docebis
2964 495 3076 544 eos,
3102 490 3161 538 ttt
3192 480 3389 538 faciant
3420 500 3479 537 ea
3509 483 3562 539 itt

1974 578 2135 628 terra.
2171 584 2330 640 quam
2367 568 2504 626 dabo
2557 569 2662 623 illis
2711 570 2762 624 in
2809 573 3236 644 possessionem.
3282 573 3564 640 Custodite

1973 660 2155 730 igitur,
2179 669 2235 716 et
2267 659 2425 717 facite
2456 677 2575 732 qua:
2608 664 2868 731 pra-cepit
2913 663 3176 724 Dominus
3204 665 3348 722 Deus
3369 666 3559 722 vobis:

1971 771 2077 814 non
2103 755 2448 817 dcclittabitis
2473 772 2649 828 neque
2676 757 2742 811 ad
2774 757 3078 825 dexteram,
3109 775 3284 832 neque
3305 761 3371 820 ad
3401 762 3564 820 sinis-

1973 857 2106 903 tram
2139 865 2150 901 :
2183 848 2277 904 scd
2312 864 2404 915 per
2435 848 2597 914 viam,
2629 866 2794 919 quam
2830 852 3087 922 praecepit
3122 853 3386 910 Dominus
3421 854 3566 912 Deus

1971 949 2175 1010 vester,
2212 942 2582 1000 antbnlabitis.
2611 942 2680 1000 Ut
2710 946 2924 1016 vivatis,
2958 956 3012 1004 et
3044 946 3184 1006 bene
3211 948 3282 1005 sit
3306 948 3483 1016 vobis,
3510 958 3566 1008 et

1970 1038 2308 1106 protelentnr
2342 1036 2458 1092 dies
2493 1038 2544 1094 in
2582 1049 2724 1096 terra
2756 1040 3120 1112 possessionis
3146 1051 3364 1100 vestrae.

2041 1129 2126 1202 [Β.
2159 1128 2278 1193 XX,
2309 1126 2442 1197 Cap.
2490 1129 2606 1202 VL]
2658 1133 2782 1188 llaec
2817 1145 2936 1190 sunt
2985 1145 3274 1206 praecepta,
3312 1147 3369 1194 et
3397 1153 3565 1202 cst-re-

1971 1223 2190 1288 monito,
2225 1231 2388 1292 atque
2412 1223 2636 1294 judicia,
2669 1241 2791 1296 qua:
2818 1227 3096 1286 mandavit
3136 1227 3397 1286 Dominus
3423 1230 3568 1286 Deus

1971 1325 2153 1376 vester
2188 1327 2248 1373 ut
2282 1319 2544 1378 ducerem
2591 1334 2706 1380 vos.
2751 1330 2806 1375 et
2850 1319 3061 1383 faciatis
3088 1338 3148 1380 ea
3192 1325 3244 1380 itt
3289 1334 3452 1393 terra,
3497 1325 3565 1386 ad

1969 1426 2128 1484 quam
2161 1412 2612 1483 transgredimini
2643 1413 3049 1484 possidendam,
3077 1426 3128 1470 ιιι
3155 1416 3347 1472 timeas
3381 1417 3565 1483 Domi-

1974 1519 2100 1562 num
2149 1503 2319 1562 Deum
2353 1511 2529 1570 tuum,
2571 1515 2625 1558 ct
2666 1507 2942 1562 custodias
2983 1510 3162 1566 otnnia
3211 1508 3465 1566 mandata
3509 1521 3564 1566 et

1976 1607 2248 1668 praecepta
2289 1598 2426 1669 ejus.
2460 1614 2582 1670 quae
2609 1615 2709 1670 ego
2748 1601 3005 1670 prtccipio
3051 1601 3142 1660 tibi
3167 1648 3180 1670 ,
3209 1613 3264 1660 et
3309 1602 3455 1670 Iiliis,
3502 1618 3566 1660 ac

1975 1693 2262 1763 nepotibus
2296 1693 2419 1754 tuis.
2461 1692 2670 1750 cunctis
2708 1692 2902 1750 diebus
2931 1693 3051 1752 vittc
3083 1703 3208 1762 tute,
3250 1707 3310 1754 ut
3344 1696 3567 1766 proluu-

271 1792 405 1847 diem
430 1790 678 1846 sabbati.
709 1788 766 1862 [5
800 1787 995 1858 Puta]
1027 1786 1243 1842 Honora
1271 1791 1476 1852 patrcnt
1512 1790 1661 1838 tuum
1682 1787 1735 1834 et
1762 1794 1868 1832 tna-
1898 1776 1944 1838 B
1971 1796 2166 1858 geutur
2196 1787 2318 1844 dies
2348 1788 2447 1842 tui.
2482 1788 2644 1851 Audi,
2678 1789 2866 1853 Israel,
2894 1800 2916 1826 ει
2949 1799 3004 1844 ct
3031 1793 3259 1846 nbserVn
3291 1801 3350 1847 ttt
3379 1791 3565 1858 facias,

275 1893 420 1950 trem,
477 1883 632 1938 sicut
688 1880 944 1951 praecepit
984 1879 1078 1933 tibi
1122 1878 1383 1932 Dominus
1432 1874 1574 1930 Deus
1616 1881 1762 1937 tuus,
1809 1879 1865 1922 ut

271 1977 420 2048 longo
445 1979 606 2034 vivas
630 1987 902 2044 tempore.
930 1984 982 2028 et
1016 1973 1155 2028 bene
1177 1972 1248 2028 sit
1265 1970 1356 2026 tibi
1382 1971 1436 2026 itt
1456 1977 1680 2030 terram,
1703 1982 1862 2036 quant

273 2073 525 2128 Dominus
559 2071 708 2127 Deus
741 2082 864 2126 tuus
889 2069 1119 2125 daturus
1153 2073 1239 2123 cst
1267 2066 1384 2120 tibi.
1417 2063 1473 2135 16
1523 2059 1715 2131 Pura}
1747 2058 1862 2114 Non

268 2164 498 2221 occides.
539 2166 597 2234 Π
629 2162 723 2233 P.]
753 2161 939 2232 Neque
971 2157 1352 2217 matchaberis.
1391 2155 1445 2227 [8
1482 2153 1574 2224 P.’1
1611 2151 1862 2208 Furtum-

269 2272 363 2327 que
392 2273 500 2312 non
532 2257 728 2312 facies.
759 2254 814 2326 [.9
832 2251 926 2323 P.]
942 2250 1050 2308 Nec
1079 2249 1320 2321 loqueris
1342 2257 1529 2306 contra
1556 2245 1862 2317 proximum

271 2358 406 2404 tuum
453 2347 661 2404 falsum
696 2345 1092 2404 testimonium.
1128 2343 1218 2414 [to
1240 2341 1330 2412 P.]
1355 2339 1476 2396 Non
1504 2338 1865 2407 concupisces

269 2457 479 2498 uxorem
531 2441 773 2512 proximi
807 2441 917 2496 ttti.
951 2456 1057 2496 non
1087 2439 1330 2498 domum.
1378 2452 1485 2512 non
1511 2449 1724 2502 agrum,
1755 2448 1862 2488 non

267 2551 496 2598 servum,
533 2552 646 2590 non
693 2535 967 2600 ancillam,
1004 2549 1109 2588 ttnn
1149 2531 1367 2592 bnvetn,
1403 2543 1509 2582 non
1554 2526 1765 2582 asinum
1811 2534 1863 2578 ct

270 2629 506 2686 universa
534 2645 662 2700 qua:
704 2629 852 2684 illius
891 2634 1039 2684 sunt.
1072 2611 1164 2697 [(1.
1194 2621 1402 2692 XVIIH
1435 2621 1562 2678 Ilaec
1590 2620 1751 2677 verba
1785 2618 1864 2672 lo-

268 2733 412 2780 cutus
439 2733 522 2781 est
558 2725 824 2778 Dominus
848 2721 914 2778 ad
940 2734 1155 2776 omnem
1188 2713 1592 2771 multitudinem
1627 2719 1858 2768 vestram

269 2817 316 2871 in
342 2825 584 2874 montem
607 2815 676 2873 de
704 2814 886 2872 medio
914 2813 1057 2883 ignis
1077 2821 1128 2868 et
1156 2810 1335 2876 nubis,
1359 2816 1413 2863 et
1439 2804 1710 2877 caliginis,
1731 2819 1862 2858 voce

270 2925 471 2980 magna,
507 2909 651 2967 niltil
685 2909 894 2964 addens
922 2907 1182 2977 amplius,
1220 2913 1274 2959 et
1299 2901 1525 2976 scripsit
1553 2916 1616 2956 ea
1644 2901 1696 2955 itt
1727 2898 1862 2953 dna—

271 3004 363 3062 bus
401 3003 607 3062 tabulis
640 3003 892 3075 lapideis,
935 3015 1072 3072 quas
1105 2999 1322 3056 tradidit
1353 2995 1505 3052 mihi.
1545 2996 1652 3050 Vos
1679 3005 1860 3051 autem

273 3108 546 3169 postquam
577 3097 814 3155 audistis
840 3110 1033 3152 vocem
1064 3094 1137 3151 de
1183 3090 1362 3147 medio
1405 3089 1782 3150 tenebrarum,
1810 3094 1865 3142 et

1968 1888 2026 1937 et
2050 1880 2190 1937 bene
2218 1881 2286 1936 sit
2319 1879 2439 1946 tibi,
2463 1890 2517 1940 et
2560 1882 2938 1952 lttltltiplicel'is
2958 1883 3196 1954 amplius
3224 1883 3384 1953 (sicut
3413 1884 3571 1955 polli-

1968 1971 2113 2030 citus
2159 1981 2245 2028 est
2289 1972 2556 2037 Dominus
2609 1974 2752 2032 Deus
2794 1985 3006 2046 patrum
3037 1986 3253 2036 tuorum
3295 1974 3318 2014 δ
3354 1977 3474 2049 tibi)
3515 1977 3566 2034 in

1969 2074 2113 2122 terra
2147 2067 2287 2122 lacte
2309 2075 2362 2122 et
2394 2067 2558 2126 melle
2585 2078 2861 2124 manante.
2895 2068 2980 2140 |_T.
3013 2068 3076 2134 V,
3108 2068 3168 2124 C.
3202 2068 3371 2141 XIXJ
3399 2069 3563 2138 Audi,

1967 2158 2164 2216 Israel:
2192 2160 2450 2220 Dominus
2477 2161 2616 2216 Deus
2652 2172 2860 2231 noster,
2899 2174 2919 2201 ε
2953 2164 3094 2220 Deus
3126 2180 3264 2222 untts
3292 2165 3366 2238 [ιι.
3400 2166 3562 2234 Audi,

1965 2250 2152 2314 Israel,
2180 2251 2445 2306 Dominus
2479 2253 2620 2307 Deus
2649 2263 2858 2319 no~ter,
2893 2255 3152 2312 Dominus
3172 2256 3337 2328 unus]
3365 2266 3467 2314 est.
3501 2257 3569 2313 Et

1965 2341 2162 2413 diliges
2205 2343 2490 2402 Dominum
2542 2345 2712 2404 Deum
2767 2356 2916 2406 tuum
2970 2365 3034 2404 ex
3087 2359 3198 2408 tore
3243 2350 3410 2408 corde
3454 2359 3566 2418 ιιιο,

1967 2443 2021 2494 et
2069 2451 2136 2491 cx
2177 2446 2286 2492 tota
2331 2437 2509 2494 anima
2556 2449 2665 2504 tua,
2716 2451 2769 2496 et
2811 2457 2879 2495 ex
2947 2451 3056 2498 tota
3103 2442 3430 2502 fortitudine
3463 2453 3570 2498 tua.

1971 2526 2251 2596 Eruntque
2302 2529 2465 2586 verba
2521 2529 2670 2600 brec,
2718 2547 2840 2603 qua:
2886 2549 2985 2603 ego
3029 2535 3286 2606 praecipio
3341 2535 3434 2592 tibi
3471 2535 3570 2590 hn-

1967 2618 2092 2684 dic,
2151 2621 2203 2675 itt
2250 2621 2416 2678 eorde
2461 2632 2552 2680 tuo
2601 2641 2614 2678 :
2660 2635 2712 2680 et
2766 2627 3016 2682 narrabis
3047 2644 3108 2682 ea
3160 2628 3285 2684 ﬁliis
3339 2631 3468 2696 tuis,
3516 2640 3572 2686 et

1967 2711 2319 2770 mctlitabetis
2376 2711 2436 2786 ἀ,
2504 2715 2703 2772 sedens
2768 2718 2818 2771 in
2869 2718 3032 2776 domo
3083 2728 3203 2789 tua,
3274 2730 3329 2776 et
3377 2722 3570 2777 ambu-

1967 2805 2084 2860 lans
2112 2805 2166 2861 in
2192 2807 2408 2876 itinere,
2442 2807 2724 2866 dormiens
2749 2819 2911 2882 atque
2938 2827 3306 2886 consurgens.
3340 2815 3405 2872 Et
3432 2815 3568 2886 luga-

1967 2897 2049 2958 bis
2095 2913 2156 2954 ea
2193 2899 2346 2970 quasi
2399 2901 2613 2972 signum
2657 2902 2709 2960 iu
2761 2918 2923 2960 manu
2976 2890 3108 2974 tua,
3163 2915 3466 2981 eruntque,
3517 2919 3572 2964 ct

1968 2993 2335 3052 movebuntur
2380 2993 2523 3055 inter
2553 2996 2745 3073 oculos
2777 3005 2896 3054 tuas
2924 2996 3012 3072 [ιι.
3051 3008 3108 3054 ιιι
3152 2999 3366 3072 signum
3409 3016 3574 3072 super

1970 3101 2187 3142 manum
2215 3096 2380 3149 tuam.
2398 3097 2666 3158 eruntque
2686 3089 3018 3163 phylocteria
3041 3094 3182 3150 inter
3195 3095 3381 3152 oculos
3402 3093 3568 3164 tuos],

273 3201 494 3249 montem
555 3192 751 3250 ardere
791 3188 1029 3260 vidistis,
1075 3184 1384 3242 accessistis
1436 3182 1504 3238 ad
1537 3197 1622 3238 me
1667 3193 1858 3238 omnes
1884 3169 1930 3234 C
1963 3180 2278 3252 scribasque
2306 3198 2370 3240 ea
2395 3182 2448 3240 in
2476 3182 2660 3244 limine
2681 3193 2734 3240 et
2756 3185 2911 3242 ostiis
2937 3184 3132 3242 domus
3159 3185 3368 3260 tua![h.
3395 3203 3564 3259 super

273 3286 537 3359 principes
569 3286 831 3350 tribuum,
865 3292 921 3342 et
952 3281 1184 3351 majores
1212 3287 1364 3339 natu,
1404 3287 1567 3348 atque
1595 3274 1808 3330 dixistis
1839 3290 1852 3326 :

271 3377 399 3447 Ecce
418 3380 663 3436 ostendit
683 3378 839 3433 nobis
867 3376 1127 3434 Dominus
1147 3374 1291 3429 Deus
1309 3381 1496 3426 noster
1514 3368 1856 3442 majestatcm

271 3482 322 3529 et
363 3472 791 3545 magnitudinem
827 3485 1004 3526 suam.
1046 3466 1246 3522 VOCcm
1287 3464 1404 3538 ejus
1443 3462 1748 3519 audivimus
1789 3460 1857 3514 de

272 3564 434 3620 medio
482 3567 659 3638 ignis,
699 3574 754 3622 et
803 3561 1156 3634 probavimus
1194 3557 1358 3614 hodie
1401 3555 1566 3629 quod,
1601 3555 1858 3626 Itqucuto

277 3658 376 3716 Deo
397 3678 521 3717 cum
546 3659 793 3726 homine,
820 3657 1017 3714 vixerit
1041 3657 1223 3712 homo.
1252 3656 1361 3714 Cur
1385 3671 1513 3726 ergo
1539 3653 1855 3722 moriemur,

274 3761 324 3807 et
347 3753 635 3811 devm‘abit
659 3769 757 3808 nos
787 3752 926 3824 ignis
957 3749 1046 3808 hic
1079 3749 1380 3804 maximus?
1409 3749 1460 3802 Si
1493 3745 1638 3802 cnitn
1668 3744 1858 3804 audie-

275 3843 426 3902 rimus
453 3847 601 3904 ultra
653 3860 838 3903 vocem
895 3842 1104 3899 Domini
1145 3840 1238 3898 Dei
1289 3841 1482 3906 nostri,
1538 3840 1854 3908 moriemur.

273 3935 396 4002 Quid
426 3949 516 3996 est
547 3937 725 3994 omnis
753 3953 908 4004 caro,
956 3944 1014 3992 ut
1038 3935 1224 3991 audiat
1265 3948 1452 3988 vocent
1488 3932 1581 3988 Dei
1615 3934 1694 4004 [h.
1725 3932 1858 3998 Qua:

274 4034 348 4081 est
370 4030 550 4087 omnis
571 4044 702 4085 caro
729 4045 848 4101 qua:
875 4027 1080 4084 audivit
1104 4041 1292 4084 vocem
1332 4023 1571 4092 Dominil
1601 4023 1852 4089 viventis,

274 4122 350 4190 qui
379 4122 444 4179 de
476 4122 658 4180 medio
688 4123 826 4194 ignis
860 4121 1098 4192 loquitur
1129 4120 1264 4175 sicut
1297 4133 1394 4176 nos
1440 4115 1769 4184 audivimus,
1802 4124 1857 4172 et

278 4217 429 4282 possit
457 4215 680 4270 virere?
703 4213 782 4268 Tu
814 4214 988 4284 magis
1023 4212 1246 4279 accede,
1276 4221 1332 4266 et
1361 4210 1483 4264 audi
1517 4221 1709 4265 cuncta
1735 4224 1854 4279 quae

275 4302 456 4366 dixerit
507 4305 770 4363 Dominus
811 4305 952 4368 Dens
982 4316 1172 4360 noster
1214 4303 1307 4360 tibi
1354 4320 1366 4356 :
1417 4302 1766 4376 loquerisque
1787 4301 1853 4354 ad

276 4414 381 4468 nos,
418 4411 474 4459 et
507 4417 606 4457 nos
635 4399 923 4456 audientes
954 4385 1219 4456 faciemus
1245 4414 1329 4453 ea.
1366 4396 1447 4469 [C.
1496 4395 1667 4468 XIX]
1697 4395 1852 4463 Quod

275 4505 382 4548 cum
423 4493 674 4552 audisset
708 4492 987 4559 Dominus,
1037 4491 1114 4548 ait
1153 4490 1221 4546 ad
1266 4505 1386 4548 me:
1421 4488 1614 4546 Audivi
1662 4503 1851 4544 vocem

1963 3281 2145 3342 postes
2168 3273 2365 3330 domus
2396 3282 2523 3340 tum,
2555 3284 2610 3330 et
2640 3275 2690 3330 in
2716 3275 2897 3346 januis
2925 3276 3086 3349 tuis].
3118 3278 3363 3350 Cumque
3388 3280 3566 3336 intro-

1963 3365 2187 3422 duxerit
2218 3377 2269 3421 te
2304 3365 2562 3424 Dominus
2595 3367 2740 3424 Deus
2773 3378 2898 3424 tuns
2949 3370 3001 3426 itt
3055 3378 3279 3438 terram,
3337 3387 3434 3444 pro
3462 3387 3566 3444 qua

1955 3458 2168 3529 juravit
2202 3460 2440 3530 patrihus
2469 3462 2596 3532 tuis,
2652 3461 2943 3530 Abraham,
2986 3463 3156 3528 Isaac,
3198 3476 3250 3522 et
3291 3463 3481 3535 Jacob,
3515 3475 3571 3523 et

1962 3552 2174 3610 dederit
2203 3553 2294 3610 tibi
2326 3553 2572 3615 civitates
2608 3569 2834 3624 magnas
2861 3565 2911 3609 et
2967 3557 3225 3630 optimas,
3277 3573 3410 3628 quas
3455 3574 3567 3614 non

1961 3646 2267 3715 acdiﬁcasti,
2297 3647 2489 3704 domos
2517 3648 2706 3720 plenas
2732 3660 3051 3704 cunctarum
3076 3666 3266 3720 opum,
3292 3665 3425 3724 quas
3459 3666 3566 3708 non

1962 3741 2280 3800 exstruxisti
2303 3740 2321 3811 [
2342 3741 2388 3796 b.
2412 3755 2547 3812 quas
2570 3755 2675 3798 non
2692 3740 2927 3811 implesti
2946 3741 2986 3814 ],
3011 3740 3278 3800 ciSIernas
3305 3757 3440 3813 quas
3460 3759 3567 3798 non

1962 3835 2182 3900 fodisti,
2231 3837 2407 3891 vineta
2453 3847 2506 3890 ct
2553 3833 2776 3906 oliveta,
2827 3853 2948 3907 qua:
2999 3853 3108 3892 non
3159 3837 3461 3910 plantasti,
3517 3846 3573 3894 et

1962 3929 2290 3993 comederis,
2341 3939 2394 3984 et
2448 3938 2724 3986 saturatos
2757 3931 2928 3988 fueris
2956 3950 2966 3984 :
2997 3927 3132 3990 cave
3177 3932 3465 4004 diligenter
3505 3949 3573 3989 ne

1963 4021 2308 4078 obliviscaris
2330 4021 2573 4092 Domini,
2613 4024 2702 4095 qui
2735 4023 2923 4082 eduxit
2955 4037 3005 4082 te
3037 4025 3107 4082 de
3141 4036 3287 4084 terra
3315 4026 3572 4104 Egypti,

1963 4117 2031 4174 de
2060 4117 2224 4173 domo
2251 4118 2554 4175 servitutis.
2585 4115 2684 4192 [C.
2717 4118 2876 4192 ΧΧ.]
2904 4121 3191 4178 Dominum
3224 4121 3390 4178 Deum
3417 4129 3570 4178 tuum

1965 4212 2204 4279 timebis,
2235 4219 2292 4267 et
2315 4221 2336 4250 ε
2370 4213 2471 4282 ipsi
2499 4213 2731 4280 servies,
2784 4229 2847 4272 ac
2875 4231 2971 4283 per
2999 4232 3200 4274 nomen
3233 4215 3384 4273 illius
3421 4217 3572 4288 jura-

1963 4307 2066 4362 bis.
2097 4304 2179 4381 [C.
2215 4304 2386 4382 XXI.]
2405 4305 2520 4363 Non
2545 4306 2695 4364 ibitis
2717 4317 2835 4380 post
2856 4307 2988 4365 deos
3011 4309 3218 4366 alienos
3247 4318 3569 4366 cunctarum

1961 4399 2204 4471 gentium
2235 4414 2357 4471 qua:
2386 4399 2440 4454 in
2465 4399 2697 4480 circuitu
2729 4409 2912 4460 vestro
2941 4410 3101 4458 sunt:
3134 4401 3391 4474 quoniam
3426 4401 3569 4460 Deus

1963 4491 2270 4559 aemulator,
2304 4491 2568 4550 Dominus
2596 4492 2739 4550 Dens
2763 4501 2886 4550 tuus
2915 4493 2966 4548 in
3001 4493 3179 4554 medio
3204 4495 3570 4568 tuizncquan-

277 4586 552 4643 verborum
580 4585 765 4657 pepuli
792 4585 975 4655 Itujus,
1008 4600 1127 4657 qua:
1173 4583 1338 4640 locuti
1385 4592 1512 4642 sunt
1545 4581 1637 4640 tibi
1665 4600 1678 4636 :
1709 4581 1852 4638 bene
1886 4567 1933 4628 ί)
1960 4585 2030 4642 do
2077 4586 2343 4650 irascatur
2372 4583 2524 4642 furor
2557 4585 2768 4644 Domini
2803 4586 2899 4642 Dei
2937 4588 3012 4644 ttti
3056 4597 3246 4642 contra
3282 4599 3358 4654 te,
3392 4567 3448 4646 et
3474 4603 3572 4644 au-

275 4682 437 4734 omnia
475 4688 604 4736 sunt
636 4678 826 4732 locuti.
860 4679 994 4746 Quis
1025 4676 1116 4732 det
1151 4675 1312 4734 talcm
1345 4690 1440 4732 eos
1469 4674 1672 4730 habere
1700 4692 1852 4732 men-

276 4776 471 4835 tem,ut
502 4774 732 4830 timeant
762 4785 868 4842 tne,
903 4779 955 4824 et
978 4768 1284 4824 custodiant
1315 4767 1570 4826 universa
1599 4767 1854 4824 mandata

277 4877 378 4920 mea
423 4865 481 4924 in
526 4862 675 4918 omni
707 4874 948 4933 tempore
982 4861 1058 4934 [ιι.
1113 4863 1323 4917 cunctis
1365 4859 1600 4930 diebus],
1635 4867 1691 4913 ut
1720 4859 1858 4916 bene

277 4954 338 5010 sit
361 4959 461 5024 eis,
491 4967 548 5014 et
579 4958 702 5012 ﬁliis
727 4972 916 5014 eorum
945 4957 998 5012 in
1032 4954 1466 5026 sempiternum?
1499 4953 1665 5021 Vade,
1695 4963 1749 5009 et
1770 4955 1857 5012 dic

216 5074 218 5077 ·
280 5049 374 5106 eis:
397 5052 760 5110 Revertintini
805 5053 858 5107 itt
891 5052 1122 5108 tentoria
1165 5058 1361 5107 vestra.
1395 5049 1473 5104 Tu
1500 5064 1626 5106 vero
1660 5047 1748 5104 hic
1776 5059 1855 5105 sta

336 5174 356 5200 ⁸
372 5165 541 5230 Editi,
559 5180 680 5220 cunt
701 5163 909 5232 aliquot
930 5160 1322 5220 recentioribus
1353 5175 1484 5218 mss.
1512 5159 1718 5216 addunt
1741 5162 1855 5216 Iltl‘C

275 5237 418 5309 verba
451 5277 468 5306 ,
497 5251 613 5309 qua?
650 5234 893 5309 prwcepit
932 5234 1022 5288 tibi
1054 5232 1303 5309 Dominus
1339 5248 1356 5286 :
1388 5247 1606 5309 sensum
1642 5247 1855 5302 quoque

215 5332 219 5334 -
275 5302 723 5374 ejttsdein'vers'ns
761 5302 915 5358 aliter
942 5306 1289 5373 exprimunt:
1322 5303 1416 5358 sed
1447 5302 1652 5371 planior
1683 5314 1764 5374 est
1791 5319 1853 5358 ac

274 5373 545 5434 dilucidior
569 5379 624 5431 in
647 5376 870 5431 Conone
889 5387 945 5432 et
965 5377 1088 5430 aliis
1109 5389 1241 5430 mss.
1256 5375 1473 5442 optimae
1499 5384 1660 5429 notae.
1677 5373 1854 5432 Arabs

273 5445 535 5520 Interpres
560 5449 704 5505 favet
727 5449 1202 5520 lectioninostrte;
1233 5445 1396 5504 habet
1422 5445 1590 5513 enim,
1615 5445 1670 5502 in
1688 5447 1856 5518 regio-

273 5533 326 5573 ne
351 5518 590 5579 manante
617 5521 752 5577 lacte
776 5527 823 5576 et
852 5519 1022 5578 melle.
1051 5518 1228 5576 MART.

346 5594 613 5648 —Iterum
642 5591 762 5662 plus
791 5590 994 5646 habent
1023 5606 1155 5662 cum
1179 5589 1398 5662 Vulgata
1435 5589 1664 5662 lectione
1712 5603 1846 5644 mss.

274 5669 452 5727 nostri,
471 5660 686 5718 observo
701 5679 812 5733 qua:
841 5663 1081 5732 prwcepit
1097 5661 1189 5714 tibi
1205 5661 1478 5728 Dominus,
1505 5660 1712 5733 etbene,
1727 5669 1836 5716 etc.

333 5734 355 5772 δ
384 5736 614 5791 Utbittas
648 5731 747 5788 ms.
788 5735 921 5787 Deus
948 5744 1152 5802 patrum
1197 5743 1427 5798 tuorum,
1471 5733 1595 5784 dare
1626 5731 1714 5784 tibi
1742 5744 1840 5786 ter-

277 5816 370 5864 ram
391 5810 520 5866 lacte
548 5819 596 5861 et
637 5804 787 5864 melle
812 5815 1124 5862 tttanantetn.
1150 5803 1270 5860 Mox
1300 5803 1554 5872 Palatin.,
1583 5802 1842 5862 Dominus

1963 4674 2102 4734 ferat
2131 4686 2180 4732 te
2209 4677 2276 4732 de
2305 4675 2592 4746 superﬁcie
2623 4677 2920 4750 ωτι-3411.
2953 4678 3101 4746 XXI,
3135 4680 3196 4733 Ο.
3227 4678 3564 4752 ΧΧΙΙ.]Νοη

1964 4769 2200 4826 tentabis
2249 4768 2538 4828 Dominum
2594 4769 2758 4826 Deum
2814 4780 2991 4838 tuum,
3040 4771 3182 4828 sicut
3238 4773 3457 4834 tentasti
3514 4773 3566 4830 in

1963 4862 2083 4918 loco
2115 4858 2432 4916 tentalionis
2462 4859 2482 4933 [
2507 4860 2559 4916 h.
2587 4859 2702 4918 Non
2736 4863 3019 4920 tentabitis
3067 4864 3353 4922 Dominum
3397 4865 3566 4922 Deum

1961 4963 2224 5019 vestrum,
2282 4953 2425 5010 sicut
2471 4955 2722 5012 tentastis
2765 4957 2817 5014 in
2859 4955 3248 5014 tentatinnibus
3271 4955 3312 5032 ].
3337 4955 3564 5014 Custodi

1962 5054 2234 5119 prwcepta
2269 5045 2480 5104 Domini
2507 5047 2599 5104 Dei
2633 5049 2729 5114 tui,
2769 5064 2832 5106 ac
2863 5050 3173 5108 testimonia
3215 5059 3269 5107 et
3298 5065 3563 5108 caeremo-

1964 5177 2112 5290 putas
2145 5170 2246 5224 est,
2301 5175 2422 5230 pro,
2477 5160 2638 5227 Deus,
2675 5171 2808 5230 etc.,
2840 5164 3001 5232 juxta
3045 5163 3356 5226 soboliasta:
3396 5179 3573 5224 annos

1987 5246 2245 5288 alonan

1987 5246 2245 5288 attonem.

2042 5315 2061 5342 ο
2091 5303 2295 5382 Omnes
2333 5319 2466 5382 mss.
2504 5303 2799 5382 Dibliotum
2849 5305 3193 5382 codicesiita_
3222 5309 3427 5382 legunt,
3458 5323 3569 5363 uno

1963 5384 2193 5443 excepto
2220 5374 2554 5439 Corbeiensi,
2593 5392 2739 5430 num.
2775 5377 2826 5442 I,
2860 5378 2949 5448 qui
2984 5379 3128 5448 legit.
3155 5374 3410 5435 Doniiuus
3435 5395 3569 5436 unus

1962 5459 2060 5514 est,
2084 5449 2244 5522 juxta
2265 5448 2668 5522 annotationem
2693 5450 3049 5522 marginalem
3069 5449 3328 5509 Cononis.
3345 5453 3566 5522 equoin

1965 5518 2215 5576 eumdem
2245 5518 2488 5576 eodicem
2516 5520 2680 5576 multa
2709 5519 2930 5586 ﬂuxisse
2945 5522 3100 5579 nobis
3114 5532 3350 5582 constat.
3387 5518 3564 5585 alter.

2037 5588 2061 5625 ἀ
2105 5588 2322 5656 Vulgati
2357 5591 2480 5646 libri
2513 5591 2738 5658 addunt,
2773 5592 2824 5646 in.
2855 5594 2947 5646 eis.

2025 5673 2047 5701 ε
2085 5665 2158 5734 Ita
2206 5661 2388 5734 Conon
2421 5673 2475 5718 et
2503 5663 2835 5734 antiquiores
2886 5681 3014 5720 mss.
3047 5666 3281 5721 codices.
3315 5666 3418 5721 Alii
3475 5665 3569 5717 ba-

1950 5731 2250 5862 bentmipg
2271 5735 2373 5788 soli
2400 5737 2606 5801 servies,
2625 5731 2781 5804 iuxta
2805 5737 2946 5806 quod
2972 5739 3236 5806 scriptum
3269 5747 3345 5793 est
3376 5737 3565 5792 Matth.

1957 5819 2028 5862 tv.
2134 5841 2150 5862 .
2256 5821 2382 5862 Αιιτ.

1957 5819 2028 5873 tv,
2063 5810 2150 5862 to.
2194 5810 2382 5862 Mur.
