4098 6366
495 304 500 308 .
528 251 638 309 495

1517 251 1576 311 S.
1618 247 2000 310 IIIERONYMI
2040 244 2270 306 DIVINA
2314 247 2784 309 BIBLIOTIIECA.

3700 255 3793 314 ω.

531 371 672 435 nias,
704 383 839 442 quas
869 370 1127 442 praecepit
1153 371 1249 428 tibi
1275 388 1289 425 :
1315 378 1372 429 et
1390 369 1474 426 fac
1505 369 1647 442 quod
1679 369 1932 440 placitum
1964 375 2049 422 cst
2077 373 2133 421 et
2158 368 2210 428 Α
2240 379 2290 424 te
2333 384 2397 423 ac
2451 366 2836 439 multiplicahit
2866 366 3259 438 benedicelque
3289 366 3308 439 [
3334 366 3393 423 h.
3426 378 3483 424 et
3510 367 3686 440 diliget
3732 384 3794 440 lc,

529 461 730 518 bonum
757 463 808 517 in
836 473 1129 535 conspectu
1163 465 1396 532 Domini,
1421 474 1478 519 ut
1510 463 1644 518 bene
1673 461 1744 515 sit
1784 461 1877 516 tibi
1913 479 1924 514 :
1958 469 2010 514 et
2040 460 2124 513 in-

528 573 754 628 gressus
785 559 1062 630 possideas
1096 571 1297 617 terram
1351 560 1630 630 optimam,
1681 556 1748 613 de
1775 571 1883 628 qua
1925 556 2131 627 juravit

533 649 798 704 Dominus
829 651 1072 719 patribus
1125 653 1250 719 tuis,
1284 661 1342 707 ut
1369 650 1578 706 deleret
1627 665 1816 704 omnes
1879 648 2130 704 inimicos

533 750 657 799 tuos
684 758 866 800 coram
901 753 973 814 te,
1024 746 1165 800 sicut
1217 745 1431 800 loculus
1473 753 1575 800 est.
1604 744 1708 817 [Β.
1741 743 1909 798 XXII.
1943 742 1961 815 ]
1993 743 2127 798 Cum

533 834 954 908 interrogaverit
992 845 1044 890 te
1069 835 1212 891 filius
1243 845 1361 890 tuus
1397 850 1539 902 cras,
1571 835 1762 890 dicens
1794 834 1970 902 :Quid
2026 833 2128 889 sibi

532 928 722 985 volunt
747 930 1056 984 testimonia
1079 927 1216 997 haec,
1246 938 1302 985 et
1329 929 1694 994 caeremoniae,
1726 927 2126 999 atquejudicia,

531 1039 651 1093 qua:
681 1022 937 1094 praecepit
965 1022 1225 1078 Dominus
1258 1025 1399 1079 Deus
1431 1033 1618 1079 noster
1647 1021 1837 1079 vobis?
1870 1021 2024 1076 dices
2043 1021 2092 1074 ei
2116 1037 2129 1081 ε,

533 1117 690 1174 Servi
739 1133 956 1174 eramus
1003 1117 1307 1173 Pharaonis
1359 1119 1411 1173 in
1443 1117 1701 1188 Egypto,
1730 1126 1786 1172 et
1813 1116 2004 1172 eduxit
2035 1131 2133 1170 nos

532 1210 796 1265 Dominus
823 1210 889 1266 de
921 1209 1158 1280 [Egypto
1186 1211 1240 1265 in
1273 1225 1432 1264 manu
1467 1210 1593 1266 forti
1619 1227 1632 1262 :
1658 1207 1997 1279 fecitquejh.
2039 1206 2135 1263 de-

527 1301 740 1375 ditque]
773 1304 923 1374 signa
972 1312 1134 1373 atque
1179 1303 1427 1374 prodigia
1470 1317 1662 1373 magna
1691 1312 1745 1356 et
1793 1301 2030 1372 pessima
2079 1299 2132 1354 in

531 1394 768 1468 Egypto
785 1405 972 1452 contra
1005 1396 1372 1464 Pharaonem,
1395 1407 1449 1452 et
1471 1411 1688 1452 omnem
1717 1395 1937 1450 domum
1962 1393 2133 1459 illius,

529 1491 584 1548 in
640 1504 935 1563 conspectu
991 1492 1466 1566 nostro[h.ante
1513 1491 1704 1546 oculos
1752 1486 2025 1559 nostros],
2081 1494 2137 1541 et

531 1582 721 1640 eduxit
749 1599 852 1640 nos
884 1584 1032 1651 inde,
1063 1592 1125 1640 ut
1168 1583 1493 1640 introductis
1532 1582 1686 1638 daret
1711 1591 1935 1645 terram,
1968 1593 2136 1648 super

529 1692 632 1748 qua
657 1676 861 1747 juravit
894 1676 1140 1746 patribus
1172 1677 1397 1732 nostris.
1434 1675 1806 1745 Prtecepitque
1846 1672 2002 1728 nobis
2032 1671 2138 1726 Do-

2230 461 2536 528 bcnedicet,
2567 477 2630 516 ac
2661 459 3095 531 multiplicabit],
3133 459 3329 516 fructui
3382 461 3582 516 ventris
3627 464 3714 528 tui,
3754 474 3802 520 et

2231 557 2426 612 fructui
2455 566 2613 612 terrae
2663 566 2787 620 tuae,
2843 554 3116 611 frumento
3167 565 3280 622 tuo,
3313 567 3477 627 atque
3521 556 3802 626 vindemia),

2232 651 2378 717 oleo,
2433 660 2488 705 et
2534 647 2817 714 armentis,
2874 648 3126 720 gregibus
3174 649 3355 704 ovium
3407 658 3616 704 tuarum
3662 665 3806 720 super

2234 752 2460 810 terram,
2484 757 2582 812 pro
2613 756 2715 812 qua
2740 741 2941 811 juravit
2987 741 3223 810 latribus
3254 741 3382 808 tuis,
3417 752 3476 795 ut
3504 741 3655 796 daret
3701 759 3805 797 eam

2235 835 2353 890 tibi.
2391 833 2714 890 Benedictus
2744 834 2854 889 eris
2898 834 3039 890 inter
3086 847 3276 889 omnes
3304 833 3554 904 populos.
3585 831 3694 888 Non
3722 837 3812 890 erit

2235 929 2377 1000 apud
2402 941 2452 984 te
2475 928 2674 984 sterilis
2703 928 2984 998 utriusque
3034 943 3219 994 sexus,
3254 938 3361 982 tam
3417 928 3470 982 in
3525 925 3812 984 hominibus

2231 1038 2398 1092 quam
2429 1024 2481 1078 in
2510 1022 2763 1093 gregibus
2797 1022 2920 1076 tuis.
2954 1021 3175 1078 Auferet
3198 1023 3460 1077 Dominus
3490 1029 3590 1076 ate
3615 1035 3812 1076 onmem

2238 1117 2550 1189 languorem
2583 1138 2594 1173 :
2628 1128 2682 1174 et
2713 1115 3054 1172 infirmitates
3096 1116 3316 1189 IEgypti
3361 1117 3650 1186 pessimas,
3697 1132 3812 1186 quas

2240 1212 2460 1278 novisti,
2493 1225 2597 1265 non
2623 1210 2819 1266 inferet
2853 1209 2968 1277 libi,
3017 1209 3114 1266 sed
3155 1209 3364 1265 cunctis
3412 1209 3657 1264 hostibus
3701 1211 3815 1264 tuis.

2241 1304 2324 1378 [Ο.
2343 1303 2538 1375 XXV.]
2565 1303 2864 1360 Devorabis
2887 1317 3083 1358 omnes
3115 1303 3365 1372 populos,
3392 1317 3532 1373 quos
3578 1302 3820 1358 Dominus

2245 1401 2385 1456 Deus
2433 1410 2555 1454 tuus
2603 1397 2829 1453 daturus
2877 1407 2962 1453 est
3011 1398 3131 1454 tibi.
3163 1397 3280 1452 Non
3315 1397 3603 1468 parceteis
3651 1399 3821 1452 oculus

2243 1502 2389 1559 tuus,
2416 1507 2514 1549 nec
2529 1493 2735 1548 servies
2752 1490 2858 1547 diis
2877 1506 3094 1557 eorum,
3127 1508 3192 1546 ne
3211 1491 3323 1545 sint
3353 1490 3405 1545 in
3437 1490 3646 1544 ruinam
3665 1489 3822 1546 tui.Si

2243 1586 2445 1642 dixeris
2461 1585 2512 1641 in
2528 1585 2694 1640 corde
2719 1594 2810 1640 tuo
2830 1603 2840 1637 :
2861 1585 3051 1640 Plures
3066 1595 3190 1640 sunt
3205 1584 3523 1654 gentesista:
3539 1599 3696 1655 quam
3710 1599 3822 1654 ego,

2244 1680 2519 1752 quomodo
2539 1689 2728 1751 potero
2757 1680 2940 1736 delere
2957 1680 2973 1752 [
2992 1681 3042 1734 h.
3061 1679 3423 1751 ejicereleas?
3441 1678 3552 1733 noli
3577 1687 3822 1748 metuere,

529 1773 808 1841 minus,ut
838 1773 1100 1828 faciamus
1124 1773 1308 1828 omnia
1328 1769 1566 1842 legitima
1598 1769 1735 1837 haec,
1766 1777 1821 1824 et
1849 1768 2134 1823 timeamus
2165 1769 2212 1830 Β
2241 1773 2334 1829 sed
2365 1772 2655 1830 recordare
2681 1789 2798 1843 quae
2827 1772 3014 1827 fecerit
3046 1773 3304 1827 Dominus
3357 1771 3503 1826 Deus
3537 1783 3656 1825 ιυυε
3697 1770 3826 1825 mm.

532 1867 825 1924 Dominum
857 1868 1022 1924 Deum
1057 1876 1329 1936 nostrum,
1361 1877 1420 1921 ut
1457 1867 1595 1922 bene
1625 1864 1696 1920 sit
1727 1864 1885 1919 nobis
1923 1861 2136 1918 cunctis

530 1962 726 2019 diebus
753 1961 874 2018 vitte
902 1971 1124 2028 nostrae,
1173 1962 1317 2017 sicut
1346 1969 1432 2015 est
1461 1960 1644 2016 hodie.
1675 1959 1901 2028 Eritque
1957 1955 2134 2010 nostri

530 2057 862 2124 misericors,
917 2056 963 2112 si
1015 2054 1459 2120 custodierimus,
1509 2063 1565 2108 ct
1616 2052 1906 2109 fecerimus
1953 2049 2134 2104 omnia

529 2162 800 2222 praecepta
829 2149 946 2220 ejus
979 2147 1000 2222 [
1029 2149 1079 2204 h.
1115 2148 1264 2223 lure]
1295 2164 1480 2205 coram
1511 2148 1744 2204 Domino
1771 2148 1886 2203 Deo
1919 2155 2132 2212 nostro,

526 2243 670 2300 sicut
699 2244 979 2298 mandavit
1017 2243 1199 2299 nobis.

599 2335 618 2408 [
648 2335 710 2391 Β.
733 2334 924 2403 XXIII,
953 2335 1016 2391 C.
1049 2333 1243 2404 XXIII,
1269 2334 1398 2408 Cap.
1429 2333 1577 2406 VII.]
1603 2333 1735 2388 Cum
1770 2329 2135 2388 introduxerit

527 2437 582 2484 te
616 2429 873 2484 Dominus
901 2428 1048 2485 Deus
1080 2437 1203 2484 tuus
1232 2429 1284 2483 in
1311 2438 1534 2496 terram,
1566 2443 1727 2499 quam
1778 2440 2131 2499 possessurus

523 2522 850 2593 ingrederis,
909 2530 965 2579 et
1011 2522 1278 2579 deleverit
1330 2530 1522 2594 gentes
1569 2520 1770 2576 multas
1817 2535 2002 2574 coram
2055 2527 2128 2586 te,

522 2613 862 2685 Iletthaeum,
920 2625 976 2671 et
1021 2615 1394 2686 Gergezaeum,
1429 2623 1484 2669 et
1535 2611 1937 2677 Amorrhmum,
1988 2609 2131 2665 Cha-

526 2725 799 2777 nanaaum,
830 2719 885 2766 et
911 2709 1289 2774 Pherezreum,
1315 2718 1373 2765 et
1401 2708 1648 2772 Evmum,
1689 2716 1745 2763 et
1795 2706 2128 2769 Jebusmum,

521 2812 730 2876 septem
758 2815 950 2876 gentes
978 2802 1146 2858 multo
1178 2801 1402 2872 majoris
1433 2800 1646 2855 numeri
1676 2813 1840 2870 quam
1869 2805 1927 2852 tu
1958 2811 2042 2862 es,
2077 2805 2131 2851 et

519 2897 860 2952 robustiores
891 2905 944 2952 te
972 2914 986 2950 :
1014 2895 1407 2965 tradideritque
1428 2908 1523 2950 eas
1548 2893 1810 2947 Dominus
1837 2889 1979 2944 Deus
2006 2900 2130 2942 tuus

516 2993 640 3059 tibi,
659 2992 930 3062 percuties
955 3007 1048 3048 eas
1067 3005 1235 3062 usque
1266 2988 1332 3044 ad
1355 2989 1802 3044 internecionem.
1831 2985 1947 3040 Non
1969 2983 2129 3039 inibis

517 3101 641 3142 cum
672 3085 754 3141 eis
775 3084 968 3153 fmdus,
1003 3099 1102 3140 nec
1125 3081 1477 3139 misereberis
1500 3096 1711 3146 earum,
1744 3094 1921 3150 neque
1953 3078 2128 3132 socia-

2239 1866 2414 1933 raoni,
2447 1876 2496 1920 ct
2531 1867 2740 1921 cunctis
2761 1863 3053 1936 Egyptiis,
3108 1865 3292 1936 plagas
3326 1864 3340 1936 [
3372 1865 3426 1919 h.
3476 1863 3824 1935 tentationes]

2239 1960 2524 2024 maximas,
2549 1975 2684 2030 quas
2704 1959 2959 2016 viderunt
2981 1959 3124 2015 oculi
3154 1958 3253 2025 tui,
3279 1966 3332 2014 et
3360 1958 3512 2031 signa
3533 1968 3694 2029 atque
3716 1973 3828 2029 por-

2238 2062 2411 2122 tenta,
2445 2069 2773 2122 manumque
2801 2054 3101 2122 robustam,
3134 2065 3188 2110 et
3217 2063 3501 2110 extentum
3534 2055 3823 2121 brachium,

2239 2161 2294 2204 ut
2323 2149 2582 2204 educeret
2605 2158 2653 2204 te
2678 2148 2940 2204 Dominus
2974 2149 3115 2203 Deus
3145 2157 3286 2204 tuus.
3322 2148 3413 2204 Sic
3445 2147 3608 2204 faciet
3631 2149 3828 2204 cunctis

2239 2242 2476 2312 populis,
2506 2257 2642 2312 quos
2682 2241 2934 2313 metuis.|
2970 2242 3032 2296 Β.
3064 2241 3300 2299 XXVIII.
3335 2241 3355 2315 ]
3389 2243 3618 2314 Insuper
3639 2253 3689 2297 et
3717 2259 3828 2298 cra-

2238 2335 2435 2392 brones
2451 2336 2909 2392 mittetDominus
2935 2335 3080 2391 Deus
3101 2344 3225 2391 tuus
3241 2337 3292 2390 in
3325 2350 3446 2404 eos,
3468 2335 3641 2392 donec
3659 2336 3827 2392 deleat

2236 2446 2448 2495 omnes,
2495 2441 2656 2502 atque
2709 2430 2988 2502 disperdat
3037 2431 3126 2502 qui
3174 2441 3226 2486 te
3265 2430 3530 2502 fugerint,
3563 2439 3617 2485 et
3666 2433 3826 2487 latere

2236 2524 2530 2596 potuerint.
2562 2523 2676 2578 Non
2699 2525 2914 2580 timebis
2953 2539 3070 2591 eos,
3093 2525 3217 2595 quia
3241 2523 3505 2580 Dominus
3538 2524 3681 2580 Deus
3713 2532 3824 2580 tuus

2238 2619 2291 2674 in
2320 2620 2500 2677 medio
2534 2621 2610 2675 tui
2649 2631 2754 2676 est.
2789 2619 2872 2692 [Β.
2901 2619 3096 2676 XXIX.
3129 2619 3142 2690 ]
3175 2621 3316 2676 Deus
3343 2636 3574 2692 magnus
3600 2629 3653 2677 et
3679 2623 3824 2676 terri-

2236 2713 2361 2769 bilis
2396 2714 2547 2786 :ipse
2573 2725 2861 2771 consumet
2887 2716 3138 2771 nationes
3191 2715 3289 2770 has
3316 2714 3370 2770 in
3419 2724 3715 2786 conspectu
3740 2725 3824 2771 tuo

2235 2807 2495 2878 paulatim
2529 2817 2691 2880 atque
2733 2823 2828 2879 per
2875 2817 3072 2878 partes.
3119 2807 3236 2864 Non
3269 2807 3476 2878 poteris
3515 2808 3700 2863 delere
3737 2823 3823 2863 eas

2236 2901 2442 2969 pariter
2473 2919 2486 2954 :
2514 2916 2581 2955 ne
2632 2899 2774 2956 forte
2819 2900 3251 2971 multiplicemur
3292 2909 3485 2956 contra
3546 2912 3596 2956 te
3645 2899 3822 2956 bestia:

2236 3002 2395 3048 terra:
2425 2992 2512 3065 [h.
2535 2993 2647 3064 agri
2671 2992 2710 3064 ].
2756 2993 3020 3062 Dabitque
3049 3008 3144 3049 eos
3203 2995 3468 3049 Dominus
3515 2994 3656 3061 Deus
3706 3004 3821 3050 tuus

2235 3085 2287 3140 in
2315 3096 2608 3156 conspectu
2629 3097 2741 3154 tuo,
2758 3097 2813 3144 et
2838 3089 3125 3145 interﬁciet
3145 3089 3268 3145 illos
3289 3089 3467 3145 donec
3502 3092 3714 3161 penitus
3734 3090 3821 3145 de-

516 3176 602 3233 his
628 3192 749 3234 cum
781 3179 860 3233 eis
904 3175 1179 3248 00"lugia-
1210 3174 1229 3248 [
1259 3175 1320 3229 Β·
1359 3171 1590 3244 xxw-l
1620 3172 1813 3228 Filiam
1846 3181 1990 3226 ιιιδηί
2015 3185 2122 3225 "On
2153 3168 2197 3232 C
2232 3181 2465 3237 leantur.
2500 3183 2698 3239 Tradet
2734 3199 2890 3254 reges
2920 3199 3107 3239 eorum
3161 3185 3212 3239 in
3242 3201 3431 3240 manus
3464 3195 3606 3253 tuas,
3639 3194 3691 3240 et
3714 3184 3819 3238 dis-

525 3272 683 3329 dabis
713 3272 825 3327 lilio
856 3272 997 3344 ejus,
1051 3285 1152 3327 nec
1180 3270 1345 3325 filiam
1397 3268 1538 3324 illius
1578 3269 1813 3341 accipies
1842 3268 1954 3323 lilio
1986 3276 2076 3323 tuo
2107 3292 2118 3322 ς

516 3366 641 3439 quia
693 3367 917 3424 seducet
967 3366 1136 3421 lilium
1197 3373 1375 3432 tuum,
1433 3379 1498 3418 ne
1529 3375 1790 3434 sequatur
1817 3379 1926 3429 me,
1975 3369 2029 3417 et
2065 3370 2123 3416 ut

518 3462 690 3533 magis
717 3462 920 3517 serviat
948 3460 1052 3516 diis
1083 3460 1297 3516 alienis.
1326 3458 1708 3530 Irasceturque
1739 3458 1890 3514 furor
1937 3459 2114 3514 Domi-

518 3559 593 3626 ni,
622 3567 677 3613 et
697 3557 904 3613 delebit
957 3566 1009 3613 te
1053 3555 1188 3612 cito.
1222 3556 1325 3627 [Β.
1351 3554 1521 3611 XXV.
1555 3554 1573 3627 ]
1602 3555 1740 3624 Quin
1785 3557 1964 3626 potius
2005 3555 2121 3612 hare

517 3653 727 3708 facietis
743 3651 824 3707 eis
857 3667 870 3704 :
906 3652 1042 3706 Aras
1069 3666 1258 3706 eorum
1303 3648 1630 3716 subvertite,
1661 3649 1987 3721 confringite
2011 3660 2120 3706 sta-

515 3755 660 3814 tuas,
696 3745 955 3816 lucosque
1010 3745 1298 3810 succidite,
1345 3754 1402 3800 et
1455 3744 1727 3813 sculptilia
1787 3743 2116 3800 comburite.

516 3841 654 3908 Quia
679 3839 912 3911 populus
931 3849 1155 3896 sanctus
1180 3854 1240 3894 es
1281 3837 1514 3894 Domino
1545 3838 1658 3895 Deo
1691 3846 1802 3892 tuo.
1837 3838 1914 3893 'l‘e
1955 3839 2121 3910 elegit

516 3931 775 3989 Dominus
810 3933 948 3988 Deus
991 3943 1138 4000 tuus,
1170 3940 1226 3988 ut
1250 3931 1325 3987 sis
1357 3933 1403 3987 ei
1449 3931 1684 4004 populus
1715 3930 2005 4002 peculiaris
2049 3933 2118 3989 de

515 4027 726 4083 cunctis
759 4025 998 4098 populis,
1026 4026 1117 4097 qui
1145 4033 1272 4081 sunt
1322 4040 1484 4096 super
1512 4034 1730 4082 terram.
1759 4025 1850 4098 [Β.
1880 4025 2071 4082 XXVI.
2097 4026 2114 4099 ]

515 4119 634 4176 Non
662 4119 786 4192 quia
832 4131 1059 4176 cunctas
1106 4127 1298 4190 gentes
1348 4133 1576 4174 numero
1601 4119 1929 4188 vincebatis,
1962 4118 2115 4175 vobis

508 4213 732 4286 junctus
781 4223 866 4271 est
916 4212 1202 4283 Dominus,
1251 4223 1306 4268 et
1335 4211 1499 4282 elegit
1543 4227 1661 4279 vos,
1708 4227 1830 4267 cum
1863 4212 2114 4267 omnibus

510 4307 630 4363 sitis
660 4305 874 4378 populis
902 4305 1226 4376 pauciores:
1257 4304 1352 4361 sed
1403 4303 1522 4376 quia
1556 4304 1748 4360 dilexit
1799 4320 1896 4359 vos
1929 4304 2114 4360 Domi-

510 4413 642 4469 nus,
701 4407 754 4454 et
796 4397 1090 4455 custodivit
1131 4397 1524 4468 juramentum,
1577 4397 1721 4467 quod
1771 4397 1982 4467 .juravit
2020 4413 2114 4468 pa-

512 4494 688 4552 tribus
719 4496 917 4550 vestris
949 4511 960 4548 :
993 4492 1288 4564 eduxitque
1340 4506 1438 4548 vos
1468 4492 1524 4547 in
1551 4507 1710 4546 manu
1763 4491 1909 4558 forti,
1944 4503 1997 4548 et
2027 4509 2112 4548 rc-

2231 3275 2422 3346 perdes
2470 3277 2686 3332 nomina
2736 3293 2926 3334 eorum
2995 3279 3096 3335 sub
3145 3280 3284 3336 C(BIO
3328 3297 3341 3333 :
3394 3279 3579 3334 nullus
3631 3279 3820 3348 poterit

2228 3373 2484 3428 resistere
2509 3372 2602 3428 tibi
2637 3372 2732 3445 [h.
2756 3373 2808 3427 in
2843 3383 3140 3444 conspectu
3170 3374 3312 3445 tuo],
3341 3373 3523 3429 donec
3574 3383 3818 3429 conteras

2227 3482 2342 3522 eos.
2401 3467 2686 3539 Sculptilia
2735 3468 3034 3540 eorttmlh.
3093 3468 3376 3538 Sculptilia
3423 3467 3669 3539 deorum]
3700 3468 3818 3537 igne

2225 3561 2514 3616 combures
2543 3561 2562 3632 [
2585 3560 2644 3614 Β.
2669 3560 2840 3616 XXX.
2867 3561 2885 3632 ]
2912 3559 3027 3617 Non
3058 3563 3414 3631 concupisces
3460 3571 3742 3632 argentum
3767 3568 3818 3614 et

2224 3669 2438 3723 aurum,
2472 3653 2541 3710 de
2569 3655 2766 3726 quibus
2797 3654 2934 3709 facta
2967 3665 3108 3720 sunt,
3146 3671 3323 3727 neque
3371 3670 3622 3710 assumes
3649 3669 3710 3708 ex
3739 3651 3816 3708 eis

2226 3748 2322 3805 tibi
2353 3748 2668 3821 quidquam,
2707 3765 2772 3804 ne
2799 3748 3070 3815 offendas,
3111 3760 3397 3820 propterea
3449 3749 3575 3821 quia
3616 3747 3817 3803 abomi-

2224 3844 2370 3898 natio
2401 3853 2486 3899 est
2509 3842 2722 3898 Domini
2755 3842 2848 3898 Dei
2882 3845 2979 3900 tui.
3009 3843 3122 3898 Nec
3173 3841 3375 3900 inferes
3425 3843 3703 3914 quidpiam
3751 3856 3813 3896 ex

2223 3937 2436 3994 idoloin
2467 3937 2686 3993 domum
2719 3947 2888 4005 tuam,
2920 3953 2988 3992 ne
3023 3937 3120 3992 fias
3142 3937 3458 4002 anathema,
3503 3937 3643 3991 sicut
3690 3932 3812 3988 illud

2223 4041 2324 4086 est.
2351 4032 2514 4100 Quasi
2539 4032 2854 4102 Spureitiam
2879 4030 3264 4095 detestaberis,
3301 4038 3356 4086 et
3381 4029 3533 4085 velut
3575 4028 3815 4098 inquina-

2222 4136 2464 4184 mentum
2490 4141 2554 4182 ac
2581 4125 2774 4182 sordes
2820 4125 3212 4182 abominationi
3252 4123 3502 4192 habebis,
3535 4125 3657 4195 quia
3687 4136 3812 4177 ana-

2221 4219 2403 4384 mi";
2427 4228 2622 4378 XSXXI,
2646 4310 2709 4368 Ο.
2734 4310 2923 4379 XXVI,
2950 4310 3081 4382 Cap.
3100 4309 3455 4382 Vlll.]0mne
3477 4308 3808 4373 mandatum,

2219 4407 2362 4479 quod
2393 4423 2495 4478 ego
2526 4407 2787 4478 prmcipio
2815 4407 2907 4462 tibi
2933 4405 3118 4470 hodie,
3148 4421 3278 4461 cave
3322 4405 3615 4476 diligenter
3644 4413 3700 4460 ut
3731 4403 3809 4455 fa-

2218 4499 2351 4569 cias,
2370 4507 2427 4554 ut
2450 4500 2670 4570 possitis
2689 4497 2900 4566 vivere,
2923 4507 2977 4554 et
2996 4497 3452 4569 multipliccmini,
3478 4497 3810 4571 ingressique

507 4585 677 4642 demit
702 4586 772 4642 de
801 4585 966 4641 domo
997 4583 1301 4651 servitutis,
1324 4582 1392 4639 de
1415 4597 1580 4638 manu
1624 4582 1922 4639 Pharaonis
1966 4584 2110 4655 regis
2137 4573 2193 4635 D
2219 4592 2545 4662 possidealis
2585 4601 2787 4648 ten-am
2834 4607 2930 4661 ρτο
2964 4607 3070 4662 qua
3099 4591 3303 4662 iuravi;
3335 4591 3596 4646 Dominus
3645 4587 3808 4660 paui-

506 4678 751 4752 A‘Igypti.
784 4677 849 4734 Et
880 4677 1040 4747 scies,
1067 4678 1193 4748 quia
1226 4675 1487 4732 Dominus
1512 4675 1654 4732 Deus
1705 4684 1848 4744 tuus,
1881 4678 1996 4747 ipse
2025 4687 2108 4734 est

508 4771 652 4828 Deus
674 4772 827 4828 fortis
850 4780 905 4828 et
925 4770 1118 4838 fidelis,
1135 4769 1450 4826 custodiens
1475 4780 1690 4840 pactum
1715 4779 1770 4825 et
1794 4769 2106 4828 misericor-

503 4863 648 4919 diam
679 4865 1033 4936 diligentibus
1062 4877 1144 4931 se,
1176 4871 1233 4920 et
1259 4861 1344 4918 his
1372 4863 1464 4935 qui
1495 4862 1816 4918 custodiunt
1837 4873 2105 4934 pnecepta

505 4954 642 5026 ejus,
675 4956 727 5010 in
756 4956 905 5010 mille
925 4957 1329 5026 generationes,
1355 4964 1412 5010 et
1441 4955 1676 5011 reddens
1706 4955 2018 5012 odientibus
2045 4972 2104 5013 se

502 5050 710 5115 statim,
741 5048 814 5103 ita
843 5055 903 5102 ut
949 5048 1232 5119 disperdat
1258 5063 1377 5115 eos,
1408 5057 1460 5104 et
1513 5048 1662 5103 ultra
1705 5063 1809 5104 non
1866 5048 2103 5117 differat,

501 5144 752 5215 protinus
775 5142 858 5199 eis
887 5127 1182 5198 restituens
1224 5141 1369 5213 quod
1400 5153 1699 5199 merentur.
1729 5143 1746 5216 [
1776 5143 1834 5198 Β.
1858 5142 2062 5199 XXVII
2086 5187 2100 5213 ,

500 5235 563 5294 C.
614 5233 800 5293 XXIV.
829 5233 1095 5307 ]Custodi
1135 5249 1266 5307 ergo
1318 5248 1588 5307 prmeepta
1639 5245 1694 5292 et
1749 5235 2105 5292 cteremonias

501 5342 666 5402 atque
689 5328 914 5401 judicia,
948 5343 1070 5399 quso
1095 5343 1196 5399 ego
1222 5328 1420 5384 mando
1449 5330 1542 5385 tibi
1564 5329 1727 5387 hodie
1750 5342 1807 5387 ut
1831 5331 2020 5388 facias.
2044 5330 2102 5389 Si

499 5433 785 5496 postquam
813 5419 1056 5477 audieris
1105 5424 1222 5476 base
1275 5420 1505 5491 judicia,
1557 5423 1882 5481 custodieris
1909 5441 1993 5493 ea,
2049 5435 2104 5482 et

496 5513 719 5583 feceris,
741 5511 1015 5571 custodiet
1039 5519 1096 5566 et
1127 5510 1392 5568 Dominus
1415 5512 1557 5570 Deus
1581 5523 1701 5571 tuus
1734 5516 1828 5571 tibi
1860 5526 2096 5586 pactum,

495 5605 990 5669 etmisericordiam
1015 5619 1175 5678 quam
1193 5602 1394 5674 juravit
1413 5607 1662 5676 patribus
1693 5610 1818 5680 tuis,
1843 5618 1898 5668 et
1915 5609 2102 5684 diliget

501 5837 537 5866 ι
576 5792 604 5822 ι
635 5792 731 5848 tlic
768 5803 984 5862 quoque
1033 5786 1393 5862 lcgunt_editi
1420 5789 1508 5862 jac
1553 5803 1686 5846 mss.
1731 5791 1938 5866 aliquot
1981 5793 2106 5852 libri

2217 4683 2318 4740 bus
2345 4687 2557 4740 vestris.
2595 4685 2653 4740 Et
2679 4685 3056 4741 recordaberis
3086 4685 3264 4740 cuncti
3290 4684 3524 4748 itineris,
3547 4698 3644 4753 per
3669 4679 3804 4752 quod

2215 4777 2444 4834 adduxit
2473 4785 2525 4832 te
2554 4777 2813 4832 Dominus
2835 4776 2983 4831 Deus
3013 4787 3135 4831 tuus
3160 4774 3513 4846 quadraginta
3543 4772 3722 4843 annisl
3751 4770 3798 4824 h.

2214 4887 2344 4929 ecce
2373 4872 2728 4944 quadraginta
2754 4870 2943 4942 annis]
2975 4887 3070 4942 per
3113 4871 3410 4939 desertum,
3458 4879 3518 4926 ut
3547 4867 3806 4940 affligeret

2214 4974 2266 5020 te
2295 4974 2458 5035 atque
2486 4973 2742 5031 tentaret,
2774 4971 2829 5018 et
2877 4973 3004 5018 nota
3033 4963 3226 5020 fierent
3268 4979 3388 5034 quae
3419 4963 3473 5018 in
3503 4973 3598 5018 tuo
3627 4961 3804 5016 animo

2213 5059 2598 5127 versabantur,
2651 5067 2829 5113 utrum
2867 5056 3175 5114 custodires
3217 5056 3471 5112 mandata
3524 5056 3690 5121 illius,
3736 5069 3801 5107 an

2212 5169 2340 5206 non.
2369 5151 2464 5224 [Β.
2504 5150 2718 5206 XXXII.
2746 5150 2765 5222 ]
2797 5149 3005 5206 Amisit
3051 5159 3103 5206 te
3155 5151 3378 5221 penuria
3413 5149 3722 5221 [h.Afllixil
3752 5156 3802 5201 te

2210 5255 2264 5303 et
2293 5247 2492 5301 esurire
2533 5254 2583 5301 te
2615 5243 2798 5318 fecit],
2827 5253 2883 5302 et
2903 5245 3057 5301 dedit
3086 5244 3178 5302 tibi
3204 5244 3383 5300 cibum
3409 5259 3627 5313 manna,
3661 5239 3800 5313 quod

2207 5339 2500 5412 ignorabas
2545 5351 2602 5395 tu
2637 5381 2651 5407 ,
2711 5348 2767 5396 et
2809 5350 2995 5411 patres
3051 5340 3127 5395 tui
3184 5358 3197 5394 :
3251 5350 3309 5396 ut
3352 5338 3670 5396 ostenderet
3710 5333 3798 5392 tibi

2208 5432 2354 5505 quod
2391 5448 2496 5488 non
2527 5433 2580 5488 in
2613 5433 2731 5489 solo
2755 5448 2894 5504 pane
2923 5432 3069 5488 vivat
3092 5433 3276 5500 homo,
3307 5432 3402 5488 sed
3427 5432 3480 5487 in
3498 5432 3647 5487 omni
3675 5443 3796 5484 ver-

2207 5525 2280 5582 bo
2336 5525 2480 5598 quod
2512 5519 2788 5598 egréditur
2814 5543 2880 5583 ex
2935 5543 3032 5583 ore
3057 5535 3084 5564 ⁸
3107 5526 3343 5583 Domini.
3374 5525 3392 5599 [
3419 5526 3480 5581 Β.
3521 5520 3795 5591 XXXIII.]

2216 5618 2610 5678 Vestimentum
2638 5630 2808 5691 tuum,
2835 5635 2942 5691 quo
2961 5619 3321 5692 operiebaris,
3349 5633 3684 5689 nequaquam
3713 5629 3798 5672 ve-

2211 5796 2365 5868 juxta
2394 5799 2537 5870 quod
2569 5800 2829 5872 scriptum
2863 5801 3138 5873 reperitur
3162 5800 3399 5858 Matthxi
3434 5807 3624 5873 quarto
3649 5795 3792 5869 capi‘
