4098 6366
286 300 405 357 623

1568 298 1785 356 LIBER'
1811 296 2354 357 DEUTERONOMII.

3478 304 3583 361 426
3647 333 3655 342 ·

288 428 500 475 tustate
548 419 765 487 defecit,
798 429 853 477 et
880 433 976 492 pes
1028 427 1151 477 tuus
1195 435 1300 477 non
1359 429 1443 477 est
1490 422 1776 487 subtritus,
1825 440 1891 479 en
1920 428 2122 488 Aante
2147 422 2334 476 faciem
2367 428 2510 475 tuam
2556 418 2838 487 velociter,
2886 418 3027 474 sicut
3078 419 3288 475 locutus
3337 427 3423 475 est
3467 422 3585 477 tibi.

286 513 742 583 quadragesimus
772 529 955 569 annus
986 524 1088 571 est.
1124 515 1194 570 Ut
1220 514 1487 585 recogites
1517 515 1569 571 in
1593 516 1758 571 corde
1781 525 1889 581 tuo,

284 608 417 677 quia
448 607 587 661 sicut
619 607 797 663 erudit
846 607 1010 663 homo
1066 608 1234 663 filium
1282 622 1462 675 suum,
1522 608 1604 664 sic
1637 609 1895 665 Dominus

285 696 441 753 Deus
488 708 614 754 tuus
647 700 881 756 erudivit
910 709 984 769 te,
1029 710 1085 755 ut
1112 701 1388 757 custodias
1432 702 1679 757 mandata
1717 701 1897 757 Domi-

286 789 349 844 ni
380 789 475 845 Dei
508 788 607 853 tui,
641 799 697 845 et
730 790 978 847 ambules
1009 790 1067 847 in
1111 792 1217 847 viis
1242 794 1381 861 ejus,
1411 802 1467 849 et
1506 794 1699 849 timeas
1744 808 1891 849 eum.

287 882 556 938 Dominus
585 884 733 939 enim
790 884 930 941 Deus
960 894 1086 941 tuus
1142 885 1451 941 introducct
1483 895 1535 941 te
1587 888 1641 941 in
1691 897 1891 943 terram

286 974 519 1041 bonam,
543 984 747 1032 terram
776 978 1013 1034 rivorum
1034 977 1119 1050 [h.
1155 977 1496 1051 torrentium]
1526 994 1894 1050 aquarumque

288 1079 351 1126 et
396 1069 626 1126 fontium
655 1088 669 1125 :
701 1071 754 1125 in
785 1071 936 1142 cujus
966 1072 1174 1142 eampis
1200 1081 1255 1127 et
1288 1072 1560 1127 montibus
1602 1081 1896 1142 erumpunt

291 1161 583 1218 ﬂuviorum
616 1164 799 1235 abyssi
834 1173 1075 1220 :terram
1122 1165 1402 1229 frumenti,
1459 1164 1672 1231 hordei,
1726 1180 1790 1221 ac
1817 1166 1893 1221 vi-

292 1267 547 1320 nearum,
587 1256 638 1309 in
691 1270 795 1325 qua
847 1255 1006 1321 ficus,
1056 1264 1113 1311 et
1142 1256 1279 1311 mala
1313 1266 1558 1326 grauata,
1610 1266 1665 1311 et
1694 1256 1892 1311 oliveta

293 1361 631 1405 nascuntur:
667 1359 871 1405 terram
917 1351 1023 1406 olei
1078 1366 1142 1407 ac
1193 1351 1394 1406 mellis.
1422 1351 1524 1407 Ubi
1555 1352 1760 1422 absque
1784 1352 1893 1405 ulla

294 1444 525 1511 penuria
542 1440 559 1513 [
578 1441 631 1496 h.
650 1449 892 1513 egestate
908 1442 924 1513 ]
938 1442 1192 1499 comedes
1220 1458 1412 1513 panem
1442 1453 1611 1510 tuum,
1631 1453 1685 1498 et
1711 1458 1891 1498 rerum

293 1535 533 1588 omnium
558 1533 892 1589 abundantia
915 1534 1242 1605 perfrueris;
1269 1534 1424 1605 cujus
1456 1534 1663 1605 lapides
1688 1534 1890 1590 ferrum

291 1636 441 1692 sunt,
474 1636 529 1681 et
578 1625 646 1681 de
695 1625 971 1681 montibus
1001 1626 1119 1695 ejus
1160 1628 1285 1681 teris
1314 1627 1535 1682 metalla
1568 1625 1845 1682 fodiuntur
1877 1644 1890 1680 :

291 1727 353 1773 ut
378 1732 502 1772 cum
534 1718 843 1774 comederis
875 1728 929 1773 et
958 1718 1187 1773 satiatus
1219 1718 1406 1787 fueris,
1451 1718 1741 1774 benedieas
1789 1719 1894 1773 Do-

1999 514 2102 587 [Β.
2129 514 2370 582 XXXVI,
2403 512 2463 568 C.
2495 511 2664 567 XXX.
2696 511 2717 585 ]
2747 511 2824 567 Nc
2873 511 3023 568 dicas
3056 513 3106 567 in
3136 513 3301 569 corde
3329 523 3439 577 tuo.
3465 531 3586 570 cum

1998 608 2263 664 deleverit
2291 622 2386 662 eos
2422 606 2685 661 Dominus
2726 606 2869 661 Deus
2916 614 3041 661 tuus
3094 606 3148 661 in
3179 617 3472 676 conspectu
3496 618 3587 663 tuo

1998 698 2167 771 [cum
2213 699 2478 768 expulerit
2524 711 2619 753 eos
2651 697 2909 752 Dominus
2939 697 3077 753 Deus
3133 707 3258 753 tuus
3306 710 3433 754 ante
3455 714 3588 755 con-

1997 805 2241 861 spectum
2277 791 2463 862 tuum]
2496 809 2509 847 :
2538 790 2764 860 Propter
2788 790 3052 856 justitiam
3083 804 3258 845 meam
3289 791 3589 848 introduxit

1998 902 2085 942 me
2107 886 2367 941 Dominus
2395 893 2451 939 ut
2473 892 2674 941 terram
2693 883 2832 939 hanc
2845 884 3200 953 possiderem,
3222 901 3343 940 cum
3371 896 3591 955 propter

1994 978 2299 1049 impietates
2320 992 2448 1033 suas
2472 976 2588 1032 ista:
2609 976 2801 1032 deletae
2822 976 2932 1031 sint
2948 977 3213 1033 nationes.
3232 977 3415 1048 Neque
3442 978 3589 1035 enim

1995 1076 2219 1138 propter
2249 1067 2487 1139 justitias
2517 1075 2657 1133 tuas,
2706 1076 2760 1122 et
2803 1066 3111 1138 aequitatem
3142 1067 3327 1123 cordis
3374 1069 3474 1135 tui,
3506 1070 3589 1123 in-

1993 1160 2239 1231 grederis
2283 1171 2341 1215 ut
2389 1160 2669 1229 possideas
2715 1168 2886 1215 terras
2935 1172 3121 1216 earum
3155 1180 3168 1217 :
3203 1162 3300 1218 sed
3329 1163 3455 1233 quia
3484 1163 3589 1217 illae

1995 1264 2223 1325 egerunt
2248 1253 2433 1323 impie,
2450 1253 2764 1309 introeunte
2782 1261 2856 1315 te.
2882 1254 3076 1309 deletae
3104 1263 3255 1310 sunt:
3274 1262 3329 1308 et
3354 1263 3415 1309 ut
3439 1270 3589 1310 com-

1994 1346 2169 1416 pleret
2198 1346 2422 1402 verbum
2452 1361 2607 1401 suum
2638 1346 2917 1412 Dominus,
2948 1347 3088 1416 quod
3146 1348 3249 1402 sub
3274 1350 3590 1416 juramento

1995 1441 2273 1510 pollicitus
2293 1449 2377 1495 est
2402 1440 2646 1511 patribus
2668 1442 2789 1509 tuis,
2822 1440 3123 1509 Abraham,
3150 1442 3301 1497 Isaae
3324 1453 3376 1497 et
3394 1444 3587 1498 Iacob.

1995 1533 2143 1590 Scito
2173 1534 2334 1605 igitur
2366 1533 2509 1603 quod
2538 1548 2643 1588 non
2668 1542 2893 1604 propter
2913 1534 3154 1603 justitias
3180 1543 3298 1590 tuas
3326 1536 3589 1592 Dominus

1997 1625 2139 1680 Deus
2165 1635 2289 1681 tuus
2314 1626 2528 1681 dederit
2559 1626 2655 1681 tibi
2683 1636 2883 1682 terram
2923 1626 3065 1683 hanc
3094 1628 3352 1698 optimam
3386 1630 3438 1684 in
3467 1644 3594 1699 pos-

1996 1718 2324 1789 sessionem,
2357 1734 2479 1774 cum
2510 1719 2821 1775 durissimae
2842 1720 3072 1775 cervicis
3092 1721 3169 1776 sis
3194 1722 3446 1791 populus.
3482 1722 3499 1793 [
3529 1723 3591 1778 C.

292 1812 442 1865 mino
487 1811 599 1865 Deo
649 1817 740 1866 tuo
773 1826 870 1879 pro
918 1820 1062 1865 terra
1116 1811 1343 1881 optima,
1390 1826 1554 1881 quam
1584 1810 1737 1866 dedit
1775 1810 1892 1866 tibi.
1926 1810 1973 1872 B
2000 1810 2535 1881 XXXI.]Memento,
2565 1822 2618 1867 et
2644 1826 2711 1867 ne
2729 1812 3090 1877 obliviscaris,
3120 1813 3596 1883 quomodoadira-

302 1901 400 1974 [Β.
434 1901 679 1969 XXXIV,
723 1901 784 1957 C.
816 1901 1070 1975 XXVI|.]
1094 1903 1338 1959 Observa
1368 1913 1424 1959 et
1451 1920 1582 1960 eave
1611 1904 1896 1975 nequando

296 1994 638 2050 obliviscaris
696 1994 913 2050 Domini
969 1995 1061 2049 Dci
1104 1996 1201 2059 tui,
1256 2004 1311 2052 et
1361 1996 1601 2067 negligas
1642 1996 1898 2052 mandata

296 2089 415 2158 ejus
437 2097 599 2159 atque
624 2088 827 2159 judicia
858 2098 913 2145 et
932 2088 1315 2153 cmremonias,
1342 2104 1474 2158 quas
1516 2103 1617 2159 ego
1642 2088 1899 2159 praecipio

298 2181 394 2237 tibi
420 2182 605 2249 hodie,
641 2196 709 2237 ne
732 2189 1019 2251 postquam
1042 2181 1351 2236 comederis
1371 2190 1425 2236 et
1453 2182 1682 2238 satiatus
1712 2182 1897 2248 fueris,

299 2276 489 2331 domos
522 2275 777 2351 pulchras
808 2276 1189 2341 tedificaveris,
1240 2286 1295 2331 et
1325 2275 1659 2332 habitaveris
1690 2277 1745 2332 in
1794 2277 1895 2346 eis,

301 2369 667 2441 habuerisque
691 2380 941 2426 armenta
964 2370 1153 2435 boum,
1170 2378 1225 2427 et
1241 2369 1423 2425 ovium
1450 2386 1663 2441 greges,
1691 2372 1901 2443 argenti

300 2475 355 2521 et
383 2466 522 2534 auri,
564 2476 994 2537 cunctarumque
1025 2483 1207 2525 rerum
1257 2468 1468 2537 copiam
1490 2508 1505 2535 ,
1536 2468 1779 2523 elevetur
1806 2482 1902 2523 eor

303 2566 475 2625 tuum,
525 2566 583 2614 et
646 2575 753 2615 non
815 2560 1191 2616 reminiscaris
1242 2561 1457 2616 Domini
1511 2561 1607 2618 Dei
1659 2562 1757 2633 tui,
1812 2561 1903 2633 qui

302 2649 489 2706 eduxit
522 2660 576 2706 te
606 2650 673 2707 de
705 2661 849 2708 terra
892 2652 1135 2725 Egypti,
1197 2653 1267 2709 de
1295 2652 1458 2709 domo
1504 2654 1809 2721 servitutis,
1853 2662 1908 2710 et

301 2741 497 2798 ductor
525 2754 646 2799 tuus
676 2742 782 2800 fuit
816 2745 869 2800 in
896 2745 1194 2803 solitudine
1213 2760 1404 2817 magna
1436 2754 1600 2817 atque
1649 2747 1903 2817 terribili,

303 2835 358 2890 in
403 2850 508 2907 qua
538 2844 658 2892 erat
708 2851 936 2906 serpens
993 2837 1127 2893 flatu
1170 2837 1429 2905 adurens,
1465 2848 1522 2894 et
1570 2840 1786 2909 scorpio
1843 2854 1907 2895 ac

312 2927 520 2997 dipsas,
558 2940 610 2986 et
638 2931 802 2986 nulla:
828 2932 1056 2987 omnino
1083 2948 1238 3004 aqua:
1270 2950 1283 2988 :
1308 2931 1402 3004 qui
1429 2932 1616 2989 eduxit
1638 2934 1787 2989 rivos
1810 2934 1829 3008 [
1850 2934 1904 2990 h.

307 3036 501 3092 aquam
530 3023 549 3096 ]
576 3023 647 3079 de
674 3034 829 3094 petra
860 3024 1174 3094 durissima,
1220 3034 1276 3082 et
1300 3026 1500 3082 cibavit
1532 3036 1589 3084 te
1626 3044 1822 3084 manna
1850 3030 1907 3085 in

316 3116 630 3185 solitudine,
664 3118 805 3188 quod
838 3120 1157 3175 nescierunt
1187 3130 1368 3191 patres
1399 3122 1496 3176 tui.
1535 3122 1600 3177 Et
1625 3132 1908 3194 postquam

2000 1906 2250 1959 cundiam
2269 1906 2651 1974 provocaveris
2674 1905 2959 1960 Dominum
2984 1905 3153 1961 Deum
3171 1916 3318 1961 tuum
3335 1908 3389 1962 in
3408 1908 3599 1963 solitu-

2001 1997 2149 2054 dine.
2176 2000 2250 2054 Ex
2280 2014 2347 2055 eo
2369 1999 2477 2067 die,
2503 2015 2612 2071 quo
2633 2015 2692 2055 es
2716 2015 2967 2071 egressus
2994 2016 3057 2057 ex
3082 2001 3318 2073 Egypto
3338 2018 3508 2071 usque
3530 2004 3597 2059 ad

2000 2090 2178 2145 locum
2199 2092 2385 2158 istum,
2404 2106 2621 2162 semper
2634 2092 2919 2149 adversum
2938 2093 3225 2149 Dominum
3241 2096 3596 2151 contendisti.

2005 2183 2105 2254 [C.
2134 2183 2383 2255 XXXII.]
2406 2186 2536 2239 Nam
2558 2194 2615 2241 et
2636 2186 2687 2239 in
2712 2186 2899 2243 Horeb
2920 2187 3231 2257 provocasti
3255 2205 3397 2255 cum,
3422 2202 3475 2245 et
3497 2191 3603 2245 ira-

2004 2286 2091 2332 tus
2109 2277 2294 2332 delere
2324 2288 2375 2333 te
2394 2278 2589 2344 voluit,
2629 2277 2847 2348 quando
2878 2279 3097 2335 ascendi
3139 2282 3192 2335 in
3241 2291 3505 2349 montem,
3539 2294 3601 2338 ut

2005 2369 2305 2440 acciperem
2328 2370 2535 2427 tabulas
2554 2371 2817 2441 lapideas,
2844 2374 3056 2429 tabulas
3078 2376 3216 2445 pacti
3235 2376 3377 2447 quod
3400 2378 3606 2447 pepigit

2004 2463 2282 2518 vobiscum
2297 2464 2578 2535 Dominus,
2600 2475 2655 2521 et
2681 2466 3057 2537 perseveravi[
3087 2466 3145 2522 b.
3165 2467 3312 2540 sedi]
3342 2470 3392 2523 in
3417 2477 3602 2524 monte

2006 2555 2359 2626 quadraginta
2380 2556 2573 2613 diebus
2608 2572 2671 2614 ac
2710 2560 2982 2626 noctibus,
3028 2575 3221 2630 panem
3272 2576 3377 2617 non
3420 2577 3607 2619 come-

2008 2648 2167 2714 dens,
2196 2657 2253 2705 et
2280 2664 2471 2719 aquam
2504 2665 2610 2705 non
2642 2650 2849 2707 bibens.
2883 2653 3152 2721 Deditque
3181 2653 3315 2709 mihi
3342 2654 3604 2711 Dominus

2008 2742 2144 2799 duas
2167 2741 2374 2797 tabulas
2404 2742 2647 2813 lapideas
2688 2743 2920 2813 scriptas
2966 2744 3134 2815 digito
3176 2746 3297 2813 Dei,
3333 2758 3387 2801 et
3430 2748 3606 2802 conti-

2011 2848 2205 2897 nentes
2230 2840 2408 2895 omnia
2433 2840 2620 2908 verba,
2652 2856 2770 2911 qure
2793 2840 2946 2896 vobis
2976 2842 3027 2895 in
3058 2852 3243 2898 monte
3275 2843 3495 2898 locutus
3522 2854 3607 2899 est

2012 2934 2081 2989 de
2110 2934 2293 2989 medio
2337 2933 2498 3003 ignis,
2529 2934 2746 3001 quando
2791 2935 2984 2989 concio
3038 2936 3219 3004 populi
3275 2946 3607 3007 congregata

2012 3035 2096 3080 est
2131 3024 2215 3097 [8.
2242 3023 2531 3096 XXXVII.]
2568 3024 2817 3096 Cumque
2877 3026 3207 3083 transissent
3254 3029 3610 3100 quadraginta

2014 3116 2155 3185 dies,
2181 3125 2238 3170 et
2268 3116 2489 3171 totidem
2544 3125 2753 3183 noctes,
2804 3116 2951 3171 dedit
2999 3118 3132 3173 mihi
3163 3119 3431 3173 Dominus
3476 3120 3612 3175 duas

311 3207 505 3264 afﬂixit
535 3226 602 3267 ac
634 3211 906 3280 probavit,
960 3213 1025 3268 ad
1055 3223 1363 3270 extremum
1397 3215 1653 3270 misertus
1674 3226 1757 3271 est
1810 3217 1904 3272 lui,
1934 3209 1979 3272 C
2013 3207 2223 3262 tabulas
2247 3207 2517 3275 lapideas,
2546 3208 2754 3263 tabulas
2779 3208 3003 3264 foederis
3024 3209 3127 3281 .[C.
3151 3209 3421 3282 XXXII”
3445 3211 3618 3267 Dixit-

315 3300 392 3373 [C.
430 3288 799 3375 XXVIII.]'Ne
817 3304 1031 3361 diceres
1059 3306 1111 3361 in
1137 3305 1303 3362 corde
1326 3318 1415 3362 tuo
1443 3324 1456 3361 :
1484 3306 1768 3364 Fortitudo
1790 3323 1909 3365 mea

313 3403 370 3448 et
394 3396 559 3449 robur
580 3410 779 3451 manus
810 3412 971 3463 meae,
996 3397 1112 3454 haec
1143 3398 1275 3454 mihi
1298 3399 1482 3455 omnia
1504 3402 1871 3471 prmstiterunt
1896 3422 1909 3455 :

316 3489 409 3543 sed
438 3490 751 3546 recorderis
794 3490 1010 3546 Domini
1066 3492 1161 3547 Dei
1192 3493 1290 3561 tui,
1321 3494 1463 3563 quod
1496 3494 1610 3566 ipse
1644 3494 1740 3551 tibi
1771 3497 1913 3552 vires

317 3580 630 3650 praebuerit,
663 3592 722 3637 ut
750 3581 1004 3653 impleret
1043 3594 1251 3653 pactum
1286 3601 1465 3651 suum,
1500 3602 1664 3656 super
1698 3602 1806 3657 quo
1829 3588 1915 3658 ju-

319 3675 457 3728 ravit
484 3675 729 3744 patribus
759 3678 888 3743 tuis,
943 3677 1081 3733 sicut
1109 3694 1352 3749 praesens
1400 3679 1601 3736 indicat
1642 3681 1777 3736 dies.
1819 3680 1915 3737 Sin

320 3780 500 3824 autem
523 3770 726 3825 oblitus
774 3770 987 3826 Domini
1023 3772 1121 3827 Dei
1173 3774 1272 3841 tui,
1320 3784 1536 3830 secutus
1567 3775 1737 3830 fueris
1783 3776 1916 3833 deos

323 3861 559 3930 alienos,
618 3864 960 3934 coluerisque
986 3864 1109 3920 illos
1139 3874 1193 3921 et
1221 3865 1536 3924 adoraveris
1572 3886 1584 3920 :
1615 3884 1743 3925 ecce
1773 3885 1917 3925 nunc

324 3953 563 4024 prmdico
593 3953 689 4009 tibi
721 3955 865 4026 quod
893 3958 1119 4011 omnino
1149 3956 1450 4027 dispereas.
1509 3960 1664 4014 Sicut
1705 3968 1916 4029 gentes,

324 4060 455 4115 quas
484 4045 687 4102 delevit
710 4047 969 4103 Dominus
990 4047 1043 4102 in
1068 4048 1303 4104 introitu
1332 4058 1443 4117 tuo,
1480 4049 1551 4105 ita
1581 4061 1636 4106 et
1676 4066 1774 4106 vos
1798 4068 1919 4122 per-

324 4138 498 4208 ibitis,
545 4140 592 4195 si
653 4140 1028 4197 inobedientes
1089 4140 1305 4197 fueritis
1370 4142 1489 4197 voci
1541 4142 1757 4198 Domini
1815 4142 1914 4199 Dei

329 4234 517 4288 vestri.

393 4327 507 4399 [Τ.
540 4326 633 4395 VI,
677 4325 739 4383 C.
788 4326 983 4395 XXIX,
1038 4328 1167 4401 Cap.
1202 4327 1294 4384 IX.
1325 4329 1344 4400 ]
1373 4328 1532 4398 Audi,
1589 4327 1757 4386 Israel
1790 4347 1805 4385 :
1840 4329 1920 4385 Tu

330 4418 721 4489 transgrederis
749 4418 935 4491 [Vulg.
967 4420 1403 4493 transgredieris]
1421 4420 1578 4477 hodie
1606 4420 1919 4487 Jordanem,

329 4519 386 4564 ut
409 4510 688 4580 possideas
709 4511 959 4567 nationes
1004 4513 1267 4567 maximas
1297 4522 1352 4568 et
1378 4511 1632 4569 fortiores
1681 4522 1753 4581 te,
1785 4514 1921 4569 civi-

2015 3318 2123 3374 que
2146 3302 2274 3358 mihi
2302 3321 2314 3358 :
2346 3302 2542 3373 Surge.
2577 3304 2916 3360 etdescende
2936 3304 3208 3373 hinecito,
3232 3306 3356 3377 quia
3385 3309 3616 3378 populus

2018 3406 2159 3465 tuus,
2196 3412 2354 3469 quem
2399 3397 2635 3454 eduxisti
2660 3397 2728 3453 de
2758 3396 3019 3468 IEgypto,
3053 3398 3419 3455 deseruerunt
3465 3402 3615 3456 velo-

2017 3492 2154 3547 citer
2200 3491 2349 3545 viam
2391 3505 2551 3560 quam
2586 3499 2611 3527 η
2648 3489 3040 3546 demonstrasti
3083 3490 3161 3563 [h.
3197 3508 3355 3562 quam
3410 3508 3614 3563 praece-

2018 3580 2168 3653 pisti]
2208 3581 2313 3647 eis,
2364 3580 2721 3651 feceruntque
2766 3580 2870 3636 sibi
2921 3580 3217 3637 eoanatile.
3270 3582 3617 3653 Rursumque

2019 3677 2095 3732 ait
2129 3676 2393 3731 Dominus
2416 3676 2481 3730 ad
2509 3691 2597 3732 me
2629 3692 2643 3732 :
2676 3676 2857 3732 Cerno
2896 3676 3038 3747 quod
3071 3677 3303 3747 populus
3333 3677 3436 3733 iste
3462 3678 3614 3734 dum

2020 3770 2249 3826 cervicis
2281 3771 2353 3825 sit
2386 3788 2397 3823 :
2431 3769 2646 3827 dimitte
2676 3786 2762 3826 me
2804 3780 2863 3824 ut
2904 3783 3183 3827 conteram
3234 3787 3390 3840 eum,
3422 3782 3479 3828 et
3527 3772 3621 3828 de-

2020 3864 2162 3919 leam
2203 3877 2399 3918 nomen
2442 3863 2561 3933 ejus
2606 3862 2674 3919 de
2723 3862 2824 3918 sub
2868 3863 3030 3931 etelo,
3088 3873 3142 3919 et
3189 3865 3515 3919 constituam
3567 3874 3621 3919 te

2021 3970 2187 4022 super
2211 3965 2428 4025 gentem
2460 3954 2534 4026 [h.
2576 3954 2642 4009 Et
2670 3955 2864 4009 faciam
2903 3965 2953 4010 te
2984 3956 3036 4010 in
3068 3956 3334 4028 gentem],
3364 3972 3485 4027 qum
3513 3957 3617 4012 hac

2021 4047 2196 4117 major
2222 4056 2277 4101 et
2303 4046 2498 4101 fortior
2524 4046 2596 4101 sit
2627 4044 2710 4119 [C.
2745 4045 3017 4120 XXXIV.]
3056 4045 3300 4118 Cumque
3326 4048 3395 4105 de
3432 4059 3617 4106 monte

2022 4138 2252 4193 ardente
2277 4137 2698 4203 descenderem.
2726 4146 2783 4193 et
2803 4138 2937 4194 duas
2978 4138 3192 4195 tabulas
3220 4139 3448 4195 foederis
3476 4150 3624 4195 utra-

2023 4244 2129 4301 que
2165 4239 2408 4285 tenerem
2448 4245 2635 4298 manu,
2685 4230 3053 4301 vidissemque
3086 4245 3183 4287 vos
3228 4247 3483 4303 peccasse
3518 4233 3626 4289 Do-

2025 4320 2173 4377 mino
2199 4322 2313 4379 Deo
2341 4332 2547 4391 vestro,
2580 4331 2633 4378 et
2670 4322 2868 4379 fecisse
2902 4322 3058 4379 vobis
3101 4325 3339 4381 vitulum
3382 4328 3629 4383 conﬂati-

2026 4417 2159 4486 lem,
2189 4432 2253 4473 ac
2280 4418 2592 4475 deseruisse
2621 4418 2888 4473 velociter
2914 4418 3054 4473 viam
3086 4418 3225 4489 ejus,
3266 4435 3427 4489 quam
3468 4422 3624 4475 vobis

2028 4510 2348 4565 ostenderat
2377 4510 2457 4582 [h.
2495 4509 2853 4583 praeceperat]
2884 4527 2897 4563 :
2932 4510 3141 4580 projeci
3178 4511 3383 4565 tabulas
3412 4511 3481 4567 de
3511 4528 3627 4568 ma-

333 4614 468 4663 tates
498 4606 746 4677 ingentes
768 4614 822 4660 et
848 4605 912 4660 ad
936 4586 1133 4662 «bium
1182 4621 1351 4676 usque
1378 4615 1640 4674 muratas,
1664 4608 1922 4678 populum
1948 4606 2002 4667 D
2031 4601 2192 4657 nibus
2217 4604 2379 4667 meis,
2408 4601 2764 4673 confregique
2787 4616 2881 4656 eas
2921 4601 2973 4654 in
3003 4613 3297 4671 conspectu
3333 4612 3513 4658 vestro
3543 4604 3623 4677 [h.

332 4716 582 4772 magnum
615 4710 777 4770 atque
807 4699 1117 4767 sublimem,
1147 4699 1289 4754 filios
1334 4700 1574 4765 Enacim,
1625 4715 1760 4771 quos
1809 4702 1926 4771 ipse

332 4794 507 4850 vidisti
536 4802 593 4849 et
640 4792 861 4859 audisti,
896 4793 1092 4864 quibus
1142 4793 1321 4849 nullus
1364 4800 1543 4864 potest
1587 4808 1655 4849 ex
1695 4793 1927 4851 adverso

333 4891 585 4945 resistere
614 4887 701 4962 [h.
720 4887 861 4952 Quos
882 4895 936 4940 tu
967 4887 1163 4942 novisti
1187 4896 1241 4942 et
1266 4887 1483 4943 audiSti.
1508 4887 1637 4955 Qui:
1653 4887 1814 4943 stabit
1837 4902 1929 4943 co-

334 5000 442 5041 ram
468 4986 595 5056 filiis
624 4983 773 5039 Enae
787 4981 833 5054 ?]
857 4981 876 5055 [
900 4981 962 5038 Β.
996 4981 1218 5036 XXXV.
1240 4980 1423 5054 ]Scies
1444 4996 1573 5053 ergo
1597 4981 1759 5037 hodie
1783 4982 1929 5052 quod

336 5079 594 5135 Dominus
633 5078 776 5133 Deus
822 5086 943 5132 tuus
992 5076 1107 5145 ipse
1128 5076 1378 5131 transibit
1401 5085 1526 5131 ante
1556 5084 1629 5141 te,
1662 5075 1800 5147 ignis
1828 5076 1925 5132 de-

335 5187 528 5227 vorans
548 5179 713 5239 atque
735 5166 1095 5238 consumens[
1127 5168 1184 5221 h.
1219 5166 1343 5220 Non
1369 5166 1520 5222 habet
1542 5176 1702 5238 atque
1731 5182 1927 5223 consu-

337 5260 547 5333 mens],
572 5260 665 5331 qui
710 5267 958 5315 conterat
984 5272 1101 5325 eos,
1134 5265 1189 5315 et
1228 5257 1408 5313 deleat
1436 5266 1599 5329 atque
1652 5256 1929 5328 disperdat

339 5410 412 5458 te.
443 5399 717 5455 Caeterum
747 5397 800 5452 in
833 5398 1064 5454 Ilebraeo
1093 5403 1149 5452 et
1189 5396 1533 5454 Samaritano
1575 5394 1739 5450 habet
1781 5402 1929 5460 mm,

340 5472 567 5529 Αάοηαὶ.
592 5474 707 5526 sive
729 5466 982 5538 Jehovuh,
1004 5467 1147 5540 quod
1168 5468 1558 5538 interpretatur
1573 5466 1805 5533 Domini,
1826 5480 1933 5521 non

341 5542 457 5598 Dei.
490 5544 665 5598 Man-1'.
896 5588 899 5589 ν

410 5643 485 5655 --
510 5614 607 5667 Ms.
642 5612 877 5669 Urbinas
907 5628 971 5667 ex
1000 5628 1087 5669 ore
1118 5615 1213 5669 Dei
1243 5628 1366 5671 cum
1397 5608 1651 5680 vulgatis.

413 5695 441 5722 ει
472 5684 738 5739 Hebraeus
765 5683 1058 5738 hodiernus
1086 5685 1250 5741 habet
1280 5681 1504 5740 verbum
1534 5682 1720 5751 prima!
1748 5693 1938 5750 perso-

346 5771 451 5818 nte,
484 5756 529 5809 si
560 5754 1015 5825 Massoretharum
1058 5756 1337 5811 vocalibus
1377 5753 1939 5825 punctis_c_redamus,

346 5834 540 5895 D7171},
570 5826 891 5890 hiauit/tim,
924 5824 978 5880 id
1007 5837 1111 5891 est,
1142 5821 1478 5899 prwcepi’eis.
1510 5824 1581 5881 Αι
1604 5821 1749 5881 LXX
1778 5823 1942 5880 inter-

594 5921 873 5984 Pa'raoc.
920 5918 1223 5983 XXVIII.

2027 4704 2157 4750 ante
2185 4695 2373 4750 oculos
2412 4692 2675 4764 vestros].
2718 4693 2802 4765 [Β.
2843 4690 3135 4760 XXXVIII,
3166 4693 3226 4749 C.
3263 4693 3508 4767 XXXV.]
3557 4695 3627 4751 Et

2026 4786 2237 4859 procidi
2262 4795 2387 4842 ante
2417 4786 2711 4840 Dominum
2747 4786 2887 4839 sicut
2910 4786 3085 4853 prius,
3118 4786 3471 4857 quadraginta
3504 4787 3625 4843 die-

2029 4879 2133 4935 bus
2163 4888 2217 4934 et
2264 4876 2514 4933 noctibus
2558 4891 2753 4948 panem
2792 4891 2901 4932 non
2933 4875 3259 4942 comedens,
3318 4887 3373 4933 et
3421 4893 3621 4949 aquam

2032 4987 2141 5029 non
2170 4972 2384 5037 bibens,
2426 4979 2650 5041 propter
2679 4970 2864 5025 omnia
2892 4978 3115 5040 peccata
3140 4980 3318 5026 vestra
3347 4986 3468 5043 quae
3507 4988 3632 5044 ges-

2034 5066 2183 5122 sistis
2207 5074 2395 5121 contra
2426 5064 2737 5130 Dominum,
2772 5072 2828 5119 et
2852 5079 2977 5119 eum
3031 5063 3099 5118 ad
3128 5064 3458 5120 iracundiam
3503 5082 3629 5137 pro-

2035 5159 2279 5215 vocastis
2311 5176 2324 5213 :
2358 5157 2511 5213 timui
2551 5157 2696 5212 enim
2731 5156 3157 5227 indignationem
3191 5164 3247 5212 et
3296 5158 3427 5212 iram
3460 5158 3627 5227 illius,

2037 5268 2142 5324 qua
2192 5252 2481 5309 adversum
2506 5264 2605 5307 vos
2631 5250 2959 5317 concitatus,
2988 5248 3173 5305 delere
3204 5263 3304 5305 vos
3334 5250 3525 5307 voluit.
3558 5250 3629 5307 Et

2042 5401 2248 5465 pretes,
2297 5392 2603 5465 Chaldaeus.
2628 5390 2797 5465 Syrus
2824 5398 2879 5445 et
2917 5389 3278 5465 Hieronymus
3314 5401 3522 5455 noster.
3552 5394 3630 5451 Ie-

2042 5461 2238 5536 gebant
2268 5471 2466 5536 amnt,
2503 5461 2801 5536 siqvithogn,
2828 5461 2968 5532 quod
3018 5462 3308 5536 significat,
3340 5467 3629 5535 praecepisti

2042 5532 2134 5589 eis.
2170 5532 2586 5600 Mum—Quod
2616 5532 2666 5585 in
2697 5532 3054 5588 Hebraicoest
3077 5534 3300 5587 verbum
3328 5532 3514 5594 omni
3541 5536 3629 5590 di-

1940 5638 1943 5641 »
2042 5605 2217 5661 versis
2240 5604 2881 5677 pu_nctisinstruct_um.et
2901 5605 3126 5676 praecepi
3147 5605 3241 5668 eis,
3259 5612 3314 5658 et
3342 5607 3631 5677 prwcepisti

2046 5679 2140 5741 eis,
2161 5675 2317 5731 reddi
2334 5684 2531 5748 potest,
2550 5684 2676 5729 utet
2698 5674 3044 5748 Martianzeus
3064 5677 3335 5748 observat.
3361 5674 3629 5748 Hierapy-

2047 5761 2168 5803 mus
2194 5755 2315 5817 post
2343 5745 2484 5819 LXX
2510 5747 2648 5819 hanc
2675 5746 2896 5819 alteram
2920 5747 3161 5819 prmtulit
3188 5745 3501 5816 lectionem,
3532 5745 3632 5805 seu

2047 5834 2153 5891 qua
2177 5816 2305 5875 tunc
2330 5816 2633 5885 obtinebat,
2665 5818 2906 5876 retinuit.

3067 5911 3144 5973 1ῖι
