3956 6338
491 279 602 342 491

1475 279 1533 334 S.
1576 274 1954 333 IIIEliONYMI
1997 269 2231 328 DIVINA
2269 269 2747 326 BIBLIOTHECA.

3650 273 3741 331 433

495 397 776 458 exaudivit
811 410 899 453 me
931 396 1191 451 Dominus
1222 395 1385 449 etiam
1415 393 1516 449 hac
1547 394 1683 448 vice.
1719 392 1800 464 [C..
1822 387 2092 460 XXXVI]
2119 392 2171 453 Α
2197 385 2598 458 possessioejus
2624 383 2888 450 est,sicut
2915 378 3164 449 promisit
3189 377 3245 435 ei
3271 378 3516 437 Dominus
3544 381 3616 456 [ιι.
3652 387 3745 442 sic-

500 491 805 548 Adversum
839 489 1019 543 Aaron
1059 500 1274 556 quoque
1313 483 1665 539 vehementer
1697 484 1888 545 iratus,
1923 481 2091 534 voluit

502 597 628 639 eum
660 588 968 644 conterere,
1001 588 1056 634 et
1086 592 1183 646 pro
1213 577 1307 632 illo
1337 573 1590 630 similiter
1617 573 1943 645 deprecatus
1970 587 2089 626 sum

502 675 582 748 [ὴ.
612 673 936 744 deprecatus
966 685 1084 725 sum
1118 669 1173 724 in
1219 677 1464 738 tempore
1495 665 1638 737 iilo.]
1669 664 1752 739 [C.
1796 660 2089 734 XXXVII.]

499 763 792 822 Peccatum
824 771 1002 818 autem
1045 767 1285 816 vestrum
1321 756 1465 829 quod
1500 757 1773 822 ieceratis,
1805 755 1861 811 id
1891 766 1973 810 est
2013 755 2092 808 vi-

497 858 698 924 tulum,
730 857 1018 925 arripiens.
1066 854 1187 922 igne
1219 851 1516 916 combussi,
1548 860 1603 905 et
1631 850 1682 904 in
1733 849 1902 904 frusta
1941 861 2092 903 com-

500 951 792 1014 minuens,
841 946 1172 1015 omninoque
1228 942 1279 996 in
1331 941 1608 1012 pulverem
1637 939 1909 1010 redigens,
1963 951 2092 1008 pro-

495 1042 604 1113 jeci
662 1041 713 1095 in
770 1045 1067 1094 torrentem
1096 1077 1110 1101 ,
1159 1035 1250 1104 qui
1299 1033 1369 1090 de
1419 1043 1608 1088 monte
1655 1030 1955 1087 descendit.
2003 1027 2088 1100 [C.

494 1129 810 1201 XXXVIII]
863 1130 926 1184 In‘
975 1127 1232 1183 incendio
1284 1140 1500 1196 quoque
1551 1134 1606 1180 et
1653 1125 1707 1179 in
1763 1121 2088 1189 tentatioue,

498 1235 554 1280 et
595 1225 648 1277 iu
678 1221 952 1292 sepulcris
999 1217 1464 1287 concupiscentiae
1518 1215 1856 1287 provocastis
1903 1211 2087 1269 Domi-

505 1329 658 1370 num.
689 1311 772 1383 [C.
803 1309 1076 1383 XXXIX.]
1108 1311 1178 1364 Et
1202 1309 1419 1380 quando
1466 1309 1612 1364 misit
1651 1323 1746 1362 vos
1776 1307 1844 1362 de
1888 1305 2092 1361 Gades-

495 1406 703 1473 Barne,
757 1405 995 1460 dicens:
1053 1403 1345 1459 Ascendite
1403 1415 1457 1458 et
1511 1403 1787 1473 possidete
1840 1410 2088 1467 terram,

494 1512 661 1566 quam
698 1494 825 1550 dedi
872 1495 1050 1560 vobis,
1101 1504 1157 1549 et
1201 1493 1610 1564 contempsistia
1652 1493 1940 1561 imperium
1985 1491 2092 1546 Do-

497 1589 632 1644 mini
661 1588 755 1642 Dei
787 1588 981 1653 vestri,
1017 1595 1070 1642 et
1107 1603 1214 1641 non
1245 1585 1561 1641 credidistis
1593 1587 1665 1654 ei,
1699 1599 1878 1654 neque
1905 1596 2091 1638 vocem

496 1680 618 1749 ejus
649 1678 834 1733 audire
862 1678 1116 1733 voluistis
1150 1696 1164 1732 :
1195 1678 1291 1732 sed
1322 1692 1540 1747 semper
1584 1677 1762 1732 fuistis
1798 1675 2032 1731 rebelles
2062 1690 2091 1729 a

497 1772 588 1828 die
616 1787 723 1842 qua
755 1787 917 1826 nosse
963 1786 1059 1825 vos
1105 1775 1272 1840 coepi.
1315 1767 1400 1842 [C.
1439 1769 1582 1838 XL.)
1614 1769 1680 1824 Et
1719 1769 1862 1839 jacni
1907 1783 2089 1822 eorum

498 1864 728 1919 Domino
751 1864 1112 1934 quadraginta
1139 1863 1330 1918 diebus
1352 1877 1414 1917 ac
1441 1860 1944 1932 noctibus,'quihus
1969 1875 2088 1915 eum

499 1961 820 2031 suppliciter
860 1959 1214 2029 deprecabar,
1264 1972 1334 2012 ne
1380 1956 1589 2012 deleret
1643 1970 1762 2023 vos,
1818 1965 1875 2008 ut
1919 1953 2094 2008 fuerat

494 2051 864 2105 comminatus
897 2065 910 2101 :
944 2056 1001 2103 et
1035 2062 1203 2103 orans
1246 2047 1359 2102 dixi
1406 2066 1420 2103 :
1473 2047 1704 2102 Domine
1747 2046 1890 2102 Deus
1927 2045 2006 2117 [ιι.
2039 2055 2095 2101 et

495 2155 664 2198 orans
708 2141 775 2197 ad
828 2142 1117 2197 Dominum
1176 2141 1288 2196 dixi
1340 2159 1353 2196 :
1407 2140 1654 2204 Domine,
1701 2137 1978 2208 Domine],
2026 2153 2093 2193 ne

498 2236 793 2306 disperdas
850 2235 1106 2305 pepulum
1159 2243 1334 2301 tuum,
1384 2243 1438 2289 et
1486 2233 1860 2288 haereditatem
1923 2243 2091 2298 tuam,

493 2341 656 2397 quam
688 2325 969 2382 redemisti
1008 2325 1062 2380 in
1109 2325 1481 2396 magnitudine
1525 2332 1639 2390 tua,
1681 2338 1820 2393 quos
1858 2321 2089 2378 eduxiin

497 2417 567 2474 de
597 2416 837 2489 [Egypto
864 2419 918 2472 in
944 2433 1107 2472 manu
1135 2417 1284 2472 forti.
1315 2416 1628 2473 Recordare
1655 2431 1937 2471 servorum
1969 2424 2090 2468 tuo-

496 2525 642 2578 rum,
677 2510 976 2578 Abraham,
1012 2509 1185 2575 Isaac,
1226 2519 1277 2564 et
1313 2509 1527 2565 Jacob:
1569 2524 1638 2562 ne
1678 2509 1914 2576 aspicias
1945 2505 2094 2560 duri-

493 2602 624 2656 tiam
673 2602 855 2672 pepuli
899 2600 1082 2670 hujus,
1115 2613 1169 2655 et
1200 2600 1539 2670 impietatem
1568 2608 1729 2669 atque
1760 2606 2038 2668 peceatum
2073 2613 2086 2649 :

496 2707 566 2746 ne
608 2695 746 2746 forte
795 2691 980 2746 dicant
1027 2691 1362 2746 habitatores
1395 2699 1580 2754 terrai,
1624 2689 1692 2744 de
1721 2703 1826 2758 qua
1857 2686 2091 2742 eduxisti

493 2798 592 2836 nos
627 2801 640 2836 :
670 2781 787 2837 Non
832 2792 1044 2851 poterat
1074 2781 1334 2836 Dominus
1369 2781 1716 2836 introducere
1761 2795 1856 2834 eos
1889 2779 1940 2833 in
1975 2787 2087 2832 ter-

492 2888 631 2938 ram,
661 2889 821 2943 quam
850 2873 1124 2942 pollicitus
1146 2883 1230 2927 est
1259 2875 1362 2935 eis,
1391 2882 1446 2926 et
1470 2873 1663 2927 oderat
1687 2871 1812 2925 illos
1843 2889 1855 2924 :
1883 2869 2089 2924 idcirco

493 2963 704 3028 eduxit,
743 2972 802 3018 ut
849 2963 1184 3019 interﬁceret
1214 2977 1308 3018 eos
1356 2963 1406 3017 in
1453 2963 1765 3017 solitudine.
1811 2962 1912 3030 Qui
1966 2970 2091 3016 sunt

490 3056 722 3126 populus
755 3066 873 3111 tuus
903 3066 958 3110 et
982 3056 1275 3110 haereditas
1311 3066 1421 3121 tua,
1451 3071 1587 3125 quos
1617 3055 1858 3110 eduxisti
1889 3055 1939 3108 in
1973 3053 2084 3108 for-

493 3147 722 3202 titudine
753 3156 840 3200 tua
867 3162 1082 3216 magna,
1114 3155 1170 3201 et
1198 3146 1252 3200 in
1281 3145 1506 3200 brachio
1540 3158 1632 3200 tuo
1663 3155 1905 3201 extento.

561 3240 644 3311 [Β.
688 3238 936 3304 XXXIX,
985 3239 1048 3294 C.
1105 3239 1243 3304 XLI,
1276 3238 1404 3311 Cap.
1439 3239 1532 3311 X.]
1585 3240 1643 3294 In
1695 3252 1938 3310 tempore
1988 3239 2079 3294 illo

481 3330 619 3386 dixit
654 3333 915 3386 Dominus
953 3332 1020 3386 ad
1050 3347 1136 3388 ine
1169 3351 1181 3386 :
1217 3333 1350 3386 Dola
1380 3333 1477 3388 tibi
1509 3332 1646 3387 duas
1691 3333 1906 3388 tabulas
1944 3333 2081 3403 lapi-

485 3423 640 3490 deas,
681 3424 823 3480 sicut
869 3425 1079 3494 priores
1127 3427 1364 3490 luerunt,
1415 3435 1470 3480 et
1516 3425 1748 3481 ascende
1791 3429 1856 3480 ad
1891 3442 1976 3481 me
2026 3427 2077 3479 in

489 3526 776 3573 montem:
825 3517 1103 3586 faciesque
1141 3533 1322 3572 arcam
1357 3519 1610 3588 ligneam,
1663 3529 1716 3574 et
1759 3519 1992 3574 scribam
2024 3520 2077 3574 in

485 3610 685 3666 tabulis
718 3611 906 3674 verba,
939 3626 1059 3680 qua:
1091 3609 1316 3664 fuerunt
1338 3612 1390 3663 in
1424 3611 1509 3665 bis
1538 3625 1676 3680 quas
1705 3621 1830 3664 ante
1862 3610 2078 3666 confre-

483 3703 646 3772 gisti,
683 3717 959 3772 pouesque
1004 3718 1099 3758 cas
1149 3703 1199 3756 in
1227 3718 1374 3758 arca.
1410 3703 1536 3757 Feci
1574 3702 1735 3774 igitur
1783 3719 1963 3757 arcam
2009 3705 2075 3759 de

484 3793 648 3863 lignis
693 3795 901 3848 settim.
933 3791 1016 3865 [C.
1048 3793 1238 3866 χιιι]
1266 3795 1508 3864 Cumque
1530 3794 1805 3849 dolassem
1837 3795 1971 3849 duas
2001 3807 2077 3849 ta-

481 3886 643 3942 bulas
673 3884 914 3955 lapideas
945 3887 1118 3940 instar
1149 3887 1418 3955 priorum,
1469 3886 1692 3942 ascendi
1723 3887 1773 3940 in
1811 3897 2070 3952 montem,

482 3978 691 4034 habens
719 3992 815 4032 eas
841 3978 896 4033 in
925 3978 1196 4033 manibus.
1225 3978 1564 4048 Scripsilque
1592 3980 1643 4033 in
1674 3980 1893 4044 tabulis,
1917 3979 2071 4049 juxta

479 4071 535 4126 id
557 4071 700 4141 quod
729 4073 882 4140 prius
909 4073 1225 4141 scripserat,
1258 4074 1422 4127 verba
1453 4072 1669 4140 decem,
1705 4090 1827 4143 qua:
1858 4075 2072 4130 locutus

477 4173 562 4219 est
609 4163 869 4218 Dominus
910 4163 977 4218 ad
1043 4179 1140 4217 vos
1190 4163 1244 4217 in
1305 4171 1490 4218 monte
1532 4164 1599 4219 de
1663 4165 1842 4218 medio
1886 4166 2066 4234 ignis,

472 4255 693 4326 quando
719 4255 947 4325 papulus
977 4267 1338 4326 congregatus
1366 4265 1448 4309 est
1486 4273 1499 4310 :
1527 4255 1680 4310 dedit
1708 4271 1800 4311 eas
1831 4257 1958 4310 mihi
1987 4257 2063 4327 [ιι.

477 4350 532 4404 in
569 4349 658 4404 die
688 4347 1152 4418 congregationis,
1185 4356 1242 4402 et
1275 4345 1430 4401 dedit
1466 4361 1558 4401 eas
1593 4348 1859 4402 Dominus
1890 4348 2064 4418 mihi].

475 4439 556 4512 [C.
584 4438 788 4510 XLlll.]
816 4438 1198 4508 Reversusque
1221 4437 1288 4492 de
1307 4449 1513 4503 monte,
1543 4439 1802 4494 descendi
1837 4450 1890 4493 et
1914 4439 2065 4508 posui

2197 489 2255 534 ut
2299 479 2516 534 locutus
2555 488 2636 531 est
2666 475 2719 530 ei
2757 471 3040 544 Dominus]
3090 472 3231 528 Deus
3275 478 3415 527 tuus.
3445 472 3549 544 Ego
3586 485 3744 533 autem

2195 576 2322 630 Steti
2369 575 2423 628 in
2456 582 2660 638 monte,
2703 570 2846 624 sicut
2893 569 3065 638 prius,
3097 566 3452 637 quadraginta
3481 567 3658 626 diebus
3693 589 3748 628 ac

2195 667 2485 724 noctibus:
2517 663 2896 733 exaudivitque
2922 677 3011 716 me
3035 661 3294 716 Dominus
3318 661 3479 716 etiam
3504 660 3598 717 hac
3621 664 3742 731 vice,

2193 771 2249 818 et
2279 771 2335 818 te
2366 760 2598 832 perdere
2629 759 2824 813 noluit.
2861 756 3112 826 Dixitque
3155 754 3285 810 mihi
3320 772 3333 809 :
3368 754 3511 811 Vade
3533 767 3586 813 et
3616 773 3751 828 prai-

2193 855 2328 912 cede
2384 854 2673 926 populum,
2718 859 2779 905 ut
2817 849 3193 920 ingrediantur
3237 854 3291 903 et
3330 848 3632 918 possideant
3659 863 3753 906 ter-

2194 963 2334 1015 ram,
2362 962 2522 1019 quam
2563 945 2741 1016 juravi
2786 943 3032 1013 patribus
3057 956 3252 998 eorum
3288 949 3351 995 ut
3381 941 3641 997 traderem
3667 943 3755 998 eis.

2194 1041 2280 1114 [Τ.
2315 1040 2428 1106 Vll,
2481 1041 2541 1094 Β.
2575 1037 2687 1102 XL,
2738 1035 2800 1092 C.
2858 1033 3042 1107 XLV.]
3084 1035 3151 1091 Et
3194 1047 3358 1100 nunc,
3411 1032 3592 1097 Israel,
3642 1035 3757 1104 quid

2197 1133 2460 1189 Dominus
2508 1131 2652 1186 Deus
2694 1140 2816 1184 tuns
2848 1129 3041 1198 petita
3083 1135 3158 1190 te,
3210 1124 3314 1180 nisi
3361 1135 3420 1180 ut
3457 1126 3642 1181 timeas
3670 1126 3761 1180 Do-

2196 1226 2400 1280 minnm
2443 1224 2610 1278 Deum
2637 1232 2812 1289 tuum,
2846 1230 2902 1276 et
2930 1219 3179 1275 ambules
3204 1221 3256 1273 in
3283 1219 3383 1274 viis
3406 1221 3544 1288 ejus,
3569 1228 3621 1274 et
3649 1217 3761 1273 dili-

2193 1331 2290 1389 gas
2319 1331 2464 1382 eum,
2507 1330 2571 1369 ac
2601 1313 2812 1368 servias
2835 1311 3071 1367 Domino
3115 1311 3230 1366 Deo
3258 1320 3352 1366 tuo
3377 1311 3432 1365 in
3482 1318 3591 1366 toto
3615 1310 3766 1366 corde

2197 1418 2308 1470 tuo,
2345 1416 2400 1463 et
2432 1407 2484 1461 in
2517 1416 2633 1462 tuta
2678 1407 2855 1460 anima
2898 1415 2986 1459 tna
3032 1423 3046 1459 ;
3101 1404 3490 1473 custodiasque
3536 1403 3764 1458 mandata

2198 1500 2432 1566 Domini,
2465 1509 2521 1555 et
2548 1499 2911 1554 eteremonias
2935 1497 3076 1566 ejus,
3102 1510 3236 1565 quas
3261 1511 3365 1566 ego
3408 1494 3567 1551 hodie
3595 1497 3769 1565 praeci-

2196 1595 2286 1666 pio
2315 1593 2436 1658 tibi,
2480 1602 2537 1646 ut
2560 1591 2702 1646 bene
2733 1593 2804 1646 sit
2835 1590 2968 1644 tibi?
3012 1588 3094 1661 [Β.
3125 1587 3289 1658 XLI.]
3320 1587 3401 1642 En
3448 1587 3655 1643 Domini
3683 1586 3769 1641 Dei

2195 1685 2272 1740 tui
2303 1685 2500 1740 caelum
2533 1694 2641 1751 est,
2676 1693 2730 1738 et
2760 1681 2959 1736 caelum
3012 1680 3162 1747 caeli,
3195 1691 3340 1734 terra
3373 1687 3430 1733 et
3461 1678 3637 1732 omnia
3665 1693 3773 1748 qua:

2124 1781 2169 1840 Β
2198 1779 2250 1834 in
2281 1793 2343 1834 ea
2367 1789 2489 1832 sunt
2520 1795 2532 1830 :
2569 1785 2624 1832 et
2653 1785 2834 1831 tamen
2865 1775 3119 1844 patribus
3146 1775 3254 1828 tuis
3277 1773 3676 1844 conglutinatus
3702 1781 3774 1827 est

2198 1871 2484 1934 Dominus,
2530 1878 2585 1922 et
2633 1867 2837 1923 amavit
2878 1882 2994 1929 eos,
3048 1866 3320 1936 elegitque
3369 1879 3557 1920 semen
3607 1878 3776 1919 eorum

2199 1972 2324 2034 post
2347 1977 2464 2027 eos,
2507 1961 2559 2014 id
2585 1969 2671 2014 est
2699 1973 2817 2025 vos,
2846 1958 2915 2013 de
2943 1958 3154 2012 cunctis
3181 1957 3443 2027 gentibus
3478 1975 3490 2009 :
3524 1957 3661 2011 sicut
3688 1958 3775 2009 ιιο-

2195 2056 2288 2110 die
2307 2053 2716 2122 comprobatur.
2745 2051 2826 2124 [Β.
2847 2047 3033 2121 XLIl.]
3054 2047 3449 2104 Circumcidite
3472 2048 3635 2117 igitur
3658 2063 3780 2116 prte-

2194 2149 2401 2216 putium
2431 2143 2617 2200 cordis
2646 2144 2836 2212 vestri,
2867 2153 2922 2198 et
2946 2143 3217 2197 cervicem
3252 2149 3494 2196 vestram
3541 2155 3610 2195 ne
3638 2138 3783 2193 indu-

2196 2241 2330 2295 retis
2357 2239 2590 2308 amplius
2623 2256 2636 2290 :
2683 2236 2808 2307 quia
2864 2236 3125 2292 Dominus
3159 2235 3309 2289 Deus
3349 2243 3538 2289 vester
3569 2232 3682 2302 ipse
3709 2239 3786 2287 est

2195 2335 2337 2387 Deus
2368 2332 2620 2396 deorum,
2655 2338 2709 2384 et
2736 2329 2998 2383 Dominus
3027 2326 3472 2391 dominantium,
3509 2325 3648 2380 Deus
3679 2339 3784 2377 ma-

2193 2439 2333 2494 gnus
2353 2435 2405 2480 et
2437 2433 2653 2494 potens,
2682 2431 2738 2477 et
2775 2421 3060 2484 terribilis,
3095 2421 3186 2488 qui
3221 2433 3520 2488 personam
3565 2432 3671 2472 non
3709 2431 3789 2470 ac-

2193 2518 2347 2586 cipit,
2376 2531 2477 2570 nec
2507 2529 2756 2569 munera.
2785 2513 2938 2567 Facit
2965 2512 3228 2580 judicium
3265 2511 3484 2582 pupillo
3519 2521 3574 2566 et
3606 2508 3787 2574 viduae,

2192 2616 2340 2660 amat
2365 2604 2734 2674 peregrinum,
2766 2603 2860 2658 dat
2888 2604 2936 2657 ei
2974 2603 3052 2674 [ιι.
3085 2612 3144 2657 ut
3173 2602 3268 2657 det
3298 2602 3372 2672 ei]
3403 2602 3610 2657 victum
3641 2609 3792 2671 atque

2195 2698 2477 2752 vestitum.
2526 2696 2595 2750 Et
2640 2710 2737 2750 vos
2779 2709 2913 2764 ergo
2956 2703 3136 2749 amate
3183 2695 3547 2764 peregrinos,
3581 2693 3703 2762 quia
3745 2701 3795 2746 et

2194 2792 2292 2860 ipsi
2328 2789 2505 2844 luistis
2557 2788 2782 2843 advenae
2823 2787 2901 2858 jh.
2951 2786 3250 2859 peregrini]
3277 2789 3332 2841 in
3367 2798 3520 2842 terra
3559 2785 3790 2858 Egypti.

2193 2882 2274 2952 [Β.
2309 2880 2496 2947 XLIII,
2538 2879 2603 2935 C.
2657 2878 2869 2951 XLVI.]
2906 2879 3197 2935 Dominum
3231 2879 3408 2934 Deum
3444 2889 3597 2933 tuum
3651 2880 3797 2932 time-

2191 2976 2296 3042 bis,
2327 2985 2384 3031 et
2425 2977 2473 3030 ei
2503 2974 2692 3047 [ναις.
2723 2974 2847 3026 add.
2875 2973 3001 3044 soli]
3033 2975 3246 3028 servies
3281 2991 3294 3025 :
3334 2973 3441 3042 ipsi
3472 2971 3793 3034 adluerebis,

2183 3069 2506 3140 jurabisque
2547 3072 2601 3122 in
2633 3070 2850 3122 nomine
2896 3067 3062 3122 illius.
3119 3066 3241 3135 Ipse
3294 3076 3388 3120 est
3439 3067 3561 3120 laus
3603 3074 3718 3128 tua,
3749 3072 3800 3116 et

2113 3162 2159 3225 C
2192 3163 2334 3217 Dens
2361 3169 2506 3223 tuus,
2557 3161 2647 3230 qui
2679 3159 2807 3214 l‘ocit
2835 3159 2928 3212 tibi
2961 3159 3075 3212 haec
3111 3158 3396 3228 magnalia
3422 3168 3482 3214 et
3515 3157 3794 3219 terribilia,

2182 3271 2304 3326 quae
2329 3255 2573 3309 viderunt
2597 3254 2734 3308 oculi
2757 3253 2942 3325 tui.]_C.
2970 3253 3280 3323 XLVII.]lu
3306 3254 3667 3323 septuaginta
3689 3252 3796 3304 ani-

2183 3348 2375 3403 mabus
2391 3347 2788 3402 descenderunt
2807 3346 3076 3414 patrestui
3091 3344 3393 3416 Egyptum
3414 3362 3429 3403 :
3447 3356 3652 3402 etecce
3667 3357 3798 3397 nunc

2183 3437 2562 3508 multiplicavit
2605 3448 2656 3493 te
2683 3439 2937 3492 Dominus
2963 3438 3105 3493 Deus
3133 3449 3261 3494 tuus
3296 3441 3454 3494 sicut
3479 3449 3633 3494 astra
3659 3439 3797 3492 caeli.

2253 3532 2338 3603 [C.
2394 3531 2640 3594 XLVIII,
2699 3529 2826 3601 Cap.
2882 3530 2998 3603 XL]
3043 3537 3173 3586 Ama
3237 3531 3445 3603 itaque
3509 3533 3798 3588 Dominum

2180 3626 2347 3679 Deum
2391 3630 2564 3690 tuum,
2596 3635 2652 3680 et
2677 3626 2907 3679 observa
2943 3634 3219 3694 praecepta
3265 3626 3398 3694 ejus
3429 3637 3492 3682 et
3537 3639 3802 3680 caeremo-

2178 3716 2330 3782 nias,
2379 3717 2585 3786 judicia
2644 3726 2808 3785 atque
2864 3718 3114 3771 inundata
3169 3721 3324 3773 omni
3386 3728 3674 3788 tempore.
3709 3716 3798 3788 [Β.

2176 3807 2388 3880 XLIV.)
2426 3810 2746 3879 Cognoscite
2782 3809 2967 3874 hodie,
3000 3826 3118 3878 qua:
3161 3810 3434 3880 ignorant
3467 3811 3569 3866 ﬁlii
3618 3811 3801 3874 vestri,

2175 3903 2265 3970 qui
2291 3916 2396 3955 non
2426 3901 2680 3955 viderunt
2705 3901 2787 3972 [h.
2818 3899 3146 3972 Cognoscite
3181 3903 3358 3960 hodie
3405 3906 3541 3975 quia
3579 3919 3686 3958 uoii
3728 3903 3803 3956 lo-

2175 4007 2310 4060 quor
2343 3993 2456 4047 haec
2498 3992 2623 4047 ﬁliis
2663 3993 2881 4063 vestris,
2910 3994 3001 4063 qui
3041 4009 3149 4048 non
3181 4007 3593 4065 cognoverunt
3622 4007 3803 4050 etnon

2173 4082 2447 4155 viderunt]
2491 4083 2835 4154 disciplinam
2875 4085 3090 4140 Domini
3122 4085 3223 4140 Dei
3276 4088 3495 4153 vestri,
3531 4087 3804 4158 magnalia

2173 4177 2291 4245 ejus
2319 4188 2368 4230 et
2401 4177 2478 4248 [h.
2513 4193 2619 4231 non
2650 4176 2839 4250 habet]
2862 4179 3150 4233 robustam
3183 4195 3451 4249 manum,
3489 4191 3809 4237 extentum-

2169 4283 2276 4338 que
2320 4268 2626 4335 brachium,
2660 4269 2810 4339 signa
2841 4280 2897 4323 et
2941 4285 3134 4340 opera,
3169 4287 3296 4339 qua!
3337 4273 3487 4328 fecit
3519 4273 3580 4327 in
3629 4271 3805 4326 medio

2171 4358 2394 4432 IEgypti
2416 4359 2685 4414 Pharaoni
2712 4361 2846 4430 regi,
2871 4368 2927 4414 et
2951 4362 3224 4417 universa:
3249 4371 3437 4419 terra:
3456 4365 3609 4436 ejus,
3635 4365 3808 4419 omni—

2171 4467 2276 4522 que
2300 4453 2558 4507 exercitui
2609 4451 3013 4524 Egyptiorum,
3045 4465 3099 4510 et
3147 4457 3314 4525 equis
3365 4473 3440 4514 ac
3495 4459 3800 4514 curribus:

477 4533 689 4588 ιεῧυιθε
723 4533 774 4585 ίιι
805 4546 1012 4597 arcum.
1046 4546 1208 4600 quam
1235 4531 1492 4594 feceram»
1531 4545 1652 4600 (μιίὲ
1681 4531 1962 4602 hucusque
1992 4532 2063 4586 ibi
2096 4543 2142 4601 D
2169 4545 2447 4614 quomodo
2495 4545 2816 4616 operuerint
2849 4561 2946 4602 eos
2974 4564 3128 4618 aqua:
3169 4551 3349 4606 maris
3412 4551 3630 4618 Rubri,
3685 4568 3805 4608 cum

470 4633 622 4692 sunt,
681 4623 821 4678 sicut
880 4624 1008 4676 milii
1069 4623 1327 4692 praecepit
1373 4622 1656 4677 Dominus.
1712 4623 1834 4678 Filii
1883 4637 2062 4679 autem

472 4719 638 4774 Israel
659 4726 946 4773 moverunt
961 4728 1134 4772 castra
1150 4734 1216 4772 ex
1232 4717 1425 4772 Beroth
1445 4716 1673 4772 liiiorum
1691 4716 1856 4773 Jacan
1881 4719 1932 4772 in
1952 4718 2064 4772 Mo-

473 4827 619 4878 sera,
643 4811 734 4866 tibi
747 4813 925 4865 Aaron
943 4820 1189 4864 mortuus
1201 4825 1266 4864 ac
1279 4810 1520 4877 sepultus
1535 4819 1637 4874 est,
1655 4825 1752 4879 pro
1769 4824 1875 4879 quo
1887 4824 2065 4864 sacer-

473 4903 626 4958 dotio
646 4903 864 4958 functus
889 4915 970 4958 est
995 4902 1139 4957 [ilius
1164 4903 1280 4972 ejus
1306 4902 1548 4956 Eleazar.
1565 4901 1695 4957 Inde
1717 4911 1982 4957 venerunt
2009 4901 2060 4955 in

477 4993 695 5064 Gadgad
719 4995 798 5065 [h.
817 4993 869 5047 ln
885 4992 1202 5065 Gud-god.]:
1222 4994 1413 5064 dequo
1436 4994 1557 5048 loco
1583 4993 1833 5063 profecti,
1854 5003 2054 5047 castra.

473 5085 663 5142 metati
683 5096 809 5139 sunt
831 5087 885 5139 in
902 5085 1208 5153 .Ietabaiha,
1233 5087 1283 5140 in
1307 5095 1446 5141 terra
1469 5101 1725 5154 aquarum
1748 5087 1824 5158 [h.
1843 5087 1896 5141 in
1916 5099 2057 5142 terra

471 5181 793 5234 torrentium
850 5181 1137 5253 aquarum]
1169 5191 1326 5252 atque
1356 5181 1696 5236 torrentium.
1732 5181 1814 5252 [C.
1854 5180 2057 5252 XLIV.]

471 5273 550 5327 Eo
579 5283 822 5343 tempore
845 5276 1114 5341 separavit
1143 5275 1216 5344 [Ιι.
1245 5274 1516 5343 separavit
1549 5272 1827 5345 Dominus]
1859 5274 2054 5328 tribum

472 5364 628 5434 Levi,
671 5376 730 5421 ut
769 5377 1009 5436 portaret
1055 5379 1231 5418 arcam
1282 5365 1505 5420 hederis
1539 5365 1776 5427 Domini,
1809 5376 1864 5420 et
1887 5375 2060 5421 staret

466 5473 651 5514 coram
700 5475 767 5513 eo
797 5459 849 5512 in
885 5455 1212 5519 ministerio,
1252 5471 1314 5510 ac
1343 5457 1695 5512 benedicerct
1725 5457 1778 5512 in
1834 5459 2049 5512 nomine

463 5549 610 5605 illius
637 5565 808 5621 usque
837 5549 892 5604 in
924 5556 1244 5615 praesentem
1268 5547 1432 5604 diem.
1465 5549 1635 5615 Quam
1667 5550 1738 5605 ob
1782 5565 1896 5606 rem
1941 5567 2047 5604 non

459 5640 650 5697 habuit
677 5639 807 5696 Levi
839 5645 1075 5709 partem,
1108 5651 1285 5707 neque
1329 5643 1735 5710 possessionem
1761 5658 1884 5698 cum
1936 5643 2039 5697 fra-

457 5732 634 5790 tribus
665 5729 856 5807 [Vulg.
900 5727 1194 5805 fructibus]
1232 5733 1345 5788 suis
1394 5750 1406 5786 :
1450 5735 1574 5804 quia
1622 5735 1736 5805 ipse
1790 5735 2048 5792 Dominus

2169 4651 2264 4690 vos
2299 4648 2774 4706 persequerentur,
2805 4647 2860 4693 et
2887 4638 3150 4695 deleverit
3171 4656 3271 4696 eos
3304 4643 3600 4701 Dominus
3636 4661 3806 4714 usque

2165 4729 2219 4782 in
2244 4739 2565 4798 praesentem
2596 4730 2737 4784 diem
2766 4747 2780 4784 :
2814 4732 3080 4802 vobisque
3104 4749 3226 4802 qua:
3259 4734 3481 4793 fecerit
3525 4739 3586 4794 in
3613 4741 3810 4797 solitu-

2166 4822 2313 4888 dine,
2361 4823 2533 4877 d0nec
2575 4825 2834 4878 veniretis
2870 4813 2948 4879 'ad
2980 4825 3342 4883 buuclocum
3405 4848 3420 4883 :
3471 4843 3533 4888 et
3591 4832 3803 4887 Dathan

2164 4924 2326 4984 atque
2364 4915 2584 4968 Abiram
2628 4915 2751 4969 filiis
2787 4915 2962 4977 Eliab.
2993 4919 3082 4986 qui
3120 4916 3219 4971 fuit
3263 4919 3432 4976 {ilius
3485 4900 3695 4980 Ruben
3729 4923 3807 4996 [ιι.

2165 5003 2321 5058 Filiis
2353 5003 2530 5069 Eliab,
2563 5003 2658 5059 lilii
2684 5004 2901 5078 Ruben]
2937 5023 2950 5060 :
2983 5023 3117 5077 quos
3149 5020 3355 5079 aperte
3390 5029 3500 5068 ore
3529 5031 3638 5070 suo
3666 5026 3807 5070 terra

2162 5095 2445 5150 absorbuit
2493 5094 2566 5167 [Ιι.
2609 5095 2944 5169 deglutivit],
2993 5115 3114 5153 cum
3173 5100 3460 5160 domibus
3503 5119 3567 5162 et
3624 5110 3810 5163 taber—

2161 5187 2391 5251 naculis,
2438 5197 2493 5238 et
2524 5188 2774 5242 universa
2808 5191 3112 5244 substantia
3146 5205 3384 5260 eorum,
3413 5215 3596 5266 quam
3636 5201 3807 5255 habe-

2161 5276 2285 5330 bant
2319 5277 2370 5330 in
2403 5277 2580 5332 medio
2606 5279 2842 5334 lsraelis.
2874 5279 3030 5335 Oculi
3065 5283 3228 5336 vestri
3277 5285 3370 5357 [h.
3407 5290 3585 5346 Oculi
3621 5303 3808 5348 autem

2159 5369 2346 5440 vestri]
2372 5372 2616 5426 viderunt
2649 5375 2829 5427 omnia
2861 5391 3024 5443 opera
3060 5376 3280 5431 Domini
3312 5396 3539 5453 magna
3565 5402 3697 5455 qum
3733 5386 3810 5440 l'e-

2157 5463 2251 5528 cit,
2275 5473 2333 5524 put
2355 5463 2671 5520 custodiatis
2811 5466 3079 5522 cnstodite
3117 5466 3283 5542 ergo]
3316 5475 3617 5532 universa
3653 5495 3809 5534 man-

2151 5552 2272 5606 data
2298 5554 2459 5621 illius,
2485 5570 2602 5624 quae
2624 5571 2725 5627 ego
2749 5557 2908 5612 hodie
2934 5559 3193 5628 przecipio
3215 5563 3431 5636 vobis,
3461 5577 3529 5624 ut
3572 5571 3809 5638 possitis

2154 5647 2380 5702 introire
2410 5658 2465 5703 et
2515 5651 2794 5720 possidere
2826 5662 3049 5718 terram,
3083 5651 3148 5707 ad
3177 5666 3363 5722 quam
3398 5658 3807 5732 ingredimini,

2151 5738 2431 5811 multoque
2479 5741 2530 5796 in
2576 5754 2640 5797 ea
2697 5739 2888 5798 vivatis
2921 5751 3208 5813 tempore;
3249 5760 3446 5816 quam
3505 5757 3620 5811 sub
3647 5757 3806 5827 jura-
