4098 6366
308 315 404 375 “0

1534 310 1734 372 LIBER
1775 308 2313 371 DEUTERONOMII.

3466 313 3575 371 4ἷο

310 434 486 485 mento
526 421 803 494 pollicitus
851 430 934 479 est
980 423 1239 478 Dominus
1282 424 1524 492 patribus
1565 426 1787 490 vestris,
1828 431 1884 480 et
1915 424 1952 483 Α
1990 424 2119 478 mini
2168 426 2259 479 Dei
2303 425 2491 495 vestri,
2541 424 2632 479 sed
2671 426 3010 481 recesseritis
3039 426 3109 482 de
3143 428 3253 493 via,
3281 443 3439 497 quam
3471 444 3572 499 ego

309 516 494 574 semini
523 530 735 584 eorum,
769 514 910 572 lacte
937 524 992 572 et
1018 515 1179 572 melle
1209 526 1540 573 manantem.
1579 515 1663 590 [Β.
1696 516 1882 586 XLV.]

308 611 467 666 Terra
498 608 641 663 enim
682 607 749 663 ad
780 622 940 679 quam
990 607 1293 678 ingrederis
1326 607 1515 681 [Va/9.
1543 606 1882 678 ingredieris]

305 699 705 775 possidendam,
757 714 865 756 non
900 709 989 755 est
1033 700 1174 755 sicut
1213 710 1359 756 terra
1396 700 1632 773 Egypti,
1674 701 1742 755 de
1781 716 1882 768 qua

303 793 476 860 existi,
504 793 593 848 ubi
633 793 781 863 jacto
820 793 1028 848 semine
1064 793 1115 848 in
1159 793 1436 850 hortorum
1492 808 1697 849 morem
1731 808 1885 863 aquae

304 888 572 944 ducuntur
594 887 947 958 irriguaszsed
979 897 1265 944 montuosa
1278 897 1425 944 estet
1444 888 1791 958 campestris,
1816 886 1886 944 de

303 978 436 1036 rmlo
466 988 792 1047 exspectans
825 979 1057 1050 pluvias.
1086 980 1261 1048 Quam
1292 980 1556 1036 Dominus
1594 980 1736 1036 Deus
1764 988 1885 1035 tuus

303 1084 513 1138 semper
535 1069 743 1139 imisit,
779 1077 835 1125 et
862 1071 1006 1126 oculi
1038 1070 1185 1126 illius
1212 1072 1264 1127 in
1298 1086 1360 1126 ea
1388 1079 1513 1127 sunt
1552 1086 1580 1125 a
1621 1072 1886 1141 principio

300 1164 419 1218 anni
464 1177 637 1233 usque
675 1162 739 1215 ad
773 1163 935 1218 ﬁnem
972 1161 1110 1233 ejus.
1157 1162 1241 1235 [8.
1276 1162 1457 1219 XLVI.
1494 1164 1553 1216 C.
1584 1161 1793 1236 XLIX]
1824 1164 1880 1218 Si

304 1269 426 1326 ergo
451 1254 767 1311 obedieritis
796 1254 1067 1310 mandatis
1098 1256 1257 1321 meis,
1287 1270 1407 1327 quas
1435 1271 1536 1326 ego
1563 1256 1727 1311 hodie
1753 1273 1883 1326 pra:-

302 1347 437 1416 cipio
474 1346 649 1415 vobis,
682 1356 743 1402 ut
780 1346 1016 1418 diligatis
1069 1348 1360 1403 Dominum
1393 1349 1560 1404 Deum
1614 1358 1881 1418 vestrum,

301 1449 352 1495 et
377 1439 633 1495 serviatis
663 1441 709 1495 ei
749 1440 803 1494 in
834 1449 946 1495 toto
970 1440 1135 1496 corde
1161 1449 1362 1504 vestro,
1397 1453 1452 1497 et
1479 1442 1531 1498 in
1567 1451 1675 1496 tota
1710 1444 1888 1498 anima

299 1531 692 1588 vestra:dabit
743 1532 978 1603 pluviam
1030 1543 1187 1589 terra:
1234 1544 1430 1590 vestrae
1481 1544 1888 1604 temporaneam

300 1635 349 1682 et
375 1626 700 1693 ser0tinam,
743 1635 803 1681 ut
829 1626 1098 1696 colligatis
1125 1627 1480 1694 frumentum,
1512 1638 1565 1683 et
1594 1628 1803 1693 vinum,
1837 1637 1893 1683 et

299 1719 494 1787 oleum,
537 1721 721 1774 fenum
772 1735 843 1774 ex
884 1720 1030 1790 agris
1070 1718 1137 1773 ad
1193 1719 1472 1789 pascenda
1518 1721 1786 1790 jumeuta,
1837 1730 1891 1774 et

299 1821 353 1867 ut
392 1811 498 1883 ipsi
539 1809 842 1867 comedatis
892 1825 957 1867 ac
994 1810 1338 1867 saturemini.
1391 1811 1590 1866 Cavete
1639 1827 1706 1865 ne
1758 1809 1892 1865 forte
1923 1808 1971 1868 B

300 1904 602 1975 decipiatur
626 1919 721 1959 cor
742 1914 1004 1972 vestrum,
1038 1913 1092 1958 et
1124 1903 1395 1959 recedatis
1426 1919 1453 1957 a
1486 1904 1739 1973 Domino,
1775 1920 1889 1960 ser-

299 1997 570 2064 viatisque
608 1996 711 2051 diis
754 1996 970 2062 alienis,
1019 2005 1074 2051 et
1114 1994 1357 2050 adoretis
1402 2010 1495 2051 eos
1546 2013 1561 2050 :
1612 1995 1892 2065 iratusque

299 2090 564 2147 Dominus
607 2090 820 2145 claudat
873 2092 1093 2155 caelum,
1150 2100 1205 2145 et
1252 2090 1449 2161 pluviae
1506 2108 1614 2146 non
1669 2091 1894 2147 descen-

300 2183 424 2240 dant
457 2184 536 2254 ]h.
573 2199 676 2237 non
713 2184 864 2254 sint],
893 2198 991 2239 nec
1029 2192 1174 2238 terra
1206 2183 1299 2238 det
1327 2199 1551 2255 germen
1580 2200 1759 2251 suum,
1799 2200 1887 2253 pe

301 2276 574 2347 reatisque
605 2276 869 2331 velociter
894 2276 963 2331 de
991 2285 1134 2331 terra
1178 2277 1406 2345 Optima,
1433 2292 1591 2347 quam
1636 2277 1897 2331 Dominus

302 2368 528 2424 daturus
562 2378 641 2423 est
684 2368 859 2423 vobis.
908 2367 991 2438 [Β.
1045 2367 1279 2439 XLVII.]
1332 2368 1521 2423 Ponite
1563 2369 1677 2422 haec
1728 2368 1897 2439 verba

300 2476 415 2518 mea
460 2460 515 2515 in
547 2460 807 2515 cordibus
837 2468 893 2515 et
922 2460 974 2515 in
1007 2461 1205 2516 animis
1246 2461 1467 2523 vestris,
1502 2470 1557 2515 et
1581 2461 1898 2531 suspendite

302 2569 360 2610 ea
408 2568 508 2622 pro
537 2554 695 2623 signo
738 2553 789 2606 in
838 2554 1113 2618 manibus,
1164 2562 1219 2608 et
1259 2554 1405 2609 inter
1456 2555 1644 2609 oculos
1688 2562 1900 2609 vestros

302 2643 571 2700 collocate
601 2644 677 2715 [ιι.
728 2653 781 2700 et
828 2645 991 2715 ligate
1022 2660 1082 2700 ea
1134 2662 1232 2713 pro
1264 2647 1418 2715 signo
1464 2662 1627 2716 super
1683 2662 1899 2701 manum

302 2748 542 2795 vestram
576 2780 591 2802 ,
664 2749 717 2793 et
787 2750 944 2793 erunt
1002 2748 1062 2792 ut
1113 2738 1445 2810 phylacteria
1519 2741 1657 2795 inter
1712 2740 1902 2793 oeulos

308 2838 542 2886 vestros.
580 2830 924 2902 Phylacteria
977 2829 1189 2895 Graece,
1228 2830 1500 2885 llebraice
1548 2829 1901 2901 Totaphoth].

318 2923 396 2996 ]B.
426 2922 689 2995 XLVIII]
716 2924 917 2981 Docete
946 2924 1083 2979 filios
1114 2936 1327 2981 vestros
1352 2934 1411 2979 ut
1434 2926 1525 2979 illa
1550 2926 1902 2989 meditemur,

306 3016 527 3086 quando
563 3016 773 3071 sederis
804 3017 856 3070 in
886 3016 1047 3071 domo
1082 3026 1192 3083 tua,
1220 3026 1274 3071 et
1310 3016 1675 3072 ambulaveris
1716 3018 1767 3070 iu
1796 3017 1902 3083 via,

307 3120 356 3164 et
398 3110 729 3165 accubueris
776 3122 938 3181 atque
992 3111 1326 3165 surrexeris.
1367 3110 1588 3166 Scribes
1640 3127 1705 3165 ea
1744 3127 1907 3180 super

1987 530 2129 571 nunc
2155 516 2387 571 ostendo
2418 516 2597 583 vobis,
2624 527 2678 572 et
2703 516 3111 573 ambulaveritis
3136 528 3253 587 post
3276 518 3408 575 deos
3438 521 3571 577 alie-

1987 623 2111 673 nos,
2164 624 2300 678 quos
2349 609 2634 679 ignoratis.
2673 609 2754 679 [Β.
2806 608 2894 681 L.]
2922 610 3057 667 Cum
3106 611 3473 669 introduxerit
3524 625 3577 670 te

1988 701 2250 758 Dominus
2279 706 2419 758 Deus
2457 713 2577 759 tuus
2607 704 2659 759 in
2706 714 2901 760 terram
2935 706 3001 759 ad
3029 720 3189 777 quam
3216 707 3397 776 pergis
3428 707 3578 763 habi-

1989 793 2226 858 tandam,
2257 809 2462 864 ponens
2491 795 2927 852 benedictionem
2959 812 3125 868 super
3156 806 3395 855 montem
3425 799 3582 855 Gari-

1988 886 2114 951 zim,
2146 886 2586 943 maledictionem
2616 902 2782 957 super
2811 900 3050 944 montem
3079 888 3249 945 llebal
3283 906 3298 946 :
3326 891 3415 960 qui
3456 902 3583 946 sunt

1992 988 2141 1034 trans
2169 981 2482 1046 Jordanem,
2519 989 2639 1048 post
2684 981 2826 1036 viam
2868 998 2987 1052 qua:
3029 985 3201 1054 vergit
3230 985 3297 1040 ad
3325 986 3460 1040 solis
3491 1002 3583 1042 oc-

1988 1071 2253 1139 cubitum,
2296 1072 2349 1126 in
2395 1081 2541 1127 terra
2581 1071 2895 1139 Chananati,
2953 1076 3042 1145 qui
3088 1075 3295 1132 habitat
3339 1077 3391 1132 iu
3437 1094 3583 1133 cam-

1992 1162 2265 1232 pestribus
2315 1172 2503 1221 contra
2531 1162 2832 1235 Galgalam,
2874 1181 2994 1235 qua:
3032 1178 3116 1224 est
3141 1168 3302 1238 juxta
3329 1180 3351 1206 η
3388 1171 3583 1225 vallem

1996 1256 2311 1325 tendentem
2346 1256 2424 1327 ]h.
2456 1272 2579 1327 qua:
2627 1266 2712 1313 est
2747 1258 2897 1328 juxta
2926 1275 3171 1329 quercum
3209 1263 3584 1333 apparentem]

1997 1357 2049 1401 et
2078 1347 2376 1403 intrantem
2408 1348 2614 1417 procul.
2646 1348 2754 1402 Vos
2773 1350 2916 1403 enim
2944 1350 3244 1406 transibitis
3265 1350 3584 1415 Jordanem,

1995 1446 2051 1493 ut
2080 1438 2405 1507 possideatis
2452 1448 2677 1501 terram,
2731 1454 2891 1507 quam
2923 1440 3183 1497 Dominus
3234 1443 3376 1498 Deus
3403 1454 3585 1500 vester

1993 1529 2219 1585 daturus
2258 1541 2341 1586 est
2371 1531 2548 1596 vobis,
2581 1542 2634 1586 et
2675 1531 2921 1587 habeatis
2961 1540 3019 1588 et
3044 1534 3372 1602 possideatis
3412 1537 3584 1594 illam.

1994 1621 2189 1677 Videte
2215 1637 2348 1694 ergo
2379 1634 2439 1677 ut
2478 1623 2749 1693 impleatis
2793 1626 3146 1679 caeremonias
3173 1636 3339 1697 atque
3359 1628 3585 1698 judicia,

1996 1729 2115 1781 quia
2143 1728 2244 1782 ego
2273 1712 2437 1768 hodie
2462 1728 2658 1784 ponam
2690 1714 2743 1769 itt
2773 1725 3068 1785 conspectu
3098 1726 3303 1773 vestro.

2069 1805 2154 1877 ιτ.
2192 1805 2324 1871 vnt,
2360 1806 2421 1860 Β.
2448 1806 2535 1872 Lt,
2563 1807 2622 1860 c.
2653 1808 2764 1875 LII,
2790 1808 2918 1878 Cap.
2951 1810 3092 1882 xu]
3133 1811 3257 1867 Haec
3299 1823 3425 1869 sunt
3452 1830 3595 1885 pra:-

1995 1906 2149 1967 cepta
2168 1907 2329 1969 atque
2340 1899 2567 1968 judicia,
2589 1915 2705 1970 quae
2734 1900 2911 1957 facere
2929 1902 3139 1958 debetis
3163 1905 3217 1958 in
3245 1913 3411 1969 terra,
3436 1921 3595 1976 quam

1998 1989 2261 2044 Dominus
2311 1990 2454 2045 Deus
2511 2003 2724 2061 patrum
2762 2002 2977 2047 tuorum
3009 1993 3233 2049 daturus
3269 2005 3354 2051 est
3386 1996 3510 2062 tibi,
3542 2008 3600 2053 ut

1998 2083 2279 2151 possideas
2317 2099 2436 2139 eam
2469 2085 2685 2139 cunctis
2714 2085 2907 2141 diebus
2936 2088 3130 2156 quibus
3174 2103 3339 2159 super
3378 2090 3597 2146 humum

1999 2176 2285 2247 gradieris.
2318 2178 2629 2234 Subvertite
2646 2180 2828 2234 omnia
2855 2181 2991 2248 loca,
3018 2182 3069 2236 in
3096 2183 3291 2253 quibus
3313 2186 3603 2241 coluerunt

1998 2282 2214 2341 gentes,
2240 2287 2374 2342 quas
2402 2274 2709 2341 possessuri
2742 2275 2895 2340 estis,
2933 2275 3067 2330 deos
3097 2292 3224 2332 suos
3255 2292 3420 2347 super
3446 2294 3603 2335 mon-

2004 2372 2084 2416 tes
2113 2364 2380 2427 excelsos,
2416 2372 2469 2415 et
2506 2364 2694 2425 colles,
2724 2375 2776 2418 ct
2803 2367 2991 2421 Subter
3019 2384 3181 2422 on‘tne
3215 2368 3419 2436 lignum
3447 2369 3595 2426 fron-

2000 2456 2218 2511 dosum.
2252 2457 2523 2524 Dissipate
2552 2474 2672 2512 aras
2707 2476 2916 2526 earum,
2944 2474 2995 2515 ct
3022 2463 3355 2534 Confringite
3376 2476 3601 2535 Statuas,

2006 2548 2157 2602 lucos
2190 2549 2311 2619 igne
2336 2549 2665 2618 comburite,
2695 2560 2750 2605 et
2782 2552 2925 2607 idola
2957 2556 3312 2610 conminuite
3347 2576 3358 2610 :
3391 2558 3597 2626 disper-

2004 2639 2116 2694 dite
2145 2640 2363 2693 nomina
2407 2655 2593 2694 eorum
2646 2640 2714 2695 de
2760 2642 2896 2697 locis
2933 2643 3057 2696 irlis.
3096 2644 3177 2715 [Β.
3208 2645 3315 2713 LII,
3345 2647 3406 2702 C.
3446 2647 3606 2720 Llll.]

2006 2730 2121 2785 Non
2150 2730 2362 2786 facietis
2392 2731 2462 2785 ita
2498 2731 2729 2786 Domino
2757 2733 2867 2788 Deo
2910 2745 3112 2790 Vt‘Slt'tt.
3174 2736 3258 2807 [Ο.
3294 2737 3452 2810 UV.]
3500 2739 3607 2794 Sed

2007 2823 2074 2877 ad
2125 2823 2327 2887 locum,
2360 2839 2520 2894 quem
2554 2825 2781 2893 elegerit
2825 2826 3087 2882 Dominus
3121 2829 3262 2883 Deus
3310 2840 3491 2886 vester
3541 2833 3607 2888 de

2008 2916 2219 2970 Cunctis
2262 2915 2513 2969 tribubus
2542 2917 2755 2983 vestris,
2798 2927 2854 2971 ιιι
2886 2930 3049 2985 ponat
3100 2936 3294 2977 nomen
3326 2938 3478 2977 suum
3512 2925 3607 2992 ibi,

2008 3018 2064 3064 et
2095 3008 2299 3066 habitet
2341 3009 2394 3062 in
2421 3023 2507 3076 eo,
2543 3009 2775 3064 venietis
2814 3021 2862 3065 et
2890 3011 3131 3067 offeratis
3163 3014 3361 3070 inloco
3390 3016 3481 3071 illo
3510 3016 3609 3073 ho-

2011 3102 2249 3158 locausta
2294 3112 2345 3155 et
2378 3102 2626 3163 victimas
2672 3111 2901 3158 ve-tras.
2960 3104 3043 3175 [Ο.
3094 3106 3232 3178 LV.]
3266 3107 3513 3162 Decimus
3556 3119 3612 3165 et

306 3209 487 3272 postes
534 3210 591 3256 εει
642 3202 837 3271 ianuas
865 3202 1058 3257 domus
1110 3210 1214 3256 tua}
1255 3201 1332 3273 μ),
1378 3217 1543 3273 super
1588 3214 1766 3272 pastes
1810 3204 1903 3257 dt).
1934 3191 1979 3255 C
2012 3193 2277 3264 primitias
2307 3210 2563 3250 manuum
2591 3205 2917 3261 vestrarum,
2944 3208 2993 3250 et
3026 3206 3149 3251 thla
3178 3208 3340 3268 alque
3362 3199 3609 3265 donaria,

308 3308 424 3347 mus
453 3300 566 3347 tua:
606 3303 663 3348 et
720 3293 770 3347 in
802 3293 982 3363 januis
1016 3295 1140 3366 tuis]
1174 3311 1187 3359 ;
1226 3303 1282 3348 ιιι
1332 3295 1761 3365 multiplicemur
1791 3296 1907 3353 dies

310 3386 421 3451 tui,
472 3396 530 3440 et
587 3385 825 3440 filiorum
883 3400 1130 3454 tuorum,
1174 3388 1225 3441 in
1282 3396 1449 3455 terra,
1498 3404 1656 3458 quam
1708 3390 1909 3459 juravit

310 3480 574 3533 Dominus
605 3481 851 3549 patribus
881 3481 1014 3543 tuis,
1048 3490 1102 3533 ut
1138 3480 1299 3536 daret
1327 3482 1405 3536 eis
1433 3483 1687 3550 quamdiu
1710 3483 1907 3538 crelum

309 3570 561 3625 imminet
588 3582 769 3626 terrae.
798 3572 879 3641 ]B.
916 3570 1105 3635 XLIX,
1136 3572 1196 3626 Ο.
1227 3572 1385 3643 L.]Si
1417 3573 1560 3627 enim
1592 3574 1910 3629 custodieri-

310 3665 375 3717 tis
407 3663 667 3718 mandata
695 3678 813 3734 qua:
844 3679 944 3734 ego
978 3664 1237 3733 prazcipio
1269 3665 1445 3730 vobis,
1469 3676 1522 3720 et
1555 3666 1790 3720 fect'rilis
1820 3682 1905 3731 ea,

311 3766 367 3808 ut
395 3754 647 3826 diligatis
696 3755 987 3810 Dominum
1034 3756 1199 3810 Deum
1228 3769 1494 3824 vestrum,
1543 3768 1593 3811 et
1626 3758 1913 3813 amhulctis

311 3846 361 3902 in
389 3848 653 3903 omnibus
689 3848 787 3902 viis
825 3848 963 3917 ejus,
1006 3847 1350 3903 adhaerentes
1388 3850 1459 3915 ei,
1493 3848 1773 3919 disperdat
1804 3850 1911 3905 Do-

312 3940 485 3994 minus
530 3954 724 3994 omnes
759 3951 947 4009 gentes
979 3939 1110 3994 istas
1152 3950 1280 3994 ante
1324 3939 1517 3995 faciem
1566 3950 1825 4012 vestram,
1859 3951 1915 3997 et

314 4031 668 4100 possidebitis
719 4045 812 4086 eas
881 4046 1002 4101 quae
1050 4033 1285 4101 majores
1352 4041 1410 4086 et
1456 4022 1733 4088 fortiores.
1762 4034 1916 4088 vobis

315 4135 456 4179 sunt.
514 4123 713 4179 Omnis
773 4126 949 4191 locus,
992 4140 1151 4195 quem
1209 4125 1499 4180 calcaverit
1564 4140 1661 4194 pes
1709 4138 1912 4194 vester,

315 4228 492 4273 veSter
522 4216 655 4272 erit.
693 4219 732 4270 A
767 4215 1009 4281 deserto,
1041 4227 1097 4272 et
1136 4215 1366 4287 Libano,
1402 4232 1431 4272 a
1465 4218 1686 4273 flumine
1723 4234 1915 4290 magno

319 4308 605 4380 Euphrate
635 4308 712 4380 [h.
748 4309 793 4363 A
833 4309 1057 4365 flumine
1089 4309 1299 4363 flumine
1329 4309 1628 4381 Euphrate]
1652 4325 1819 4380 usque
1849 4309 1915 4365 ad

315 4415 462 4456 mare
493 4400 842 4455 occidentale
870 4400 1033 4455 erunt
1072 4401 1291 4455 termini
1321 4401 1507 4455 vestri.
1536 4401 1725 4457 Nullus
1754 4402 1918 4457 stabit

316 4507 503 4548 contra
544 4510 645 4548 vos
679 4511 691 4547 :
742 4504 1011 4549 terrorem
1041 4504 1284 4549 vestrum
1306 4504 1360 4549 et
1381 4494 1730 4550 formidinem
1768 4496 1918 4549 dabit

2015 3285 2371 3356 primogenita
2427 3286 2586 3341 boum
2638 3296 2693 3339 et
2740 3288 2942 3341 ovium.
2978 3290 3037 3343 lit
3087 3291 3382 3345 comedetis
3439 3292 3507 3346 ibi
3557 3292 3610 3346 in

2011 3390 2307 3447 conspectu
2342 3379 2550 3433 Domini
2586 3378 2682 3433 Dei
2719 3381 2885 3433 vestri
2922 3399 2934 3433 :
2967 3396 3028 3433 ac
3060 3382 3371 3437 la‘tabimini
3396 3386 3446 3438 in
3475 3400 3611 3439 cun-

2012 3471 2137 3535 ctis,
2170 3471 2238 3524 ad
2270 3487 2391 3540 qua:
2422 3470 2683 3526 miseritis
2713 3486 2926 3526 manum
2962 3487 3055 3526 vos
3084 3485 3133 3526 et
3165 3474 3359 3529 domus
3386 3486 3607 3543 vestrae,

2016 3566 2067 3619 in
2113 3564 2312 3634 quibus
2354 3564 2696 3620 benedixcrit
2731 3566 2881 3620 vobis
2937 3567 3197 3623 Dominus
3240 3569 3379 3624 Deus
3410 3581 3608 3627 vester.

2014 3655 2131 3711 Non
2163 3656 2373 3711 facietis
2414 3657 2484 3712 ibi
2516 3673 2637 3727 qua}
2674 3674 2772 3712 nos
2808 3660 2891 3711 hic
2924 3658 3154 3715 facimus
3179 3660 3367 3730 hodie,
3418 3666 3612 3734 singuli

2015 3749 2157 3817 quod
2181 3748 2281 3803 sibi
2305 3760 2512 3804 rectum
2542 3750 2777 3805 videtur.
2816 3752 2995 3821 Neque
3023 3753 3166 3807 enim
3199 3769 3372 3825 usque
3398 3758 3450 3811 in
3474 3773 3613 3828 ρνωε

2018 3858 2145 3898 sens
2192 3853 2404 3912 tempus
2460 3846 2686 3899 venistis
2715 3846 2781 3900 ad
2830 3850 3073 3917 requiem
3116 3862 3170 3905 et
3206 3854 3612 3921 possessionem

2016 3952 2175 4006 quam
2206 3937 2466 3993 Dominus
2499 3938 2640 3993 Deus
2662 3949 2844 3995 vester
2868 3940 3095 3998 daturos
3117 3952 3199 3998 est
3228 3945 3613 4005 vobis.'l‘rans-

2020 4030 2166 4085 ibitis
2195 4030 2487 4087 Jcrdanem
2510 4072 2523 4095 ,
2557 4043 2611 4087 et
2656 4031 2966 4087 habitabilis
3000 4037 3052 4087 in
3098 4046 3263 4102 terra,
3309 4053 3469 4108 quam
3505 4040 3610 4094 Do-

2020 4123 2201 4177 minus
2237 4124 2377 4178 Deus
2407 4136 2589 4179 veSIer
2611 4124 2834 4180 daturus
2865 4136 2949 4181 est
2974 4128 3147 4192 vobis,
3179 4139 3235 4183 ut
3264 4133 3614 4202 requiescatis

2019 4230 2048 4269 a
2073 4216 2282 4269 cunctis
2314 4215 2567 4270 hostibus
2602 4232 2697 4285 per
2722 4219 3006 4273 circuitum
3034 4236 3047 4273 :
3079 4230 3130 4274 et
3167 4222 3377 4292 absque
3407 4226 3519 4279 ullo
3552 4228 3616 4278 ti-

2021 4324 2172 4365 more
2214 4310 2485 4365 habitetis.
2513 4316 2544 4355 b
2575 4311 2639 4364 Et
2672 4312 2723 4364 in
2757 4312 2956 4381 locnm,
2991 4329 3151 4383 quem
3184 4316 3405 4384 elegerit
3430 4318 3614 4373 Domi-

2024 4417 2123 4454 nus
2144 4401 2283 4455 Deus
2312 4412 2515 4469 vester,
2539 4410 2599 4456 ut
2624 4402 2692 4456 sit
2714 4417 2909 4457 nomen
2932 4404 3050 4474 ejus
3072 4405 3124 4458 in
3146 4422 3232 4470 eo,
3259 4407 3385 4461 illuc
3410 4411 3610 4475 omnia,

2021 4510 2143 4564 qua:
2177 4494 2433 4564 prmcipio
2459 4494 2754 4549 conferetis
2788 4512 2801 4546 :
2833 4495 3170 4565 holocausta,
3205 4507 3258 4551 et
3291 4497 3523 4566 hostias,
3552 4516 3614 4555 ac

317 4583 589 4639 Dominus
635 4584 777 4639 Deus
809 4596 992 4640 vester
1032 4600 1196 4655 super
1222 4600 1437 4642 onmem
1492 4599 1715 4655 terram,
1755 4604 1913 4658 quam
1945 4579 1998 4639 D
2022 4589 2280 4654 decimas,
2318 4599 2372 4643 et
2402 4589 2671 4658 primitias
2699 4602 2950 4641 manumn
2986 4599 3280 4645 vestrarum
3313 4609 3325 4645 :
3356 4601 3411 4646 et
3456 4596 3614 4663 quid-

317 4676 582 4731 calcaturi
632 4678 788 4744 eStis,
834 4678 977 4731 sicut
1006 4677 1215 4732 locutus
1242 4687 1325 4733 est
1366 4678 1655 4750 vobis,[C.
1693 4678 1800 4750 L1,]
1837 4682 1910 4734 En

320 4767 394 4840 [h.
430 4768 595 4832 Vide,
626 4784 692 4833 cu
722 4766 867 4838 ego],
905 4783 1148 4839 propono
1179 4770 1231 4822 in
1275 4781 1567 4839 conspectu
1601 4782 1780 4826 vestro
1815 4774 1913 4825 bo-

319 4860 403 4915 die
453 4859 902 4915 benedictionem
954 4870 1008 4917 et
1054 4860 1494 4916 maledictionem
1532 4879 1543 4915 :
1590 4862 1918 4917 benedictio-

320 4967 465 5022 nem,
493 4953 545 5007 si
574 4952 894 5009 obedieritis
922 4954 1192 5009 mandatis
1216 4953 1426 5008 Domini
1464 4955 1557 5010 Dei
1587 4957 1772 5024 vestri,
1799 4974 1917 5025 quac

320 5059 418 5114 ego
448 5044 617 5100 hodie
633 5045 895 5115 praecipio
923 5046 1105 5100 vobis:
1134 5046 1659 5114 maledictionem,si
1691 5064 1797 5104 non
1826 5066 1920 5104 au-

322 5135 542 5191 dieritis
584 5136 838 5192 mandata
889 5136 1077 5211 ]Vntg.
1128 5138 1449 5193 obedieritis
1479 5140 1768 5212 mandatis]
1812 5140 1889 5196 Do

391 5279 421 5309 ⁸
456 5271 839 5341 Septuaginta,
860 5274 1079 5333 πλησίον
1100 5282 1193 5333 τῆς
1222 5270 1372 5352 δρυὸς
1394 5282 1486 5334 τῆς
1511 5273 1730 5345 ὑψηλῆς,
1768 5292 1928 5345 prope

321 5380 577 5439 quercum
596 5366 947 5439 eacetsamJn
974 5368 1203 5424 Hebraro
1226 5370 1453 5439 legimus
1477 5379 1632 5429 mm
1652 5356 1772 5431 ‘3‘»:
1808 5382 1924 5438 73R,

325 5435 450 5490 etsel
479 5438 626 5492 eleae
648 5454 807 5493 more.
834 5438 945 5495 Hoc
973 5441 1135 5495 modo
1162 5435 1345 5510 legunt
1373 5442 1534 5495 etiam
1564 5444 1913 5510 Samaritani,

324 5527 597 5604 addentes
614 5540 791 5586 tanton
814 5532 923 5589 duo
946 5533 1060 5589 haec
1083 5532 1395 5603 verbajDJtD
1414 5517 1539 5601 ιἸἻῚΞ,
1562 5536 1667 5589 mal
1694 5535 1925 5604 δίοίιεηι,

330 5599 385 5651 id
414 5611 727 5671 est,versus
758 5604 984 5667 Sirbem.
1018 5615 1194 5667 .‘l‘IlIJ.
1220 5599 1359 5659 aiore
1380 5599 1582 5671 autem,
1611 5608 1723 5660 sive
1756 5599 1931 5669 N‘t‘llﬂi

329 5684 478 5722 mora
513 5670 758 5727 diversas
780 5674 943 5729 habet
982 5675 1463 5743 interpretationes
1490 5694 1502 5728 :
1536 5670 1628 5730 alii
1653 5678 1799 5730 elone
1827 5694 1935 5729 mo-

330 5753 386 5791 re
431 5745 645 5817 volunt
663 5760 782 5799 esse
831 5747 1123 5817 planitiem,
1174 5747 1256 5801 vel
1298 5758 1445 5817 prata
1490 5746 1636 5801 More
1678 5763 1695 5799 :
1735 5748 1931 5817 Syrus,

344 5826 570 5878 quercus
594 5812 809 5883 Mamre,
830 5812 935 5872 etc.
963 5818 1137 5872 MART.

2023 4683 2148 4750 qttid
2202 4682 2529 4750 praecipuum
2577 4692 2657 4735 est
2709 4681 2760 4734 in
2796 4683 3135 4747 muneribus,
3184 4699 3304 4751 qua:
3349 4687 3618 4743 vovebitis

2027 4776 2275 4830 Domino.
2308 4775 2383 4829 lbi
2415 4775 2763 4844 epulabimini
2811 4790 2992 4828 Coram
3020 4776 3244 4831 Domino
3272 4777 3382 4833 Deo
3413 4788 3615 4839 vestro.

2022 4884 2120 4922 vos
2149 4879 2201 4923 et
2235 4867 2327 4920 lilii
2379 4881 2440 4921 ac
2471 4867 2592 4921 lilia:
2617 4876 2836 4932 vestrae,
2871 4867 3052 4921 famuli
3098 4879 3151 4921 et
3183 4867 3423 4939 famulae,
3459 4880 3621 4942 atque

2023 4962 2261 5026 Levites,
2294 4963 2382 5030 qui
2434 4961 2485 5024 in
2534 4960 2755 5013 orbibus
2789 4962 2984 5014 vestris
3014 4976 3386 5017 commoratur
3416 4963 3492 5037 [h.
3518 4966 3618 5034 Qui

2022 5054 2162 5109 intra
2198 5064 2379 5123 portas
2403 5063 2597 5106 vestras
2618 5052 2741 5122 est].
2778 5051 2860 5121 [Β.
2898 5051 3055 5121 Llll.]
3085 5053 3265 5121 Neque
3289 5057 3434 5110 enim
3461 5057 3622 5113 habet

2024 5147 2186 5200 aliam
2220 5157 2426 5215 partem
2460 5154 2512 5199 et
2540 5144 2936 5211 possessionem
2960 5144 3100 5199 inter
3126 5159 3240 5201 vos.
3275 5148 3416 5204 Cave
3442 5165 3511 5205 ne
3540 5151 3619 5205 of-

2100 5282 2426 5354 —Heltra:us
2445 5281 2767 5354 adulteram
2788 5288 2999 5354 tantum
3027 5280 3208 5354 habet,
3229 5283 3388 5353 juxta
3409 5301 3627 5354 quercus

2036 5351 2205 5407 More.
2241 5351 2443 5422 Estque
2472 5351 2557 5405 hic
2602 5350 2740 5404 idem
2785 5353 2955 5418 locus,
2986 5352 3076 5420 qui
3100 5350 3362 5408 Cancellis
3384 5350 3618 5419 illustris,

2034 5424 2234 5480 Genes.
2267 5438 2359 5483 xu,
2387 5422 2439 5488 6,
2471 5422 2686 5475 dicitur.

2108 5515 2135 5553 ι)
2160 5516 2383 5570 Sensqu
2413 5514 2572 5582 hujus
2599 5513 2699 5566 loci
2734 5514 2974 5569 nonnihil
3005 5516 3277 5571 diversum
3302 5515 3540 5583 reperies
3568 5516 3618 5570 in

2039 5587 2219 5641 editis.
2250 5584 2506 5639 Conferat
2535 5587 2622 5654 qui
2653 5586 2901 5641 voluerit.
2940 5587 3115 5641 Mam".

2110 5656 2373 5709 —-Nostri
2422 5672 2632 5725 quoque
2663 5670 2790 5710 mss.
2831 5675 2950 5710 cum
2978 5658 3204 5725 vulgatis
3234 5654 3383 5708 libris
3425 5656 3619 5724 pracfe-

2044 5736 2186 5791 runt,
2223 5728 2458 5780 habitetis
2487 5728 2535 5779 in
2568 5726 2700 5791 loco,
2727 5745 2873 5796 quem
2909 5728 3113 5800 elegerit
3137 5727 3407 5792 Dominus,
3442 5739 3547 5784 etc.
