3956 6338
443 277 547 336 4M

1442 283 1504 341 S.
1545 280 1934 340 IIIERONYMI
1973 279 2197 341 DIVINA
2239 283 2721 350 BIBLIOTHECA.

3608 311 3701 373 452

442 401 586 502 feras
617 400 938 457 holocausta
985 409 1074 457 tua
1124 403 1196 502 in.
1225 403 1376 502 omni
1407 404 1548 502 loco,
1592 421 1758 502 quem
1790 406 1992 502 videris
2023 422 2038 463 :
2067 407 2434 502 Aoll‘erentes
2482 413 2623 469 ﬁlios
2673 421 2728 471 et
2776 413 2946 483 ﬁlias,
2999 425 3052 472 et
3078 419 3452 480 comburentes
3479 425 3596 498 igni.
3625 431 3693 502 [C.

439 493 538 548 sed
566 493 621 548 in
653 507 741 558 eo,
791 509 949 564 quem
998 495 1224 566 elegerit
1271 497 1554 562 Dominus,
1591 497 1643 551 in
1677 512 1781 552 una
1811 497 2045 553 tribuum

439 595 658 640 tuarum
679 584 877 640 offeres
901 585 1124 652 hostias,
1153 597 1208 642 et
1225 587 1389 642 facies
1411 603 1769 659 quwcumqne
1792 590 2047 660 praecipio

437 679 560 734 tibi.
594 677 677 750 [C.
713 679 876 751 L\’l.]
917 680 1012 736 Sin
1043 690 1222 736 autem
1269 680 1558 738 comedere
1587 683 1844 753 volueris,
1895 695 1948 739 et
1993 693 2046 740 te

437 786 566 827 esus
597 773 842 827 carnium
883 770 1259 841 delectaverit,
1290 774 1500 841 occide,
1554 785 1609 830 et
1638 777 1863 831 comede
1891 776 2044 847 juxta

436 863 878 921 benedictionem
912 865 1120 920 Domini
1151 866 1244 921 Dei
1270 867 1369 930 tui,
1395 883 1554 938 quam
1577 867 1730 924 dedit
1751 867 1843 924 tibi
1866 868 1921 923 in
1952 885 2044 924 ur-

435 955 600 1012 bibus
630 959 737 1012 tuis
770 974 783 1012 :
815 958 931 1013 sive
952 957 1292 1013 immundum
1323 958 1508 1026 fuerit,
1541 960 1645 1015 hoc
1673 970 1776 1026 est,
1806 963 2044 1018 macula-

434 1059 549 1104 tum
581 1059 635 1104 et
663 1049 855 1116 debile
883 1070 895 1102 :
929 1049 1043 1105 sive
1084 1051 1366 1117 mundum,
1412 1051 1516 1106 hoc
1541 1061 1646 1121 est,
1689 1053 1958 1124 integrum
1988 1060 2044 1108 et

432 1141 553 1197 sine
578 1142 814 1205 macula.
845 1143 988 1212 quod
1018 1142 1199 1198 oﬁ‘erri
1229 1145 1378 1211 licet,
1402 1145 1543 1200 sicut
1560 1159 1812 1214 capream
1840 1155 1892 1200 et
1921 1160 2041 1201 cer-

432 1248 562 1288 vum
595 1232 850 1288 comedes
881 1233 957 1304 [h.
994 1234 1432 1291 Benedictionem
1467 1237 1703 1302 Domini,
1738 1252 1896 1306 quam
1937 1237 2038 1292 de—

430 1322 510 1377 dit
550 1323 640 1379 tibi
697 1324 751 1378 in
794 1325 1050 1380 omnibus
1095 1327 1258 1396 portis
1300 1329 1424 1382 tuis.
1454 1327 1584 1383 Tam
1617 1328 1850 1384 mundus
1879 1344 2036 1399 quam

427 1415 734 1471 immundus
762 1426 1050 1472 vescentur
1071 1433 1138 1473 ex
1168 1419 1277 1484 eis;
1307 1421 1438 1474 sicut
1459 1435 1648 1491 caprea
1673 1429 1730 1476 et
1755 1436 1922 1477 cervo
1943 1422 2037 1478 ab-

430 1522 588 1576 sque,
624 1508 778 1581 ctc.],
824 1510 1031 1577 absque
1059 1526 1156 1565 esu
1202 1511 1487 1567 dumtaxat
1525 1513 1822 1583 sanguinis,
1873 1528 2034 1583 quem

430 1615 597 1670 super
620 1610 819 1656 terram
852 1603 1004 1672 quasi
1031 1618 1225 1672 aquam
1258 1604 1526 1660 effundes.
1560 1604 1675 1660 Non
1712 1605 1912 1674 poteris
1952 1606 2030 1677 [h.

426 1687 486 1744 In
512 1691 613 1745 hoc
636 1690 779 1758 loco,
809 1692 1132 1746 sacriﬁcium
1161 1693 1499 1765 intelligitur]
1531 1694 1822 1750 comedere
1852 1695 1904 1750 in
1936 1711 2033 1766 op-

2149 500 2355 574 LVIII.]
2387 502 2541 572 Quod
2573 507 2829 577 prtecipio
2861 508 2995 576 tibi,
3028 509 3135 566 hoc
3174 520 3378 569 tantum
3419 516 3570 575 facito
3606 500 3702 579 Do-

2146 595 2298 649 mino
2327 612 2341 649 :
2372 612 2475 654 nec
2503 597 2673 654 addas
2699 601 3016 672 quidquam,
3052 619 3153 660 nec
3184 607 3414 664 minuas.

2219 687 2302 758 [Τ.
2330 687 2428 757 ΙΧ,
2457 690 2516 744 Β.
2549 691 2662 760 LV,
2695 690 2826 762 Cap.
2858 694 3022 768 Xlll.]
3053 697 3112 752 Si
3143 701 3441 758 surrexerit
3468 703 3519 758 in
3547 708 3706 766 medio

2143 778 2221 834 tui
2263 785 2579 851 pr0phetes,
2622 795 2716 841 aut
2743 787 2834 858 qui
2871 790 3144 845 somnium
3174 791 3375 849 vidisse
3403 810 3459 852 se
3485 797 3634 866 dicat,
3661 812 3709 859 et

2144 870 2466 939 praedixerit
2520 876 2733 947 signum
2791 887 2957 949 atque
3011 890 3341 952 portentum,
3391 896 3443 940 et
3493 891 3712 947 evenerit

2143 963 2283 1031 quod
2311 964 2522 1021 locutus
2539 978 2644 1035 est,
2669 969 2942 1026 etdixerit
2959 972 3054 1027 tibi
3080 989 3092 1028 :
3119 973 3345 1043 Eamus,
3369 987 3419 1032 et
3443 992 3710 1050 sequamur

2141 1055 2274 1113 deos
2322 1059 2530 1117 alienos
2578 1078 2714 1134 quos
2760 1066 3011 1136 ignoras,
3063 1079 3118 1125 et
3148 1071 3452 1129 serviamus
3477 1075 3712 1136 eisznon

2140 1151 2332 1208 audies
2372 1156 2538 1212 verba
2570 1157 2858 1228 prOpbeta:
2891 1161 3035 1217 illius
3065 1175 3156 1218 aut
3198 1167 3543 1226 somniatoris
3568 1189 3579 1225 :
3603 1174 3714 1242 quia

2139 1252 2311 1300 tentat
2332 1263 2430 1302 vos
2454 1248 2716 1306 Dominus
2735 1252 2882 1309 Deus
2906 1264 3108 1322 vester,
3139 1265 3202 1312 ut
3231 1259 3403 1328 palam
3435 1261 3526 1318 ﬁat
3551 1272 3714 1321 utrum

2139 1338 2375 1410 diligatis
2404 1357 2528 1399 eum
2557 1359 2626 1400 an
2670 1362 2800 1414 non,
2833 1348 2887 1404 in
2909 1358 3022 1404 toto
3053 1351 3220 1408 corde
3247 1362 3303 1408 et
3332 1354 3386 1409 in
3418 1362 3526 1411 tota
3555 1357 3716 1415 anima

2137 1443 2337 1488 vestra.
2366 1434 2448 1507 [C.
2484 1437 2643 1510 LIX.]
2669 1440 2954 1497 Dominum
2979 1443 3152 1499 Deum
3179 1455 3423 1502 vestrum
3446 1451 3719 1520 sequimini

2136 1535 2190 1579 et
2222 1527 2396 1596 ipsum
2441 1530 2650 1600 timete,
2682 1541 2738 1587 et
2765 1534 3019 1591 mandata
3061 1537 3209 1594 illius
3235 1541 3526 1608 custodite,
3555 1553 3605 1598 et
3635 1558 3720 1598 au-

2135 1615 2248 1671 dite
2285 1633 2474 1675 vocem
2507 1622 2623 1690 ejus
2653 1641 2667 1676 :
2695 1625 2798 1692 ipsi
2829 1628 3106 1696 servietis,
3135 1639 3188 1684 et
3216 1630 3321 1701 ipsi
3361 1631 3718 1691 adhaerebitis.

2135 1706 2411 1778 Propheta
2441 1722 2621 1769 autem
2663 1715 2777 1785 ille,
2805 1727 2896 1774 aut
2927 1719 3083 1775 ﬁctor
3111 1723 3450 1779 somniorum
3484 1725 3558 1797 [h.
3585 1741 3721 1783 som-

424 1781 568 1851 pidis
590 1784 700 1836 tuis
729 1782 996 1837 decimam
1023 1784 1298 1849 frumenti,
1335 1793 1388 1840 et
1424 1786 1555 1855 vini,
1579 1796 1637 1840 et
1664 1786 1767 1841 olei
1793 1787 1889 1851 tui,
1921 1787 2018 1854 pri-

2134 1799 2334 1873 niator]
2367 1801 2722 1860 interﬁcietur
2756 1825 2768 1859 :
2812 1810 2937 1879 quia
2970 1810 3182 1868 locutus
3224 1823 3329 1882 est,
3366 1823 3426 1869 ut
3457 1781 3554 1871 vos
3583 1831 3724 1874 aver-

427 1874 700 1942 mogenita
744 1881 1140 1939 armentorum,
1186 1883 1244 1930 et
1269 1889 1552 1946 pecorum,
1593 1885 1650 1932 et
1696 1875 1876 1930 omnia
1908 1889 2029 1944 quae

423 1971 671 2036 voveris,
727 1979 783 2024 et
838 1980 1033 2038 Sponte
1082 1969 1283 2027 oﬁ‘crre
1329 1971 1606 2034 volueris,
1656 1980 1710 2026 et
1760 1969 2030 2040 primitias

432 2074 695 2114 manuum
742 2067 958 2115 tuarum
993 2079 1006 2115 :
1041 2061 1135 2116 sed
1185 2076 1369 2117 coram
1404 2062 1634 2116 Domino
1660 2061 1774 2117 Deo
1818 2070 1912 2116 tuo
1940 2075 2032 2116 co-

434 2152 628 2209 medes
648 2167 734 2221 ea,
766 2155 818 2209 in
847 2154 966 2211 loco
988 2169 1147 2225 quem
1176 2155 1402 2225 elegerit
1428 2154 1689 2208 Dominus
1709 2153 1852 2210 Deus
1877 2160 2026 2223 tuus,

427 2254 488 2299 tu
522 2253 578 2300 et
606 2245 749 2299 ﬁlius
778 2254 904 2300 tuus
930 2261 993 2301 ac
1022 2246 1131 2301 ﬁlia
1164 2257 1276 2311 tua,
1316 2261 1507 2302 servus
1531 2256 1588 2302 et
1610 2246 1832 2313 famula,
1866 2256 2028 2315 atque

422 2337 663 2406 Levites,
693 2338 785 2408 qui
833 2346 1020 2395 manet
1052 2338 1108 2406 in
1140 2340 1365 2395 urbibus
1395 2340 1502 2394 tuis
1537 2357 1548 2391 :
1577 2348 1634 2394 et
1660 2339 1929 2394 laetaberis
1973 2346 2029 2393 et

413 2429 688 2485 reﬁcieris
709 2444 892 2484 coram
924 2431 1152 2485 Domino
1175 2430 1286 2486 Deo
1315 2439 1429 2496 tuo,
1462 2431 1519 2484 in
1543 2430 1775 2495 cunctis,
1809 2429 1875 2483 ad
1904 2443 2026 2498 quae

419 2521 736 2577 extenderis
758 2537 976 2577 manum
1011 2531 1160 2578 tuam
1191 2522 1274 2594 [Β.
1306 2522 1468 2594 LIV.)
1509 2523 1652 2578 Cave
1686 2537 1756 2577 ne
1789 2522 2027 2577 derelin-

415 2628 553 2684 quas
579 2614 823 2669 Levitem
855 2615 1003 2669 omni
1050 2622 1299 2683 tempore
1340 2628 1448 2682 quo
1481 2614 1718 2670 versaris
1761 2613 1814 2668 in
1854 2621 2020 2668 terra.

421 2704 648 2773 Quando
668 2704 976 2760 dilataverit
1000 2706 1260 2760 Dominus
1277 2706 1420 2761 Deus
1443 2715 1567 2760 tuus
1586 2706 1855 2760 terminos
1879 2715 2021 2772 tuos,

417 2796 566 2859 sicut
596 2798 810 2853 locutus
839 2807 925 2853 est
974 2798 1102 2864 tibi,
1153 2808 1209 2852 et
1255 2797 1496 2852 volueris
1541 2799 1686 2851 vesci
1727 2796 2018 2862 carnibus,

412 2903 550 2958 quas
578 2889 860 2943 desiderat
889 2889 1070 2944 anima
1116 2896 1205 2943 tua
1234 2906 1246 2943 :
1291 2889 1443 2944 locus
1473 2900 1676 2957 autem,
1707 2903 1868 2958 quem
1909 2887 2022 2943 ele-

413 2981 558 3052 gerit
586 2981 848 3036 Dominus
889 2981 1035 3036 Deus
1068 2991 1218 3048 tuus,
1251 2991 1309 3036 ut
1351 2981 1422 3036 sit
1453 2995 1648 3036 nomen
1697 2979 1946 3050 ejnsjbi,
1975 2981 2020 3036 si

409 3071 608 3142 procul
642 3072 827 3140 fuerit,
864 3072 1080 3128 occides
1103 3072 1172 3128 de
1199 3073 1460 3128 armentis
1491 3081 1546 3127 et
1568 3073 1876 3143 pecoribus,
1899 3087 2020 3141 qua:

2138 1899 2277 1946 teret
2303 1908 2332 1946 a
2367 1894 2594 1951 Domino
2624 1898 2736 1954 Deo
2766 1912 2970 1971 vestro,
3002 1905 3093 1974 qui
3151 1905 3342 1961 eduxit
3371 1921 3470 1963 vos
3500 1907 3567 1964 de
3591 1918 3724 1966 terra

2132 1981 2376 2055 Egypti,
2424 1997 2480 2044 et
2510 1991 2745 2046 redemit
2795 1994 2862 2049 de
2908 1996 3073 2052 domo
3103 1998 3384 2055 servitutis
3417 2017 3432 2054 :
3465 2011 3521 2056 ut
3553 2016 3727 2060 errare

2133 2085 2184 2130 te
2213 2078 2415 2135 faceret
2439 2082 2508 2137 de
2537 2083 2641 2150 via,
2671 2100 2832 2156 quam
2873 2089 2970 2144 tibi
3014 2092 3274 2163 praecepit
3306 2094 3572 2150 Dominus
3599 2096 3730 2154 Deus

2134 2177 2258 2224 tuus
2289 2189 2300 2224 :
2339 2182 2393 2227 et
2423 2173 2636 2231 auferes
2667 2179 2870 2234 malum
2900 2180 2969 2236 de
3013 2184 3195 2239 medio
3247 2187 3348 2240 lui.
3379 2185 3462 2259 [C.
3511 2187 3645 2261 LX.]
3679 2189 3726 2246 Si

2131 2261 2228 2316 tibi
2250 2263 2484 2320 voluerit
2504 2269 2835 2337 persuadere
2859 2273 3022 2328 frater
3051 2285 3196 2342 tuus,
3228 2277 3379 2332 ﬁlius
3401 2281 3588 2335 matris
3611 2290 3729 2348 ture,

2130 2363 2224 2408 aut
2263 2355 2404 2411 ﬁlius
2451 2365 2594 2428 tuus,
2625 2363 2710 2416 vel
2743 2362 2871 2430 ﬁlia,
2906 2365 3019 2421 sive
3045 2383 3183 2422 uxor
3225 2385 3353 2439 quae
3382 2379 3468 2426 est
3518 2373 3570 2427 in
3618 2374 3730 2429 sinu

2129 2452 2245 2514 tuo,
2275 2456 2368 2502 aut
2397 2451 2626 2520 amicus,
2656 2469 2817 2523 quem
2843 2456 3024 2527 diligis
3049 2467 3106 2513 ut
3125 2461 3368 2516 animam
3401 2471 3572 2530 tuam,
3601 2462 3732 2519 clam

2127 2538 2314 2596 dicens
2343 2560 2355 2594 :
2388 2543 2609 2613 Eamus,
2642 2555 2700 2602 et
2722 2550 3025 2605 serviamus
3055 2551 3158 2607 diis
3184 2553 3391 2610 alienis
3421 2572 3562 2627 quos
3591 2557 3736 2628 igno-

2127 2647 2214 2687 ras
2243 2641 2319 2699 tu,
2353 2643 2407 2690 et
2440 2646 2621 2706 patres
2653 2640 2752 2702 tui.
2776 2652 3092 2698 cunctarum
3125 2645 3176 2700 in
3203 2646 3443 2703 circuitu
3470 2651 3731 2719 gentium,

2123 2737 2243 2792 qua:
2271 2725 2428 2794 juxta
2457 2728 2541 2783 vel
2575 2731 2760 2798 procul
2802 2741 2948 2801 sunt,
2980 2735 3048 2789 ab
3077 2735 3234 2792 initio
3263 2753 3444 2809 usque
3475 2740 3543 2795 ad
3575 2741 3733 2797 ﬁnem

2128 2822 2305 2883 terrm,
2340 2833 2447 2873 non
2479 2821 2795 2890 acquiescas
2823 2825 2893 2892 ei,
2932 2840 3030 2882 nec
3076 2828 3295 2896 audias,
3331 2846 3518 2902 neque
3559 2843 3741 2904 parcat

2123 2907 2171 2963 ei
2206 2909 2395 2965 oculus
2424 2919 2571 2980 tuus,
2607 2923 2666 2969 ut
2709 2917 3054 2983 miserearis,
3083 2930 3140 2976 et
3178 2923 3434 2980 occultes
3459 2939 3606 2992 eum,
3647 2925 3738 2983 sed

2126 3003 2314 3058 statim
2346 3005 2663 3064 interficies.
2691 3008 2774 3064 Sit
2803 3009 3036 3080 primum
3060 3027 3256 3070 manus
3285 3025 3383 3071 tua
3405 3033 3575 3088 super
3600 3033 3738 3086 eum,

2122 3103 2178 3150 et
2207 3095 2236 3125 ⁸
2266 3107 2452 3166 postea
2481 3100 2659 3156 omnis
2691 3104 2928 3173 populus
2955 3105 3134 3161 mittat
3157 3121 3417 3166 manum.
3447 3110 3742 3180 Lapidibus

413 3167 713 3268 habueris.
736 3167 882 3268 sicut
912 3168 1143 3268 ντεῖιῖθρί
1177 3167 1294 3232 tibi.
1341 3175 1397 3268 cf}
1433 3169 1690 3227 (ξοπιεέάθὸ
1718 3166 1772 3220 in
1803 3166 2014 3236 ορρίάίε
2043 3177 2090 3243 C
2123 3190 2344 3246 obrutus
2373 3195 2656 3251 necabitur
2678 3166 2850 3268 {qia
2895 3200 3066 3256 voluit
3112 3210 3164 3257 te
3193 3166 3547 3262 abstrahere
3582 3220 3614 3262 a
3638 3205 3747 3263 Do-

413 3259 545 3326 tuis,
572 3267 632 3313 ut
655 3259 752 3313 tibi
780 3259 974 3328 placet.
1001 3259 1152 3315 Sicut
1174 3257 1482 3314 comeditur
1503 3273 1697 3326 caprea
1720 3268 1773 3313 et
1794 3272 2010 3324 cervus,

411 3349 488 3405 ita
531 3351 774 3406 vesceris
805 3351 886 3406 eis
918 3366 933 3404 :
963 3357 1019 3404 et
1065 3349 1299 3405 mundus
1329 3359 1384 3404 et
1413 3348 1722 3404 immundus
1765 3346 1820 3401 in
1860 3361 2012 3402 com-

407 3459 574 3500 mune
599 3454 912 3500 vescentur.
939 3443 1053 3499 Hoc
1081 3443 1262 3498 solum
1290 3455 1447 3511 cave,
1477 3456 1547 3496 ne
1577 3443 1894 3511 sanguinem
1923 3455 2015 3496 co-

408 3538 621 3593 medas.
655 3538 888 3607 Sanguis
916 3539 1064 3592 enim
1104 3551 1294 3591 eorum
1325 3551 1423 3605 pro
1451 3536 1633 3589 anima
1681 3543 1767 3590 est
1796 3553 1809 3590 :
1837 3544 1893 3590 et
1934 3534 2013 3589 id-

406 3630 558 3684 circo
602 3645 710 3683 non
753 3628 924 3684 debes
966 3628 1203 3683 animam
1249 3627 1539 3683 comedere
1559 3641 1684 3682 cum
1715 3625 2009 3681 carnibus:

408 3719 508 3774 sed
531 3733 696 3789 super
721 3725 922 3774 terram
947 3718 1145 3773 fundes
1170 3718 1329 3788 quasi
1350 3732 1569 3788 aquam,
1591 3724 1648 3770 ut
1670 3717 1742 3770 sit
1760 3715 1850 3770 tibi
1877 3716 2011 3770 bene

407 3822 464 3868 et
485 3811 610 3866 filiis
640 3812 748 3867 tuis
771 3819 892 3881 post
927 3819 1002 3879 te,
1032 3825 1156 3866 cum
1198 3810 1395 3866 feceris
1420 3809 1564 3879 quod
1593 3809 1770 3878 placet
1801 3810 1853 3862 in
1881 3823 2012 3862 con-

403 3916 597 3975 spectu
627 3903 867 3959 Domini.
908 3903 1043 3970 Quae
1071 3914 1254 3959 autem
1285 3903 1734 3969 sanctiﬁcaveris,
1766 3913 1823 3958 et
1848 3917 2011 3959 vove-

399 3998 480 4050 ris
521 3996 776 4063 Domino,
811 3995 975 4051 tolles
1000 4005 1056 4051 et
1083 3995 1274 4050 venies
1301 3995 1366 4050 ad
1402 3996 1602 4062 locum,
1635 4009 1797 4064 quem
1825 3994 2007 4064 elege-

400 4088 478 4143 rit
518 4087 782 4143 Dominus
813 4106 824 4141 :
873 4095 928 4142 et
975 4086 1174 4142 oﬁ‘eres
1221 4088 1526 4144 oblationes
1562 4097 1680 4141 tuas
1705 4101 1925 4141 carnem
1955 4094 2035 4144 et.

403 4181 729 4252 sanguinem
771 4194 936 4250 super
985 4181 1159 4235 altare
1211 4178 1426 4234 Domini
1477 4178 1573 4234 Dei
1629 4179 1705 4232 tui
1749 4179 2008 4249 :sangui.

398 4287 526 4330 nem
581 4273 885 4329 hostiarum
932 4281 1150 4328 tuarum
1203 4271 1394 4342 [Vulg.
1441 4279 1546 4324 tac.
1594 4270 1830 4340 tuarum]
1885 4271 2008 4326 fnu-

397 4363 500 4420 des
555 4365 610 4420 in
648 4363 809 4419 altari
858 4362 1162 4420 :carnibus
1203 4369 1389 4416 autem
1441 4360 1558 4431 ipse
1599 4361 1858 4416 vesceris.
1918 4361 2002 4432 [C.

397 4453 843 4526 LVII.]0bserva
872 4463 929 4510 et
946 4453 1072 4509 audi
1095 4453 1276 4508 omnia
1301 4451 1464 4508 verba
1489 4451 1675 4523 [Vulg.
1708 4461 1808 4506 tac.
1839 4453 2004 4508 verba

398 4557 451 4602 et
477 4547 624 4618 ego],
650 4563 782 4618 qua:
801 4561 906 4618 ego
933 4547 1196 4618 praecipio
1230 4546 1350 4611 tibi,
1382 4554 1444 4600 ut
1471 4545 1612 4601 bene
1641 4546 1712 4599 sit
1743 4545 1837 4600 tibi
1868 4557 1920 4602 et
1941 4547 2003 4601 ﬁ-

396 4640 488 4696 liis
516 4643 621 4697 tuis
662 4651 786 4712 post
824 4652 876 4697 te
908 4644 959 4698 in
1000 4643 1415 4712 sempiternum,
1449 4655 1571 4696 cum
1617 4640 1807 4697 feceris
1853 4642 1999 4712 quod

397 4733 602 4790 bonum
631 4745 715 4791 est
735 4748 792 4790 et
820 4736 1082 4806 placitum
1115 4737 1167 4789 in
1206 4742 1505 4804 conspectu
1535 4733 1747 4788 Domini
1775 4734 1868 4788 Dei
1897 4734 1994 4789 tui.

400 4825 634 4890 Quando
650 4826 1042 4896 disperdiderit
1064 4827 1326 4880 Dominus
1347 4826 1490 4880 Deus
1511 4833 1635 4878 tuus
1656 4832 1781 4880 ante
1805 4825 1995 4882 faciem

398 4925 548 4970 tuam
590 4926 801 4985 gentes,
831 4919 898 4974 ad
929 4934 1062 4988 quas
1093 4918 1399 4987 ingrederis
1434 4915 1619 4988 [ναις.
1655 4916 1996 4990 ingredieris]

398 5005 784 5075 possidendas,
815 5018 871 5064 et
901 5009 1212 5079 possederis
1239 5024 1356 5076 eas,
1387 5020 1551 5077 atque
1587 5008 1916 5065 habitaveris
1941 5012 1996 5066 in

397 5107 545 5152 terra
571 5113 756 5154 earum
783 5117 796 5154 :
819 5117 951 5159 cave
973 5118 1044 5157 ne
1072 5102 1302 5157 imiteris
1324 5115 1440 5167 eas,
1465 5109 1747 5170 postquam
1774 5102 1995 5172 fuerint,

391 5197 452 5245 te
482 5189 821 5259 introeunte,
850 5195 1146 5258 subversae,
1177 5203 1231 5248 et
1263 5192 1506 5263 requiras
1533 5196 1886 5249 caeremonias
1907 5210 1997 5250 ea—

391 5297 540 5350 rum,
584 5284 771 5341 dicens
804 5287 881 5359 [h.
926 5287 1060 5344 deos
1097 5303 1307 5354 earum,
1337 5286 1548 5360 dicens]
1581 5306 1595 5343 :
1635 5288 1785 5345 Sicut
1815 5289 1996 5346 colue-

389 5393 521 5441 runt
549 5393 740 5458 gentes
775 5389 895 5445 istae
937 5388 1068 5445 deos
1113 5405 1262 5457 suos,
1299 5390 1371 5445 ita
1420 5399 1474 5445 et
1518 5404 1619 5460 ego
1647 5391 1844 5447 colam.
1875 5393 1993 5449 Non

381 5483 552 5544 facies
576 5489 827 5547 similiter
849 5491 1079 5547 Domino
1106 5491 1221 5547 Deo
1245 5500 1357 5546 tuo.
1383 5490 1586 5548 Omnes
1607 5496 1752 5550 enim
1777 5497 1985 5554 abomi-

380 5589 656 5664 nationes,
681 5609 814 5665 quas
837 5604 1121 5652 aversatur
1141 5593 1425 5663 Dominus,
1448 5592 1818 5658 feceruutdiis
1845 5602 1982 5674 suis,

460 5761 483 5790 ε·
517 5751 748 5813 Palatia.
778 5763 944 5828 atque
967 5755 1064 5814 alii
1110 5771 1280 5830 penes
1322 5759 1572 5821 Martiau.
1602 5763 1907 5836 mss.,'post
1932 5771 1997 5822 te.

2118 3286 2269 3342 mino
2293 3287 2406 3342 Deo
2437 3296 2550 3356 tuo,
2584 3290 2674 3360 qui
2706 3291 2901 3347 eduxit
2930 3293 2998 3350 de
3020 3304 3160 3350 terra
3192 3294 3455 3369 £gypti,
3487 3299 3558 3356 de
3584 3300 3744 3357 domo

2117 3381 2432 3435 servitutis:
2459 3392 2516 3437 ut
2545 3385 2721 3439 omnis
2744 3385 2910 3442 Israel
2942 3387 3174 3443 audiens
3194 3389 3425 3460 timeat,
3458 3402 3518 3448 et
3545 3409 3747 3465 nequa-

2116 3489 2278 3544 quam
2309 3476 2447 3530 ultra
2478 3475 2639 3533 faciet
2669 3478 2949 3549 quidpiam
2981 3480 3142 3551 hujus
3173 3483 3253 3538 rei
3288 3484 3488 3541 simile
3515 3485 3596 3558 [h.
3634 3487 3742 3542 Hu-

2111 3565 2198 3634 jus
2226 3567 2514 3646 rei’simile
2546 3570 2597 3624 in
2645 3570 2824 3626 medio
2857 3571 2976 3643 tui].
3003 3572 3087 3644 [C.
3114 3573 3276 3647 LXI.]
3309 3576 3373 3632 Si
3405 3577 3660 3635 audieris
3691 3578 3745 3634 in

2116 3671 2218 3710 una
2253 3658 2470 3714 urbium
2506 3671 2740 3728 tuarum,
2775 3679 2909 3732 quas
2936 3665 3198 3722 Dominus
3229 3667 3394 3725 Deus
3435 3679 3567 3727 tuus
3599 3672 3749 3727 dabit

2113 3748 2210 3802 tibi
2247 3750 2314 3804 ad
2351 3751 2727 3819 habitandum,
2758 3754 3004 3812 dicentes
3031 3757 3242 3828 aliquos
3280 3760 3364 3833 [h.
3396 3761 3525 3818 Non
3559 3763 3749 3834 habet,

2115 3841 2361 3899 dicentes
2405 3847 2640 3917 aliquos,
2671 3847 2767 3904 sed
2801 3858 3003 3905 tantum
3050 3850 3268 3925 dicens]
3300 3872 3314 3907 :
3353 3855 3595 3926 Egressi
3627 3866 3753 3912 sunt

2113 3934 2207 3988 ﬁlii
2237 3935 2405 3991 Belial
2445 3939 2512 3994 de
2559 3939 2739 3995 medio
2775 3942 2872 4009 lui,
2921 3926 2975 3997 et
3021 3952 3352 4002 averterunt
3403 3947 3754 4006 habitatores

2111 4031 2262 4086 urbis
2293 4045 2397 4087 tuze
2432 4033 2510 4106 [h.
2542 4034 2698 4106 suae],
2729 4044 2892 4106 atque
2935 4035 3227 4093 dixerunt:
3266 4040 3515 4111 Eamus,
3551 4053 3611 4100 et
3638 4058 3754 4100 ser-

2111 4122 2322 4177 viamus
2359 4121 2465 4178 diis
2505 4123 2702 4180 alienis
2740 4141 2877 4194 quos
2926 4127 3188 4196 ignoratis
3221 4146 3233 4182 :
3269 4147 3481 4199 qumre
3511 4133 3755 4190 sollicite

2110 4220 2164 4267 et
2187 4213 2504 4284 diligenter,
2532 4217 2610 4271 rei
2640 4217 2868 4274 veritate
2891 4230 3197 4289 perspecta,
3222 4223 3270 4277 si
3299 4223 3613 4282 inveneris
3636 4241 3758 4284 cer-

2110 4313 2221 4358 tum
2247 4319 2371 4360 esse
2391 4307 2537 4376 quod
2565 4307 2788 4374 dicitur,
2816 4321 2870 4364 et
2891 4313 3372 4374 abominationem
3405 4318 3564 4376 hanc
3586 4334 3757 4390 opere

2109 4405 2480 4467 perpetratam
2530 4399 2606 4471 [h.
2643 4411 3003 4470 perpetratam
3048 4403 3104 4459 in
3145 4406 3345 4465 medio
3381 4411 3517 4484 tui],
3565 4413 3754 4468 statim

2108 4493 2378 4560 percuties
2409 4491 2747 4550 habitatores
2769 4495 2919 4551 urbis
2947 4497 3094 4554 illius
3122 4498 3176 4554 in
3199 4514 3306 4557 ore
3330 4503 3547 4574 gladii,
3579 4516 3638 4562 et
3659 4504 3757 4563 de-

2027 4566 2082 4628 D
2107 4584 2242 4640 lebis
2269 4600 2412 4651 eam,
2440 4602 2501 4640 ac
2533 4587 2716 4642 omnia
2750 4603 2870 4658 qua:
2913 4590 2968 4644 in
3010 4591 3100 4646 illa
3130 4602 3286 4660 sunt,
3329 4611 3526 4668 usque
3559 4601 3632 4654 ad
3665 4615 3754 4671 pe-

2099 4690 2250 4731 cora.
2278 4677 2546 4750 Quidquid
2563 4680 2729 4735 etiam
2759 4681 3120 4751 supellectilis
3139 4683 3341 4755 fuerit,
3369 4692 3760 4764 congregabis

2101 4768 2155 4822 in
2178 4770 2356 4824 medio
2398 4770 2702 4840 platearum
2753 4772 2895 4842 ejus,
2940 4781 3145 4830 etcum
3179 4776 3308 4845 ipsa
3345 4781 3603 4840 civitate
3633 4799 3761 4840 suc-

2099 4862 2303 4918 cendes
2337 4861 2450 4916 :ita
2482 4871 2540 4918 ut
2569 4865 2823 4920 universa
2853 4880 3144 4924 consumas
3176 4868 3446 4928 Domino
3478 4875 3605 4932 Deo
3638 4887 3759 4946 tuo,

2100 4965 2156 5012 et
2171 4957 2242 5011 sit
2262 4957 2502 5012 tumulus
2523 4958 2912 5028 sempiternus.
2928 4959 3044 5016 Non
3066 4961 3460 5024 aediﬁcabitur
3483 4972 3760 5043 amplius,

2097 5057 2270 5102 etnon
2295 5047 2672 5104 adhaerebitde
2688 5049 2782 5104 illo
2794 5051 3140 5108 anathemate
3161 5055 3490 5128 quidquam
3508 5061 3568 5116 in
3584 5076 3760 5118 manu

2099 5148 2184 5193 tua
2205 5157 2217 5191 :
2236 5150 2292 5194 ut
2305 5149 2581 5195 avertatur
2597 5141 2726 5197 Dom
2737 5143 2856 5198 inus
2871 5145 2940 5198 ab
2952 5147 3029 5200 ira
3044 5145 3244 5201 furoris
3259 5151 3388 5218 sui,
3406 5163 3474 5209 et
3486 5157 3763 5212 miserea-

2097 5240 2185 5287 tur
2216 5234 2313 5301 tui,
2346 5235 2783 5308 multiplicetque
2807 5246 2859 5294 te
2877 5239 3020 5295 sicut
3041 5239 3251 5310 juravit
3281 5248 3570 5313 patribus
3620 5250 3756 5319 tuis,

2098 5325 2315 5395 quando
2346 5327 2586 5384 audieris
2635 5344 2825 5386 vocem
2868 5331 3078 5388 Domini
3119 5332 3215 5388 Dei
3247 5337 3367 5407 tui,
3407 5343 3764 5399 custodiens

2101 5418 2281 5472 omnia
2308 5427 2578 5488 praecepta
2607 5420 2745 5491 ejus,
2787 5437 2907 5493 qua:
2935 5437 3035 5494 ego
3075 5423 3357 5496 praecipio
3395 5431 3513 5487 tibi
3559 5434 3758 5507 hodie,

2095 5517 2154 5563 ut
2167 5507 2334 5564 facias
2350 5510 2492 5578 quod
2508 5511 2762 5580 placitum
2779 5513 2922 5569 estin
2937 5525 3236 5583 conspectu
3256 5516 3513 5579 Domini
3531 5525 3636 5581 Dei
3655 5527 3760 5581 tui.

2167 5601 2248 5668 [Β.
2290 5603 2424 5676 LVI,
2471 5604 2534 5663 C.
2567 5604 2730 5677 LXII,
2763 5606 2894 5680 Cap.
2924 5606 3091 5682 ΧΠ]
3117 5608 3244 5666 Filii
3277 5621 3488 5674 estote
3519 5618 3761 5677 Domini
