4098 6366
332 291 444 347 453

1596 295 1802 353 LIBER
1842 294 2376 359 DEUTERONOMII.

3524 314 3632 372 454

328 408 431 466 Dei
457 410 625 465 vestri
676 408 752 482 [h.
774 410 897 466 Filii
944 411 1075 467 estis
1101 425 1198 467 vos
1221 412 1435 467 Domini
1461 411 1556 468 Dei
1572 412 1767 484 vestri]
1794 426 1934 466 :non
1961 413 2018 473 Α
2040 425 2107 468 eo
2136 422 2381 485 tempore
2410 416 2488 489 [h.
2522 418 2579 474 In
2614 418 2721 476 fine
2748 421 2876 476 anni
2917 423 3062 478 tertii
3099 425 3383 493 separabis
3415 441 3632 484 omnem

328 516 432 558 vos
482 502 761 571 incidetis,
814 518 916 559 nec
949 502 1159 560 facietis
1190 505 1471 561 calvitium
1504 519 1667 576 super
1695 514 1929 560 mortuo.

328 597 605 665 Quoniam
637 601 869 673 populus
897 611 1118 658 sanctus
1145 611 1201 658 tu
1230 617 1289 658 es
1331 603 1561 658 Domino
1590 604 1704 658 Deo
1734 611 1845 668 tuo,
1880 610 1936 658 et

329 701 389 749 te
412 694 597 764 elegit,
624 705 681 750 ut
701 696 778 750 sis
798 697 848 751 ei
878 696 930 750 in
954 696 1212 766 p0pulum
1247 696 1598 766 peculiarem,
1631 694 1701 751 de
1726 695 1934 749 cunctis

330 786 590 855 gentibus
619 804 739 856 qum
765 798 897 844 sunt
917 804 1080 859 super
1103 797 1325 844 terram.
1357 789 1439 861 [8.
1458 786 1617 856 LVII,
1642 786 1701 843 C.
1724 786 1931 859 LXIII]

328 878 411 935 Ne
436 881 739 936 comedatis
769 897 889 953 quae
918 882 1195 938 immunda
1227 894 1354 937 sunt
1376 883 1450 955 [h.
1484 883 1605 937 Non
1635 882 1931 938 comedatis

329 989 496 1031 omne
545 977 687 1046 quod
719 976 1086 1033 abominatum
1116 975 1246 1047 e51].
1289 978 1402 1033 Hoc
1430 986 1514 1033 est
1543 978 1743 1032 animal
1786 978 1929 1047 quod

327 1068 623 1124 comedere
652 1069 885 1138 debetis,
917 1069 1136 1136 bovem,
1163 1078 1219 1126 et
1243 1085 1421 1135 ovem,
1455 1078 1509 1125 et
1538 1085 1781 1141 capram,
1814 1084 1932 1124 cer-

327 1176 481 1228 vum,
528 1177 806 1233 capream,
851 1164 1132 1233 bubalum,
1177 1165 1573 1236 tragelapltum,
1628 1181 1927 1236 pygargon,

328 1270 576 1326 orygem,
625 1255 1141 1327 camelopardalum.
1187 1257 1360 1314 Omne
1409 1258 1633 1325 animal,
1683 1257 1825 1328 quod
1875 1258 1928 1314 in

329 1345 465 1400 duas
506 1358 689 1417 partes
727 1351 980 1419 ungulam
1016 1349 1193 1416 ﬁndit,
1225 1359 1280 1405 et
1320 1350 1576 1416 ruminat,
1610 1350 1923 1405 comedetis.

328 1436 407 1493 De
439 1438 525 1494 his
570 1450 751 1495 autem
802 1456 922 1511 quae
967 1442 1269 1509 ruminant,
1304 1452 1357 1498 et
1402 1443 1654 1513 ungulam
1684 1457 1790 1497 non
1826 1441 1925 1497 ﬁn-

326 1530 484 1600 dnnt,
518 1532 634 1592 haec
664 1531 850 1606 [Vulg.
897 1542 998 1588 tac.
1030 1534 1166 1607 haec]
1216 1535 1503 1591 comedere
1533 1549 1640 1590 non
1672 1534 1879 1590 debetis
1910 1550 1922 1587 :

330 1625 515 1700 [Vulg.
558 1628 687 1683 add.
718 1626 799 1706 ut]
826 1628 1119 1698 camelum,
1166 1630 1431 1699 leporem,
1463 1630 1922 1699 cltmrogrillium;

326 1719 451 1789 quia
482 1721 782 1790 ruminant,
825 1729 881 1777 et
916 1737 1025 1777 non
1058 1722 1306 1778 dividunt
1337 1723 1614 1793 ungulam,
1648 1722 1925 1777 immunda

2037 505 2300 563 decimam
2334 508 2601 566 fructuum
2634 521 2845 568 tuorum
2871 528 2941 567 ex
2968 515 3221 571 omnibus
3244 532 3365 585 qua:
3396 532 3633 573 nascun-

2040 608 2127 654 tur
2158 600 2252 656 tibi
2283 616 2349 656 eo
2372 603 2538 675 anno]
2570 622 2582 658 :
2613 614 2666 660 et
2695 620 2929 675 repones
2960 607 3100 662 intra
3126 608 3325 678 januas
3358 620 3495 665 tuas.
3527 611 3633 666 Ve-

2036 692 2254 762 nietqne
2278 692 2511 762 Levites,
2537 698 2625 766 qui
2655 698 2815 752 aliam
2840 715 2949 754 non
2976 698 3139 756 habet
3165 714 3369 770 partem
3396 717 3493 756 nec
3516 718 3633 769 pos-

2036 786 2339 840 sessionem
2369 798 2569 853 tecum,
2596 799 2649 844 et
2679 792 3001 861 peregrinus
3023 800 3079 847 et
3102 775 3337 861 pupillus
3363 807 3424 848 ac
3445 794 3630 863 vidua,

2035 877 2125 945 qui
2150 878 2289 931 intra
2314 888 2495 946 portas
2524 887 2644 934 tuas
2668 892 2815 950 sunt,
2840 895 2896 937 et
2916 883 3205 938 comedent
3228 894 3283 939 et
3304 887 3632 940 saturabun-

2038 977 2123 1022 tur
2158 987 2171 1023 :
2202 979 2259 1022 ut
2289 970 2573 1026 benedicat
2603 972 2694 1026 tibi
2723 975 2978 1029 Dominus
3012 975 3154 1031 Deus
3179 984 3302 1032 tuus
3333 977 3385 1034 in
3418 979 3631 1034 cunctis

2034 1062 2287 1132 operibus
2314 1078 2566 1119 manuum
2601 1074 2810 1122 tuarum
2841 1084 2961 1139 quae
2994 1070 3206 1125 feceris.

2030 1177 2043 1190 -
2104 1154 2185 1225 [Β.
2217 1156 2330 1225 LX,
2356 1159 2418 1214 C.
2450 1160 2686 1226 LXVIII,
2721 1162 2849 1232 Cap.
2876 1161 3021 1233 XV.]
3044 1164 3283 1236 Septimo
3304 1180 3446 1222 anno
3465 1166 3628 1222 facies

2032 1246 2432 1315 remissionem,
2465 1266 2585 1321 qum
2616 1252 2719 1307 hoc
2744 1254 2937 1309 ordine
2965 1255 3370 1312 celebrabitur:
3403 1256 3506 1311 Cui
3533 1257 3634 1314 de-

2031 1335 2190 1393 betur
2211 1340 2411 1410 aliquid
2435 1344 2503 1397 ab
2526 1344 2704 1400 amico
2726 1344 2811 1399 vel
2832 1346 3089 1415 proximo
3118 1362 3183 1403 ac
3203 1347 3371 1404 fratre
3395 1362 3516 1417 suo,
3544 1364 3633 1403 re-

2031 1445 2218 1506 petere
2250 1454 2358 1493 non
2393 1443 2626 1511 poterit,
2659 1444 2783 1511 quia
2811 1458 2987 1499 annus
3019 1440 3355 1501 remissionis
3396 1457 3481 1502 est
3528 1448 3633 1502 Do-

2032 1532 2183 1585 mini.
2220 1534 2258 1587 A
2288 1536 2577 1605 peregrino
2609 1546 2664 1591 et
2700 1537 2907 1592 advena
2937 1540 3123 1608 exiges
3164 1538 3241 1609 [h.
3287 1538 3370 1595 Ab
3400 1547 3631 1595 externo

2030 1632 2210 1678 autem
2250 1626 2455 1697 exiges]
2492 1645 2504 1681 :
2539 1627 2713 1683 civem
2758 1639 2812 1685 et
2850 1632 3211 1702 propinquum
3246 1631 3324 1703 [h.
3355 1633 3533 1687 civem
3578 1642 3634 1688 ct

2029 1713 2275 1790 fratrem]
2307 1722 2583 1790 repetendi
2608 1737 2718 1777 non
2748 1732 2770 1760 ιι
2799 1724 3021 1778 habebis
3050 1733 3393 1794 potestatem.
3419 1726 3489 1780 Et
3511 1741 3631 1780 om-

325 1820 488 1866 erunt
511 1812 689 1867 vobis.
720 1812 824 1869 Sus
852 1830 1090 1884 quoque,
1132 1816 1390 1886 quoniam
1421 1814 1615 1870 dividit
1642 1815 1917 1885 ungulam,
1952 1807 2000 1868 B
2027 1809 2159 1863 nino
2182 1810 2434 1881 indigens
2458 1821 2513 1867 et
2540 1814 2825 1869 mendicus
2853 1829 2962 1871 non
2990 1816 3094 1871 erit
3123 1817 3266 1871 inter
3292 1831 3390 1871 vos
3416 1834 3428 1870 :
3460 1825 3519 1871 ut
3538 1818 3635 1874 be-

325 1912 384 1959 et
412 1918 518 1958 non
547 1905 807 1972 ruminat,
842 1906 1119 1961 immunda
1150 1907 1274 1963 erit.
1306 1906 1569 1961 Carnibus
1596 1922 1785 1961 eorum
1816 1921 1921 1961 non

324 1998 648 2069 vescemini,
675 1999 1009 2055 etcadavera
1030 2016 1136 2056 non
1161 2001 1414 2071 tangetis.
1452 1998 1532 2073 [Ο.
1564 1998 1773 2071 LXIV.]
1801 2001 1925 2056 Ilmc

322 2089 626 2146 comedetis
649 2105 718 2146 ex
747 2091 1000 2147 omnibus
1040 2108 1163 2162 quae
1199 2102 1481 2147 morantur
1510 2093 1565 2147 in
1591 2092 1765 2162 aquis.
1793 2092 1925 2159 Quae

324 2182 533 2239 habent
580 2185 834 2255 pinnulas
862 2194 917 2242 et
942 2202 1273 2259 squammas,
1307 2188 1576 2243 comedite
1610 2206 1624 2241 :
1656 2203 1778 2258 quae
1803 2188 1925 2243 abs-

322 2293 432 2348 que
463 2278 704 2346 pinnulis
733 2289 789 2335 et
825 2283 1122 2351 squammis
1154 2292 1301 2348 sunt,
1334 2296 1403 2337 ne
1448 2281 1768 2349 comedatis,
1799 2282 1923 2353 quia

323 2369 605 2426 immunda
624 2381 773 2427 sunt.
796 2370 879 2445 [C.
907 2372 1094 2446 LXV.]
1117 2373 1319 2429 Omnes
1346 2390 1474 2431 aves
1496 2376 1725 2431 mundas
1746 2391 1925 2431 come-

322 2460 461 2518 dite.
495 2462 808 2519 Immundas
838 2480 906 2520 ne
946 2466 1290 2524 comedatis:
1325 2466 1561 2537 aquilam
1604 2468 1836 2537 scilicet,
1872 2479 1928 2525 et

323 2558 612 2629 gryphem,
646 2568 702 2615 et
729 2560 1061 2630 haliaeetum,
1110 2562 1283 2629 ixion,
1326 2573 1379 2618 et
1410 2565 1678 2620 vulturem
1714 2580 1776 2620 ac
1807 2565 1928 2620 mil-

322 2663 449 2704 vum
478 2650 630 2719 juxta
670 2666 837 2720 genus
880 2668 1038 2708 suum
1069 2669 1085 2708 :
1118 2663 1176 2709 et
1214 2670 1377 2711 omne
1424 2656 1631 2711 corvini
1687 2658 1922 2727 generis,

324 2742 716 2811 strutltionem,
768 2758 831 2799 ac
879 2753 1160 2814 noctuam,
1222 2756 1275 2802 et
1323 2747 1521 2813 larum,
1569 2759 1732 2817 atque
1783 2748 1927 2804 acci-

326 2835 523 2906 pitrem
567 2835 721 2906 juxta
772 2852 941 2908 genus
986 2852 1145 2894 suum
1181 2856 1195 2893 :
1230 2840 1513 2896 lterodinm
1564 2849 1619 2896 et
1667 2856 1924 2912 cygnum,

324 2935 384 2982 et
430 2926 562 2994 ibin,
620 2942 685 2984 ac
736 2929 1076 3002 mergnlum,
1136 2932 1587 3003 porphyrionem,
1643 2942 1700 2989 et
1758 2934 1928 3004 nycli—

327 3033 602 3090 coracem,
646 3025 1055 3094 onocrotalum,
1102 3034 1157 3081 et
1205 3025 1583 3097 charadrinm,
1631 3029 1841 3099 singula
1871 3029 1926 3083 in

326 3127 534 3191 genere
585 3129 718 3181 suo,
779 3131 1013 3187 upupam
1077 3133 1291 3189 quoque
1348 3131 1402 3176 et
1456 3122 1921 3190 vespertilionem.

2031 1904 2247 1959 nedicat
2291 1906 2388 1960 tibi
2432 1907 2692 1963 Dominus
2722 1910 2772 1962 in
2816 1919 2982 1971 terra,
3019 1916 3180 1978 quam
3216 1909 3514 1965 traditurus
3548 1920 3635 1966 est

2029 1996 2127 2050 tibi
2165 1997 2218 2049 in
2263 1998 2687 2066 possessionem.
2730 2000 2811 2071 [Β.
2852 1999 2991 2066 LXI,
3023 2000 3086 2055 ϐ.
3120 1999 3335 2071 LXIX.]
3366 2001 3422 2058 Si
3454 2011 3634 2058 tamen

2029 2089 2266 2143 audieris
2300 2105 2489 2146 vocem
2535 2092 2745 2147 Domini
2794 2092 2888 2147 Dei
2921 2093 3019 2160 tui,
3060 2102 3115 2148 et
3143 2093 3473 2149 custodieris
3514 2094 3636 2150 uni-

2029 2197 2185 2238 versa
2215 2198 2332 2251 qum
2363 2183 2545 2252 jussit,
2592 2194 2647 2240 et
2677 2200 2797 2255 quae
2843 2201 2944 2256 ego
2990 2185 3153 2240 hodie
3183 2187 3445 2256 principio
3492 2187 3585 2242 tibi
3615 2230 3631 2254 ,

2029 2276 2317 2332 benedicet
2350 2276 2478 2345 tibi,
2516 2286 2572 2333 ut
2603 2279 2875 2346 pollicitus
2908 2288 3007 2334 est.
3041 2278 3362 2335 anerabis
3384 2279 3636 2350 gentibus

2030 2371 2235 2437 multis,
2264 2380 2317 2425 et
2347 2373 2463 2440 ipse
2487 2386 2515 2424 a
2540 2372 2690 2428 nullo
2714 2374 2948 2439 accipies
2967 2383 3235 2428 mutuum.
3262 2373 3636 2428 Dominaberis

2031 2463 2337 2518 nationibus
2375 2463 2645 2533 plurimis,
2697 2472 2751 2519 et
2788 2465 2863 2519 tui
2920 2479 3083 2519 nemo
3131 2465 3519 2520 dominabitur.
3546 2465 3631 2537 [8.

2029 2552 2193 2620 LXII,
2226 2552 2287 2609 C.
2331 2553 2518 2625 LXX]
2548 2555 2602 2610 Si
2642 2569 2782 2609 unus
2812 2555 2879 2609 de
2914 2554 3173 2611 fratribus
3213 2556 3350 2622 tuis,
3390 2557 3479 2626 qui
3514 2571 3634 2610 mo-

2030 2656 2218 2703 rantur
2259 2648 2397 2703 intra
2429 2658 2613 2717 portas
2644 2648 2883 2703 civitatis
2914 2655 3043 2710 tuae,
3076 2647 3127 2701 in
3164 2656 3306 2702 terra
3336 2661 3495 2717 quam
3525 2647 3633 2701 Do-

2030 2739 2210 2794 minus
2250 2740 2395 2795 Deus
2434 2748 2559 2795 tuus
2598 2742 2823 2794 daturus
2860 2748 2943 2794 est
2990 2738 3106 2807 tibi,
3147 2738 3215 2795 ad
3257 2748 3633 2810 paupertatem

2030 2834 2245 2890 venerit
2285 2852 2299 2889 :
2348 2849 2457 2889 non
2505 2833 2802 2889 obdurabis
2841 2847 2936 2889 cor
2967 2842 3141 2897 tuum,
3193 2848 3295 2888 nec
3341 2831 3633 2888 contrahes

2032 2943 2275 2997 manum,
2310 2928 2405 2983 sed
2436 2930 2650 2998 aperies
2681 2944 2799 2983 eam
2827 2928 3071 2999 pauperi,
3102 2937 3156 2983 et
3176 2927 3332 2983 dabis
3363 2937 3631 2996 mutuum,

2031 3036 2140 3092 quo
2165 3035 2289 3075 enm
2320 3020 2566 3090 indigere
2596 3021 2974 3090 perspexeris.
3002 3018 3149 3075 Cave
3177 3036 3245 3075 ne
3276 3020 3418 3075 forte
3446 3020 3635 3077 subre—

2034 3124 2125 3185 pat
2156 3115 2249 3169 tibi
2291 3115 2453 3184 impia
2482 3114 2742 3184 cogitatio
2766 3154 2781 3180 ,
2818 3124 2872 3169 et
2899 3114 3049 3169 dicas
3077 3114 3129 3167 in
3158 3113 3323 3169 corde
3354 3122 3446 3169 tuo
3480 3132 3493 3167 :
3526 3114 3636 3183 Ap-

331 3207 397 3262 Et
428 3223 592 3266 omne
638 3209 784 3280 quod
837 3220 1014 3281 reptat
1044 3222 1098 3267 et
1150 3214 1413 3283 pennulas
1445 3214 1638 3282 habet,
1693 3216 1926 3271 immun-
1953 3194 2001 3263 C
2031 3208 2353 3279 prOpinquat
2396 3207 2661 3277 septimus
2697 3222 2873 3261 annus
2919 3206 3259 3261 remissionis
3290 3223 3303 3260 :
3337 3216 3391 3262 et
3420 3216 3635 3263 avertas

331 3300 454 3357 dum
490 3305 616 3370 erit,
654 3320 755 3361 nec
779 3306 1115 3367 comedetnr.
1149 3308 1323 3365 Omne
1353 3312 1495 3381 quod
1531 3312 1787 3366 mundum
1819 3321 1922 3382 est,

330 3396 620 3451 contedite.
644 3396 916 3464 Quidquid
944 3408 1124 3455 antem
1148 3402 1489 3457 morticinum
1515 3414 1616 3474 est,
1651 3420 1717 3460 ne
1742 3419 1925 3460 vesca-

329 3487 459 3541 tnini
489 3502 556 3543 ex
585 3503 672 3544 eo.
711 3489 1023 3561 Peregrina,
1056 3494 1146 3562 qui
1182 3496 1322 3550 intra
1356 3506 1537 3566 portas
1568 3506 1685 3553 tuas
1709 3510 1789 3555 est
1811 3541 1825 3564 ,
1860 3499 1926 3555 da

330 3588 387 3633 ut
422 3580 691 3651 comedat,
734 3592 827 3638 aut
854 3584 1028 3640 vende
1073 3587 1123 3641 ei
1171 3585 1251 3658 [h.
1285 3596 1381 3642 aut
1421 3589 1595 3645 vende
1634 3590 1926 3664 externo]:

326 3672 451 3743 quia
481 3683 538 3727 tu
570 3675 795 3744 populus
825 3686 1042 3732 sanctus
1083 3678 1291 3734 Domini
1334 3680 1426 3735 Dei
1457 3683 1529 3735 tui
1570 3697 1649 3737 es.
1684 3680 1799 3737 Non
1832 3698 1927 3739 co-

327 3779 463 3836 ques
488 3764 703 3821 haedum
728 3767 783 3821 in
806 3768 944 3825 lacte
964 3770 1152 3825 matris
1169 3786 1299 3825 sum.
1328 3770 1410 3842 [Β.
1437 3772 1614 3834 LVIII.
1637 3771 1697 3827 C.
1716 3772 1809 3828 LX
1821 3773 1929 3845 VL]

330 3859 609 3916 Decimam
668 3873 874 3930 partem
932 3866 1215 3934 separabis
1265 3866 1334 3921 de
1384 3869 1596 3923 cunctis
1660 3867 1930 3924 fructibus

330 3952 457 4019 tuis,
504 3952 596 4023 qui
634 3966 927 4010 nascuntur
965 3956 1017 4010 in
1065 3965 1203 4011 terra
1243 3971 1342 4027 per
1367 3972 1540 4011 annos
1580 3959 1846 4028 singulos,
1877 3968 1931 4014 et

329 4046 583 4101 comedes
612 4047 665 4102 in
693 4056 986 4118 conspectu
1018 4048 1232 4103 Domini
1275 4050 1367 4104 Dei
1406 4050 1504 4113 tui,
1537 4048 1589 4104 in
1623 4050 1743 4105 loco
1770 4067 1929 4121 quem

332 4136 576 4207 elegerit,
616 4145 674 4192 ut
717 4138 771 4192 in
804 4154 871 4196 eo
915 4154 1110 4193 nomen
1156 4140 1299 4196 illius
1331 4141 1629 4207 invocetur,
1668 4142 1929 4196 decimam

332 4226 588 4284 frumenti
620 4232 718 4296 tui,
747 4239 803 4286 et
824 4232 932 4287 vini
956 4272 973 4299 ,
1005 4241 1061 4287 et
1089 4233 1217 4302 olei,
1261 4244 1315 4289 et
1345 4235 1699 4305 primogenita
1741 4235 1807 4290 de
1838 4251 1930 4290 ar-

334 4321 531 4374 mentis
572 4329 626 4376 et
655 4322 849 4378 ovibus
890 4323 997 4378 tuis
1030 4342 1043 4378 :
1089 4333 1144 4378 ut
1186 4325 1365 4381 discas
1405 4327 1593 4382 timere
1645 4328 1928 4384 Dominum

336 4408 505 4464 Deum
538 4421 687 4467 tuum
719 4415 867 4469 omni
902 4424 1162 4487 tempore.
1196 4416 1278 4489 [Ο.
1312 4417 1545 4491 LXVII.]
1577 4418 1709 4474 Cum
1750 4432 1929 4475 autem

335 4499 549 4571 longior
603 4504 768 4560 fuerit
818 4508 944 4575 via,
1001 4518 1055 4564 et
1106 4510 1257 4564 locus
1309 4525 1469 4580 quem
1532 4511 1759 4582 elegerit
1825 4512 1933 4568 Do-

2030 3302 2221 3356 oculos
2253 3309 2372 3354 tuos
2391 3315 2419 3353 a
2444 3315 2682 3370 paupere
2708 3298 2879 3355 fratre
2912 3309 3024 3364 tuo,
3056 3300 3248 3354 nolens
3275 3299 3328 3355 ei
3357 3300 3503 3368 quod
3532 3314 3633 3369 po-

2031 3395 2198 3450 stulat
2224 3401 2467 3448 mutuum
2500 3393 2851 3448 commodare
2879 3409 2893 3446 :
2929 3408 2998 3447 ne
3030 3392 3230 3447 clamet
3258 3400 3450 3447 contra
3483 3402 3534 3447 te
3565 3392 3635 3447 ad

2030 3484 2341 3551 Dominum,
2368 3495 2421 3539 et
2448 3483 2538 3539 ﬁat
2564 3485 2659 3539 tibi
2681 3485 2733 3538 in
2758 3493 3061 3554 peccatum.
3094 3485 3199 3541 Sed
3223 3484 3380 3540 dabis
3408 3484 3459 3539 ei
3488 3504 3500 3537 :
3531 3498 3638 3539 nec

2033 3592 2157 3648 ages
2187 3576 2467 3647 quidpiam
2514 3576 2714 3631 callide
2748 3578 2801 3630 in
2834 3576 2953 3645 ejus
2988 3577 3414 3632 necessitatibus
3454 3576 3641 3632 suble-

2032 3671 2222 3727 vandis
2248 3689 2259 3725 :
2286 3682 2344 3725 ut
2364 3670 2652 3726 benedicat
2677 3670 2773 3724 tibi
2798 3669 3058 3725 Dominus
3086 3670 3226 3725 Deus
3252 3678 3378 3724 tuus
3408 3670 3463 3724 in
3491 3685 3621 3724 omn

2036 3777 2304 3834 tempore,
2338 3773 2394 3820 et
2424 3764 2475 3819 in
2506 3766 2717 3820 cunctis
2747 3762 2812 3818 ad
2841 3778 2961 3833 quae
2992 3778 3214 3817 manum
3248 3763 3481 3818 miseris.
3518 3762 3639 3817 Non

2034 3860 2266 3916 deerunt
2302 3872 2570 3928 pauperes
2603 3858 2656 3911 in
2685 3866 2828 3911 terra
2871 3855 3225 3910 habitationis
3252 3864 3357 3911 tua:
3387 3871 3401 3909 :
3433 3853 3640 3910 idcirco

2035 3968 2136 4024 ego
2160 3952 2417 4021 praecipio
2445 3951 2564 4016 tibi,
2591 3959 2651 4005 ut
2675 3949 2892 4019 aperias
2920 3964 3137 4003 manum
3168 3948 3321 4003 fratri
3348 3957 3442 4002 tuo
3465 3962 3636 4017 egeno

2036 4058 2090 4104 et
2128 4046 2367 4116 pauperi,
2399 4045 2490 4115 qui
2522 4054 2701 4100 tecum
2733 4052 3020 4099 versantur
3054 4043 3109 4097 in
3139 4054 3301 4097 terra.
3332 4042 3415 4115 [Β.
3451 4041 3637 4109 LXIII,

2035 4137 2098 4194 C.
2146 4136 2357 4207 LXXI]
2397 4136 2528 4191 Cum
2568 4136 2666 4191 tibi
2692 4136 2945 4191 venditus
2984 4133 3147 4190 fuerit
3178 4134 3348 4189 frater
3378 4144 3501 4189 tuus
3530 4134 3639 4188 He-

2036 4232 2239 4297 hrtcus,
2274 4238 2369 4285 aut
2409 4230 2669 4301 Hebraea,
2718 4236 2773 4284 et
2801 4244 2896 4283 sex
2939 4228 3094 4283 annis
3135 4229 3388 4283 servierit
3421 4228 3536 4289 tibi,
3584 4226 3642 4282 in

2037 4326 2273 4395 septimo
2299 4337 2443 4378 anno
2472 4322 2713 4377 dimittes
2751 4337 2873 4376 eum
2903 4320 3156 4385 liberum,
3191 4329 3246 4375 et
3276 4334 3437 4388 quem
3469 4318 3638 4373 liber-

2038 4425 2147 4471 tate
2179 4416 2473 4471 donaveris
2499 4457 2513 4478 ,
2548 4429 2893 4485 nequaquam
2922 4428 3153 4468 vacuum
3184 4413 3339 4467 abire
3369 4411 3593 4482 patieris
3622 4430 3638 4468 :

2037 4509 2132 4564 sed
2160 4508 2315 4563 dabis
2343 4508 2603 4562 viaticum
2633 4506 2700 4561 de
2721 4505 3001 4576 gregibus,
3030 4512 3085 4558 et
3105 4504 3175 4559 de
3201 4519 3349 4572 area,
3376 4511 3430 4559 et
3453 4512 3641 4557 torcu-

335 4594 515 4649 minus
546 4594 687 4651 Dens
724 4606 866 4666 tuus,
900 4600 1105 4670 tibique
1135 4602 1511 4670 benedixerit,
1560 4620 1661 4660 nec
1692 4605 1932 4675 potueris
1961 4588 2014 4648 D
2042 4602 2137 4656 lari
2165 4610 2281 4667 tuo,
2313 4600 2510 4670 quibus
2533 4599 2800 4654 Dominus
2829 4598 2972 4650 Deus
3003 4607 3124 4650 tuus
3155 4596 3498 4651 benedixerit
3519 4595 3637 4651 tibi.

337 4687 401 4741 ad
424 4702 549 4743 eum
576 4688 692 4744 haec
714 4702 907 4747 cuncta
937 4702 1181 4763 portare,
1206 4696 1410 4752 vendes
1431 4698 1632 4765 omnia,
1662 4709 1715 4753 et
1736 4699 1789 4753 in
1817 4716 1938 4770 pre-

341 4781 469 4836 tium
500 4783 738 4853 rediges,
766 4786 1111 4859 portabisqne
1144 4804 1305 4844 manu
1340 4801 1427 4847 tua
1449 4837 1462 4861 ,
1494 4802 1546 4848 et
1573 4793 1937 4863 proficisceris

339 4874 403 4929 ad
445 4875 651 4942 locum,
692 4893 852 4947 quem
892 4880 1125 4950 elegerit
1166 4883 1431 4938 Dominus
1475 4885 1613 4940 Deus
1662 4894 1785 4940 tuus
1819 4906 1831 4938 :
1884 4896 1939 4943 et

341 4980 489 5021 emes
515 4982 581 5023 ex
611 4968 801 5023 eadem
828 4975 1055 5040 pecunia
1086 4972 1344 5044 quidquid
1380 4973 1474 5029 tibi
1504 4974 1791 5044 placuerit,
1821 4977 1937 5033 sive

341 5072 403 5113 ex
433 5060 695 5115 armentis
719 5102 733 5127 ,
765 5061 880 5116 sive
910 5077 973 5117 ex
1002 5063 1214 5130 ovibus,
1258 5065 1441 5120 vinum
1472 5082 1687 5137 quoque
1721 5077 1774 5123 et
1801 5068 1940 5124 sice-

342 5167 481 5219 ram,
506 5162 563 5210 et
591 5169 751 5211 omne
771 5156 914 5227 quod
939 5141 1216 5212 desiderat
1242 5159 1420 5214 anima
1445 5168 1535 5215 tua
1564 5179 1575 5213 :
1605 5170 1658 5216 et
1680 5162 1938 5219 comedes

342 5259 524 5300 coram
569 5247 798 5303 Domino
826 5250 938 5305 Deo
970 5257 1089 5315 tuo,
1139 5259 1193 5305 et
1230 5251 1541 5320 epulaberis
1572 5260 1624 5307 tu
1666 5263 1721 5309 et
1746 5255 1940 5311 domus

344 5346 429 5393 tua
453 5357 467 5405 ;
494 5348 551 5396 et
578 5341 793 5398 Levites
811 5343 900 5413 qui
932 5344 1071 5399 intra
1097 5355 1280 5413 portas
1303 5353 1421 5400 tuas
1444 5356 1529 5401 est
1559 5364 1573 5400 :
1598 5362 1728 5402 cave
1757 5364 1825 5403 ne
1846 5349 1941 5405 de-

343 5432 620 5505 relinquas
645 5450 792 5501 eum,
814 5437 936 5506 quia
958 5436 1145 5508 [Vulg.
1172 5437 1290 5509 qui]
1315 5453 1420 5492 non
1446 5438 1605 5495 habet
1632 5441 1790 5495 aliam
1818 5457 1941 5512 par-

346 5534 451 5582 tem
484 5526 538 5583 in
570 5528 916 5598 possessione
947 5536 1055 5583 tua.
1090 5530 1175 5602 (Β.
1210 5529 1375 5604 LIX.]
1406 5531 1565 5587 Anno
1598 5535 1761 5588 tertio
1784 5549 1939 5605 sepa-

348 5620 493 5679 rabis
521 5622 682 5679 aliam
709 5622 977 5680 decimam
1000 5638 1066 5681 ex
1087 5624 1341 5682 omnibus
1368 5641 1487 5698 quae
1517 5635 1819 5684 nascuntur
1845 5628 1942 5687 tibi

2038 4696 2310 4751 Memento
2337 4692 2482 4762 quod
2512 4702 2566 4746 et
2591 4692 2709 4761 ipse
2739 4688 3012 4745 servieris
3041 4688 3094 4743 in
3127 4697 3269 4743 terra
3301 4687 3522 4757 Egypti
3544 4728 3560 4754 ,
3585 4694 3645 4742 et

2040 4785 2355 4842 liberaverit
2406 4793 2459 4839 te
2499 4784 2761 4838 Dominus
2809 4782 2951 4837 Dens
2986 4790 3110 4836 tuus
3155 4787 3256 4836 :et
3302 4780 3510 4835 idcirco
3540 4794 3643 4849 ego

2041 4895 2183 4936 nunc
2210 4877 2469 4949 pracipio
2501 4877 2619 4932 tibi.
2650 4876 2743 4932 Sin
2767 4884 2949 4930 autem
2981 4873 3182 4930 dixerit
3209 4892 3221 4927 :
3248 4873 3382 4928 Nolo
3408 4873 3595 4942 egredi
3624 4892 3639 4927 :

2040 4986 2107 5028 eo
2127 4970 2269 5042 quod
2296 4969 2483 5039 diligat
2504 4976 2584 5032 te,
2614 4976 2668 5023 et
2691 4966 2912 5022 domum
2939 4976 3107 5035 tuam,
3134 4973 3189 5021 et
3209 4966 3351 5020 bene
3374 4964 3472 5019 sibi
3500 4964 3644 5035 apud

2047 5076 2100 5123 te
2130 5080 2252 5122 esse
2279 5064 2480 5120 sentiat
2511 5082 2521 5117 :
2552 5076 2800 5118 assumes
2823 5061 3094 5125 subulatn,
3129 5068 3183 5115 et
3211 5060 3518 5130 perforabis
3548 5073 3646 5113 au-

2044 5177 2161 5218 rem
2194 5161 2311 5231 ejus
2341 5160 2393 5215 in
2421 5159 2587 5230 janua
2613 5158 2809 5212 domus
2838 5164 2941 5210 tute
2966 5198 2981 5223 ,
3016 5164 3071 5210 et
3098 5154 3302 5211 serviet
3331 5152 3427 5208 tibi
3474 5166 3647 5222 usque

2047 5256 2101 5312 in
2147 5265 2433 5311 aeternum.
2478 5252 2706 5309 Ancilla:
2732 5264 2952 5321 quoque
2998 5248 3253 5304 similiter
3291 5247 3476 5304 facies.
3526 5246 3646 5303 Non

2047 5356 2264 5403 avertes
2292 5348 2360 5402 ab
2388 5347 2469 5401 eis
2509 5344 2699 5400 oculos
2730 5354 2872 5409 tuos,
2902 5341 3119 5412 quando
3150 5341 3425 5397 dimiseris
3454 5355 3549 5395 eos
3580 5340 3652 5395 Ii-

2048 5441 2230 5505 beros,
2262 5439 2514 5508 quoniam
2541 5438 2695 5505 juxta
2726 5435 3035 5491 mercedem
3067 5434 3393 5492 mercenarii
3418 5448 3517 5505 per
3548 5447 3651 5487 sex

2047 5549 2221 5589 annos
2246 5531 2473 5588 servivit
2504 5530 2600 5587 tibi
2634 5548 2648 5586 :
2678 5538 2738 5585 ut
2762 5529 3053 5586 benedicat
3083 5528 3181 5584 tibi
3211 5528 3473 5583 Dominus
3502 5523 3650 5579 Deus

2049 5634 2172 5682 tuus
2217 5626 2274 5680 in
2322 5622 2532 5680 cunctis
2574 5622 2853 5695 operibus,
2896 5636 3019 5696 quae
3057 5622 3191 5693 agis.
3226 5620 3309 5694 [Β.
3348 5616 3535 5689 LXIV,
3579 5612 3644 5677 C.

417 5806 445 5840 ι
475 5799 532 5857 In
561 5800 805 5873 instanti,
836 5802 1035 5877 legitur
1066 5803 1121 5862 in
1145 5802 1376 5871 Palatio.
1408 5805 1650 5882 aliisque
1679 5821 1813 5870 mss.
1846 5820 2020 5880 penes
2048 5803 2324 5877 Martian.,
2358 5819 2461 5862 non
2491 5802 2665 5873 habet,
