  <div class='ocr_page' id='page_1' title='image "/cluster/home/n/w/nwhite01/storage/ocr_20150623/28/hvd.32044015471410/223.png"; bbox 0 0 4098 6366; ppageno 0'>
   <div class='ocr_carea' id='block_1_1' title="bbox 440 267 546 322">
    <p class='ocr_par' dir='ltr' id='par_1_1' title="bbox 440 267 546 322">
     <span class='ocr_line' id='line_1_1' title="bbox 440 267 546 322; baseline 0.019 -2"><span class='ocrx_word' id='word_1_1' title='bbox 440 267 546 322; x_wconf 71' lang='grc'><strong>455</strong></span> 
     </span>
    </p>
   </div>
   <div class='ocr_carea' id='block_1_2' title="bbox 1425 255 2690 317">
    <p class='ocr_par' dir='ltr' id='par_1_2' title="bbox 1425 255 2690 317">
     <span class='ocr_line' id='line_1_2' title="bbox 1425 255 2690 317; baseline -0.006 0"><span class='ocrx_word' id='word_1_2' title='bbox 1425 262 1485 317; x_wconf 91' lang='lat' dir='ltr'><strong>S.</strong></span> <span class='ocrx_word' id='word_1_3' title='bbox 1527 255 1900 315; x_wconf 64' lang='lat' dir='ltr'><strong>llllaBONYﬂI</strong></span> <span class='ocrx_word' id='word_1_4' title='bbox 1939 255 2170 313; x_wconf 65' lang='lat' dir='ltr'><strong>DIVINA</strong></span> <span class='ocrx_word' id='word_1_5' title='bbox 2213 255 2690 312; x_wconf 70' lang='lat' dir='ltr'><strong>BIBLIOTIIECA.</strong></span> 
     </span>
    </p>
   </div>
   <div class='ocr_carea' id='block_1_3' title="bbox 3627 253 3735 313">
    <p class='ocr_par' dir='ltr' id='par_1_3' title="bbox 3627 253 3735 313">
     <span class='ocr_line' id='line_1_3' title="bbox 3627 253 3735 313; baseline 0.037 -4"><span class='ocrx_word' id='word_1_6' title='bbox 3627 253 3735 313; x_wconf 70' lang='grc'><strong>450</strong></span> 
     </span>
    </p>
   </div>
   <div class='ocr_carea' id='block_1_4' title="bbox 441 369 3737 449">
    <p class='ocr_par' dir='ltr' id='par_1_4' title="bbox 441 369 3737 449">
     <span class='ocr_line' id='line_1_4' title="bbox 441 369 3737 449; baseline -0.004 -13"><span class='ocrx_word' id='word_1_7' title='bbox 441 380 676 449; x_wconf 71' lang='lat' dir='ltr'><strong>LXXII]</strong></span> <span class='ocrx_word' id='word_1_8' title='bbox 699 381 769 432; x_wconf 87' lang='lat' dir='ltr'><strong>Ile</strong></span> <span class='ocrx_word' id='word_1_9' title='bbox 795 378 1191 449; x_wconf 84' lang='lat' dir='ltr'><strong>primogenitis,</strong></span> <span class='ocrx_word' id='word_1_10' title='bbox 1216 391 1334 446; x_wconf 69' lang='lat' dir='ltr'><strong>qua!</strong></span> <span class='ocrx_word' id='word_1_11' title='bbox 1359 381 1652 429; x_wconf 72' lang='lat' dir='ltr'><strong>nascuntur</strong></span> <span class='ocrx_word' id='word_1_12' title='bbox 1671 376 1722 425; x_wconf 92' lang='lat' dir='ltr'><strong>in</strong></span> <span class='ocrx_word' id='word_1_13' title='bbox 1744 371 2028 436; x_wconf 79' lang='lat' dir='ltr'><strong>armentis,</strong></span> <span class='ocrx_word' id='word_1_14' title='bbox 2063 384 2107 440; x_wconf 68' lang='grc' dir='ltr'><strong>Α</strong></span> <span class='ocrx_word' id='word_1_15' title='bbox 2135 369 2370 425; x_wconf 65' lang='grc' dir='ltr'><strong>ειίιίιδιθ</strong></span> <span class='ocrx_word' id='word_1_16' title='bbox 2399 379 2507 434; x_wconf 89' lang='lat' dir='ltr'><strong>tua,</strong></span> <span class='ocrx_word' id='word_1_17' title='bbox 2540 381 2591 423; x_wconf 91' lang='lat' dir='ltr'><strong>tu</strong></span> <span class='ocrx_word' id='word_1_18' title='bbox 2624 380 2674 425; x_wconf 88' lang='lat' dir='ltr'><strong>et</strong></span> <span class='ocrx_word' id='word_1_19' title='bbox 2703 371 2842 424; x_wconf 80' lang='lat' dir='ltr'><strong>filius</strong></span> <span class='ocrx_word' id='word_1_20' title='bbox 2867 377 2989 424; x_wconf 88' lang='lat' dir='ltr'><strong>tuus</strong></span> <span class='ocrx_word' id='word_1_21' title='bbox 3015 377 3067 424; x_wconf 91' lang='lat' dir='ltr'><strong>et</strong></span> <span class='ocrx_word' id='word_1_22' title='bbox 3091 370 3223 434; x_wconf 82' lang='lat' dir='ltr'><strong>ﬁlia,</strong></span> <span class='ocrx_word' id='word_1_23' title='bbox 3247 378 3300 423; x_wconf 88' lang='lat' dir='ltr'><strong>et</strong></span> <span class='ocrx_word' id='word_1_24' title='bbox 3323 383 3514 425; x_wconf 87' lang='lat' dir='ltr'><strong>servus</strong></span> <span class='ocrx_word' id='word_1_25' title='bbox 3533 379 3655 425; x_wconf 90' lang='lat' dir='ltr'><strong>tuus</strong></span> <span class='ocrx_word' id='word_1_26' title='bbox 3679 379 3737 428; x_wconf 89' lang='lat' dir='ltr'><strong>et</strong></span> 
     </span>
    </p>
   </div>
   <div class='ocr_carea' id='block_1_5' title="bbox 443 463 2035 540">
    <p class='ocr_par' dir='ltr' id='par_1_5' title="bbox 443 463 2035 540">
     <span class='ocr_line' id='line_1_5' title="bbox 443 463 2035 540; baseline -0.006 -12"><span class='ocrx_word' id='word_1_27' title='bbox 443 482 499 528; x_wconf 91' lang='lat' dir='ltr'><strong>et</strong></span> <span class='ocrx_word' id='word_1_28' title='bbox 527 472 720 526; x_wconf 83' lang='lat' dir='ltr'><strong>ovibus</strong></span> <span class='ocrx_word' id='word_1_29' title='bbox 745 471 872 534; x_wconf 88' lang='lat' dir='ltr'><strong>tuis,</strong></span> <span class='ocrx_word' id='word_1_30' title='bbox 897 468 1157 540; x_wconf 84' lang='lat' dir='ltr'><strong>quidquid</strong></span> <span class='ocrx_word' id='word_1_31' title='bbox 1189 483 1350 524; x_wconf 80' lang='lat' dir='ltr'><strong>sexus</strong></span> <span class='ocrx_word' id='word_1_32' title='bbox 1372 475 1457 520; x_wconf 90' lang='lat' dir='ltr'><strong>est</strong></span> <span class='ocrx_word' id='word_1_33' title='bbox 1488 463 1811 532; x_wconf 90' lang='lat' dir='ltr'><strong>masculini,</strong></span> <span class='ocrx_word' id='word_1_34' title='bbox 1835 463 2035 518; x_wconf 87' lang='lat' dir='ltr'><strong>sancti-</strong></span> 
     </span>
    </p>
   </div>
   <div class='ocr_carea' id='block_1_6' title="bbox 444 557 2032 628">
    <p class='ocr_par' dir='ltr' id='par_1_6' title="bbox 444 557 2032 628">
     <span class='ocr_line' id='line_1_6' title="bbox 444 557 2032 628; baseline -0.004 -9"><span class='ocrx_word' id='word_1_35' title='bbox 444 564 630 619; x_wconf 85' lang='lat' dir='ltr'><strong>ticabis</strong></span> <span class='ocrx_word' id='word_1_36' title='bbox 662 563 888 618; x_wconf 89' lang='lat' dir='ltr'><strong>Domino</strong></span> <span class='ocrx_word' id='word_1_37' title='bbox 915 562 1028 616; x_wconf 92' lang='lat' dir='ltr'><strong>Deo</strong></span> <span class='ocrx_word' id='word_1_38' title='bbox 1059 572 1170 616; x_wconf 77' lang='lat' dir='ltr'><strong>tuo.</strong></span> <span class='ocrx_word' id='word_1_39' title='bbox 1194 560 1309 615; x_wconf 84' lang='lat' dir='ltr'><strong>Non</strong></span> <span class='ocrx_word' id='word_1_40' title='bbox 1341 559 1658 628; x_wconf 89' lang='lat' dir='ltr'><strong>operaberis</strong></span> <span class='ocrx_word' id='word_1_41' title='bbox 1685 557 1736 612; x_wconf 90' lang='lat' dir='ltr'><strong>in</strong></span> <span class='ocrx_word' id='word_1_42' title='bbox 1765 559 2032 628; x_wconf 83' lang='lat' dir='ltr'><strong>primoge-</strong></span> 
     </span>
    </p>
   </div>
   <div class='ocr_carea' id='block_1_7' title="bbox 443 652 2031 724">
    <p class='ocr_par' dir='ltr' id='par_1_7' title="bbox 443 652 2031 724">
     <span class='ocr_line' id='line_1_7' title="bbox 443 652 2031 724; baseline -0.004 -13"><span class='ocrx_word' id='word_1_43' title='bbox 443 657 557 712; x_wconf 92' lang='lat' dir='ltr'><strong>nito</strong></span> <span class='ocrx_word' id='word_1_44' title='bbox 590 656 764 721; x_wconf 83' lang='lat' dir='ltr'><strong>bovis,</strong></span> <span class='ocrx_word' id='word_1_45' title='bbox 811 663 1006 711; x_wconf 83' lang='lat' dir='ltr'><strong>etnon</strong></span> <span class='ocrx_word' id='word_1_46' title='bbox 1053 653 1302 708; x_wconf 74' lang='lat' dir='ltr'><strong>tondebis</strong></span> <span class='ocrx_word' id='word_1_47' title='bbox 1345 654 1700 721; x_wconf 81' lang='lat' dir='ltr'><strong>primogenita</strong></span> <span class='ocrx_word' id='word_1_48' title='bbox 1747 654 1925 708; x_wconf 85' lang='lat' dir='ltr'><strong>ovium</strong></span> <span class='ocrx_word' id='word_1_49' title='bbox 1955 652 2031 724; x_wconf 92' lang='lat' dir='ltr'><strong>[h.</strong></span> 
     </span>
    </p>
   </div>
   <div class='ocr_carea' id='block_1_8' title="bbox 445 746 2035 820">
    <p class='ocr_par' dir='ltr' id='par_1_8' title="bbox 445 746 2035 820">
     <span class='ocr_line' id='line_1_8' title="bbox 445 746 2035 820; baseline 0 -18"><span class='ocrx_word' id='word_1_50' title='bbox 445 748 708 820; x_wconf 85' lang='lat' dir='ltr'><strong>tuaram.]</strong></span> <span class='ocrx_word' id='word_1_51' title='bbox 750 747 809 802; x_wconf 91' lang='lat' dir='ltr'><strong>1n</strong></span> <span class='ocrx_word' id='word_1_52' title='bbox 851 755 1148 817; x_wconf 85' lang='lat' dir='ltr'><strong>conspectu</strong></span> <span class='ocrx_word' id='word_1_53' title='bbox 1195 746 1402 800; x_wconf 91' lang='lat' dir='ltr'><strong>Domini</strong></span> <span class='ocrx_word' id='word_1_54' title='bbox 1449 746 1541 801; x_wconf 89' lang='lat' dir='ltr'><strong>Dei</strong></span> <span class='ocrx_word' id='word_1_55' title='bbox 1584 746 1656 800; x_wconf 92' lang='lat' dir='ltr'><strong>tui</strong></span> <span class='ocrx_word' id='word_1_56' title='bbox 1689 747 1942 802; x_wconf 89' lang='lat' dir='ltr'><strong>comedes</strong></span> <span class='ocrx_word' id='word_1_57' title='bbox 1971 761 2035 802; x_wconf 86' lang='lat' dir='ltr'><strong>ea</strong></span> 
     </span>
    </p>
   </div>
   <div class='ocr_carea' id='block_1_9' title="bbox 445 839 2036 914">
    <p class='ocr_par' dir='ltr' id='par_1_9' title="bbox 445 839 2036 914">
     <span class='ocr_line' id='line_1_9' title="bbox 445 839 2036 914; baseline -0.004 -15"><span class='ocrx_word' id='word_1_58' title='bbox 445 859 541 914; x_wconf 88' lang='lat' dir='ltr'><strong>per</strong></span> <span class='ocrx_word' id='word_1_59' title='bbox 569 858 741 898; x_wconf 87' lang='lat' dir='ltr'><strong>annos</strong></span> <span class='ocrx_word' id='word_1_60' title='bbox 771 843 1038 910; x_wconf 78' lang='lat' dir='ltr'><strong>singulos,</strong></span> <span class='ocrx_word' id='word_1_61' title='bbox 1072 840 1124 894; x_wconf 92' lang='lat' dir='ltr'><strong>in</strong></span> <span class='ocrx_word' id='word_1_62' title='bbox 1155 840 1272 894; x_wconf 87' lang='lat' dir='ltr'><strong>loco</strong></span> <span class='ocrx_word' id='word_1_63' title='bbox 1295 855 1454 908; x_wconf 83' lang='lat' dir='ltr'><strong>quem</strong></span> <span class='ocrx_word' id='word_1_64' title='bbox 1486 839 1710 908; x_wconf 85' lang='lat' dir='ltr'><strong>elegerit</strong></span> <span class='ocrx_word' id='word_1_65' title='bbox 1757 839 2036 903; x_wconf 79' lang='lat' dir='ltr'><strong>Dominus,</strong></span> 
     </span>
    </p>
   </div>
   <div class='ocr_carea' id='block_1_10' title="bbox 445 931 2036 996">
    <p class='ocr_par' dir='ltr' id='par_1_10' title="bbox 445 931 2036 996">
     <span class='ocr_line' id='line_1_10' title="bbox 445 931 2036 996; baseline -0.004 -5"><span class='ocrx_word' id='word_1_66' title='bbox 445 945 504 991; x_wconf 90' lang='lat' dir='ltr'><strong>tu</strong></span> <span class='ocrx_word' id='word_1_67' title='bbox 530 945 584 991; x_wconf 90' lang='lat' dir='ltr'><strong>et</strong></span> <span class='ocrx_word' id='word_1_68' title='bbox 609 937 800 990; x_wconf 89' lang='lat' dir='ltr'><strong>domus</strong></span> <span class='ocrx_word' id='word_1_69' title='bbox 825 944 937 988; x_wconf 86' lang='lat' dir='ltr'><strong>tua.</strong></span> <span class='ocrx_word' id='word_1_70' title='bbox 965 934 1058 987; x_wconf 88' lang='lat' dir='ltr'><strong>Sin</strong></span> <span class='ocrx_word' id='word_1_71' title='bbox 1086 940 1262 986; x_wconf 90' lang='lat' dir='ltr'><strong>autem</strong></span> <span class='ocrx_word' id='word_1_72' title='bbox 1293 931 1484 986; x_wconf 81' lang='lat' dir='ltr'><strong>habuci</strong></span> <span class='ocrx_word' id='word_1_73' title='bbox 1504 935 1542 986; x_wconf 92' lang='lat' dir='ltr'><strong>it</strong></span> <span class='ocrx_word' id='word_1_74' title='bbox 1569 931 1855 996; x_wconf 85' lang='lat' dir='ltr'><strong>maculam,</strong></span> <span class='ocrx_word' id='word_1_75' title='bbox 1880 941 1932 984; x_wconf 90' lang='lat' dir='ltr'><strong>et</strong></span> <span class='ocrx_word' id='word_1_76' title='bbox 1951 931 2036 986; x_wconf 85' lang='lat' dir='ltr'><strong>vel</strong></span> 
     </span>
    </p>
   </div>
   <div class='ocr_carea' id='block_1_11' title="bbox 446 1023 2042 1094">
    <p class='ocr_par' dir='ltr' id='par_1_11' title="bbox 446 1023 2042 1094">
     <span class='ocr_line' id='line_1_11' title="bbox 446 1023 2042 1094; baseline -0.003 -11"><span class='ocrx_word' id='word_1_77' title='bbox 446 1028 698 1083; x_wconf 88' lang='lat' dir='ltr'><strong>claudum</strong></span> <span class='ocrx_word' id='word_1_78' title='bbox 736 1027 913 1091; x_wconf 86' lang='lat' dir='ltr'><strong>fuerit,</strong></span> <span class='ocrx_word' id='word_1_79' title='bbox 953 1025 1034 1078; x_wconf 82' lang='lat' dir='ltr'><strong>vel</strong></span> <span class='ocrx_word' id='word_1_80' title='bbox 1064 1039 1294 1089; x_wconf 68' lang='lat' dir='ltr'><strong>caacum,</strong></span> <span class='ocrx_word' id='word_1_81' title='bbox 1339 1033 1431 1078; x_wconf 86' lang='lat' dir='ltr'><strong>aut</strong></span> <span class='ocrx_word' id='word_1_82' title='bbox 1463 1024 1516 1079; x_wconf 92' lang='lat' dir='ltr'><strong>in</strong></span> <span class='ocrx_word' id='word_1_83' title='bbox 1546 1025 1722 1093; x_wconf 84' lang='lat' dir='ltr'><strong>aliqua</strong></span> <span class='ocrx_word' id='word_1_84' title='bbox 1766 1033 1920 1094; x_wconf 85' lang='lat' dir='ltr'><strong>parte</strong></span> <span class='ocrx_word' id='word_1_85' title='bbox 1947 1023 2042 1078; x_wconf 59' lang='lat' dir='ltr'><strong>dev</strong></span> 
     </span>
    </p>
   </div>
   <div class='ocr_carea' id='block_1_12' title="bbox 445 1117 2037 1184">
    <p class='ocr_par' dir='ltr' id='par_1_12' title="bbox 445 1117 2037 1184">
     <span class='ocr_line' id='line_1_12' title="bbox 445 1117 2037 1184; baseline -0.003 -10"><span class='ocrx_word' id='word_1_86' title='bbox 445 1120 624 1175; x_wconf 89' lang='lat' dir='ltr'><strong>forme</strong></span> <span class='ocrx_word' id='word_1_87' title='bbox 651 1120 731 1173; x_wconf 84' lang='lat' dir='ltr'><strong>vel</strong></span> <span class='ocrx_word' id='word_1_88' title='bbox 759 1118 960 1184; x_wconf 86' lang='lat' dir='ltr'><strong>debile,</strong></span> <span class='ocrx_word' id='word_1_89' title='bbox 995 1132 1101 1171; x_wconf 92' lang='lat' dir='ltr'><strong>non</strong></span> <span class='ocrx_word' id='word_1_90' title='bbox 1136 1117 1501 1172; x_wconf 85' lang='lat' dir='ltr'><strong>immolabitur</strong></span> <span class='ocrx_word' id='word_1_91' title='bbox 1535 1117 1764 1171; x_wconf 88' lang='lat' dir='ltr'><strong>Domino</strong></span> <span class='ocrx_word' id='word_1_92' title='bbox 1787 1117 1898 1172; x_wconf 91' lang='lat' dir='ltr'><strong>Deo</strong></span> <span class='ocrx_word' id='word_1_93' title='bbox 1925 1126 2037 1172; x_wconf 92' lang='lat' dir='ltr'><strong>tuo.</strong></span> 
     </span>
    </p>
   </div>
   <div class='ocr_carea' id='block_1_13' title="bbox 449 1209 2044 1278">
    <p class='ocr_par' dir='ltr' id='par_1_13' title="bbox 449 1209 2044 1278">
     <span class='ocr_line' id='line_1_13' title="bbox 449 1209 2044 1278; baseline -0.003 -11"><span class='ocrx_word' id='word_1_94' title='bbox 449 1211 553 1267; x_wconf 91' lang='lat' dir='ltr'><strong>Sed</strong></span> <span class='ocrx_word' id='word_1_95' title='bbox 580 1211 715 1264; x_wconf 86' lang='lat' dir='ltr'><strong>intra</strong></span> <span class='ocrx_word' id='word_1_96' title='bbox 746 1217 929 1278; x_wconf 86' lang='lat' dir='ltr'><strong>portas</strong></span> <span class='ocrx_word' id='word_1_97' title='bbox 959 1210 1110 1264; x_wconf 86' lang='lat' dir='ltr'><strong>urbis</strong></span> <span class='ocrx_word' id='word_1_98' title='bbox 1133 1218 1242 1263; x_wconf 80' lang='lat' dir='ltr'><strong>tuae</strong></span> <span class='ocrx_word' id='word_1_99' title='bbox 1268 1209 1525 1264; x_wconf 84' lang='lat' dir='ltr'><strong>comedes</strong></span> <span class='ocrx_word' id='word_1_100' title='bbox 1555 1209 1684 1264; x_wconf 89' lang='lat' dir='ltr'><strong>illud</strong></span> <span class='ocrx_word' id='word_1_101' title='bbox 1711 1227 1722 1262; x_wconf 89' lang='lat'><strong>:</strong></span> <span class='ocrx_word' id='word_1_102' title='bbox 1757 1217 1865 1263; x_wconf 86' lang='lat' dir='ltr'><strong>tam</strong></span> <span class='ocrx_word' id='word_1_103' title='bbox 1890 1225 2044 1263; x_wconf 66' lang='lat' dir='ltr'><strong>muno</strong></span> 
     </span>
    </p>
   </div>
   <div class='ocr_carea' id='block_1_14' title="bbox 447 1299 2046 1373">
    <p class='ocr_par' dir='ltr' id='par_1_14' title="bbox 447 1299 2046 1373">
     <span class='ocr_line' id='line_1_14' title="bbox 447 1299 2046 1373; baseline 0 -15"><span class='ocrx_word' id='word_1_104' title='bbox 447 1303 548 1358; x_wconf 90' lang='lat' dir='ltr'><strong>dus</strong></span> <span class='ocrx_word' id='word_1_105' title='bbox 577 1299 736 1372; x_wconf 80' lang='lat' dir='ltr'><strong>quam</strong></span> <span class='ocrx_word' id='word_1_106' title='bbox 777 1302 1090 1357; x_wconf 87' lang='lat' dir='ltr'><strong>immundus</strong></span> <span class='ocrx_word' id='word_1_107' title='bbox 1131 1303 1386 1357; x_wconf 74' lang='lat' dir='ltr'><strong>similiter</strong></span> <span class='ocrx_word' id='word_1_108' title='bbox 1415 1311 1706 1358; x_wconf 47' lang='lat' dir='ltr'><strong>viiscentur</strong></span> <span class='ocrx_word' id='word_1_109' title='bbox 1735 1303 1844 1367; x_wconf 86' lang='lat' dir='ltr'><strong>eis,</strong></span> <span class='ocrx_word' id='word_1_110' title='bbox 1890 1303 2046 1373; x_wconf 90' lang='lat' dir='ltr'><strong>quasi</strong></span> 
     </span>
    </p>
   </div>
   <div class='ocr_carea' id='block_1_15' title="bbox 447 1395 2044 1467">
    <p class='ocr_par' dir='ltr' id='par_1_15' title="bbox 447 1395 2044 1467">
     <span class='ocr_line' id='line_1_15' title="bbox 447 1395 2044 1467; baseline 0 -16"><span class='ocrx_word' id='word_1_111' title='bbox 447 1411 641 1467; x_wconf 88' lang='lat' dir='ltr'><strong>caprea</strong></span> <span class='ocrx_word' id='word_1_112' title='bbox 664 1406 717 1450; x_wconf 93' lang='lat' dir='ltr'><strong>et</strong></span> <span class='ocrx_word' id='word_1_113' title='bbox 738 1411 920 1452; x_wconf 89' lang='lat' dir='ltr'><strong>cervo.</strong></span> <span class='ocrx_word' id='word_1_114' title='bbox 949 1396 1060 1450; x_wconf 83' lang='lat' dir='ltr'><strong>lloe</strong></span> <span class='ocrx_word' id='word_1_115' title='bbox 1081 1395 1252 1450; x_wconf 90' lang='lat' dir='ltr'><strong>solum</strong></span> <span class='ocrx_word' id='word_1_116' title='bbox 1276 1396 1620 1461; x_wconf 76' lang='lat' dir='ltr'><strong>observabis,</strong></span> <span class='ocrx_word' id='word_1_117' title='bbox 1642 1406 1701 1450; x_wconf 91' lang='lat' dir='ltr'><strong>ut</strong></span> <span class='ocrx_word' id='word_1_118' title='bbox 1724 1396 2044 1466; x_wconf 84' lang='lat' dir='ltr'><strong>sanguinem</strong></span> 
     </span>
    </p>
   </div>
   <div class='ocr_carea' id='block_1_16' title="bbox 449 1488 2046 1560">
    <p class='ocr_par' dir='ltr' id='par_1_16' title="bbox 449 1488 2046 1560">
     <span class='ocr_line' id='line_1_16' title="bbox 449 1488 2046 1560; baseline 0.001 -15"><span class='ocrx_word' id='word_1_119' title='bbox 449 1507 634 1546; x_wconf 85' lang='lat' dir='ltr'><strong>eorum</strong></span> <span class='ocrx_word' id='word_1_120' title='bbox 670 1505 774 1544; x_wconf 92' lang='lat' dir='ltr'><strong>non</strong></span> <span class='ocrx_word' id='word_1_121' title='bbox 816 1490 1107 1556; x_wconf 80' lang='lat' dir='ltr'><strong>comedas,</strong></span> <span class='ocrx_word' id='word_1_122' title='bbox 1141 1489 1239 1545; x_wconf 87' lang='lat' dir='ltr'><strong>sed</strong></span> <span class='ocrx_word' id='word_1_123' title='bbox 1270 1488 1517 1546; x_wconf 86' lang='lat' dir='ltr'><strong>effundes</strong></span> <span class='ocrx_word' id='word_1_124' title='bbox 1559 1491 1612 1544; x_wconf 93' lang='lat' dir='ltr'><strong>in</strong></span> <span class='ocrx_word' id='word_1_125' title='bbox 1647 1499 1847 1545; x_wconf 91' lang='lat' dir='ltr'><strong>terram</strong></span> <span class='ocrx_word' id='word_1_126' title='bbox 1894 1491 2046 1560; x_wconf 88' lang='lat' dir='ltr'><strong>quasi</strong></span> 
     </span>
    </p>
   </div>
   <div class='ocr_carea' id='block_1_17' title="bbox 453 1597 673 1653">
    <p class='ocr_par' dir='ltr' id='par_1_17' title="bbox 453 1597 673 1653">
     <span class='ocr_line' id='line_1_17' title="bbox 453 1597 673 1653; baseline -0.005 -15"><span class='ocrx_word' id='word_1_127' title='bbox 453 1597 673 1653; x_wconf 88' lang='lat' dir='ltr'><strong>aquam.</strong></span> 
     </span>
    </p>
   </div>
   <div class='ocr_carea' id='block_1_18' title="bbox 524 1674 2047 1746">
    <p class='ocr_par' dir='ltr' id='par_1_18' title="bbox 524 1674 2047 1746">
     <span class='ocr_line' id='line_1_18' title="bbox 524 1674 2047 1746; baseline 0.002 -17"><span class='ocrx_word' id='word_1_128' title='bbox 524 1675 608 1746; x_wconf 89' lang='grc' dir='ltr'>[Τ.</span> <span class='ocrx_word' id='word_1_129' title='bbox 659 1675 728 1741; x_wconf 83' lang='grc' dir='ltr'><strong>Χ,</strong></span> <span class='ocrx_word' id='word_1_130' title='bbox 774 1674 828 1728; x_wconf 89' lang='grc' dir='ltr'>Β.</span> <span class='ocrx_word' id='word_1_131' title='bbox 867 1675 1025 1740; x_wconf 85' lang='lat' dir='ltr'><strong>LXV,</strong></span> <span class='ocrx_word' id='word_1_132' title='bbox 1061 1676 1116 1730; x_wconf 77' lang='lat' dir='ltr'><strong>C.</strong></span> <span class='ocrx_word' id='word_1_133' title='bbox 1162 1674 1394 1741; x_wconf 83' lang='lat' dir='ltr'><strong>LXXIII,</strong></span> <span class='ocrx_word' id='word_1_134' title='bbox 1439 1675 1568 1744; x_wconf 79' lang='lat' dir='ltr'><strong>Cap.</strong></span> <span class='ocrx_word' id='word_1_135' title='bbox 1603 1675 1766 1746; x_wconf 79' lang='lat' dir='ltr'><strong>X\&#39;I.]</strong></span> <span class='ocrx_word' id='word_1_136' title='bbox 1805 1676 2047 1732; x_wconf 76' lang='lat' dir='ltr'><strong>Observa</strong></span> 
     </span>
    </p>
   </div>
   <div class='ocr_carea' id='block_1_19' title="bbox 2138 462 3739 533">
    <p class='ocr_par' dir='ltr' id='par_1_19' title="bbox 2138 462 3739 533">
     <span class='ocr_line' id='line_1_19' title="bbox 2138 462 3739 533; baseline 0.002 -16"><span class='ocrx_word' id='word_1_137' title='bbox 2138 464 2356 524; x_wconf 82' lang='lat' dir='ltr'><strong>ancilla.</strong></span> <span class='ocrx_word' id='word_1_138' title='bbox 2389 463 2604 519; x_wconf 74' lang='lat' dir='ltr'><strong>Levites</strong></span> <span class='ocrx_word' id='word_1_139' title='bbox 2633 478 2847 532; x_wconf 88' lang='lat' dir='ltr'><strong>quoque</strong></span> <span class='ocrx_word' id='word_1_140' title='bbox 2875 472 2929 518; x_wconf 90' lang='lat' dir='ltr'><strong>ct</strong></span> <span class='ocrx_word' id='word_1_141' title='bbox 2955 462 3184 530; x_wconf 73' lang='lat' dir='ltr'><strong>advena,</strong></span> <span class='ocrx_word' id='word_1_142' title='bbox 3216 472 3269 518; x_wconf 89' lang='lat' dir='ltr'><strong>et</strong></span> <span class='ocrx_word' id='word_1_143' title='bbox 3302 462 3540 533; x_wconf 88' lang='lat' dir='ltr'><strong>pupillus</strong></span> <span class='ocrx_word' id='word_1_144' title='bbox 3569 480 3632 519; x_wconf 89' lang='lat' dir='ltr'><strong>ac</strong></span> <span class='ocrx_word' id='word_1_145' title='bbox 3660 465 3739 520; x_wconf 73' lang='lat' dir='ltr'><strong>vi-</strong></span> 
     </span>
    </p>
   </div>
   <div class='ocr_carea' id='block_1_20' title="bbox 2138 553 3741 626">
    <p class='ocr_par' dir='ltr' id='par_1_20' title="bbox 2138 553 3741 626">
     <span class='ocr_line' id='line_1_20' title="bbox 2138 553 3741 626; baseline -0.001 -15"><span class='ocrx_word' id='word_1_146' title='bbox 2138 555 2264 621; x_wconf 88' lang='lat' dir='ltr'><strong>dua,</strong></span> <span class='ocrx_word' id='word_1_147' title='bbox 2295 555 2385 626; x_wconf 91' lang='lat' dir='ltr'><strong>qui</strong></span> <span class='ocrx_word' id='word_1_148' title='bbox 2420 559 2554 610; x_wconf 75' lang='lat' dir='ltr'><strong>intra</strong></span> <span class='ocrx_word' id='word_1_149' title='bbox 2591 565 2770 622; x_wconf 83' lang='lat' dir='ltr'><strong>portas</strong></span> <span class='ocrx_word' id='word_1_150' title='bbox 2804 566 2919 608; x_wconf 83' lang='lat' dir='ltr'><strong>tuas</strong></span> <span class='ocrx_word' id='word_1_151' title='bbox 2963 563 3106 608; x_wconf 89' lang='lat' dir='ltr'><strong>sunt.</strong></span> <span class='ocrx_word' id='word_1_152' title='bbox 3146 553 3367 625; x_wconf 87' lang='lat' dir='ltr'><strong>Septem</strong></span> <span class='ocrx_word' id='word_1_153' title='bbox 3399 554 3596 611; x_wconf 89' lang='lat' dir='ltr'><strong>diebus</strong></span> <span class='ocrx_word' id='word_1_154' title='bbox 3625 555 3741 610; x_wconf 70' lang='lat' dir='ltr'><strong>Do-o</strong></span> 
     </span>
    </p>
   </div>
   <div class='ocr_carea' id='block_1_21' title="bbox 2140 644 3744 718">
    <p class='ocr_par' dir='ltr' id='par_1_21' title="bbox 2140 644 3744 718">
     <span class='ocr_line' id='line_1_21' title="bbox 2140 644 3744 718; baseline 0.001 -16"><span class='ocrx_word' id='word_1_155' title='bbox 2140 646 2286 702; x_wconf 88' lang='lat' dir='ltr'><strong>mino</strong></span> <span class='ocrx_word' id='word_1_156' title='bbox 2316 645 2429 701; x_wconf 84' lang='lat' dir='ltr'><strong>Deo</strong></span> <span class='ocrx_word' id='word_1_157' title='bbox 2455 655 2546 702; x_wconf 91' lang='lat' dir='ltr'><strong>tuo</strong></span> <span class='ocrx_word' id='word_1_158' title='bbox 2569 645 2702 702; x_wconf 85' lang='lat' dir='ltr'><strong>festa</strong></span> <span class='ocrx_word' id='word_1_159' title='bbox 2729 644 3054 713; x_wconf 86' lang='lat' dir='ltr'><strong>celebrabis,</strong></span> <span class='ocrx_word' id='word_1_160' title='bbox 3083 644 3137 700; x_wconf 92' lang='lat' dir='ltr'><strong>in</strong></span> <span class='ocrx_word' id='word_1_161' title='bbox 3170 645 3291 700; x_wconf 91' lang='lat' dir='ltr'><strong>loco</strong></span> <span class='ocrx_word' id='word_1_162' title='bbox 3319 661 3478 716; x_wconf 87' lang='lat' dir='ltr'><strong>quem</strong></span> <span class='ocrx_word' id='word_1_163' title='bbox 3510 646 3744 718; x_wconf 72' lang='lat' dir='ltr'><strong>elegerit</strong></span> 
     </span>
    </p>
   </div>
   <div class='ocr_carea' id='block_1_22' title="bbox 2141 737 3741 808">
    <p class='ocr_par' dir='ltr' id='par_1_22' title="bbox 2141 737 3741 808">
     <span class='ocr_line' id='line_1_22' title="bbox 2141 737 3741 808; baseline 0.001 -15"><span class='ocrx_word' id='word_1_164' title='bbox 2141 738 2403 793; x_wconf 88' lang='lat' dir='ltr'><strong>Dominus</strong></span> <span class='ocrx_word' id='word_1_165' title='bbox 2435 756 2446 790; x_wconf 92' lang='lat'><strong>:</strong></span> <span class='ocrx_word' id='word_1_166' title='bbox 2485 737 2880 808; x_wconf 85' lang='lat' dir='ltr'><strong>benedicetque</strong></span> <span class='ocrx_word' id='word_1_167' title='bbox 2920 738 3015 794; x_wconf 89' lang='lat' dir='ltr'><strong>tibi</strong></span> <span class='ocrx_word' id='word_1_168' title='bbox 3049 737 3314 794; x_wconf 87' lang='lat' dir='ltr'><strong>Dominus</strong></span> <span class='ocrx_word' id='word_1_169' title='bbox 3344 738 3486 794; x_wconf 90' lang='lat' dir='ltr'><strong>Deus</strong></span> <span class='ocrx_word' id='word_1_170' title='bbox 3527 747 3654 796; x_wconf 89' lang='lat' dir='ltr'><strong>tuus</strong></span> <span class='ocrx_word' id='word_1_171' title='bbox 3684 739 3741 802; x_wconf 85' lang='lat' dir='ltr'><strong>in</strong></span> 
     </span>
    </p>
   </div>
   <div class='ocr_carea' id='block_1_23' title="bbox 2141 830 3744 902">
    <p class='ocr_par' dir='ltr' id='par_1_23' title="bbox 2141 830 3744 902">
     <span class='ocr_line' id='line_1_23' title="bbox 2141 830 3744 902; baseline 0.004 -19"><span class='ocrx_word' id='word_1_172' title='bbox 2141 833 2350 886; x_wconf 87' lang='lat' dir='ltr'><strong>cunctis</strong></span> <span class='ocrx_word' id='word_1_173' title='bbox 2373 830 2614 902; x_wconf 73' lang='lat' dir='ltr'><strong>frugibus</strong></span> <span class='ocrx_word' id='word_1_174' title='bbox 2647 833 2775 894; x_wconf 83' lang='lat' dir='ltr'><strong>tuis,</strong></span> <span class='ocrx_word' id='word_1_175' title='bbox 2804 841 2858 887; x_wconf 89' lang='lat' dir='ltr'><strong>et</strong></span> <span class='ocrx_word' id='word_1_176' title='bbox 2883 831 2933 886; x_wconf 93' lang='lat' dir='ltr'><strong>in</strong></span> <span class='ocrx_word' id='word_1_177' title='bbox 2963 831 3113 886; x_wconf 91' lang='lat' dir='ltr'><strong>omni</strong></span> <span class='ocrx_word' id='word_1_178' title='bbox 3143 847 3312 902; x_wconf 88' lang='lat' dir='ltr'><strong>opere</strong></span> <span class='ocrx_word' id='word_1_179' title='bbox 3343 848 3597 888; x_wconf 87' lang='lat' dir='ltr'><strong>manuum</strong></span> <span class='ocrx_word' id='word_1_180' title='bbox 3624 844 3744 889; x_wconf 83' lang='lat' dir='ltr'><strong>tua-</strong></span> 
     </span>
    </p>
   </div>
   <div class='ocr_carea' id='block_1_24' title="bbox 2144 921 3743 994">
    <p class='ocr_par' dir='ltr' id='par_1_24' title="bbox 2144 921 3743 994">
     <span class='ocr_line' id='line_1_24' title="bbox 2144 921 3743 994; baseline 0.006 -18"><span class='ocrx_word' id='word_1_181' title='bbox 2144 939 2284 987; x_wconf 88' lang='lat' dir='ltr'><strong>rum,</strong></span> <span class='ocrx_word' id='word_1_182' title='bbox 2322 923 2539 991; x_wconf 85' lang='lat' dir='ltr'><strong>erisque</strong></span> <span class='ocrx_word' id='word_1_183' title='bbox 2573 921 2630 976; x_wconf 87' lang='lat' dir='ltr'><strong>in</strong></span> <span class='ocrx_word' id='word_1_184' title='bbox 2676 923 2881 977; x_wconf 71' lang='lat' dir='ltr'><strong>lmtitia.</strong></span> <span class='ocrx_word' id='word_1_185' title='bbox 2921 923 3119 978; x_wconf 84' lang='lat' dir='ltr'><strong>Tribus</strong></span> <span class='ocrx_word' id='word_1_186' title='bbox 3162 924 3372 980; x_wconf 84' lang='lat' dir='ltr'><strong>vicibus</strong></span> <span class='ocrx_word' id='word_1_187' title='bbox 3405 939 3498 994; x_wconf 86' lang='lat' dir='ltr'><strong>per</strong></span> <span class='ocrx_word' id='word_1_188' title='bbox 3535 940 3743 985; x_wconf 86' lang='lat' dir='ltr'><strong>annum</strong></span> 
     </span>
    </p>
   </div>
   <div class='ocr_carea' id='block_1_25' title="bbox 2096 1015 3744 1091">
    <p class='ocr_par' dir='ltr' id='par_1_25' title="bbox 2096 1015 3744 1091">
     <span class='ocr_line' id='line_1_25' title="bbox 2096 1015 3744 1091; baseline 0.004 -23"><span class='ocrx_word' id='word_1_189' title='bbox 2096 1030 2099 1032; x_wconf 92' lang='grc'><strong>·</strong></span> <span class='ocrx_word' id='word_1_190' title='bbox 2144 1015 2424 1086; x_wconf 80' lang='lat' dir='ltr'><strong>apparebit</strong></span> <span class='ocrx_word' id='word_1_191' title='bbox 2453 1032 2615 1071; x_wconf 90' lang='lat' dir='ltr'><strong>omne</strong></span> <span class='ocrx_word' id='word_1_192' title='bbox 2642 1015 3002 1072; x_wconf 87' lang='lat' dir='ltr'><strong>masculinum</strong></span> <span class='ocrx_word' id='word_1_193' title='bbox 3039 1028 3187 1072; x_wconf 91' lang='lat' dir='ltr'><strong>tuum</strong></span> <span class='ocrx_word' id='word_1_194' title='bbox 3222 1016 3410 1091; x_wconf 67' lang='grc' dir='ltr'><strong>[ναις.</strong></span> <span class='ocrx_word' id='word_1_195' title='bbox 3439 1027 3540 1073; x_wconf 77' lang='lat' dir='ltr'><strong>tae.</strong></span> <span class='ocrx_word' id='word_1_196' title='bbox 3564 1016 3744 1091; x_wconf 82' lang='lat' dir='ltr'><strong>tuum]</strong></span> 
     </span>
    </p>
   </div>
   <div class='ocr_carea' id='block_1_26' title="bbox 2147 1108 3742 1182">
    <p class='ocr_par' dir='ltr' id='par_1_26' title="bbox 2147 1108 3742 1182">
     <span class='ocr_line' id='line_1_26' title="bbox 2147 1108 3742 1182; baseline 0.004 -21"><span class='ocrx_word' id='word_1_197' title='bbox 2147 1109 2199 1161; x_wconf 91' lang='lat' dir='ltr'><strong>in</strong></span> <span class='ocrx_word' id='word_1_198' title='bbox 2229 1121 2524 1178; x_wconf 74' lang='lat' dir='ltr'><strong>con~pectu</strong></span> <span class='ocrx_word' id='word_1_199' title='bbox 2553 1108 2767 1163; x_wconf 86' lang='lat' dir='ltr'><strong>Domini</strong></span> <span class='ocrx_word' id='word_1_200' title='bbox 2796 1109 2892 1164; x_wconf 90' lang='lat' dir='ltr'><strong>Dei</strong></span> <span class='ocrx_word' id='word_1_201' title='bbox 2921 1109 3020 1176; x_wconf 87' lang='lat' dir='ltr'><strong>tui,</strong></span> <span class='ocrx_word' id='word_1_202' title='bbox 3049 1108 3102 1164; x_wconf 91' lang='lat' dir='ltr'><strong>in</strong></span> <span class='ocrx_word' id='word_1_203' title='bbox 3134 1109 3253 1165; x_wconf 88' lang='lat' dir='ltr'><strong>loco</strong></span> <span class='ocrx_word' id='word_1_204' title='bbox 3277 1125 3437 1180; x_wconf 90' lang='lat' dir='ltr'><strong>quem</strong></span> <span class='ocrx_word' id='word_1_205' title='bbox 3467 1111 3696 1182; x_wconf 86' lang='lat' dir='ltr'><strong>elegeth</strong></span> <span class='ocrx_word' id='word_1_206' title='bbox 3724 1127 3742 1168; x_wconf 85' lang='lat'><strong>:</strong></span> 
     </span>
    </p>
   </div>
   <div class='ocr_carea' id='block_1_27' title="bbox 2147 1203 3746 1274">
    <p class='ocr_par' dir='ltr' id='par_1_27' title="bbox 2147 1203 3746 1274">
     <span class='ocr_line' id='line_1_27' title="bbox 2147 1203 3746 1274; baseline 0.004 -18"><span class='ocrx_word' id='word_1_207' title='bbox 2147 1204 2200 1258; x_wconf 91' lang='lat' dir='ltr'><strong>in</strong></span> <span class='ocrx_word' id='word_1_208' title='bbox 2231 1203 2572 1258; x_wconf 80' lang='lat' dir='ltr'><strong>solemnitate</strong></span> <span class='ocrx_word' id='word_1_209' title='bbox 2604 1218 2914 1274; x_wconf 85' lang='lat' dir='ltr'><strong>azymorum</strong></span> <span class='ocrx_word' id='word_1_210' title='bbox 2940 1245 2956 1270; x_wconf 90' lang='lat'><strong>,</strong></span> <span class='ocrx_word' id='word_1_211' title='bbox 2987 1215 3042 1259; x_wconf 90' lang='lat' dir='ltr'><strong>et</strong></span> <span class='ocrx_word' id='word_1_212' title='bbox 3074 1205 3126 1260; x_wconf 92' lang='lat' dir='ltr'><strong>in</strong></span> <span class='ocrx_word' id='word_1_213' title='bbox 3155 1203 3508 1262; x_wconf 81' lang='lat' dir='ltr'><strong>solemnitate</strong></span> <span class='ocrx_word' id='word_1_214' title='bbox 3533 1204 3746 1262; x_wconf 79' lang='lat' dir='ltr'><strong>hebdo-</strong></span> 
     </span>
    </p>
   </div>
   <div class='ocr_carea' id='block_1_28' title="bbox 2149 1293 3745 1370">
    <p class='ocr_par' dir='ltr' id='par_1_28' title="bbox 2149 1293 3745 1370">
     <span class='ocr_line' id='line_1_28' title="bbox 2149 1293 3745 1370; baseline 0.004 -23"><span class='ocrx_word' id='word_1_215' title='bbox 2149 1293 2448 1361; x_wconf 87' lang='lat' dir='ltr'><strong>madarum,</strong></span> <span class='ocrx_word' id='word_1_216' title='bbox 2499 1305 2554 1349; x_wconf 90' lang='lat' dir='ltr'><strong>et</strong></span> <span class='ocrx_word' id='word_1_217' title='bbox 2607 1297 2660 1350; x_wconf 91' lang='lat' dir='ltr'><strong>in</strong></span> <span class='ocrx_word' id='word_1_218' title='bbox 2719 1295 3063 1352; x_wconf 75' lang='lat' dir='ltr'><strong>solemnitate</strong></span> <span class='ocrx_word' id='word_1_219' title='bbox 3111 1296 3605 1353; x_wconf 84' lang='lat' dir='ltr'><strong>tabernaculorum.</strong></span> <span class='ocrx_word' id='word_1_220' title='bbox 3656 1297 3745 1370; x_wconf 83' lang='grc' dir='ltr'><strong>[Β.</strong></span> 
     </span>
    </p>
   </div>
   <div class='ocr_carea' id='block_1_29' title="bbox 2149 1385 3744 1459">
    <p class='ocr_par' dir='ltr' id='par_1_29' title="bbox 2149 1385 3744 1459">
     <span class='ocr_line' id='line_1_29' title="bbox 2149 1385 3744 1459; baseline 0.005 -18"><span class='ocrx_word' id='word_1_221' title='bbox 2149 1385 2405 1459; x_wconf 79' lang='lat' dir='ltr'><strong>LXVIII.]</strong></span> <span class='ocrx_word' id='word_1_222' title='bbox 2443 1387 2557 1442; x_wconf 85' lang='lat' dir='ltr'><strong>Non</strong></span> <span class='ocrx_word' id='word_1_223' title='bbox 2583 1387 2866 1459; x_wconf 78' lang='lat' dir='ltr'><strong>apparebit</strong></span> <span class='ocrx_word' id='word_1_224' title='bbox 2900 1398 3026 1444; x_wconf 88' lang='lat' dir='ltr'><strong>ante</strong></span> <span class='ocrx_word' id='word_1_225' title='bbox 3054 1389 3342 1446; x_wconf 90' lang='lat' dir='ltr'><strong>Dominum</strong></span> <span class='ocrx_word' id='word_1_226' title='bbox 3376 1404 3599 1445; x_wconf 85' lang='lat' dir='ltr'><strong>vacuus.</strong></span> <span class='ocrx_word' id='word_1_227' title='bbox 3633 1389 3744 1450; x_wconf 83' lang='lat' dir='ltr'><strong>Sed</strong></span> 
     </span>
    </p>
   </div>
   <div class='ocr_carea' id='block_1_30' title="bbox 2149 1478 3752 1554">
    <p class='ocr_par' dir='ltr' id='par_1_30' title="bbox 2149 1478 3752 1554">
     <span class='ocr_line' id='line_1_30' title="bbox 2149 1478 3752 1554; baseline 0.007 -24"><span class='ocrx_word' id='word_1_228' title='bbox 2149 1478 2340 1533; x_wconf 65' lang='grc' dir='ltr'><strong>θῆαι-ει</strong></span> <span class='ocrx_word' id='word_1_229' title='bbox 2376 1479 2749 1551; x_wconf 80' lang='lat' dir='ltr'><strong>unusquisque</strong></span> <span class='ocrx_word' id='word_1_230' title='bbox 2786 1481 3080 1536; x_wconf 89' lang='lat' dir='ltr'><strong>secundum</strong></span> <span class='ocrx_word' id='word_1_231' title='bbox 3121 1481 3264 1552; x_wconf 92' lang='lat' dir='ltr'><strong>quod</strong></span> <span class='ocrx_word' id='word_1_232' title='bbox 3303 1482 3554 1539; x_wconf 88' lang='lat' dir='ltr'><strong>habuerit</strong></span> <span class='ocrx_word' id='word_1_233' title='bbox 3596 1484 3752 1554; x_wconf 75' lang='lat' dir='ltr'><strong>juxta</strong></span> 
     </span>
    </p>
   </div>
   <div class='ocr_carea' id='block_1_31' title="bbox 2153 1573 3746 1650">
    <p class='ocr_par' dir='ltr' id='par_1_31' title="bbox 2153 1573 3746 1650">
     <span class='ocr_line' id='line_1_31' title="bbox 2153 1573 3746 1650; baseline 0.006 -22"><span class='ocrx_word' id='word_1_234' title='bbox 2153 1573 2581 1630; x_wconf 87' lang='lat' dir='ltr'><strong>benedictionem</strong></span> <span class='ocrx_word' id='word_1_235' title='bbox 2615 1574 2829 1630; x_wconf 89' lang='lat' dir='ltr'><strong>Domini</strong></span> <span class='ocrx_word' id='word_1_236' title='bbox 2853 1575 2950 1630; x_wconf 90' lang='lat' dir='ltr'><strong>Dei</strong></span> <span class='ocrx_word' id='word_1_237' title='bbox 2981 1576 3088 1641; x_wconf 90' lang='lat' dir='ltr'><strong>sui,</strong></span> <span class='ocrx_word' id='word_1_238' title='bbox 3117 1592 3277 1647; x_wconf 88' lang='lat' dir='ltr'><strong>quam</strong></span> <span class='ocrx_word' id='word_1_239' title='bbox 3307 1576 3519 1634; x_wconf 91' lang='lat' dir='ltr'><strong>dederit</strong></span> <span class='ocrx_word' id='word_1_240' title='bbox 3555 1578 3626 1634; x_wconf 90' lang='lat' dir='ltr'><strong>ei.</strong></span> <span class='ocrx_word' id='word_1_241' title='bbox 3661 1576 3746 1650; x_wconf 90' lang='grc' dir='ltr'><strong>[Β.</strong></span> 
     </span>
    </p>
   </div>
   <div class='ocr_carea' id='block_1_32' title="bbox 2153 1665 3755 1740">
    <p class='ocr_par' dir='ltr' id='par_1_32' title="bbox 2153 1665 3755 1740">
     <span class='ocr_line' id='line_1_32' title="bbox 2153 1665 3755 1740; baseline 0.003 -19"><span class='ocrx_word' id='word_1_242' title='bbox 2153 1665 2336 1731; x_wconf 76' lang='lat' dir='ltr'><strong>LXIX,</strong></span> <span class='ocrx_word' id='word_1_243' title='bbox 2365 1666 2424 1722; x_wconf 91' lang='lat' dir='ltr'><strong>C.</strong></span> <span class='ocrx_word' id='word_1_244' title='bbox 2451 1665 2711 1740; x_wconf 79' lang='lat' dir='ltr'><strong>LXXIV.]</strong></span> <span class='ocrx_word' id='word_1_245' title='bbox 2739 1667 2962 1724; x_wconf 82' lang='lat' dir='ltr'><strong>Judices</strong></span> <span class='ocrx_word' id='word_1_246' title='bbox 2983 1680 3031 1722; x_wconf 84' lang='lat' dir='ltr'><strong>et</strong></span> <span class='ocrx_word' id='word_1_247' title='bbox 3058 1670 3345 1738; x_wconf 85' lang='lat' dir='ltr'><strong>magistros</strong></span> <span class='ocrx_word' id='word_1_248' title='bbox 3368 1669 3669 1725; x_wconf 86' lang='lat' dir='ltr'><strong>constitues</strong></span> <span class='ocrx_word' id='word_1_249' title='bbox 3698 1669 3755 1727; x_wconf 90' lang='lat' dir='ltr'><strong>in</strong></span> 
     </span>
    </p>
   </div>
   <div class='ocr_carea' id='block_1_33' title="bbox 453 1757 3756 1842">
    <p class='ocr_par' dir='ltr' id='par_1_33' title="bbox 453 1757 3756 1842">
     <span class='ocr_line' id='line_1_33' title="bbox 453 1757 3756 1842; baseline 0.001 -19"><span class='ocrx_word' id='word_1_250' title='bbox 453 1784 696 1825; x_wconf 88' lang='lat' dir='ltr'><strong>mensem</strong></span> <span class='ocrx_word' id='word_1_251' title='bbox 729 1785 988 1823; x_wconf 85' lang='lat' dir='ltr'><strong>novarum</strong></span> <span class='ocrx_word' id='word_1_252' title='bbox 1021 1769 1232 1840; x_wconf 81' lang='lat' dir='ltr'><strong>frugum</strong></span> <span class='ocrx_word' id='word_1_253' title='bbox 1256 1812 1270 1836; x_wconf 96' lang='lat'><strong>,</strong></span> <span class='ocrx_word' id='word_1_254' title='bbox 1302 1779 1346 1824; x_wconf 83' lang='lat' dir='ltr'><strong>et</strong></span> <span class='ocrx_word' id='word_1_255' title='bbox 1375 1770 1518 1823; x_wconf 82' lang='lat' dir='ltr'><strong>verni</strong></span> <span class='ocrx_word' id='word_1_256' title='bbox 1550 1770 1776 1838; x_wconf 81' lang='lat' dir='ltr'><strong>primum</strong></span> <span class='ocrx_word' id='word_1_257' title='bbox 1809 1771 2049 1842; x_wconf 78' lang='lat' dir='ltr'><strong>temporis</strong></span> <span class='ocrx_word' id='word_1_258' title='bbox 2081 1775 2125 1834; x_wconf 82' lang='grc' dir='ltr'><strong>Β</strong></span> <span class='ocrx_word' id='word_1_259' title='bbox 2155 1757 2405 1812; x_wconf 67' lang='lat' dir='ltr'><strong>&quot;mnibus</strong></span> <span class='ocrx_word' id='word_1_260' title='bbox 2439 1759 2608 1827; x_wconf 72' lang='grc' dir='ltr'><strong>Ρυηίε</strong></span> <span class='ocrx_word' id='word_1_261' title='bbox 2637 1760 2765 1824; x_wconf 61' lang='lat' dir='ltr'><strong>illis.</strong></span> <span class='ocrx_word' id='word_1_262' title='bbox 2797 1774 2932 1830; x_wconf 83' lang='lat' dir='ltr'><strong>quas</strong></span> <span class='ocrx_word' id='word_1_263' title='bbox 2959 1759 3226 1814; x_wconf 67' lang='lat' dir='ltr'><strong>Dominus</strong></span> <span class='ocrx_word' id='word_1_264' title='bbox 3257 1759 3398 1815; x_wconf 69' lang='lat' dir='ltr'><strong>Deus</strong></span> <span class='ocrx_word' id='word_1_265' title='bbox 3431 1773 3552 1815; x_wconf 77' lang='lat' dir='ltr'><strong>&#39;UUS</strong></span> <span class='ocrx_word' id='word_1_266' title='bbox 3581 1760 3756 1816; x_wconf 64' lang='grc' dir='ltr'><strong>ἀθειθο</strong></span> 
     </span>
    </p>
   </div>
   <div class='ocr_carea' id='block_1_34' title="bbox 455 1861 2046 1933">
    <p class='ocr_par' dir='ltr' id='par_1_34' title="bbox 455 1861 2046 1933">
     <span class='ocr_line' id='line_1_34' title="bbox 455 1861 2046 1933; baseline -0.001 -18"><span class='ocrx_word' id='word_1_267' title='bbox 455 1861 530 1932; x_wconf 70' lang='lat' dir='ltr'><strong>[ir</strong></span> <span class='ocrx_word' id='word_1_268' title='bbox 583 1877 687 1915; x_wconf 91' lang='lat' dir='ltr'><strong>non</strong></span> <span class='ocrx_word' id='word_1_269' title='bbox 723 1861 925 1933; x_wconf 85' lang='lat' dir='ltr'><strong>habet],</strong></span> <span class='ocrx_word' id='word_1_270' title='bbox 969 1871 1026 1916; x_wconf 95' lang='lat' dir='ltr'><strong>ut</strong></span> <span class='ocrx_word' id='word_1_271' title='bbox 1072 1862 1236 1915; x_wconf 77' lang='lat' dir='ltr'><strong>facias</strong></span> <span class='ocrx_word' id='word_1_272' title='bbox 1286 1861 1461 1916; x_wconf 89' lang='lat' dir='ltr'><strong>Phase</strong></span> <span class='ocrx_word' id='word_1_273' title='bbox 1494 1861 1726 1916; x_wconf 91' lang='lat' dir='ltr'><strong>Domino</strong></span> <span class='ocrx_word' id='word_1_274' title='bbox 1780 1861 1893 1916; x_wconf 87' lang='lat' dir='ltr'><strong>Deo</strong></span> <span class='ocrx_word' id='word_1_275' title='bbox 1931 1870 2046 1926; x_wconf 91' lang='lat' dir='ltr'><strong>tuo,</strong></span> 
     </span>
    </p>
   </div>
   <div class='ocr_carea' id='block_1_35' title="bbox 451 1954 2050 2025">
    <p class='ocr_par' dir='ltr' id='par_1_35' title="bbox 451 1954 2050 2025">
     <span class='ocr_line' id='line_1_35' title="bbox 451 1954 2050 2025; baseline 0.001 -16"><span class='ocrx_word' id='word_1_276' title='bbox 451 1955 708 2025; x_wconf 86' lang='lat' dir='ltr'><strong>quoniam</strong></span> <span class='ocrx_word' id='word_1_277' title='bbox 737 1956 788 2010; x_wconf 92' lang='lat' dir='ltr'><strong>in</strong></span> <span class='ocrx_word' id='word_1_278' title='bbox 819 1955 923 2008; x_wconf 85' lang='lat' dir='ltr'><strong>isto</strong></span> <span class='ocrx_word' id='word_1_279' title='bbox 948 1969 1133 2009; x_wconf 81' lang='lat' dir='ltr'><strong>mense</strong></span> <span class='ocrx_word' id='word_1_280' title='bbox 1164 1955 1352 2010; x_wconf 88' lang='lat' dir='ltr'><strong>eduxit</strong></span> <span class='ocrx_word' id='word_1_281' title='bbox 1387 1965 1436 2008; x_wconf 88' lang='lat' dir='ltr'><strong>te</strong></span> <span class='ocrx_word' id='word_1_282' title='bbox 1468 1954 1722 2009; x_wconf 77' lang='lat' dir='ltr'><strong>Dominus</strong></span> <span class='ocrx_word' id='word_1_283' title='bbox 1751 1957 1892 2010; x_wconf 89' lang='lat' dir='ltr'><strong>Deus</strong></span> <span class='ocrx_word' id='word_1_284' title='bbox 1922 1963 2050 2011; x_wconf 88' lang='lat' dir='ltr'><strong>tuus</strong></span> 
     </span>
    </p>
   </div>
   <div class='ocr_carea' id='block_1_36' title="bbox 453 2045 2050 2118">
    <p class='ocr_par' dir='ltr' id='par_1_36' title="bbox 453 2045 2050 2118">
     <span class='ocr_line' id='line_1_36' title="bbox 453 2045 2050 2118; baseline 0.001 -18"><span class='ocrx_word' id='word_1_285' title='bbox 453 2047 520 2101; x_wconf 87' lang='lat' dir='ltr'><strong>de</strong></span> <span class='ocrx_word' id='word_1_286' title='bbox 553 2045 790 2118; x_wconf 60' lang='lat' dir='ltr'><strong>IEgypto</strong></span> <span class='ocrx_word' id='word_1_287' title='bbox 820 2057 997 2102; x_wconf 89' lang='lat' dir='ltr'><strong>nocte.</strong></span> <span class='ocrx_word' id='word_1_288' title='bbox 1032 2046 1450 2116; x_wconf 88' lang='lat' dir='ltr'><strong>lmmolabisque</strong></span> <span class='ocrx_word' id='word_1_289' title='bbox 1478 2046 1653 2102; x_wconf 87' lang='lat' dir='ltr'><strong>Phase</strong></span> <span class='ocrx_word' id='word_1_290' title='bbox 1685 2047 1914 2102; x_wconf 92' lang='lat' dir='ltr'><strong>Domino</strong></span> <span class='ocrx_word' id='word_1_291' title='bbox 1943 2048 2050 2102; x_wconf 89' lang='lat' dir='ltr'><strong>Deo</strong></span> 
     </span>
    </p>
   </div>
   <div class='ocr_carea' id='block_1_37' title="bbox 451 2139 2052 2210">
    <p class='ocr_par' dir='ltr' id='par_1_37' title="bbox 451 2139 2052 2210">
     <span class='ocr_line' id='line_1_37' title="bbox 451 2139 2052 2210; baseline 0.001 -18"><span class='ocrx_word' id='word_1_292' title='bbox 451 2148 543 2192; x_wconf 88' lang='lat' dir='ltr'><strong>tuo</strong></span> <span class='ocrx_word' id='word_1_293' title='bbox 575 2140 641 2192; x_wconf 82' lang='lat' dir='ltr'><strong>de</strong></span> <span class='ocrx_word' id='word_1_294' title='bbox 670 2139 863 2193; x_wconf 88' lang='lat' dir='ltr'><strong>ovibus</strong></span> <span class='ocrx_word' id='word_1_295' title='bbox 889 2181 901 2202; x_wconf 93' lang='lat'><strong>,</strong></span> <span class='ocrx_word' id='word_1_296' title='bbox 941 2148 994 2192; x_wconf 91' lang='lat' dir='ltr'><strong>ct</strong></span> <span class='ocrx_word' id='word_1_297' title='bbox 1030 2139 1095 2193; x_wconf 87' lang='lat' dir='ltr'><strong>de</strong></span> <span class='ocrx_word' id='word_1_298' title='bbox 1129 2139 1300 2194; x_wconf 68' lang='lat' dir='ltr'><strong>bobus</strong></span> <span class='ocrx_word' id='word_1_299' title='bbox 1330 2181 1342 2202; x_wconf 90' lang='lat'><strong>,</strong></span> <span class='ocrx_word' id='word_1_300' title='bbox 1388 2140 1437 2192; x_wconf 93' lang='lat' dir='ltr'><strong>in</strong></span> <span class='ocrx_word' id='word_1_301' title='bbox 1470 2139 1592 2192; x_wconf 89' lang='lat' dir='ltr'><strong>loco</strong></span> <span class='ocrx_word' id='word_1_302' title='bbox 1622 2154 1784 2210; x_wconf 91' lang='lat' dir='ltr'><strong>quem</strong></span> <span class='ocrx_word' id='word_1_303' title='bbox 1825 2139 2052 2209; x_wconf 77' lang='lat' dir='ltr'><strong>elegerit</strong></span> 
     </span>
    </p>
   </div>
   <div class='ocr_carea' id='block_1_38' title="bbox 459 2230 2050 2300">
    <p class='ocr_par' dir='ltr' id='par_1_38' title="bbox 459 2230 2050 2300">
     <span class='ocr_line' id='line_1_38' title="bbox 459 2230 2050 2300; baseline 0.003 -17"><span class='ocrx_word' id='word_1_304' title='bbox 459 2231 718 2284; x_wconf 89' lang='lat' dir='ltr'><strong>Dominus</strong></span> <span class='ocrx_word' id='word_1_305' title='bbox 751 2232 891 2284; x_wconf 77' lang='lat' dir='ltr'><strong>Deus</strong></span> <span class='ocrx_word' id='word_1_306' title='bbox 921 2241 1066 2295; x_wconf 89' lang='lat' dir='ltr'><strong>tuus,</strong></span> <span class='ocrx_word' id='word_1_307' title='bbox 1107 2240 1163 2284; x_wconf 91' lang='lat' dir='ltr'><strong>ut</strong></span> <span class='ocrx_word' id='word_1_308' title='bbox 1196 2230 1399 2286; x_wconf 76' lang='lat' dir='ltr'><strong>habitet</strong></span> <span class='ocrx_word' id='word_1_309' title='bbox 1431 2245 1624 2285; x_wconf 91' lang='lat' dir='ltr'><strong>nomen</strong></span> <span class='ocrx_word' id='word_1_310' title='bbox 1657 2231 1776 2300; x_wconf 86' lang='lat' dir='ltr'><strong>ejus</strong></span> <span class='ocrx_word' id='word_1_311' title='bbox 1805 2231 1900 2287; x_wconf 92' lang='lat' dir='ltr'><strong>ibi.</strong></span> <span class='ocrx_word' id='word_1_312' title='bbox 1931 2231 2050 2288; x_wconf 90' lang='lat' dir='ltr'><strong>Non</strong></span> 
     </span>
    </p>
   </div>
   <div class='ocr_carea' id='block_1_39' title="bbox 456 2323 2052 2396">
    <p class='ocr_par' dir='ltr' id='par_1_39' title="bbox 456 2323 2052 2396">
     <span class='ocr_line' id='line_1_39' title="bbox 456 2323 2052 2396; baseline 0.004 -20"><span class='ocrx_word' id='word_1_313' title='bbox 456 2323 714 2378; x_wconf 82' lang='lat' dir='ltr'><strong>comedes</strong></span> <span class='ocrx_word' id='word_1_314' title='bbox 746 2326 794 2377; x_wconf 93' lang='lat' dir='ltr'><strong>in</strong></span> <span class='ocrx_word' id='word_1_315' title='bbox 835 2341 900 2378; x_wconf 89' lang='lat' dir='ltr'><strong>eo</strong></span> <span class='ocrx_word' id='word_1_316' title='bbox 933 2340 1122 2394; x_wconf 89' lang='lat' dir='ltr'><strong>panem</strong></span> <span class='ocrx_word' id='word_1_317' title='bbox 1160 2326 1538 2381; x_wconf 85' lang='lat' dir='ltr'><strong>fermentatum</strong></span> <span class='ocrx_word' id='word_1_318' title='bbox 1570 2343 1581 2378; x_wconf 90' lang='lat'>:</span> <span class='ocrx_word' id='word_1_319' title='bbox 1609 2326 1828 2396; x_wconf 79' lang='lat' dir='ltr'><strong>Septem</strong></span> <span class='ocrx_word' id='word_1_320' title='bbox 1861 2327 2052 2382; x_wconf 87' lang='lat' dir='ltr'><strong>diebus</strong></span> 
     </span>
    </p>
   </div>
   <div class='ocr_carea' id='block_1_40' title="bbox 456 2414 2052 2488">
    <p class='ocr_par' dir='ltr' id='par_1_40' title="bbox 456 2414 2052 2488">
     <span class='ocr_line' id='line_1_40' title="bbox 456 2414 2052 2488; baseline 0.001 -19"><span class='ocrx_word' id='word_1_321' title='bbox 456 2414 711 2470; x_wconf 88' lang='lat' dir='ltr'><strong>comedcs</strong></span> <span class='ocrx_word' id='word_1_322' title='bbox 751 2415 955 2485; x_wconf 81' lang='lat' dir='ltr'><strong>ahSque</strong></span> <span class='ocrx_word' id='word_1_323' title='bbox 1004 2414 1272 2471; x_wconf 86' lang='lat' dir='ltr'><strong>fermento</strong></span> <span class='ocrx_word' id='word_1_324' title='bbox 1303 2415 1618 2471; x_wconf 85' lang='lat' dir='ltr'><strong>afflictiouis</strong></span> <span class='ocrx_word' id='word_1_325' title='bbox 1659 2433 1878 2487; x_wconf 87' lang='lat' dir='ltr'><strong>panem,</strong></span> <span class='ocrx_word' id='word_1_326' title='bbox 1917 2433 2052 2488; x_wconf 82' lang='lat' dir='ltr'><strong>quu-</strong></span> 
     </span>
    </p>
   </div>
   <div class='ocr_carea' id='block_1_41' title="bbox 458 2506 2054 2579">
    <p class='ocr_par' dir='ltr' id='par_1_41' title="bbox 458 2506 2054 2579">
     <span class='ocr_line' id='line_1_41' title="bbox 458 2506 2054 2579; baseline 0.003 -20"><span class='ocrx_word' id='word_1_327' title='bbox 458 2507 600 2560; x_wconf 88' lang='lat' dir='ltr'><strong>niam</strong></span> <span class='ocrx_word' id='word_1_328' title='bbox 643 2507 692 2560; x_wconf 92' lang='lat' dir='ltr'><strong>in</strong></span> <span class='ocrx_word' id='word_1_329' title='bbox 745 2521 942 2573; x_wconf 71' lang='lat' dir='ltr'><strong>lavare</strong></span> <span class='ocrx_word' id='word_1_330' title='bbox 970 2523 1217 2576; x_wconf 60' lang='lat' dir='ltr'><strong>egressus</strong></span> <span class='ocrx_word' id='word_1_331' title='bbox 1264 2523 1327 2562; x_wconf 90' lang='lat' dir='ltr'><strong>es</strong></span> <span class='ocrx_word' id='word_1_332' title='bbox 1354 2507 1421 2563; x_wconf 93' lang='lat' dir='ltr'><strong>de</strong></span> <span class='ocrx_word' id='word_1_333' title='bbox 1453 2506 1687 2579; x_wconf 57' lang='grc' dir='ltr'><strong>,Ευρῑο</strong></span> <span class='ocrx_word' id='word_1_334' title='bbox 1720 2527 1733 2561; x_wconf 89' lang='lat'><strong>:</strong></span> <span class='ocrx_word' id='word_1_335' title='bbox 1776 2519 1833 2562; x_wconf 82' lang='grc' dir='ltr'><strong>ιιι</strong></span> <span class='ocrx_word' id='word_1_336' title='bbox 1863 2511 2054 2565; x_wconf 83' lang='lat' dir='ltr'><strong>memi-</strong></span> 
     </span>
    </p>
   </div>
   <div class='ocr_carea' id='block_1_42' title="bbox 461 2597 2054 2673">
    <p class='ocr_par' dir='ltr' id='par_1_42' title="bbox 461 2597 2054 2673">
     <span class='ocr_line' id='line_1_42' title="bbox 461 2597 2054 2673; baseline 0.008 -25"><span class='ocrx_word' id='word_1_337' title='bbox 461 2599 606 2652; x_wconf 83' lang='lat' dir='ltr'><strong>neris</strong></span> <span class='ocrx_word' id='word_1_338' title='bbox 628 2597 733 2652; x_wconf 90' lang='lat' dir='ltr'><strong>diei</strong></span> <span class='ocrx_word' id='word_1_339' title='bbox 769 2601 1100 2669; x_wconf 77' lang='lat' dir='ltr'><strong>egressionis</strong></span> <span class='ocrx_word' id='word_1_340' title='bbox 1130 2609 1232 2654; x_wconf 72' lang='lat' dir='ltr'><strong>tua:</strong></span> <span class='ocrx_word' id='word_1_341' title='bbox 1259 2600 1326 2656; x_wconf 88' lang='lat' dir='ltr'><strong>de</strong></span> <span class='ocrx_word' id='word_1_342' title='bbox 1365 2599 1626 2673; x_wconf 64' lang='lat' dir='ltr'><strong>lEgypto,</strong></span> <span class='ocrx_word' id='word_1_343' title='bbox 1661 2603 1908 2658; x_wconf 91' lang='lat' dir='ltr'><strong>omnibus</strong></span> <span class='ocrx_word' id='word_1_344' title='bbox 1939 2604 2054 2660; x_wconf 81' lang='lat' dir='ltr'><strong>die-</strong></span> 
     </span>
    </p>
   </div>
   <div class='ocr_carea' id='block_1_43' title="bbox 459 2691 2054 2762">
    <p class='ocr_par' dir='ltr' id='par_1_43' title="bbox 459 2691 2054 2762">
     <span class='ocr_line' id='line_1_43' title="bbox 459 2691 2054 2762; baseline 0.004 -19"><span class='ocrx_word' id='word_1_345' title='bbox 459 2691 559 2744; x_wconf 89' lang='lat' dir='ltr'><strong>bus</strong></span> <span class='ocrx_word' id='word_1_346' title='bbox 589 2692 712 2744; x_wconf 65' lang='lat' dir='ltr'><strong>vita:</strong></span> <span class='ocrx_word' id='word_1_347' title='bbox 747 2699 872 2746; x_wconf 60' lang='lat' dir='ltr'><strong>tuas.</strong></span> <span class='ocrx_word' id='word_1_348' title='bbox 901 2691 1017 2746; x_wconf 86' lang='lat' dir='ltr'><strong>Non</strong></span> <span class='ocrx_word' id='word_1_349' title='bbox 1047 2691 1336 2762; x_wconf 84' lang='lat' dir='ltr'><strong>apparebit</strong></span> <span class='ocrx_word' id='word_1_350' title='bbox 1365 2700 1390 2728; x_wconf 68' lang='grc'><strong><em>⁸</em></strong></span> <span class='ocrx_word' id='word_1_351' title='bbox 1415 2692 1747 2748; x_wconf 81' lang='lat' dir='ltr'><strong>fermentum</strong></span> <span class='ocrx_word' id='word_1_352' title='bbox 1781 2695 1831 2747; x_wconf 91' lang='lat' dir='ltr'><strong>in</strong></span> <span class='ocrx_word' id='word_1_353' title='bbox 1878 2696 2054 2750; x_wconf 91' lang='lat' dir='ltr'><strong>omni-</strong></span> 
     </span>
    </p>
   </div>
   <div class='ocr_carea' id='block_1_44' title="bbox 461 2783 2057 2853">
    <p class='ocr_par' dir='ltr' id='par_1_44' title="bbox 461 2783 2057 2853">
     <span class='ocr_line' id='line_1_44' title="bbox 461 2783 2057 2853; baseline 0.003 -16"><span class='ocrx_word' id='word_1_354' title='bbox 461 2784 559 2837; x_wconf 86' lang='lat' dir='ltr'><strong>bus</strong></span> <span class='ocrx_word' id='word_1_355' title='bbox 580 2784 830 2838; x_wconf 90' lang='lat' dir='ltr'><strong>terminis</strong></span> <span class='ocrx_word' id='word_1_356' title='bbox 853 2785 958 2838; x_wconf 92' lang='lat' dir='ltr'><strong>tuis</strong></span> <span class='ocrx_word' id='word_1_357' title='bbox 981 2793 1188 2853; x_wconf 86' lang='lat' dir='ltr'><strong>septem</strong></span> <span class='ocrx_word' id='word_1_358' title='bbox 1213 2783 1426 2851; x_wconf 91' lang='lat' dir='ltr'><strong>diebus,</strong></span> <span class='ocrx_word' id='word_1_359' title='bbox 1458 2795 1510 2838; x_wconf 91' lang='lat' dir='ltr'><strong>et</strong></span> <span class='ocrx_word' id='word_1_360' title='bbox 1534 2800 1640 2839; x_wconf 92' lang='lat' dir='ltr'><strong>nou</strong></span> <span class='ocrx_word' id='word_1_361' title='bbox 1661 2787 1965 2842; x_wconf 85' lang='lat' dir='ltr'><strong>remanebit</strong></span> <span class='ocrx_word' id='word_1_362' title='bbox 1989 2787 2057 2842; x_wconf 90' lang='lat' dir='ltr'><strong>de</strong></span> 
     </span>
    </p>
   </div>
   <div class='ocr_carea' id='block_1_45' title="bbox 458 2876 2056 2946">
    <p class='ocr_par' dir='ltr' id='par_1_45' title="bbox 458 2876 2056 2946">
     <span class='ocr_line' id='line_1_45' title="bbox 458 2876 2056 2946; baseline 0.003 -16"><span class='ocrx_word' id='word_1_363' title='bbox 458 2877 716 2931; x_wconf 73' lang='lat' dir='ltr'><strong>carnibus</strong></span> <span class='ocrx_word' id='word_1_364' title='bbox 745 2877 862 2945; x_wconf 73' lang='lat' dir='ltr'><strong>ejus</strong></span> <span class='ocrx_word' id='word_1_365' title='bbox 894 2876 1036 2944; x_wconf 89' lang='lat' dir='ltr'><strong>quod</strong></span> <span class='ocrx_word' id='word_1_366' title='bbox 1071 2876 1407 2930; x_wconf 87' lang='lat' dir='ltr'><strong>immolatum</strong></span> <span class='ocrx_word' id='word_1_367' title='bbox 1439 2886 1522 2931; x_wconf 90' lang='lat' dir='ltr'><strong>est</strong></span> <span class='ocrx_word' id='word_1_368' title='bbox 1547 2879 1779 2946; x_wconf 83' lang='lat' dir='ltr'><strong>vesperi,</strong></span> <span class='ocrx_word' id='word_1_369' title='bbox 1822 2877 1850 2916; x_wconf 72' lang='grc' dir='ltr'>δ</span> <span class='ocrx_word' id='word_1_370' title='bbox 1884 2880 1934 2933; x_wconf 91' lang='lat' dir='ltr'><strong>in</strong></span> <span class='ocrx_word' id='word_1_371' title='bbox 1967 2879 2056 2936; x_wconf 85' lang='lat' dir='ltr'><strong>die</strong></span> 
     </span>
    </p>
   </div>
   <div class='ocr_carea' id='block_1_46' title="bbox 2153 1850 3756 1922">
    <p class='ocr_par' dir='ltr' id='par_1_46' title="bbox 2153 1850 3756 1922">
     <span class='ocr_line' id='line_1_46' title="bbox 2153 1850 3756 1922; baseline 0.003 -17"><span class='ocrx_word' id='word_1_372' title='bbox 2153 1851 2224 1905; x_wconf 90' lang='lat' dir='ltr'><strong>rit</strong></span> <span class='ocrx_word' id='word_1_373' title='bbox 2253 1850 2367 1914; x_wconf 89' lang='lat' dir='ltr'><strong>tibi,</strong></span> <span class='ocrx_word' id='word_1_374' title='bbox 2403 1865 2495 1920; x_wconf 82' lang='lat' dir='ltr'><strong>per</strong></span> <span class='ocrx_word' id='word_1_375' title='bbox 2536 1850 2783 1921; x_wconf 89' lang='lat' dir='ltr'><strong>singulas</strong></span> <span class='ocrx_word' id='word_1_376' title='bbox 2814 1851 2987 1906; x_wconf 89' lang='lat' dir='ltr'><strong>tribus</strong></span> <span class='ocrx_word' id='word_1_377' title='bbox 3029 1862 3181 1914; x_wconf 89' lang='lat' dir='ltr'><strong>tuas,</strong></span> <span class='ocrx_word' id='word_1_378' title='bbox 3215 1863 3272 1906; x_wconf 90' lang='lat' dir='ltr'><strong>ut</strong></span> <span class='ocrx_word' id='word_1_379' title='bbox 3297 1851 3536 1921; x_wconf 87' lang='lat' dir='ltr'><strong>judicent</strong></span> <span class='ocrx_word' id='word_1_380' title='bbox 3581 1867 3756 1922; x_wconf 81' lang='lat' dir='ltr'><strong>papu-</strong></span> 
     </span>
    </p>
   </div>
   <div class='ocr_carea' id='block_1_47' title="bbox 2154 1943 3758 2016">
    <p class='ocr_par' dir='ltr' id='par_1_47' title="bbox 2154 1943 3758 2016">
     <span class='ocr_line' id='line_1_47' title="bbox 2154 1943 3758 2016; baseline 0.003 -20"><span class='ocrx_word' id='word_1_381' title='bbox 2154 1943 2266 1997; x_wconf 93' lang='lat' dir='ltr'><strong>lum</strong></span> <span class='ocrx_word' id='word_1_382' title='bbox 2297 1943 2443 2013; x_wconf 86' lang='lat' dir='ltr'><strong>justo</strong></span> <span class='ocrx_word' id='word_1_383' title='bbox 2467 1943 2704 2013; x_wconf 88' lang='lat' dir='ltr'><strong>judicio,</strong></span> <span class='ocrx_word' id='word_1_384' title='bbox 2739 1959 2840 2000; x_wconf 89' lang='lat' dir='ltr'><strong>nec</strong></span> <span class='ocrx_word' id='word_1_385' title='bbox 2888 1945 2938 2000; x_wconf 92' lang='lat' dir='ltr'><strong>in</strong></span> <span class='ocrx_word' id='word_1_386' title='bbox 2969 1947 3197 2001; x_wconf 87' lang='lat' dir='ltr'><strong>alteram</strong></span> <span class='ocrx_word' id='word_1_387' title='bbox 3227 1954 3434 2016; x_wconf 84' lang='lat' dir='ltr'><strong>partem</strong></span> <span class='ocrx_word' id='word_1_388' title='bbox 3480 1945 3758 2001; x_wconf 86' lang='lat' dir='ltr'><strong>declinent</strong></span> 
     </span>
    </p>
   </div>
   <div class='ocr_carea' id='block_1_48' title="bbox 2156 2036 3757 2109">
    <p class='ocr_par' dir='ltr' id='par_1_48' title="bbox 2156 2036 3757 2109">
     <span class='ocr_line' id='line_1_48' title="bbox 2156 2036 3757 2109; baseline 0.005 -20"><span class='ocrx_word' id='word_1_389' title='bbox 2156 2036 2232 2108; x_wconf 84' lang='lat' dir='ltr'><strong>[h.</strong></span> <span class='ocrx_word' id='word_1_390' title='bbox 2261 2036 2546 2107; x_wconf 74' lang='lat' dir='ltr'><strong>declines].</strong></span> <span class='ocrx_word' id='word_1_391' title='bbox 2580 2037 2694 2092; x_wconf 88' lang='lat' dir='ltr'><strong>N0n</strong></span> <span class='ocrx_word' id='word_1_392' title='bbox 2725 2039 2961 2108; x_wconf 85' lang='lat' dir='ltr'><strong>accipies</strong></span> <span class='ocrx_word' id='word_1_393' title='bbox 3001 2053 3311 2109; x_wconf 85' lang='lat' dir='ltr'><strong>personam,</strong></span> <span class='ocrx_word' id='word_1_394' title='bbox 3359 2055 3456 2094; x_wconf 91' lang='lat' dir='ltr'><strong>nec</strong></span> <span class='ocrx_word' id='word_1_395' title='bbox 3489 2053 3712 2094; x_wconf 85' lang='lat' dir='ltr'><strong>munera</strong></span> <span class='ocrx_word' id='word_1_396' title='bbox 3739 2055 3757 2098; x_wconf 73' lang='grc' dir='ltr'><strong>ι</strong></span> 
     </span>
    </p>
   </div>
   <div class='ocr_carea' id='block_1_49' title="bbox 2155 2132 3763 2202">
    <p class='ocr_par' dir='ltr' id='par_1_49' title="bbox 2155 2132 3763 2202">
     <span class='ocr_line' id='line_1_49' title="bbox 2155 2132 3763 2202; baseline 0.002 -16"><span class='ocrx_word' id='word_1_397' title='bbox 2155 2132 2276 2201; x_wconf 88' lang='lat' dir='ltr'><strong>quia</strong></span> <span class='ocrx_word' id='word_1_398' title='bbox 2305 2147 2524 2187; x_wconf 91' lang='lat' dir='ltr'><strong>munera</strong></span> <span class='ocrx_word' id='word_1_399' title='bbox 2557 2143 2828 2188; x_wconf 55' lang='lat' dir='ltr'><strong>excaecant</strong></span> <span class='ocrx_word' id='word_1_400' title='bbox 2857 2133 3043 2188; x_wconf 91' lang='lat' dir='ltr'><strong>oculos</strong></span> <span class='ocrx_word' id='word_1_401' title='bbox 3082 2133 3424 2202; x_wconf 87' lang='lat' dir='ltr'><strong>sapientum,</strong></span> <span class='ocrx_word' id='word_1_402' title='bbox 3458 2143 3510 2186; x_wconf 91' lang='lat' dir='ltr'><strong>ct</strong></span> <span class='ocrx_word' id='word_1_403' title='bbox 3549 2141 3763 2192; x_wconf 84' lang='lat' dir='ltr'><strong>mutant</strong></span> 
     </span>
    </p>
   </div>
   <div class='ocr_carea' id='block_1_50' title="bbox 2156 2223 3760 2295">
    <p class='ocr_par' dir='ltr' id='par_1_50' title="bbox 2156 2223 3760 2295">
     <span class='ocr_line' id='line_1_50' title="bbox 2156 2223 3760 2295; baseline -0.001 -17"><span class='ocrx_word' id='word_1_404' title='bbox 2156 2225 2318 2282; x_wconf 86' lang='lat' dir='ltr'><strong>verba</strong></span> <span class='ocrx_word' id='word_1_405' title='bbox 2345 2225 2638 2295; x_wconf 77' lang='lat' dir='ltr'><strong>justorum.</strong></span> <span class='ocrx_word' id='word_1_406' title='bbox 2668 2226 2820 2280; x_wconf 83' lang='lat' dir='ltr'><strong>Juste</strong></span> <span class='ocrx_word' id='word_1_407' title='bbox 2850 2225 2991 2295; x_wconf 90' lang='lat' dir='ltr'><strong>quod</strong></span> <span class='ocrx_word' id='word_1_408' title='bbox 3021 2225 3226 2294; x_wconf 91' lang='lat' dir='ltr'><strong>justum</strong></span> <span class='ocrx_word' id='word_1_409' title='bbox 3261 2235 3345 2278; x_wconf 90' lang='lat' dir='ltr'><strong>est</strong></span> <span class='ocrx_word' id='word_1_410' title='bbox 3370 2223 3712 2293; x_wconf 87' lang='lat' dir='ltr'><strong>persequeris</strong></span> <span class='ocrx_word' id='word_1_411' title='bbox 3743 2263 3760 2291; x_wconf 91' lang='lat'><strong>,</strong></span> 
     </span>
    </p>
   </div>
   <div class='ocr_carea' id='block_1_51' title="bbox 2158 2318 3764 2390">
    <p class='ocr_par' dir='ltr' id='par_1_51' title="bbox 2158 2318 3764 2390">
     <span class='ocr_line' id='line_1_51' title="bbox 2158 2318 3764 2390; baseline 0.004 -20"><span class='ocrx_word' id='word_1_412' title='bbox 2158 2328 2214 2373; x_wconf 91' lang='lat' dir='ltr'><strong>ut</strong></span> <span class='ocrx_word' id='word_1_413' title='bbox 2253 2319 2403 2373; x_wconf 75' lang='lat' dir='ltr'><strong>vivas</strong></span> <span class='ocrx_word' id='word_1_414' title='bbox 2433 2329 2482 2375; x_wconf 93' lang='lat' dir='ltr'><strong>et</strong></span> <span class='ocrx_word' id='word_1_415' title='bbox 2513 2319 2791 2390; x_wconf 75' lang='lat' dir='ltr'><strong>possideas</strong></span> <span class='ocrx_word' id='word_1_416' title='bbox 2835 2328 3030 2375; x_wconf 87' lang='lat' dir='ltr'><strong>terram</strong></span> <span class='ocrx_word' id='word_1_417' title='bbox 3061 2360 3076 2382; x_wconf 86' lang='lat'><strong>,</strong></span> <span class='ocrx_word' id='word_1_418' title='bbox 3110 2335 3270 2386; x_wconf 91' lang='lat' dir='ltr'><strong>quam</strong></span> <span class='ocrx_word' id='word_1_419' title='bbox 3315 2319 3598 2376; x_wconf 86' lang='lat' dir='ltr'><strong>Dominus.</strong></span> <span class='ocrx_word' id='word_1_420' title='bbox 3619 2318 3764 2376; x_wconf 77' lang='lat' dir='ltr'><strong>Deus</strong></span> 
     </span>
    </p>
   </div>
   <div class='ocr_carea' id='block_1_52' title="bbox 2158 2409 3761 2483">
    <p class='ocr_par' dir='ltr' id='par_1_52' title="bbox 2158 2409 3761 2483">
     <span class='ocr_line' id='line_1_52' title="bbox 2158 2409 3761 2483; baseline -0.002 -16"><span class='ocrx_word' id='word_1_421' title='bbox 2158 2421 2280 2467; x_wconf 90' lang='lat' dir='ltr'><strong>tuus</strong></span> <span class='ocrx_word' id='word_1_422' title='bbox 2309 2411 2516 2466; x_wconf 77' lang='lat' dir='ltr'><strong>dederit</strong></span> <span class='ocrx_word' id='word_1_423' title='bbox 2548 2409 2664 2467; x_wconf 89' lang='lat' dir='ltr'><strong>tibi.</strong></span> <span class='ocrx_word' id='word_1_424' title='bbox 2703 2411 2784 2483; x_wconf 86' lang='lat' dir='ltr'><strong>[C.</strong></span> <span class='ocrx_word' id='word_1_425' title='bbox 2833 2409 3075 2483; x_wconf 67' lang='lat' dir='ltr'><strong>LXXV]</strong></span> <span class='ocrx_word' id='word_1_426' title='bbox 3106 2410 3221 2466; x_wconf 83' lang='lat' dir='ltr'><strong>Non</strong></span> <span class='ocrx_word' id='word_1_427' title='bbox 3255 2409 3522 2480; x_wconf 85' lang='lat' dir='ltr'><strong>planlahis</strong></span> <span class='ocrx_word' id='word_1_428' title='bbox 3553 2409 3761 2475; x_wconf 91' lang='lat' dir='ltr'><strong>lucum,</strong></span> 
     </span>
    </p>
   </div>
   <div class='ocr_carea' id='block_1_53' title="bbox 2157 2502 3758 2575">
    <p class='ocr_par' dir='ltr' id='par_1_53' title="bbox 2157 2502 3758 2575">
     <span class='ocr_line' id='line_1_53' title="bbox 2157 2502 3758 2575; baseline 0.001 -18"><span class='ocrx_word' id='word_1_429' title='bbox 2157 2513 2202 2557; x_wconf 74' lang='lat' dir='ltr'><strong>et</strong></span> <span class='ocrx_word' id='word_1_430' title='bbox 2249 2502 2326 2575; x_wconf 90' lang='lat' dir='ltr'><strong>[h.</strong></span> <span class='ocrx_word' id='word_1_431' title='bbox 2360 2519 2464 2558; x_wconf 91' lang='lat' dir='ltr'><strong>non</strong></span> <span class='ocrx_word' id='word_1_432' title='bbox 2497 2502 2680 2574; x_wconf 80' lang='lat' dir='ltr'><strong>habet]</strong></span> <span class='ocrx_word' id='word_1_433' title='bbox 2713 2519 2928 2559; x_wconf 89' lang='lat' dir='ltr'><strong>omnem</strong></span> <span class='ocrx_word' id='word_1_434' title='bbox 2978 2505 3227 2560; x_wconf 84' lang='lat' dir='ltr'><strong>arborem</strong></span> <span class='ocrx_word' id='word_1_435' title='bbox 3251 2504 3401 2574; x_wconf 81' lang='lat' dir='ltr'><strong>juxta</strong></span> <span class='ocrx_word' id='word_1_436' title='bbox 3429 2505 3602 2558; x_wconf 87' lang='lat' dir='ltr'><strong>altare</strong></span> <span class='ocrx_word' id='word_1_437' title='bbox 3644 2502 3758 2558; x_wconf 78' lang='lat' dir='ltr'><strong>llo-</strong></span> 
     </span>
    </p>
   </div>
   <div class='ocr_carea' id='block_1_54' title="bbox 2159 2594 3760 2667">
    <p class='ocr_par' dir='ltr' id='par_1_54' title="bbox 2159 2594 3760 2667">
     <span class='ocr_line' id='line_1_54' title="bbox 2159 2594 3760 2667; baseline 0.001 -19"><span class='ocrx_word' id='word_1_438' title='bbox 2159 2595 2288 2649; x_wconf 90' lang='lat' dir='ltr'><strong>tnini</strong></span> <span class='ocrx_word' id='word_1_439' title='bbox 2342 2594 2436 2650; x_wconf 89' lang='lat' dir='ltr'><strong>Dei</strong></span> <span class='ocrx_word' id='word_1_440' title='bbox 2471 2596 2565 2649; x_wconf 90' lang='lat' dir='ltr'><strong>tui.</strong></span> <span class='ocrx_word' id='word_1_441' title='bbox 2609 2594 2718 2650; x_wconf 84' lang='lat' dir='ltr'><strong>Nec</strong></span> <span class='ocrx_word' id='word_1_442' title='bbox 2766 2594 2932 2652; x_wconf 85' lang='lat' dir='ltr'><strong>facies</strong></span> <span class='ocrx_word' id='word_1_443' title='bbox 2979 2595 3092 2663; x_wconf 86' lang='lat' dir='ltr'><strong>tibi,</strong></span> <span class='ocrx_word' id='word_1_444' title='bbox 3135 2606 3299 2666; x_wconf 85' lang='lat' dir='ltr'><strong>atque</strong></span> <span class='ocrx_word' id='word_1_445' title='bbox 3325 2594 3508 2667; x_wconf 66' lang='lat' dir='ltr'><strong>[Vulg].</strong></span> <span class='ocrx_word' id='word_1_446' title='bbox 3563 2594 3760 2666; x_wconf 86' lang='lat' dir='ltr'><strong>neque]</strong></span> 
     </span>
    </p>
   </div>
   <div class='ocr_carea' id='block_1_55' title="bbox 2157 2687 3763 2760">
    <p class='ocr_par' dir='ltr' id='par_1_55' title="bbox 2157 2687 3763 2760">
     <span class='ocr_line' id='line_1_55' title="bbox 2157 2687 3763 2760; baseline 0.002 -17"><span class='ocrx_word' id='word_1_447' title='bbox 2157 2687 2454 2744; x_wconf 89' lang='lat' dir='ltr'><strong>constitues</strong></span> <span class='ocrx_word' id='word_1_448' title='bbox 2497 2696 2728 2744; x_wconf 85' lang='lat' dir='ltr'><strong>statuam</strong></span> <span class='ocrx_word' id='word_1_449' title='bbox 2753 2687 2828 2760; x_wconf 89' lang='lat' dir='ltr'><strong>[h.</strong></span> <span class='ocrx_word' id='word_1_450' title='bbox 2866 2703 2973 2742; x_wconf 92' lang='lat' dir='ltr'><strong>non</strong></span> <span class='ocrx_word' id='word_1_451' title='bbox 3009 2688 3275 2758; x_wconf 81' lang='lat' dir='ltr'><strong>plantabis</strong></span> <span class='ocrx_word' id='word_1_452' title='bbox 3306 2689 3510 2754; x_wconf 90' lang='lat' dir='ltr'><strong>locum,</strong></span> <span class='ocrx_word' id='word_1_453' title='bbox 3538 2701 3763 2746; x_wconf 75' lang='lat' dir='ltr'><strong>omnem</strong></span> 
     </span>
    </p>
   </div>
   <div class='ocr_carea' id='block_1_56' title="bbox 2157 2775 3759 2849">
    <p class='ocr_par' dir='ltr' id='par_1_56' title="bbox 2157 2775 3759 2849">
     <span class='ocr_line' id='line_1_56' title="bbox 2157 2775 3759 2849; baseline 0.003 -16"><span class='ocrx_word' id='word_1_454' title='bbox 2157 2780 2434 2845; x_wconf 88' lang='lat' dir='ltr'><strong>arborem,</strong></span> <span class='ocrx_word' id='word_1_455' title='bbox 2465 2780 2616 2849; x_wconf 76' lang='lat' dir='ltr'><strong>juxta</strong></span> <span class='ocrx_word' id='word_1_456' title='bbox 2645 2780 2812 2834; x_wconf 84' lang='lat' dir='ltr'><strong>altare</strong></span> <span class='ocrx_word' id='word_1_457' title='bbox 2844 2779 3055 2833; x_wconf 80' lang='lat' dir='ltr'><strong>Domini</strong></span> <span class='ocrx_word' id='word_1_458' title='bbox 3088 2780 3158 2832; x_wconf 85' lang='lat' dir='ltr'><strong>tui</strong></span> <span class='ocrx_word' id='word_1_459' title='bbox 3188 2820 3202 2844; x_wconf 92' lang='lat'><strong>,</strong></span> <span class='ocrx_word' id='word_1_460' title='bbox 3230 2777 3373 2849; x_wconf 91' lang='lat' dir='ltr'><strong>quod</strong></span> <span class='ocrx_word' id='word_1_461' title='bbox 3405 2775 3650 2836; x_wconf 77' lang='lat' dir='ltr'><strong>facturus</strong></span> <span class='ocrx_word' id='word_1_462' title='bbox 3675 2793 3759 2842; x_wconf 82' lang='lat' dir='ltr'><strong>es.</strong></span> 
     </span>
    </p>
   </div>
   <div class='ocr_carea' id='block_1_57' title="bbox 2161 2871 3763 2944">
    <p class='ocr_par' dir='ltr' id='par_1_57' title="bbox 2161 2871 3763 2944">
     <span class='ocr_line' id='line_1_57' title="bbox 2161 2871 3763 2944; baseline 0.002 -17"><span class='ocrx_word' id='word_1_463' title='bbox 2161 2873 2227 2927; x_wconf 86' lang='lat' dir='ltr'><strong>Et</strong></span> <span class='ocrx_word' id='word_1_464' title='bbox 2253 2890 2356 2928; x_wconf 93' lang='lat' dir='ltr'><strong>non</strong></span> <span class='ocrx_word' id='word_1_465' title='bbox 2394 2875 2698 2928; x_wconf 81' lang='lat' dir='ltr'><strong>constitues</strong></span> <span class='ocrx_word' id='word_1_466' title='bbox 2728 2874 2822 2928; x_wconf 89' lang='lat' dir='ltr'><strong>tibi</strong></span> <span class='ocrx_word' id='word_1_467' title='bbox 2853 2871 3111 2944; x_wconf 79' lang='lat' dir='ltr'><strong>statuam]</strong></span> <span class='ocrx_word' id='word_1_468' title='bbox 3146 2890 3159 2927; x_wconf 92' lang='lat'><strong>:</strong></span> <span class='ocrx_word' id='word_1_469' title='bbox 3203 2888 3325 2944; x_wconf 77' lang='lat' dir='ltr'><strong>quae</strong></span> <span class='ocrx_word' id='word_1_470' title='bbox 3353 2872 3467 2928; x_wconf 86' lang='lat' dir='ltr'><strong>odit</strong></span> <span class='ocrx_word' id='word_1_471' title='bbox 3500 2873 3763 2930; x_wconf 76' lang='lat' dir='ltr'><strong>Dominus</strong></span> 
     </span>
    </p>
   </div>
   <div class='ocr_carea' id='block_1_58' title="bbox 460 2963 2476 3041">
    <p class='ocr_par' dir='ltr' id='par_1_58' title="bbox 460 2963 2476 3041">
     <span class='ocr_line' id='line_1_58' title="bbox 460 2963 2476 3041; baseline 0.005 -20"><span class='ocrx_word' id='word_1_472' title='bbox 460 2966 634 3036; x_wconf 88' lang='lat' dir='ltr'><strong>primo</strong></span> <span class='ocrx_word' id='word_1_473' title='bbox 660 2983 838 3022; x_wconf 80' lang='lat' dir='ltr'><strong>tuane.</strong></span> <span class='ocrx_word' id='word_1_474' title='bbox 865 2967 991 3041; x_wconf 42' lang='lat' dir='ltr'><strong>Non,</strong></span> <span class='ocrx_word' id='word_1_475' title='bbox 1009 2969 1212 3037; x_wconf 89' lang='lat' dir='ltr'><strong>poteris</strong></span> <span class='ocrx_word' id='word_1_476' title='bbox 1235 2969 1514 3023; x_wconf 90' lang='lat' dir='ltr'><strong>immolare</strong></span> <span class='ocrx_word' id='word_1_477' title='bbox 1541 2969 1710 3025; x_wconf 74' lang='lat' dir='ltr'><strong>I’base</strong></span> <span class='ocrx_word' id='word_1_478' title='bbox 1733 2971 1786 3024; x_wconf 92' lang='lat' dir='ltr'><strong>in</strong></span> <span class='ocrx_word' id='word_1_479' title='bbox 1815 2973 2059 3040; x_wconf 87' lang='lat' dir='ltr'><strong>qualibet</strong></span> <span class='ocrx_word' id='word_1_480' title='bbox 2160 2963 2301 3019; x_wconf 72' lang='lat' dir='ltr'><strong>Deus</strong></span> <span class='ocrx_word' id='word_1_481' title='bbox 2333 2973 2476 3019; x_wconf 76' lang='grc' dir='ltr'><strong>ῐυυεο</strong></span> 
     </span>
    </p>
   </div>
   <div class='ocr_carea' id='block_1_59' title="bbox 460 3057 2056 3128">
    <p class='ocr_par' dir='ltr' id='par_1_59' title="bbox 460 3057 2056 3128">
     <span class='ocr_line' id='line_1_59' title="bbox 460 3057 2056 3128; baseline 0.005 -18"><span class='ocrx_word' id='word_1_482' title='bbox 460 3057 674 3111; x_wconf 89' lang='lat' dir='ltr'><strong>urbium</strong></span> <span class='ocrx_word' id='word_1_483' title='bbox 707 3069 940 3126; x_wconf 79' lang='lat' dir='ltr'><strong>tuarum,</strong></span> <span class='ocrx_word' id='word_1_484' title='bbox 966 3074 1098 3128; x_wconf 90' lang='lat' dir='ltr'><strong>quas</strong></span> <span class='ocrx_word' id='word_1_485' title='bbox 1129 3059 1386 3113; x_wconf 85' lang='lat' dir='ltr'><strong>Dominus</strong></span> <span class='ocrx_word' id='word_1_486' title='bbox 1410 3058 1554 3114; x_wconf 87' lang='lat' dir='ltr'><strong>Deus</strong></span> <span class='ocrx_word' id='word_1_487' title='bbox 1581 3069 1703 3114; x_wconf 84' lang='lat' dir='ltr'><strong>tuus</strong></span> <span class='ocrx_word' id='word_1_488' title='bbox 1727 3060 1952 3116; x_wconf 88' lang='lat' dir='ltr'><strong>daturus</strong></span> <span class='ocrx_word' id='word_1_489' title='bbox 1972 3072 2056 3118; x_wconf 92' lang='lat' dir='ltr'><strong>est</strong></span> 
     </span>
    </p>
   </div>
   <div class='ocr_carea' id='block_1_60' title="bbox 2231 3056 3763 3131">
    <p class='ocr_par' dir='ltr' id='par_1_60' title="bbox 2231 3056 3763 3131">
     <span class='ocr_line' id='line_1_60' title="bbox 2231 3056 3763 3131; baseline -0.001 -18"><span class='ocrx_word' id='word_1_490' title='bbox 2231 3057 2314 3131; x_wconf 88' lang='grc' dir='ltr'><strong>[Β.</strong></span> <span class='ocrx_word' id='word_1_491' title='bbox 2348 3057 2512 3126; x_wconf 88' lang='lat' dir='ltr'><strong>LXX,</strong></span> <span class='ocrx_word' id='word_1_492' title='bbox 2543 3056 2670 3125; x_wconf 86' lang='lat' dir='ltr'><strong>Cap.</strong></span> <span class='ocrx_word' id='word_1_493' title='bbox 2703 3057 2889 3130; x_wconf 82' lang='lat' dir='ltr'><strong>XVII.]</strong></span> <span class='ocrx_word' id='word_1_494' title='bbox 2914 3057 3027 3113; x_wconf 88' lang='lat' dir='ltr'><strong>Non</strong></span> <span class='ocrx_word' id='word_1_495' title='bbox 3058 3057 3363 3114; x_wconf 86' lang='lat' dir='ltr'><strong>itnmolabis</strong></span> <span class='ocrx_word' id='word_1_496' title='bbox 3391 3057 3626 3114; x_wconf 88' lang='lat' dir='ltr'><strong>Domino</strong></span> <span class='ocrx_word' id='word_1_497' title='bbox 3648 3057 3763 3122; x_wconf 79' lang='lat' dir='ltr'><strong>Deo</strong></span> 
     </span>
    </p>
   </div>
   <div class='ocr_carea' id='block_1_61' title="bbox 462 3149 3761 3223">
    <p class='ocr_par' dir='ltr' id='par_1_61' title="bbox 462 3149 3761 3223">
     <span class='ocr_line' id='line_1_61' title="bbox 462 3149 3761 3223; baseline 0.001 -21"><span class='ocrx_word' id='word_1_498' title='bbox 462 3149 591 3214; x_wconf 88' lang='lat' dir='ltr'><strong>tibi;</strong></span> <span class='ocrx_word' id='word_1_499' title='bbox 621 3150 716 3205; x_wconf 90' lang='lat' dir='ltr'><strong>sed</strong></span> <span class='ocrx_word' id='word_1_500' title='bbox 745 3155 797 3205; x_wconf 93' lang='lat' dir='ltr'><strong>in</strong></span> <span class='ocrx_word' id='word_1_501' title='bbox 829 3153 968 3220; x_wconf 88' lang='lat' dir='ltr'><strong>loco,</strong></span> <span class='ocrx_word' id='word_1_502' title='bbox 1001 3169 1160 3221; x_wconf 88' lang='lat' dir='ltr'><strong>quem</strong></span> <span class='ocrx_word' id='word_1_503' title='bbox 1187 3153 1416 3222; x_wconf 78' lang='lat' dir='ltr'><strong>elegerit</strong></span> <span class='ocrx_word' id='word_1_504' title='bbox 1453 3152 1710 3208; x_wconf 82' lang='lat' dir='ltr'><strong>Itontinus</strong></span> <span class='ocrx_word' id='word_1_505' title='bbox 1743 3154 1884 3209; x_wconf 91' lang='lat' dir='ltr'><strong>Deus</strong></span> <span class='ocrx_word' id='word_1_506' title='bbox 1908 3165 2052 3223; x_wconf 88' lang='lat' dir='ltr'><strong>tuus,</strong></span> <span class='ocrx_word' id='word_1_507' title='bbox 2082 3160 2127 3222; x_wconf 67' lang='grc' dir='ltr'><strong>(ζ</strong></span> <span class='ocrx_word' id='word_1_508' title='bbox 2162 3161 2255 3207; x_wconf 88' lang='lat' dir='ltr'><strong>tuo</strong></span> <span class='ocrx_word' id='word_1_509' title='bbox 2285 3151 2472 3206; x_wconf 81' lang='lat' dir='ltr'><strong>bovem</strong></span> <span class='ocrx_word' id='word_1_510' title='bbox 2498 3162 2548 3206; x_wconf 91' lang='lat' dir='ltr'><strong>et</strong></span> <span class='ocrx_word' id='word_1_511' title='bbox 2573 3167 2752 3217; x_wconf 91' lang='lat' dir='ltr'><strong>ovem,</strong></span> <span class='ocrx_word' id='word_1_512' title='bbox 2789 3151 2841 3206; x_wconf 92' lang='lat' dir='ltr'><strong>in</strong></span> <span class='ocrx_word' id='word_1_513' title='bbox 2865 3166 2974 3222; x_wconf 87' lang='lat' dir='ltr'><strong>quo</strong></span> <span class='ocrx_word' id='word_1_514' title='bbox 2993 3159 3077 3206; x_wconf 83' lang='lat' dir='ltr'><strong>est</strong></span> <span class='ocrx_word' id='word_1_515' title='bbox 3103 3149 3336 3218; x_wconf 85' lang='lat' dir='ltr'><strong>macula,</strong></span> <span class='ocrx_word' id='word_1_516' title='bbox 3364 3159 3455 3206; x_wconf 88' lang='lat' dir='ltr'><strong>aut</strong></span> <span class='ocrx_word' id='word_1_517' title='bbox 3481 3149 3761 3222; x_wconf 87' lang='lat' dir='ltr'><strong>quidpiam</strong></span> 
     </span>
    </p>
   </div>
   <div class='ocr_carea' id='block_1_62' title="bbox 461 3242 2055 3317">
    <p class='ocr_par' dir='ltr' id='par_1_62' title="bbox 461 3242 2055 3317">
     <span class='ocr_line' id='line_1_62' title="bbox 461 3242 2055 3317; baseline 0.006 -24"><span class='ocrx_word' id='word_1_518' title='bbox 461 3251 518 3294; x_wconf 90' lang='lat' dir='ltr'><strong>ut</strong></span> <span class='ocrx_word' id='word_1_519' title='bbox 551 3242 754 3296; x_wconf 85' lang='lat' dir='ltr'><strong>habitet</strong></span> <span class='ocrx_word' id='word_1_520' title='bbox 783 3257 983 3296; x_wconf 78' lang='lat' dir='ltr'><strong>nameu</strong></span> <span class='ocrx_word' id='word_1_521' title='bbox 1013 3242 1126 3313; x_wconf 69' lang='lat' dir='ltr'><strong>ejus</strong></span> <span class='ocrx_word' id='word_1_522' title='bbox 1160 3243 1266 3309; x_wconf 90' lang='lat' dir='ltr'><strong>ibi,</strong></span> <span class='ocrx_word' id='word_1_523' title='bbox 1301 3243 1608 3299; x_wconf 83' lang='lat' dir='ltr'><strong>iuunolabis</strong></span> <span class='ocrx_word' id='word_1_524' title='bbox 1640 3244 1812 3300; x_wconf 84' lang='lat' dir='ltr'><strong>Phase</strong></span> <span class='ocrx_word' id='word_1_525' title='bbox 1842 3248 2055 3317; x_wconf 86' lang='lat' dir='ltr'><strong>vesperi</strong></span> 
     </span>
    </p>
   </div>
   <div class='ocr_carea' id='block_1_63' title="bbox 459 3335 2057 3411">
    <p class='ocr_par' dir='ltr' id='par_1_63' title="bbox 459 3335 2057 3411">
     <span class='ocr_line' id='line_1_63' title="bbox 459 3335 2057 3411; baseline 0.005 -23"><span class='ocrx_word' id='word_1_526' title='bbox 459 3335 525 3389; x_wconf 88' lang='lat' dir='ltr'><strong>ad</strong></span> <span class='ocrx_word' id='word_1_527' title='bbox 549 3335 682 3390; x_wconf 90' lang='lat' dir='ltr'><strong>solis</strong></span> <span class='ocrx_word' id='word_1_528' title='bbox 710 3350 981 3401; x_wconf 84' lang='lat' dir='ltr'><strong>occasum,</strong></span> <span class='ocrx_word' id='word_1_529' title='bbox 1011 3336 1228 3406; x_wconf 86' lang='lat' dir='ltr'><strong>quando</strong></span> <span class='ocrx_word' id='word_1_530' title='bbox 1254 3353 1503 3408; x_wconf 84' lang='lat' dir='ltr'><strong>egressus</strong></span> <span class='ocrx_word' id='word_1_531' title='bbox 1525 3355 1586 3395; x_wconf 89' lang='lat' dir='ltr'><strong>es</strong></span> <span class='ocrx_word' id='word_1_532' title='bbox 1610 3337 1678 3393; x_wconf 90' lang='lat' dir='ltr'><strong>de</strong></span> <span class='ocrx_word' id='word_1_533' title='bbox 1703 3338 1958 3411; x_wconf 63' lang='lat' dir='ltr'><strong>IEgypto.</strong></span> <span class='ocrx_word' id='word_1_534' title='bbox 1992 3340 2057 3396; x_wconf 84' lang='lat' dir='ltr'><strong>Et</strong></span> 
     </span>
    </p>
   </div>
   <div class='ocr_carea' id='block_1_64' title="bbox 459 3428 2056 3500">
    <p class='ocr_par' dir='ltr' id='par_1_64' title="bbox 459 3428 2056 3500">
     <span class='ocr_line' id='line_1_64' title="bbox 459 3428 2056 3500; baseline 0.003 -20"><span class='ocrx_word' id='word_1_535' title='bbox 459 3443 686 3497; x_wconf 82' lang='lat' dir='ltr'><strong>coques,</strong></span> <span class='ocrx_word' id='word_1_536' title='bbox 733 3435 787 3481; x_wconf 89' lang='lat' dir='ltr'><strong>et</strong></span> <span class='ocrx_word' id='word_1_537' title='bbox 816 3429 1070 3482; x_wconf 87' lang='lat' dir='ltr'><strong>comedes</strong></span> <span class='ocrx_word' id='word_1_538' title='bbox 1097 3429 1149 3482; x_wconf 93' lang='lat' dir='ltr'><strong>in</strong></span> <span class='ocrx_word' id='word_1_539' title='bbox 1181 3428 1302 3483; x_wconf 80' lang='lat' dir='ltr'><strong>loco</strong></span> <span class='ocrx_word' id='word_1_540' title='bbox 1332 3445 1495 3500; x_wconf 91' lang='lat' dir='ltr'><strong>quem</strong></span> <span class='ocrx_word' id='word_1_541' title='bbox 1540 3431 1764 3500; x_wconf 86' lang='lat' dir='ltr'><strong>elegerit</strong></span> <span class='ocrx_word' id='word_1_542' title='bbox 1799 3431 2056 3487; x_wconf 88' lang='lat' dir='ltr'><strong>Dominus</strong></span> 
     </span>
    </p>
   </div>
   <div class='ocr_carea' id='block_1_65' title="bbox 464 3518 2056 3592">
    <p class='ocr_par' dir='ltr' id='par_1_65' title="bbox 464 3518 2056 3592">
     <span class='ocr_line' id='line_1_65' title="bbox 464 3518 2056 3592; baseline 0.004 -20"><span class='ocrx_word' id='word_1_543' title='bbox 464 3518 610 3574; x_wconf 90' lang='lat' dir='ltr'><strong>Deus</strong></span> <span class='ocrx_word' id='word_1_544' title='bbox 639 3528 782 3586; x_wconf 90' lang='lat' dir='ltr'><strong>tuus,</strong></span> <span class='ocrx_word' id='word_1_545' title='bbox 838 3535 1098 3590; x_wconf 88' lang='lat' dir='ltr'><strong>tnaneque</strong></span> <span class='ocrx_word' id='word_1_546' title='bbox 1140 3538 1474 3592; x_wconf 87' lang='lat' dir='ltr'><strong>consurgens</strong></span> <span class='ocrx_word' id='word_1_547' title='bbox 1520 3523 1682 3577; x_wconf 84' lang='lat' dir='ltr'><strong>vades</strong></span> <span class='ocrx_word' id='word_1_548' title='bbox 1714 3524 1764 3577; x_wconf 93' lang='lat' dir='ltr'><strong>in</strong></span> <span class='ocrx_word' id='word_1_549' title='bbox 1805 3524 2056 3578; x_wconf 82' lang='lat' dir='ltr'><strong>taberna-</strong></span> 
     </span>
    </p>
   </div>
   <div class='ocr_carea' id='block_1_66' title="bbox 459 3612 2053 3686">
    <p class='ocr_par' dir='ltr' id='par_1_66' title="bbox 459 3612 2053 3686">
     <span class='ocr_line' id='line_1_66' title="bbox 459 3612 2053 3686; baseline 0.006 -24"><span class='ocrx_word' id='word_1_550' title='bbox 459 3613 579 3663; x_wconf 85' lang='lat' dir='ltr'><strong>cula</strong></span> <span class='ocrx_word' id='word_1_551' title='bbox 614 3619 724 3666; x_wconf 82' lang='lat' dir='ltr'><strong>tua.</strong></span> <span class='ocrx_word' id='word_1_552' title='bbox 763 3612 870 3667; x_wconf 87' lang='lat' dir='ltr'><strong>Sex</strong></span> <span class='ocrx_word' id='word_1_553' title='bbox 899 3612 1092 3668; x_wconf 89' lang='lat' dir='ltr'><strong>diebus</strong></span> <span class='ocrx_word' id='word_1_554' title='bbox 1129 3614 1384 3670; x_wconf 86' lang='lat' dir='ltr'><strong>comedcs</strong></span> <span class='ocrx_word' id='word_1_555' title='bbox 1411 3631 1601 3686; x_wconf 86' lang='lat' dir='ltr'><strong>azyma</strong></span> <span class='ocrx_word' id='word_1_556' title='bbox 1628 3656 1643 3679; x_wconf 89' lang='lat'><strong>,</strong></span> <span class='ocrx_word' id='word_1_557' title='bbox 1679 3626 1733 3670; x_wconf 90' lang='lat' dir='ltr'><strong>et</strong></span> <span class='ocrx_word' id='word_1_558' title='bbox 1769 3617 1821 3671; x_wconf 91' lang='lat' dir='ltr'><strong>in</strong></span> <span class='ocrx_word' id='word_1_559' title='bbox 1850 3615 1937 3671; x_wconf 92' lang='lat' dir='ltr'><strong>die</strong></span> <span class='ocrx_word' id='word_1_560' title='bbox 1964 3633 2053 3672; x_wconf 57' lang='lat' dir='ltr'><strong>se.</strong></span> 
     </span>
    </p>
   </div>
   <div class='ocr_carea' id='block_1_67' title="bbox 460 3707 2054 3779">
    <p class='ocr_par' dir='ltr' id='par_1_67' title="bbox 460 3707 2054 3779">
     <span class='ocr_line' id='line_1_67' title="bbox 460 3707 2054 3779; baseline 0.008 -20"><span class='ocrx_word' id='word_1_561' title='bbox 460 3707 652 3774; x_wconf 83' lang='lat' dir='ltr'><strong>ptimo.</strong></span> <span class='ocrx_word' id='word_1_562' title='bbox 699 3710 821 3778; x_wconf 91' lang='lat' dir='ltr'><strong>quia</strong></span> <span class='ocrx_word' id='word_1_563' title='bbox 853 3711 1077 3764; x_wconf 86' lang='lat' dir='ltr'><strong>collecta</strong></span> <span class='ocrx_word' id='word_1_564' title='bbox 1109 3723 1189 3766; x_wconf 92' lang='lat' dir='ltr'><strong>est</strong></span> <span class='ocrx_word' id='word_1_565' title='bbox 1233 3712 1443 3766; x_wconf 92' lang='lat' dir='ltr'><strong>Domini</strong></span> <span class='ocrx_word' id='word_1_566' title='bbox 1487 3713 1580 3769; x_wconf 91' lang='lat' dir='ltr'><strong>Dei</strong></span> <span class='ocrx_word' id='word_1_567' title='bbox 1615 3715 1708 3779; x_wconf 92' lang='lat' dir='ltr'><strong>tui,</strong></span> <span class='ocrx_word' id='word_1_568' title='bbox 1744 3731 1854 3770; x_wconf 91' lang='lat' dir='ltr'><strong>non</strong></span> <span class='ocrx_word' id='word_1_569' title='bbox 1887 3716 2054 3772; x_wconf 86' lang='lat' dir='ltr'><strong>facies</strong></span> 
     </span>
    </p>
   </div>
   <div class='ocr_carea' id='block_1_68' title="bbox 459 3798 2054 3871">
    <p class='ocr_par' dir='ltr' id='par_1_68' title="bbox 459 3798 2054 3871">
     <span class='ocr_line' id='line_1_68' title="bbox 459 3798 2054 3871; baseline 0.011 -24"><span class='ocrx_word' id='word_1_570' title='bbox 459 3813 617 3867; x_wconf 89' lang='lat' dir='ltr'><strong>opus.</strong></span> <span class='ocrx_word' id='word_1_571' title='bbox 665 3798 750 3870; x_wconf 89' lang='grc' dir='ltr'><strong>[Β.</strong></span> <span class='ocrx_word' id='word_1_572' title='bbox 796 3800 1002 3871; x_wconf 78' lang='lat' dir='ltr'><strong>LXVI.]</strong></span> <span class='ocrx_word' id='word_1_573' title='bbox 1052 3801 1274 3870; x_wconf 89' lang='lat' dir='ltr'><strong>Septem</strong></span> <span class='ocrx_word' id='word_1_574' title='bbox 1323 3803 1693 3859; x_wconf 89' lang='lat' dir='ltr'><strong>hebdomadas</strong></span> <span class='ocrx_word' id='word_1_575' title='bbox 1741 3808 2054 3866; x_wconf 85' lang='lat' dir='ltr'><strong>numerabis</strong></span> 
     </span>
    </p>
   </div>
   <div class='ocr_carea' id='block_1_69' title="bbox 459 3893 2055 3969">
    <p class='ocr_par' dir='ltr' id='par_1_69' title="bbox 459 3893 2055 3969">
     <span class='ocr_line' id='line_1_69' title="bbox 459 3893 2055 3969; baseline 0.011 -24"><span class='ocrx_word' id='word_1_576' title='bbox 459 3893 555 3947; x_wconf 91' lang='lat' dir='ltr'><strong>tibi</strong></span> <span class='ocrx_word' id='word_1_577' title='bbox 589 3895 654 3948; x_wconf 85' lang='lat' dir='ltr'><strong>ab</strong></span> <span class='ocrx_word' id='word_1_578' title='bbox 682 3909 745 3948; x_wconf 89' lang='lat' dir='ltr'><strong>ca</strong></span> <span class='ocrx_word' id='word_1_579' title='bbox 775 3895 863 3951; x_wconf 89' lang='lat' dir='ltr'><strong>die</strong></span> <span class='ocrx_word' id='word_1_580' title='bbox 890 3913 994 3966; x_wconf 90' lang='lat' dir='ltr'><strong>qua</strong></span> <span class='ocrx_word' id='word_1_581' title='bbox 1024 3897 1215 3952; x_wconf 80' lang='lat' dir='ltr'><strong>falcem</strong></span> <span class='ocrx_word' id='word_1_582' title='bbox 1250 3899 1301 3954; x_wconf 94' lang='lat' dir='ltr'><strong>in</strong></span> <span class='ocrx_word' id='word_1_583' title='bbox 1331 3911 1570 3969; x_wconf 65' lang='lat' dir='ltr'><strong>segetem</strong></span> <span class='ocrx_word' id='word_1_584' title='bbox 1605 3903 1835 3957; x_wconf 81' lang='lat' dir='ltr'><strong>miseris.</strong></span> <span class='ocrx_word' id='word_1_585' title='bbox 1873 3904 1937 3958; x_wconf 88' lang='lat' dir='ltr'><strong>Et</strong></span> <span class='ocrx_word' id='word_1_586' title='bbox 1965 3921 2055 3962; x_wconf 80' lang='lat' dir='ltr'><strong>ce-</strong></span> 
     </span>
    </p>
   </div>
   <div class='ocr_carea' id='block_1_70' title="bbox 459 3987 2051 4063">
    <p class='ocr_par' dir='ltr' id='par_1_70' title="bbox 459 3987 2051 4063">
     <span class='ocr_line' id='line_1_70' title="bbox 459 3987 2051 4063; baseline 0.007 -22"><span class='ocrx_word' id='word_1_587' title='bbox 459 3987 697 4042; x_wconf 86' lang='lat' dir='ltr'><strong>lebrabis</strong></span> <span class='ocrx_word' id='word_1_588' title='bbox 727 3991 862 4043; x_wconf 81' lang='lat' dir='ltr'><strong>diem</strong></span> <span class='ocrx_word' id='word_1_589' title='bbox 897 3991 972 4061; x_wconf 1' lang='lat' dir='ltr'><strong>Iph.</strong></span> <span class='ocrx_word' id='word_1_590' title='bbox 1003 4006 1111 4046; x_wconf 91' lang='lat' dir='ltr'><strong>non</strong></span> <span class='ocrx_word' id='word_1_591' title='bbox 1141 3992 1325 4063; x_wconf 84' lang='lat' dir='ltr'><strong>habet]</strong></span> <span class='ocrx_word' id='word_1_592' title='bbox 1361 3993 1554 4047; x_wconf 84' lang='lat' dir='ltr'><strong>fesmm</strong></span> <span class='ocrx_word' id='word_1_593' title='bbox 1589 3994 2051 4054; x_wconf 84' lang='lat' dir='ltr'><strong>hebdomadarum</strong></span> 
     </span>
    </p>
   </div>
   <div class='ocr_carea' id='block_1_71' title="bbox 456 4075 2052 4156">
    <p class='ocr_par' dir='ltr' id='par_1_71' title="bbox 456 4075 2052 4156">
     <span class='ocr_line' id='line_1_71' title="bbox 456 4075 2052 4156; baseline 0.01 -25"><span class='ocrx_word' id='word_1_594' title='bbox 456 4076 694 4133; x_wconf 90' lang='lat' dir='ltr'><strong>Domino</strong></span> <span class='ocrx_word' id='word_1_595' title='bbox 741 4075 857 4135; x_wconf 90' lang='lat' dir='ltr'><strong>Deo</strong></span> <span class='ocrx_word' id='word_1_596' title='bbox 906 4090 1021 4148; x_wconf 89' lang='lat' dir='ltr'><strong>tuo,</strong></span> <span class='ocrx_word' id='word_1_597' title='bbox 1073 4083 1400 4140; x_wconf 87' lang='lat' dir='ltr'><strong>oblationem</strong></span> <span class='ocrx_word' id='word_1_598' title='bbox 1451 4095 1803 4156; x_wconf 89' lang='lat' dir='ltr'><strong>spontaneam</strong></span> <span class='ocrx_word' id='word_1_599' title='bbox 1860 4104 2052 4146; x_wconf 82' lang='lat' dir='ltr'><strong>manus</strong></span> 
     </span>
    </p>
   </div>
   <div class='ocr_carea' id='block_1_72' title="bbox 459 4171 2049 4244">
    <p class='ocr_par' dir='ltr' id='par_1_72' title="bbox 459 4171 2049 4244">
     <span class='ocr_line' id='line_1_72' title="bbox 459 4171 2049 4244; baseline 0.01 -23"><span class='ocrx_word' id='word_1_600' title='bbox 459 4177 564 4222; x_wconf 69' lang='lat' dir='ltr'><strong>tua:</strong></span> <span class='ocrx_word' id='word_1_601' title='bbox 590 4211 606 4236; x_wconf 94' lang='lat'><strong>,</strong></span> <span class='ocrx_word' id='word_1_602' title='bbox 649 4185 811 4240; x_wconf 91' lang='lat' dir='ltr'><strong>quam</strong></span> <span class='ocrx_word' id='word_1_603' title='bbox 837 4171 1035 4227; x_wconf 77' lang='lat' dir='ltr'><strong>offeres</strong></span> <span class='ocrx_word' id='word_1_604' title='bbox 1059 4173 1214 4244; x_wconf 80' lang='lat' dir='ltr'><strong>juxta</strong></span> <span class='ocrx_word' id='word_1_605' title='bbox 1242 4175 1678 4233; x_wconf 88' lang='lat' dir='ltr'><strong>benedictionem</strong></span> <span class='ocrx_word' id='word_1_606' title='bbox 1714 4177 1920 4236; x_wconf 90' lang='lat' dir='ltr'><strong>Domini</strong></span> <span class='ocrx_word' id='word_1_607' title='bbox 1956 4181 2049 4237; x_wconf 84' lang='lat' dir='ltr'><strong>Dei</strong></span> 
     </span>
    </p>
   </div>
   <div class='ocr_carea' id='block_1_73' title="bbox 453 4261 2052 4338">
    <p class='ocr_par' dir='ltr' id='par_1_73' title="bbox 453 4261 2052 4338">
     <span class='ocr_line' id='line_1_73' title="bbox 453 4261 2052 4338; baseline 0.008 -23"><span class='ocrx_word' id='word_1_608' title='bbox 453 4261 554 4328; x_wconf 92' lang='lat' dir='ltr'><strong>tui,</strong></span> <span class='ocrx_word' id='word_1_609' title='bbox 605 4271 660 4316; x_wconf 91' lang='lat' dir='ltr'><strong>et</strong></span> <span class='ocrx_word' id='word_1_610' title='bbox 710 4263 1017 4333; x_wconf 88' lang='lat' dir='ltr'><strong>epulaberis</strong></span> <span class='ocrx_word' id='word_1_611' title='bbox 1053 4280 1238 4321; x_wconf 91' lang='lat' dir='ltr'><strong>coram</strong></span> <span class='ocrx_word' id='word_1_612' title='bbox 1291 4267 1520 4324; x_wconf 91' lang='lat' dir='ltr'><strong>Domino</strong></span> <span class='ocrx_word' id='word_1_613' title='bbox 1549 4270 1658 4323; x_wconf 88' lang='lat' dir='ltr'><strong>Deo</strong></span> <span class='ocrx_word' id='word_1_614' title='bbox 1709 4277 1824 4336; x_wconf 90' lang='lat' dir='ltr'><strong>tuo,</strong></span> <span class='ocrx_word' id='word_1_615' title='bbox 1871 4281 1946 4338; x_wconf 92' lang='lat' dir='ltr'><strong>tu,</strong></span> <span class='ocrx_word' id='word_1_616' title='bbox 1995 4280 2052 4328; x_wconf 90' lang='lat' dir='ltr'><strong>et</strong></span> 
     </span>
    </p>
   </div>
   <div class='ocr_carea' id='block_1_74' title="bbox 451 4353 2046 4432">
    <p class='ocr_par' dir='ltr' id='par_1_74' title="bbox 451 4353 2046 4432">
     <span class='ocr_line' id='line_1_74' title="bbox 451 4353 2046 4432; baseline 0.009 -26"><span class='ocrx_word' id='word_1_617' title='bbox 451 4353 594 4412; x_wconf 78' lang='lat' dir='ltr'><strong>filius</strong></span> <span class='ocrx_word' id='word_1_618' title='bbox 629 4363 774 4424; x_wconf 90' lang='lat' dir='ltr'><strong>tuus,</strong></span> <span class='ocrx_word' id='word_1_619' title='bbox 801 4367 857 4410; x_wconf 88' lang='lat' dir='ltr'><strong>et</strong></span> <span class='ocrx_word' id='word_1_620' title='bbox 885 4355 992 4410; x_wconf 89' lang='lat' dir='ltr'><strong>filia</strong></span> <span class='ocrx_word' id='word_1_621' title='bbox 1023 4367 1134 4425; x_wconf 90' lang='lat' dir='ltr'><strong>tua,</strong></span> <span class='ocrx_word' id='word_1_622' title='bbox 1165 4369 1221 4414; x_wconf 90' lang='lat' dir='ltr'><strong>et</strong></span> <span class='ocrx_word' id='word_1_623' title='bbox 1247 4374 1434 4414; x_wconf 89' lang='lat' dir='ltr'><strong>servus</strong></span> <span class='ocrx_word' id='word_1_624' title='bbox 1459 4369 1602 4426; x_wconf 91' lang='lat' dir='ltr'><strong>tuus,</strong></span> <span class='ocrx_word' id='word_1_625' title='bbox 1631 4363 1906 4420; x_wconf 85' lang='lat' dir='ltr'><strong>etancilla</strong></span> <span class='ocrx_word' id='word_1_626' title='bbox 1935 4373 2046 4432; x_wconf 89' lang='lat' dir='ltr'><strong>tua,</strong></span> 
     </span>
    </p>
   </div>
   <div class='ocr_carea' id='block_1_75' title="bbox 448 4446 2050 4528">
    <p class='ocr_par' dir='ltr' id='par_1_75' title="bbox 448 4446 2050 4528">
     <span class='ocr_line' id='line_1_75' title="bbox 448 4446 2050 4528; baseline 0.009 -28"><span class='ocrx_word' id='word_1_627' title='bbox 448 4455 501 4500; x_wconf 88' lang='lat' dir='ltr'><strong>et</strong></span> <span class='ocrx_word' id='word_1_628' title='bbox 529 4446 743 4503; x_wconf 82' lang='lat' dir='ltr'><strong>Levites</strong></span> <span class='ocrx_word' id='word_1_629' title='bbox 768 4450 857 4519; x_wconf 91' lang='lat' dir='ltr'><strong>qui</strong></span> <span class='ocrx_word' id='word_1_630' title='bbox 882 4460 960 4506; x_wconf 90' lang='lat' dir='ltr'><strong>est</strong></span> <span class='ocrx_word' id='word_1_631' title='bbox 985 4451 1123 4506; x_wconf 91' lang='lat' dir='ltr'><strong>intra</strong></span> <span class='ocrx_word' id='word_1_632' title='bbox 1147 4462 1330 4522; x_wconf 90' lang='lat' dir='ltr'><strong>portas</strong></span> <span class='ocrx_word' id='word_1_633' title='bbox 1361 4467 1501 4519; x_wconf 87' lang='lat' dir='ltr'><strong>tuas,</strong></span> <span class='ocrx_word' id='word_1_634' title='bbox 1523 4466 1578 4510; x_wconf 88' lang='lat' dir='ltr'><strong>et</strong></span> <span class='ocrx_word' id='word_1_635' title='bbox 1599 4455 1827 4524; x_wconf 86' lang='lat' dir='ltr'><strong>advena,</strong></span> <span class='ocrx_word' id='word_1_636' title='bbox 1859 4473 1921 4514; x_wconf 92' lang='lat' dir='ltr'><strong>ac</strong></span> <span class='ocrx_word' id='word_1_637' title='bbox 1952 4474 2050 4528; x_wconf 82' lang='lat' dir='ltr'><strong>pu-</strong></span> 
     </span>
    </p>
   </div>
   <div class='ocr_carea' id='block_1_76' title="bbox 444 4537 1717 4614">
    <p class='ocr_par' dir='ltr' id='par_1_76' title="bbox 444 4537 1717 4614">
     <span class='ocr_line' id='line_1_76' title="bbox 444 4537 1717 4614; baseline 0.009 -22"><span class='ocrx_word' id='word_1_638' title='bbox 444 4537 609 4608; x_wconf 88' lang='lat' dir='ltr'><strong>pillus</strong></span> <span class='ocrx_word' id='word_1_639' title='bbox 648 4551 702 4594; x_wconf 89' lang='lat' dir='ltr'><strong>et</strong></span> <span class='ocrx_word' id='word_1_640' title='bbox 753 4541 932 4608; x_wconf 89' lang='lat' dir='ltr'><strong>vidua,</strong></span> <span class='ocrx_word' id='word_1_641' title='bbox 991 4544 1083 4614; x_wconf 91' lang='lat' dir='ltr'><strong>qui</strong></span> <span class='ocrx_word' id='word_1_642' title='bbox 1126 4555 1410 4600; x_wconf 88' lang='lat' dir='ltr'><strong>morantur</strong></span> <span class='ocrx_word' id='word_1_643' title='bbox 1441 4545 1717 4603; x_wconf 77' lang='lat' dir='ltr'><strong>Vobiscum</strong></span> 
     </span>
    </p>
   </div>
   <div class='ocr_carea' id='block_1_77' title="bbox 444 4637 2037 4708">
    <p class='ocr_par' dir='ltr' id='par_1_77' title="bbox 444 4637 2037 4708">
     <span class='ocr_line' id='line_1_77' title="bbox 444 4637 2037 4708; baseline 0.008 -21"><span class='ocrx_word' id='word_1_644' title='bbox 444 4649 606 4704; x_wconf 88' lang='lat' dir='ltr'><strong>quem</strong></span> <span class='ocrx_word' id='word_1_645' title='bbox 634 4637 862 4708; x_wconf 81' lang='lat' dir='ltr'><strong>elegerit</strong></span> <span class='ocrx_word' id='word_1_646' title='bbox 889 4638 1151 4695; x_wconf 84' lang='lat' dir='ltr'><strong>Dominus</strong></span> <span class='ocrx_word' id='word_1_647' title='bbox 1177 4639 1318 4695; x_wconf 89' lang='lat' dir='ltr'><strong>Deus</strong></span> <span class='ocrx_word' id='word_1_648' title='bbox 1347 4651 1491 4707; x_wconf 88' lang='lat' dir='ltr'><strong>tuus,</strong></span> <span class='ocrx_word' id='word_1_649' title='bbox 1523 4653 1579 4697; x_wconf 90' lang='lat' dir='ltr'><strong>ut</strong></span> <span class='ocrx_word' id='word_1_650' title='bbox 1605 4642 1811 4698; x_wconf 85' lang='lat' dir='ltr'><strong>habitet</strong></span> <span class='ocrx_word' id='word_1_651' title='bbox 1840 4659 2037 4700; x_wconf 90' lang='lat' dir='ltr'><strong>nomen</strong></span> 
     </span>
    </p>
   </div>
   <div class='ocr_carea' id='block_1_78' title="bbox 443 4727 2038 4801">
    <p class='ocr_par' dir='ltr' id='par_1_78' title="bbox 443 4727 2038 4801">
     <span class='ocr_line' id='line_1_78' title="bbox 443 4727 2038 4801; baseline 0.007 -20"><span class='ocrx_word' id='word_1_652' title='bbox 443 4727 562 4794; x_wconf 88' lang='lat' dir='ltr'><strong>ejus</strong></span> <span class='ocrx_word' id='word_1_653' title='bbox 602 4729 698 4792; x_wconf 87' lang='lat' dir='ltr'><strong>ibi,</strong></span> <span class='ocrx_word' id='word_1_654' title='bbox 730 4737 785 4784; x_wconf 88' lang='lat' dir='ltr'><strong>et</strong></span> <span class='ocrx_word' id='word_1_655' title='bbox 834 4730 1212 4785; x_wconf 86' lang='lat' dir='ltr'><strong>recordaberis</strong></span> <span class='ocrx_word' id='word_1_656' title='bbox 1241 4734 1499 4801; x_wconf 85' lang='lat' dir='ltr'><strong>quoniam</strong></span> <span class='ocrx_word' id='word_1_657' title='bbox 1548 4749 1738 4788; x_wconf 88' lang='lat' dir='ltr'><strong>servus</strong></span> <span class='ocrx_word' id='word_1_658' title='bbox 1782 4734 1948 4790; x_wconf 84' lang='lat' dir='ltr'><strong>fueris</strong></span> <span class='ocrx_word' id='word_1_659' title='bbox 1984 4736 2038 4792; x_wconf 89' lang='lat' dir='ltr'><strong>in</strong></span> 
     </span>
    </p>
   </div>
   <div class='ocr_carea' id='block_1_79' title="bbox 447 4815 2036 4893">
    <p class='ocr_par' dir='ltr' id='par_1_79' title="bbox 447 4815 2036 4893">
     <span class='ocr_line' id='line_1_79' title="bbox 447 4815 2036 4893; baseline 0.006 -21"><span class='ocrx_word' id='word_1_660' title='bbox 447 4815 682 4888; x_wconf 66' lang='lat' dir='ltr'><strong>Egypto</strong></span> <span class='ocrx_word' id='word_1_661' title='bbox 707 4836 719 4869; x_wconf 88' lang='lat'><strong>:</strong></span> <span class='ocrx_word' id='word_1_662' title='bbox 751 4820 1136 4891; x_wconf 79' lang='lat' dir='ltr'><strong>custodiesque</strong></span> <span class='ocrx_word' id='word_1_663' title='bbox 1161 4836 1224 4876; x_wconf 90' lang='lat' dir='ltr'><strong>ac</strong></span> <span class='ocrx_word' id='word_1_664' title='bbox 1256 4821 1419 4877; x_wconf 88' lang='lat' dir='ltr'><strong>facies</strong></span> <span class='ocrx_word' id='word_1_665' title='bbox 1441 4839 1562 4893; x_wconf 74' lang='lat' dir='ltr'><strong>qua:</strong></span> <span class='ocrx_word' id='word_1_666' title='bbox 1595 4834 1862 4893; x_wconf 66' lang='lat' dir='ltr'><strong>praecepta</strong></span> <span class='ocrx_word' id='word_1_667' title='bbox 1892 4835 2036 4881; x_wconf 91' lang='lat' dir='ltr'><strong>sunt.</strong></span> 
     </span>
    </p>
   </div>
   <div class='ocr_carea' id='block_1_80' title="bbox 446 4908 2038 4984">
    <p class='ocr_par' dir='ltr' id='par_1_80' title="bbox 446 4908 2038 4984">
     <span class='ocr_line' id='line_1_80' title="bbox 446 4908 2038 4984; baseline 0.007 -22"><span class='ocrx_word' id='word_1_668' title='bbox 446 4908 529 4980; x_wconf 82' lang='lat'><strong>[8.</strong></span> <span class='ocrx_word' id='word_1_669' title='bbox 583 4908 815 4983; x_wconf 84' lang='lat' dir='ltr'><strong>LXVII.]</strong></span> <span class='ocrx_word' id='word_1_670' title='bbox 859 4912 1270 4968; x_wconf 87' lang='lat' dir='ltr'><strong>Solemnitatem</strong></span> <span class='ocrx_word' id='word_1_671' title='bbox 1312 4928 1525 4984; x_wconf 89' lang='lat' dir='ltr'><strong>quoque</strong></span> <span class='ocrx_word' id='word_1_672' title='bbox 1566 4914 2038 4973; x_wconf 87' lang='lat' dir='ltr'><strong>tabernaculorum</strong></span> 
     </span>
    </p>
   </div>
   <div class='ocr_carea' id='block_1_81' title="bbox 441 5001 2040 5080">
    <p class='ocr_par' dir='ltr' id='par_1_81' title="bbox 441 5001 2040 5080">
     <span class='ocr_line' id='line_1_81' title="bbox 441 5001 2040 5080; baseline 0.008 -26"><span class='ocrx_word' id='word_1_673' title='bbox 441 5001 747 5058; x_wconf 89' lang='lat' dir='ltr'><strong>celebrabis</strong></span> <span class='ocrx_word' id='word_1_674' title='bbox 791 5020 886 5074; x_wconf 89' lang='lat' dir='ltr'><strong>per</strong></span> <span class='ocrx_word' id='word_1_675' title='bbox 931 5015 1142 5077; x_wconf 90' lang='lat' dir='ltr'><strong>septem</strong></span> <span class='ocrx_word' id='word_1_676' title='bbox 1189 5008 1328 5074; x_wconf 89' lang='lat' dir='ltr'><strong>dies,</strong></span> <span class='ocrx_word' id='word_1_677' title='bbox 1368 5007 1584 5078; x_wconf 90' lang='lat' dir='ltr'><strong>quando</strong></span> <span class='ocrx_word' id='word_1_678' title='bbox 1629 5009 1921 5080; x_wconf 87' lang='lat' dir='ltr'><strong>collegeris</strong></span> <span class='ocrx_word' id='word_1_679' title='bbox 1971 5011 2040 5067; x_wconf 91' lang='lat' dir='ltr'><strong>de</strong></span> 
     </span>
    </p>
   </div>
   <div class='ocr_carea' id='block_1_82' title="bbox 439 5098 2039 5171">
    <p class='ocr_par' dir='ltr' id='par_1_82' title="bbox 439 5098 2039 5171">
     <span class='ocr_line' id='line_1_82' title="bbox 439 5098 2039 5171; baseline 0.008 -26"><span class='ocrx_word' id='word_1_680' title='bbox 439 5107 567 5149; x_wconf 87' lang='lat' dir='ltr'><strong>area</strong></span> <span class='ocrx_word' id='word_1_681' title='bbox 594 5103 682 5149; x_wconf 87' lang='lat' dir='ltr'><strong>tua</strong></span> <span class='ocrx_word' id='word_1_682' title='bbox 712 5105 769 5152; x_wconf 92' lang='lat' dir='ltr'><strong>et</strong></span> <span class='ocrx_word' id='word_1_683' title='bbox 792 5098 1045 5154; x_wconf 86' lang='lat' dir='ltr'><strong>torculari</strong></span> <span class='ocrx_word' id='word_1_684' title='bbox 1075 5098 1254 5170; x_wconf 83' lang='lat' dir='ltr'><strong>fruges</strong></span> <span class='ocrx_word' id='word_1_685' title='bbox 1289 5109 1428 5166; x_wconf 90' lang='lat' dir='ltr'><strong>tuas,</strong></span> <span class='ocrx_word' id='word_1_686' title='bbox 1453 5108 1512 5155; x_wconf 87' lang='lat' dir='ltr'><strong>et</strong></span> <span class='ocrx_word' id='word_1_687' title='bbox 1537 5099 1846 5171; x_wconf 79' lang='lat' dir='ltr'><strong>epulaberis</strong></span> <span class='ocrx_word' id='word_1_688' title='bbox 1875 5100 1931 5157; x_wconf 92' lang='lat' dir='ltr'><strong>in</strong></span> <span class='ocrx_word' id='word_1_689' title='bbox 1957 5101 2039 5158; x_wconf 87' lang='lat' dir='ltr'><strong>fe-</strong></span> 
     </span>
    </p>
   </div>
   <div class='ocr_carea' id='block_1_83' title="bbox 511 5251 2038 5328">
    <p class='ocr_par' dir='ltr' id='par_1_83' title="bbox 511 5251 2038 5328">
     <span class='ocr_line' id='line_1_83' title="bbox 511 5251 2038 5328; baseline 0.004 -19"><span class='ocrx_word' id='word_1_690' title='bbox 511 5256 692 5328; x_wconf 48' lang='lat' dir='ltr'><strong>!Mss.</strong></span> <span class='ocrx_word' id='word_1_691' title='bbox 726 5251 959 5328; x_wconf 85' lang='lat' dir='ltr'><strong>Urbinas</strong></span> <span class='ocrx_word' id='word_1_692' title='bbox 990 5256 1370 5324; x_wconf 79' lang='lat' dir='ltr'><strong>fermentatum,</strong></span> <span class='ocrx_word' id='word_1_693' title='bbox 1403 5273 1504 5327; x_wconf 88' lang='lat' dir='ltr'><strong>pro</strong></span> <span class='ocrx_word' id='word_1_694' title='bbox 1531 5257 1857 5328; x_wconf 75' lang='lat' dir='ltr'><strong>fermentum.</strong></span> <span class='ocrx_word' id='word_1_695' title='bbox 1898 5259 2038 5315; x_wconf 85' lang='lat' dir='ltr'><strong>Tum</strong></span> 
     </span>
    </p>
   </div>
   <div class='ocr_carea' id='block_1_84' title="bbox 432 5327 2034 5401">
    <p class='ocr_par' dir='ltr' id='par_1_84' title="bbox 432 5327 2034 5401">
     <span class='ocr_line' id='line_1_84' title="bbox 432 5327 2034 5401; baseline 0.004 -21"><span class='ocrx_word' id='word_1_696' title='bbox 432 5327 597 5396; x_wconf 85' lang='lat' dir='ltr'><strong>paulo</strong></span> <span class='ocrx_word' id='word_1_697' title='bbox 627 5335 770 5397; x_wconf 89' lang='lat' dir='ltr'><strong>post,</strong></span> <span class='ocrx_word' id='word_1_698' title='bbox 800 5328 856 5380; x_wconf 69' lang='lat' dir='ltr'><strong>in</strong></span> <span class='ocrx_word' id='word_1_699' title='bbox 895 5327 979 5380; x_wconf 84' lang='lat' dir='ltr'><strong>die</strong></span> <span class='ocrx_word' id='word_1_700' title='bbox 1005 5329 1174 5396; x_wconf 78' lang='lat' dir='ltr'><strong>primo</strong></span> <span class='ocrx_word' id='word_1_701' title='bbox 1212 5345 1366 5400; x_wconf 77' lang='lat' dir='ltr'><strong>usque</strong></span> <span class='ocrx_word' id='word_1_702' title='bbox 1405 5327 1578 5398; x_wconf 79' lang='lat' dir='ltr'><strong>mane,</strong></span> <span class='ocrx_word' id='word_1_703' title='bbox 1622 5345 1742 5385; x_wconf 88' lang='lat' dir='ltr'><strong>cum</strong></span> <span class='ocrx_word' id='word_1_704' title='bbox 1791 5329 2034 5401; x_wconf 82' lang='lat' dir='ltr'><strong>Vulgatis</strong></span> 
     </span>
    </p>
   </div>
   <div class='ocr_carea' id='block_1_85' title="bbox 430 5401 1114 5506">
    <p class='ocr_par' dir='ltr' id='par_1_85' title="bbox 430 5401 1114 5506">
     <span class='ocr_line' id='line_1_85' title="bbox 430 5401 1114 5506; baseline 0.004 -36"><span class='ocrx_word' id='word_1_705' title='bbox 430 5416 661 5506; x_wconf 87' lang='lat' dir='ltr'><strong>ipsoque</strong></span> <span class='ocrx_word' id='word_1_706' title='bbox 689 5417 916 5472; x_wconf 72' lang='lat' dir='ltr'><strong>Hebraeo</strong></span> <span class='ocrx_word' id='word_1_707' title='bbox 941 5401 1114 5506; x_wconf 60' lang='grc' dir='ltr'><strong>πώ.</strong></span> 
     </span>
    </p>
   </div>
   <div class='ocr_carea' id='block_1_86' title="bbox 500 5493 2028 5598">
    <p class='ocr_par' dir='ltr' id='par_1_86' title="bbox 500 5493 2028 5598">
     <span class='ocr_line' id='line_1_86' title="bbox 500 5493 2028 5598; baseline 0.003 -36"><span class='ocrx_word' id='word_1_708' title='bbox 500 5505 528 5545; x_wconf 70' lang='grc' dir='ltr'>δ</span> <span class='ocrx_word' id='word_1_709' title='bbox 555 5507 814 5564; x_wconf 62' lang='lat' dir='ltr'><strong>Hebraeus</strong></span> <span class='ocrx_word' id='word_1_710' title='bbox 845 5493 1005 5562; x_wconf 68' lang='lat' dir='ltr'><strong>habui</strong></span> <span class='ocrx_word' id='word_1_711' title='bbox 1026 5493 1200 5598; x_wconf 57' lang='grc' dir='ltr'>ἻΡΞΒ,</span> <span class='ocrx_word' id='word_1_712' title='bbox 1226 5510 1484 5578; x_wconf 75' lang='lat' dir='ltr'><strong>tabboeer,</strong></span> <span class='ocrx_word' id='word_1_713' title='bbox 1513 5509 1564 5566; x_wconf 89' lang='lat' dir='ltr'><strong>id</strong></span> <span class='ocrx_word' id='word_1_714' title='bbox 1593 5523 1697 5577; x_wconf 87' lang='lat' dir='ltr'><strong>est,</strong></span> <span class='ocrx_word' id='word_1_715' title='bbox 1732 5529 1890 5580; x_wconf 76' lang='lat' dir='ltr'><strong>usque</strong></span> <span class='ocrx_word' id='word_1_716' title='bbox 1917 5529 2028 5567; x_wconf 82' lang='lat' dir='ltr'><strong>ma-</strong></span> 
     </span>
    </p>
   </div>
   <div class='ocr_carea' id='block_1_87' title="bbox 423 5601 2025 5671">
    <p class='ocr_par' dir='ltr' id='par_1_87' title="bbox 423 5601 2025 5671">
     <span class='ocr_line' id='line_1_87' title="bbox 423 5601 2025 5671; baseline 0.007 -19"><span class='ocrx_word' id='word_1_717' title='bbox 423 5616 510 5666; x_wconf 82' lang='lat' dir='ltr'><strong>ne,</strong></span> <span class='ocrx_word' id='word_1_718' title='bbox 535 5601 678 5670; x_wconf 79' lang='lat' dir='ltr'><strong>quod</strong></span> <span class='ocrx_word' id='word_1_719' title='bbox 711 5601 844 5657; x_wconf 84' lang='lat' dir='ltr'><strong>editi</strong></span> <span class='ocrx_word' id='word_1_720' title='bbox 873 5613 1175 5671; x_wconf 81' lang='lat' dir='ltr'><strong>sequuntur</strong></span> <span class='ocrx_word' id='word_1_721' title='bbox 1205 5623 1218 5659; x_wconf 86' lang='lat'><strong>:</strong></span> <span class='ocrx_word' id='word_1_722' title='bbox 1252 5619 1443 5661; x_wconf 78' lang='lat' dir='ltr'><strong>omnes</strong></span> <span class='ocrx_word' id='word_1_723' title='bbox 1469 5617 1650 5663; x_wconf 83' lang='lat' dir='ltr'><strong>autem</strong></span> <span class='ocrx_word' id='word_1_724' title='bbox 1684 5623 1815 5664; x_wconf 89' lang='lat' dir='ltr'><strong>mss.</strong></span> <span class='ocrx_word' id='word_1_725' title='bbox 1847 5608 2025 5664; x_wconf 83' lang='lat' dir='ltr'><strong>Latini</strong></span> 
     </span>
    </p>
   </div>
   <div class='ocr_carea' id='block_1_88' title="bbox 427 5672 2009 5742">
    <p class='ocr_par' dir='ltr' id='par_1_88' title="bbox 427 5672 2009 5742">
     <span class='ocr_line' id='line_1_88' title="bbox 427 5672 2009 5742; baseline 0.006 -18"><span class='ocrx_word' id='word_1_726' title='bbox 427 5672 597 5725; x_wconf 81' lang='lat' dir='ltr'><strong>nostri</strong></span> <span class='ocrx_word' id='word_1_727' title='bbox 624 5672 836 5728; x_wconf 91' lang='lat' dir='ltr'><strong>codices</strong></span> <span class='ocrx_word' id='word_1_728' title='bbox 869 5673 1053 5741; x_wconf 85' lang='lat' dir='ltr'><strong>legunt</strong></span> <span class='ocrx_word' id='word_1_729' title='bbox 1078 5689 1199 5730; x_wconf 89' lang='lat' dir='ltr'><strong>cum</strong></span> <span class='ocrx_word' id='word_1_730' title='bbox 1237 5674 1456 5732; x_wconf 84' lang='lat' dir='ltr'><strong>Canone</strong></span> <span class='ocrx_word' id='word_1_731' title='bbox 1487 5677 1622 5733; x_wconf 82' lang='lat' dir='ltr'><strong>Heb.</strong></span> <span class='ocrx_word' id='word_1_732' title='bbox 1657 5680 1925 5742; x_wconf 83' lang='lat' dir='ltr'><strong>veritatis,</strong></span> <span class='ocrx_word' id='word_1_733' title='bbox 1956 5688 2009 5733; x_wconf 82' lang='lat' dir='ltr'><strong>tn</strong></span> 
     </span>
    </p>
   </div>
   <div class='ocr_carea' id='block_1_89' title="bbox 428 5742 1086 5809">
    <p class='ocr_par' dir='ltr' id='par_1_89' title="bbox 428 5742 1086 5809">
     <span class='ocr_line' id='line_1_89' title="bbox 428 5742 1086 5809; baseline 0.009 -19"><span class='ocrx_word' id='word_1_734' title='bbox 428 5742 510 5793; x_wconf 82' lang='lat' dir='ltr'><strong>die</strong></span> <span class='ocrx_word' id='word_1_735' title='bbox 532 5744 695 5809; x_wconf 85' lang='lat' dir='ltr'><strong>primo</strong></span> <span class='ocrx_word' id='word_1_736' title='bbox 717 5759 883 5800; x_wconf 84' lang='lat' dir='ltr'><strong>mane.</strong></span> <span class='ocrx_word' id='word_1_737' title='bbox 913 5744 1086 5800; x_wconf 68' lang='lat' dir='ltr'><strong>Mam.</strong></span> 
     </span>
    </p>
   </div>
   <div class='ocr_carea' id='block_1_90' title="bbox 2158 3243 3756 3316">
    <p class='ocr_par' dir='ltr' id='par_1_90' title="bbox 2158 3243 3756 3316">
     <span class='ocr_line' id='line_1_90' title="bbox 2158 3243 3756 3316; baseline 0.002 -19"><span class='ocrx_word' id='word_1_738' title='bbox 2158 3245 2270 3300; x_wconf 86' lang='lat' dir='ltr'><strong>vitii</strong></span> <span class='ocrx_word' id='word_1_739' title='bbox 2296 3263 2306 3298; x_wconf 91' lang='lat'>:</span> <span class='ocrx_word' id='word_1_740' title='bbox 2331 3246 2450 3315; x_wconf 86' lang='lat' dir='ltr'><strong>quia</strong></span> <span class='ocrx_word' id='word_1_741' title='bbox 2477 3244 2808 3300; x_wconf 88' lang='lat' dir='ltr'><strong>abominatio</strong></span> <span class='ocrx_word' id='word_1_742' title='bbox 2831 3245 3158 3302; x_wconf 88' lang='lat' dir='ltr'><strong>estDomino</strong></span> <span class='ocrx_word' id='word_1_743' title='bbox 3182 3245 3296 3300; x_wconf 91' lang='lat' dir='ltr'><strong>Deo</strong></span> <span class='ocrx_word' id='word_1_744' title='bbox 3324 3253 3434 3300; x_wconf 87' lang='lat' dir='ltr'><strong>tuo.</strong></span> <span class='ocrx_word' id='word_1_745' title='bbox 3453 3244 3539 3316; x_wconf 90' lang='grc' dir='ltr'>[Β.</span> <span class='ocrx_word' id='word_1_746' title='bbox 3567 3243 3756 3310; x_wconf 79' lang='lat' dir='ltr'><strong>LXXI,</strong></span> 
     </span>
    </p>
   </div>
   <div class='ocr_carea' id='block_1_91' title="bbox 2158 3338 3762 3413">
    <p class='ocr_par' dir='ltr' id='par_1_91' title="bbox 2158 3338 3762 3413">
     <span class='ocr_line' id='line_1_91' title="bbox 2158 3338 3762 3413; baseline -0.002 -18"><span class='ocrx_word' id='word_1_747' title='bbox 2158 3340 2218 3396; x_wconf 91' lang='lat' dir='ltr'><strong>C.</strong></span> <span class='ocrx_word' id='word_1_748' title='bbox 2249 3339 2508 3413; x_wconf 58' lang='lat' dir='ltr'><strong>LXXVI]</strong></span> <span class='ocrx_word' id='word_1_749' title='bbox 2539 3339 2671 3395; x_wconf 89' lang='lat' dir='ltr'><strong>Cum</strong></span> <span class='ocrx_word' id='word_1_750' title='bbox 2702 3339 2901 3410; x_wconf 87' lang='lat' dir='ltr'><strong>reperti</strong></span> <span class='ocrx_word' id='word_1_751' title='bbox 2930 3338 3130 3398; x_wconf 89' lang='lat' dir='ltr'><strong>fuerint</strong></span> <span class='ocrx_word' id='word_1_752' title='bbox 3158 3339 3296 3408; x_wconf 87' lang='lat' dir='ltr'><strong>apud</strong></span> <span class='ocrx_word' id='word_1_753' title='bbox 3332 3349 3404 3406; x_wconf 91' lang='lat' dir='ltr'><strong>te,</strong></span> <span class='ocrx_word' id='word_1_754' title='bbox 3434 3340 3572 3392; x_wconf 88' lang='lat' dir='ltr'><strong>intra</strong></span> <span class='ocrx_word' id='word_1_755' title='bbox 3599 3351 3762 3396; x_wconf 87' lang='lat' dir='ltr'><strong>unam</strong></span> 
     </span>
    </p>
   </div>
   <div class='ocr_carea' id='block_1_92' title="bbox 2161 3429 3756 3504">
    <p class='ocr_par' dir='ltr' id='par_1_92' title="bbox 2161 3429 3756 3504">
     <span class='ocr_line' id='line_1_92' title="bbox 2161 3429 3756 3504; baseline -0.002 -15"><span class='ocrx_word' id='word_1_756' title='bbox 2161 3446 2432 3504; x_wconf 86' lang='lat' dir='ltr'><strong>portarum</strong></span> <span class='ocrx_word' id='word_1_757' title='bbox 2463 3443 2670 3488; x_wconf 88' lang='lat' dir='ltr'><strong>tuarum</strong></span> <span class='ocrx_word' id='word_1_758' title='bbox 2694 3448 2824 3503; x_wconf 80' lang='lat' dir='ltr'><strong>quas</strong></span> <span class='ocrx_word' id='word_1_759' title='bbox 2854 3431 3116 3488; x_wconf 80' lang='lat' dir='ltr'><strong>Dominus</strong></span> <span class='ocrx_word' id='word_1_760' title='bbox 3144 3431 3289 3487; x_wconf 88' lang='lat' dir='ltr'><strong>Deus</strong></span> <span class='ocrx_word' id='word_1_761' title='bbox 3313 3439 3438 3488; x_wconf 88' lang='lat' dir='ltr'><strong>tuus</strong></span> <span class='ocrx_word' id='word_1_762' title='bbox 3459 3430 3607 3484; x_wconf 87' lang='lat' dir='ltr'><strong>dabit</strong></span> <span class='ocrx_word' id='word_1_763' title='bbox 3635 3429 3756 3499; x_wconf 90' lang='lat' dir='ltr'><strong>tibi,</strong></span> 
     </span>
    </p>
   </div>
   <div class='ocr_carea' id='block_1_93' title="bbox 2159 3523 3758 3598">
    <p class='ocr_par' dir='ltr' id='par_1_93' title="bbox 2159 3523 3758 3598">
     <span class='ocr_line' id='line_1_93' title="bbox 2159 3523 3758 3598; baseline -0.003 -16"><span class='ocrx_word' id='word_1_764' title='bbox 2159 3528 2240 3582; x_wconf 85' lang='lat' dir='ltr'><strong>vir</strong></span> <span class='ocrx_word' id='word_1_765' title='bbox 2270 3537 2360 3582; x_wconf 90' lang='lat' dir='ltr'><strong>aut</strong></span> <span class='ocrx_word' id='word_1_766' title='bbox 2391 3527 2586 3581; x_wconf 87' lang='lat' dir='ltr'><strong>mulier</strong></span> <span class='ocrx_word' id='word_1_767' title='bbox 2614 3527 2705 3598; x_wconf 87' lang='lat' dir='ltr'><strong>qtti</strong></span> <span class='ocrx_word' id='word_1_768' title='bbox 2742 3527 2941 3580; x_wconf 87' lang='lat' dir='ltr'><strong>faciant</strong></span> <span class='ocrx_word' id='word_1_769' title='bbox 2982 3526 3182 3580; x_wconf 89' lang='lat' dir='ltr'><strong>malum</strong></span> <span class='ocrx_word' id='word_1_770' title='bbox 3225 3527 3274 3578; x_wconf 94' lang='lat' dir='ltr'><strong>in</strong></span> <span class='ocrx_word' id='word_1_771' title='bbox 3306 3531 3601 3592; x_wconf 80' lang='lat' dir='ltr'><strong>causpectu</strong></span> <span class='ocrx_word' id='word_1_772' title='bbox 3649 3523 3758 3578; x_wconf 67' lang='grc' dir='ltr'><strong>οης</strong></span> 
     </span>
    </p>
   </div>
   <div class='ocr_carea' id='block_1_94' title="bbox 2160 3619 3761 3689">
    <p class='ocr_par' dir='ltr' id='par_1_94' title="bbox 2160 3619 3761 3689">
     <span class='ocr_line' id='line_1_94' title="bbox 2160 3619 3761 3689; baseline 0.001 -17"><span class='ocrx_word' id='word_1_773' title='bbox 2160 3619 2287 3673; x_wconf 84' lang='grc' dir='ltr'>ιιιίιιί</span> <span class='ocrx_word' id='word_1_774' title='bbox 2315 3619 2406 3674; x_wconf 92' lang='lat' dir='ltr'><strong>Dei</strong></span> <span class='ocrx_word' id='word_1_775' title='bbox 2438 3621 2534 3684; x_wconf 91' lang='lat' dir='ltr'><strong>tui,</strong></span> <span class='ocrx_word' id='word_1_776' title='bbox 2561 3628 2615 3676; x_wconf 90' lang='lat' dir='ltr'><strong>et</strong></span> <span class='ocrx_word' id='word_1_777' title='bbox 2639 3619 3109 3688; x_wconf 86' lang='lat' dir='ltr'><strong>transgrediantnr</strong></span> <span class='ocrx_word' id='word_1_778' title='bbox 3139 3629 3354 3689; x_wconf 90' lang='lat' dir='ltr'><strong>pactum</strong></span> <span class='ocrx_word' id='word_1_779' title='bbox 3387 3619 3556 3684; x_wconf 90' lang='lat' dir='ltr'><strong>illius,</strong></span> <span class='ocrx_word' id='word_1_780' title='bbox 3584 3627 3644 3674; x_wconf 91' lang='lat' dir='ltr'><strong>ut</strong></span> <span class='ocrx_word' id='word_1_781' title='bbox 3669 3635 3761 3673; x_wconf 66' lang='grc' dir='ltr'><strong>νει»</strong></span> 
     </span>
    </p>
   </div>
   <div class='ocr_carea' id='block_1_95' title="bbox 2158 3713 3758 3778">
    <p class='ocr_par' dir='ltr' id='par_1_95' title="bbox 2158 3713 3758 3778">
     <span class='ocr_line' id='line_1_95' title="bbox 2158 3713 3758 3778; baseline 0.001 -11"><span class='ocrx_word' id='word_1_782' title='bbox 2158 3713 2290 3767; x_wconf 90' lang='lat' dir='ltr'><strong>dant</strong></span> <span class='ocrx_word' id='word_1_783' title='bbox 2320 3724 2370 3768; x_wconf 90' lang='lat' dir='ltr'><strong>et</strong></span> <span class='ocrx_word' id='word_1_784' title='bbox 2403 3713 2645 3768; x_wconf 86' lang='lat' dir='ltr'><strong>serviant</strong></span> <span class='ocrx_word' id='word_1_785' title='bbox 2675 3714 2778 3768; x_wconf 87' lang='lat' dir='ltr'><strong>diis</strong></span> <span class='ocrx_word' id='word_1_786' title='bbox 2809 3715 3002 3770; x_wconf 89' lang='lat' dir='ltr'><strong>alienis</strong></span> <span class='ocrx_word' id='word_1_787' title='bbox 3027 3755 3041 3778; x_wconf 95' lang='lat'><strong>,</strong></span> <span class='ocrx_word' id='word_1_788' title='bbox 3075 3724 3128 3768; x_wconf 90' lang='lat' dir='ltr'><strong>et</strong></span> <span class='ocrx_word' id='word_1_789' title='bbox 3163 3715 3394 3768; x_wconf 83' lang='lat' dir='ltr'><strong>adorent</strong></span> <span class='ocrx_word' id='word_1_790' title='bbox 3434 3728 3551 3778; x_wconf 81' lang='lat' dir='ltr'><strong>eos,</strong></span> <span class='ocrx_word' id='word_1_791' title='bbox 3586 3714 3758 3774; x_wconf 87' lang='lat' dir='ltr'><strong>solem</strong></span> 
     </span>
    </p>
   </div>
   <div class='ocr_carea' id='block_1_96' title="bbox 2157 3804 3758 3878">
    <p class='ocr_par' dir='ltr' id='par_1_96' title="bbox 2157 3804 3758 3878">
     <span class='ocr_line' id='line_1_96' title="bbox 2157 3804 3758 3878; baseline 0.002 -20"><span class='ocrx_word' id='word_1_792' title='bbox 2157 3814 2210 3858; x_wconf 94' lang='lat' dir='ltr'><strong>et</strong></span> <span class='ocrx_word' id='word_1_793' title='bbox 2238 3804 2444 3867; x_wconf 91' lang='lat' dir='ltr'><strong>lunam,</strong></span> <span class='ocrx_word' id='word_1_794' title='bbox 2484 3814 2537 3858; x_wconf 89' lang='lat' dir='ltr'><strong>et</strong></span> <span class='ocrx_word' id='word_1_795' title='bbox 2567 3820 2782 3860; x_wconf 93' lang='lat' dir='ltr'><strong>omnem</strong></span> <span class='ocrx_word' id='word_1_796' title='bbox 2815 3806 3060 3861; x_wconf 88' lang='lat' dir='ltr'><strong>militiam</strong></span> <span class='ocrx_word' id='word_1_797' title='bbox 3095 3805 3216 3860; x_wconf 59' lang='lat' dir='ltr'><strong>coeli</strong></span> <span class='ocrx_word' id='word_1_798' title='bbox 3253 3805 3336 3878; x_wconf 86' lang='lat' dir='ltr'><strong>[b.</strong></span> <span class='ocrx_word' id='word_1_799' title='bbox 3377 3806 3548 3860; x_wconf 82' lang='lat' dir='ltr'><strong>solem</strong></span> <span class='ocrx_word' id='word_1_800' title='bbox 3585 3817 3638 3860; x_wconf 91' lang='lat' dir='ltr'><strong>et</strong></span> <span class='ocrx_word' id='word_1_801' title='bbox 3669 3806 3758 3861; x_wconf 81' lang='lat' dir='ltr'><strong>lu-</strong></span> 
     </span>
    </p>
   </div>
   <div class='ocr_carea' id='block_1_97' title="bbox 2157 3895 3756 3968">
    <p class='ocr_par' dir='ltr' id='par_1_97' title="bbox 2157 3895 3756 3968">
     <span class='ocr_line' id='line_1_97' title="bbox 2157 3895 3756 3968; baseline 0.003 -20"><span class='ocrx_word' id='word_1_802' title='bbox 2157 3909 2303 3960; x_wconf 92' lang='lat' dir='ltr'><strong>nam,</strong></span> <span class='ocrx_word' id='word_1_803' title='bbox 2340 3903 2435 3948; x_wconf 91' lang='lat' dir='ltr'><strong>aut</strong></span> <span class='ocrx_word' id='word_1_804' title='bbox 2460 3909 2676 3950; x_wconf 89' lang='lat' dir='ltr'><strong>omnem</strong></span> <span class='ocrx_word' id='word_1_805' title='bbox 2713 3895 2956 3952; x_wconf 90' lang='lat' dir='ltr'><strong>militiam</strong></span> <span class='ocrx_word' id='word_1_806' title='bbox 2985 3897 3154 3968; x_wconf 63' lang='lat' dir='ltr'><strong>caeli],</strong></span> <span class='ocrx_word' id='word_1_807' title='bbox 3201 3913 3324 3966; x_wconf 81' lang='lat' dir='ltr'><strong>qua:</strong></span> <span class='ocrx_word' id='word_1_808' title='bbox 3360 3914 3464 3950; x_wconf 87' lang='lat' dir='ltr'><strong>non</strong></span> <span class='ocrx_word' id='word_1_809' title='bbox 3498 3897 3756 3967; x_wconf 66' lang='lat' dir='ltr'><strong>praecepi,</strong></span> 
     </span>
    </p>
   </div>
   <div class='ocr_carea' id='block_1_98' title="bbox 2155 3987 3759 4060">
    <p class='ocr_par' dir='ltr' id='par_1_98' title="bbox 2155 3987 3759 4060">
     <span class='ocr_line' id='line_1_98' title="bbox 2155 3987 3759 4060; baseline 0.003 -20"><span class='ocrx_word' id='word_1_810' title='bbox 2155 3995 2209 4041; x_wconf 90' lang='lat' dir='ltr'><strong>et</strong></span> <span class='ocrx_word' id='word_1_811' title='bbox 2241 3987 2344 4040; x_wconf 92' lang='lat' dir='ltr'><strong>hoc</strong></span> <span class='ocrx_word' id='word_1_812' title='bbox 2376 3987 2466 4042; x_wconf 91' lang='lat' dir='ltr'><strong>tibi</strong></span> <span class='ocrx_word' id='word_1_813' title='bbox 2501 3987 2663 4042; x_wconf 90' lang='lat' dir='ltr'><strong>fuerit</strong></span> <span class='ocrx_word' id='word_1_814' title='bbox 2704 3989 3028 4055; x_wconf 90' lang='lat' dir='ltr'><strong>nuntiatum,</strong></span> <span class='ocrx_word' id='word_1_815' title='bbox 3061 3989 3398 4060; x_wconf 80' lang='lat' dir='ltr'><strong>audiensque</strong></span> <span class='ocrx_word' id='word_1_816' title='bbox 3446 3989 3759 4058; x_wconf 67' lang='lat' dir='ltr'><strong>inquisietis</strong></span> 
     </span>
    </p>
   </div>
   <div class='ocr_carea' id='block_1_99' title="bbox 2156 4076 3758 4150">
    <p class='ocr_par' dir='ltr' id='par_1_99' title="bbox 2156 4076 3758 4150">
     <span class='ocr_line' id='line_1_99' title="bbox 2156 4076 3758 4150; baseline 0.003 -20"><span class='ocrx_word' id='word_1_817' title='bbox 2156 4076 2468 4148; x_wconf 86' lang='lat' dir='ltr'><strong>diligenter,</strong></span> <span class='ocrx_word' id='word_1_818' title='bbox 2513 4089 2567 4133; x_wconf 92' lang='lat' dir='ltr'><strong>et</strong></span> <span class='ocrx_word' id='word_1_819' title='bbox 2600 4094 2787 4134; x_wconf 91' lang='lat' dir='ltr'><strong>verum</strong></span> <span class='ocrx_word' id='word_1_820' title='bbox 2829 4095 2950 4135; x_wconf 90' lang='lat' dir='ltr'><strong>esse</strong></span> <span class='ocrx_word' id='word_1_821' title='bbox 2996 4082 3290 4150; x_wconf 76' lang='lat' dir='ltr'><strong>repereris,</strong></span> <span class='ocrx_word' id='word_1_822' title='bbox 3338 4091 3389 4134; x_wconf 89' lang='lat' dir='ltr'><strong>et</strong></span> <span class='ocrx_word' id='word_1_823' title='bbox 3421 4081 3758 4144; x_wconf 81' lang='lat' dir='ltr'><strong>abominatio</strong></span> 
     </span>
    </p>
   </div>
   <div class='ocr_carea' id='block_1_100' title="bbox 2156 4162 3754 4244">
    <p class='ocr_par' dir='ltr' id='par_1_100' title="bbox 2156 4162 3754 4244">
     <span class='ocr_line' id='line_1_100' title="bbox 2156 4162 3754 4244; baseline 0.005 -20"><span class='ocrx_word' id='word_1_824' title='bbox 2156 4170 2295 4227; x_wconf 88' lang='lat' dir='ltr'><strong>facta</strong></span> <span class='ocrx_word' id='word_1_825' title='bbox 2321 4179 2407 4228; x_wconf 89' lang='lat' dir='ltr'><strong>est</strong></span> <span class='ocrx_word' id='word_1_826' title='bbox 2445 4172 2496 4227; x_wconf 91' lang='lat' dir='ltr'><strong>in</strong></span> <span class='ocrx_word' id='word_1_827' title='bbox 2523 4171 2689 4228; x_wconf 90' lang='lat' dir='ltr'><strong>Israel</strong></span> <span class='ocrx_word' id='word_1_828' title='bbox 2716 4195 2729 4229; x_wconf 84' lang='lat'><strong>:</strong></span> <span class='ocrx_word' id='word_1_829' title='bbox 2771 4173 2970 4230; x_wconf 87' lang='lat' dir='ltr'><strong>educes</strong></span> <span class='ocrx_word' id='word_1_830' title='bbox 2995 4162 3172 4229; x_wconf 79' lang='lat' dir='ltr'><strong>virtim</strong></span> <span class='ocrx_word' id='word_1_831' title='bbox 3211 4189 3275 4228; x_wconf 89' lang='lat' dir='ltr'><strong>ac</strong></span> <span class='ocrx_word' id='word_1_832' title='bbox 3313 4175 3598 4230; x_wconf 85' lang='lat' dir='ltr'><strong>mulierem</strong></span> <span class='ocrx_word' id='word_1_833' title='bbox 3621 4215 3636 4240; x_wconf 93' lang='lat'><strong>,</strong></span> <span class='ocrx_word' id='word_1_834' title='bbox 3660 4175 3754 4244; x_wconf 85' lang='lat' dir='ltr'><strong>qui</strong></span> 
     </span>
    </p>
   </div>
   <div class='ocr_carea' id='block_1_101' title="bbox 2155 4266 3755 4338">
    <p class='ocr_par' dir='ltr' id='par_1_101' title="bbox 2155 4266 3755 4338">
     <span class='ocr_line' id='line_1_101' title="bbox 2155 4266 3755 4338; baseline 0.003 -18"><span class='ocrx_word' id='word_1_835' title='bbox 2155 4280 2270 4321; x_wconf 90' lang='lat' dir='ltr'><strong>rem</strong></span> <span class='ocrx_word' id='word_1_836' title='bbox 2308 4266 2785 4322; x_wconf 90' lang='lat' dir='ltr'><strong>sceleratissimam</strong></span> <span class='ocrx_word' id='word_1_837' title='bbox 2817 4277 3240 4338; x_wconf 70' lang='lat' dir='ltr'><strong>perpetrarunt&#39;,</strong></span> <span class='ocrx_word' id='word_1_838' title='bbox 3275 4267 3342 4323; x_wconf 85' lang='lat' dir='ltr'><strong>ad</strong></span> <span class='ocrx_word' id='word_1_839' title='bbox 3391 4278 3573 4338; x_wconf 87' lang='lat' dir='ltr'><strong>portas</strong></span> <span class='ocrx_word' id='word_1_840' title='bbox 3618 4267 3755 4324; x_wconf 79' lang='lat' dir='ltr'><strong>civi-</strong></span> 
     </span>
    </p>
   </div>
   <div class='ocr_carea' id='block_1_102' title="bbox 2156 4357 3756 4432">
    <p class='ocr_par' dir='ltr' id='par_1_102' title="bbox 2156 4357 3756 4432">
     <span class='ocr_line' id='line_1_102' title="bbox 2156 4357 3756 4432; baseline 0.005 -22"><span class='ocrx_word' id='word_1_841' title='bbox 2156 4357 2277 4412; x_wconf 84' lang='lat' dir='ltr'><strong>tatis</strong></span> <span class='ocrx_word' id='word_1_842' title='bbox 2309 4365 2437 4424; x_wconf 64' lang='lat' dir='ltr'><strong>tuw,</strong></span> <span class='ocrx_word' id='word_1_843' title='bbox 2461 4366 2514 4412; x_wconf 84' lang='lat' dir='ltr'><strong>et</strong></span> <span class='ocrx_word' id='word_1_844' title='bbox 2544 4357 2811 4428; x_wconf 90' lang='lat' dir='ltr'><strong>lapidibus</strong></span> <span class='ocrx_word' id='word_1_845' title='bbox 2839 4359 3159 4415; x_wconf 86' lang='lat' dir='ltr'><strong>obruentur.</strong></span> <span class='ocrx_word' id='word_1_846' title='bbox 3185 4358 3271 4432; x_wconf 91' lang='grc' dir='ltr'><strong>[Β.</strong></span> <span class='ocrx_word' id='word_1_847' title='bbox 3301 4357 3542 4431; x_wconf 83' lang='lat' dir='ltr'><strong>LXXII.]</strong></span> <span class='ocrx_word' id='word_1_848' title='bbox 3575 4359 3630 4414; x_wconf 90' lang='lat' dir='ltr'><strong>In</strong></span> <span class='ocrx_word' id='word_1_849' title='bbox 3657 4373 3756 4418; x_wconf 81' lang='lat' dir='ltr'><strong>ore</strong></span> 
     </span>
    </p>
   </div>
   <div class='ocr_carea' id='block_1_103' title="bbox 2154 4448 3752 4522">
    <p class='ocr_par' dir='ltr' id='par_1_103' title="bbox 2154 4448 3752 4522">
     <span class='ocr_line' id='line_1_103' title="bbox 2154 4448 3752 4522; baseline 0.004 -20"><span class='ocrx_word' id='word_1_850' title='bbox 2154 4448 2380 4503; x_wconf 91' lang='lat' dir='ltr'><strong>duorum</strong></span> <span class='ocrx_word' id='word_1_851' title='bbox 2411 4458 2505 4504; x_wconf 89' lang='lat' dir='ltr'><strong>aut</strong></span> <span class='ocrx_word' id='word_1_852' title='bbox 2536 4451 2696 4504; x_wconf 88' lang='lat' dir='ltr'><strong>trium</strong></span> <span class='ocrx_word' id='word_1_853' title='bbox 2740 4451 2958 4506; x_wconf 88' lang='lat' dir='ltr'><strong>testium</strong></span> <span class='ocrx_word' id='word_1_854' title='bbox 2990 4450 3190 4522; x_wconf 88' lang='lat' dir='ltr'><strong>peribit</strong></span> <span class='ocrx_word' id='word_1_855' title='bbox 3235 4452 3326 4520; x_wconf 91' lang='lat' dir='ltr'><strong>qui</strong></span> <span class='ocrx_word' id='word_1_856' title='bbox 3372 4451 3752 4509; x_wconf 71' lang='lat' dir='ltr'><strong>interficiatur.</strong></span> 
     </span>
    </p>
   </div>
   <div class='ocr_carea' id='block_1_104' title="bbox 1768 4539 3750 4613">
    <p class='ocr_par' dir='ltr' id='par_1_104' title="bbox 1768 4539 3750 4613">
     <span class='ocr_line' id='line_1_104' title="bbox 1768 4539 3750 4613; baseline 0.001 -12"><span class='ocrx_word' id='word_1_857' title='bbox 1768 4566 1781 4602; x_wconf 86' lang='lat'><strong><em>:</em></strong></span> <span class='ocrx_word' id='word_1_858' title='bbox 1831 4549 1882 4604; x_wconf 89' lang='lat' dir='ltr'><strong>in</strong></span> <span class='ocrx_word' id='word_1_859' title='bbox 1926 4549 2047 4607; x_wconf 88' lang='lat' dir='ltr'><strong>loco</strong></span> <span class='ocrx_word' id='word_1_860' title='bbox 2073 4539 2126 4601; x_wconf 88' lang='lat' dir='ltr'><strong>D</strong></span> <span class='ocrx_word' id='word_1_861' title='bbox 2153 4544 2321 4600; x_wconf 87' lang='lat' dir='ltr'><strong>Nemo</strong></span> <span class='ocrx_word' id='word_1_862' title='bbox 2351 4544 2656 4613; x_wconf 89' lang='lat' dir='ltr'><strong>occidatur,</strong></span> <span class='ocrx_word' id='word_1_863' title='bbox 2683 4561 2790 4602; x_wconf 89' lang='lat' dir='ltr'><strong>uno</strong></span> <span class='ocrx_word' id='word_1_864' title='bbox 2810 4555 3001 4601; x_wconf 88' lang='lat' dir='ltr'><strong>contra</strong></span> <span class='ocrx_word' id='word_1_865' title='bbox 3029 4561 3090 4601; x_wconf 89' lang='lat' dir='ltr'><strong>se</strong></span> <span class='ocrx_word' id='word_1_866' title='bbox 3106 4546 3323 4602; x_wconf 87' lang='lat' dir='ltr'><strong>dicente</strong></span> <span class='ocrx_word' id='word_1_867' title='bbox 3351 4544 3750 4602; x_wconf 84' lang='lat' dir='ltr'><strong>testimonium.</strong></span> 
     </span>
    </p>
   </div>
   <div class='ocr_carea' id='block_1_105' title="bbox 2149 4635 3754 4706">
    <p class='ocr_par' dir='ltr' id='par_1_105' title="bbox 2149 4635 3754 4706">
     <span class='ocr_line' id='line_1_105' title="bbox 2149 4635 3754 4706; baseline 0.001 -15"><span class='ocrx_word' id='word_1_868' title='bbox 2149 4635 2337 4692; x_wconf 83' lang='lat' dir='ltr'><strong>Manus</strong></span> <span class='ocrx_word' id='word_1_869' title='bbox 2367 4637 2582 4692; x_wconf 90' lang='lat' dir='ltr'><strong>testium</strong></span> <span class='ocrx_word' id='word_1_870' title='bbox 2616 4637 2789 4706; x_wconf 84' lang='lat' dir='ltr'><strong>prima</strong></span> <span class='ocrx_word' id='word_1_871' title='bbox 2823 4637 3112 4694; x_wconf 87' lang='lat' dir='ltr'><strong>interficiet</strong></span> <span class='ocrx_word' id='word_1_872' title='bbox 3144 4653 3268 4694; x_wconf 90' lang='lat' dir='ltr'><strong>cum</strong></span> <span class='ocrx_word' id='word_1_873' title='bbox 3291 4677 3306 4702; x_wconf 92' lang='lat'><strong>,</strong></span> <span class='ocrx_word' id='word_1_874' title='bbox 3347 4645 3403 4692; x_wconf 88' lang='lat' dir='ltr'><strong>et</strong></span> <span class='ocrx_word' id='word_1_875' title='bbox 3441 4651 3632 4694; x_wconf 80' lang='lat' dir='ltr'><strong>manus</strong></span> <span class='ocrx_word' id='word_1_876' title='bbox 3659 4651 3754 4692; x_wconf 75' lang='lat' dir='ltr'><strong>re-</strong></span> 
     </span>
    </p>
   </div>
   <div class='ocr_carea' id='block_1_106' title="bbox 2148 4729 3754 4801">
    <p class='ocr_par' dir='ltr' id='par_1_106' title="bbox 2148 4729 3754 4801">
     <span class='ocr_line' id='line_1_106' title="bbox 2148 4729 3754 4801; baseline 0.002 -16"><span class='ocrx_word' id='word_1_877' title='bbox 2148 4729 2280 4800; x_wconf 91' lang='lat' dir='ltr'><strong>liqui</strong></span> <span class='ocrx_word' id='word_1_878' title='bbox 2307 4730 2490 4801; x_wconf 81' lang='lat' dir='ltr'><strong>populi</strong></span> <span class='ocrx_word' id='word_1_879' title='bbox 2519 4741 2769 4786; x_wconf 87' lang='lat' dir='ltr'><strong>extrema</strong></span> <span class='ocrx_word' id='word_1_880' title='bbox 2799 4730 3040 4788; x_wconf 88' lang='lat' dir='ltr'><strong>mittetur</strong></span> <span class='ocrx_word' id='word_1_881' title='bbox 3065 4772 3080 4794; x_wconf 84' lang='lat'><strong>,</strong></span> <span class='ocrx_word' id='word_1_882' title='bbox 3117 4739 3174 4786; x_wconf 94' lang='lat' dir='ltr'><strong>ut</strong></span> <span class='ocrx_word' id='word_1_883' title='bbox 3203 4731 3418 4786; x_wconf 87' lang='lat' dir='ltr'><strong>auferas</strong></span> <span class='ocrx_word' id='word_1_884' title='bbox 3444 4731 3647 4786; x_wconf 84' lang='lat' dir='ltr'><strong>malum</strong></span> <span class='ocrx_word' id='word_1_885' title='bbox 3683 4730 3754 4788; x_wconf 77' lang='lat' dir='ltr'><strong>de</strong></span> 
     </span>
    </p>
   </div>
   <div class='ocr_carea' id='block_1_107' title="bbox 2149 4820 3751 4895">
    <p class='ocr_par' dir='ltr' id='par_1_107' title="bbox 2149 4820 3751 4895">
     <span class='ocr_line' id='line_1_107' title="bbox 2149 4820 3751 4895; baseline 0.002 -19"><span class='ocrx_word' id='word_1_886' title='bbox 2149 4822 2328 4876; x_wconf 88' lang='lat' dir='ltr'><strong>medio</strong></span> <span class='ocrx_word' id='word_1_887' title='bbox 2378 4822 2473 4876; x_wconf 92' lang='lat' dir='ltr'><strong>tui.</strong></span> <span class='ocrx_word' id='word_1_888' title='bbox 2510 4820 2593 4895; x_wconf 92' lang='grc' dir='ltr'><strong>[Β.</strong></span> <span class='ocrx_word' id='word_1_889' title='bbox 2639 4821 2852 4890; x_wconf 83' lang='lat' dir='ltr'><strong>LXXII,</strong></span> <span class='ocrx_word' id='word_1_890' title='bbox 2881 4822 2945 4878; x_wconf 86' lang='lat' dir='ltr'><strong>C.</strong></span> <span class='ocrx_word' id='word_1_891' title='bbox 2983 4821 3272 4894; x_wconf 81' lang='lat' dir='ltr'><strong>LXXVII.]</strong></span> <span class='ocrx_word' id='word_1_892' title='bbox 3325 4823 3380 4879; x_wconf 90' lang='lat' dir='ltr'><strong>Si</strong></span> <span class='ocrx_word' id='word_1_893' title='bbox 3424 4821 3646 4878; x_wconf 88' lang='lat' dir='ltr'><strong>difficile</strong></span> <span class='ocrx_word' id='word_1_894' title='bbox 3694 4830 3751 4880; x_wconf 87' lang='lat' dir='ltr'><strong>et</strong></span> 
     </span>
    </p>
   </div>
   <div class='ocr_carea' id='block_1_108' title="bbox 2146 4913 3750 4985">
    <p class='ocr_par' dir='ltr' id='par_1_108' title="bbox 2146 4913 3750 4985">
     <span class='ocr_line' id='line_1_108' title="bbox 2146 4913 3750 4985; baseline 0.004 -18"><span class='ocrx_word' id='word_1_895' title='bbox 2146 4913 2460 4984; x_wconf 83' lang='lat' dir='ltr'><strong>ambiguum</strong></span> <span class='ocrx_word' id='word_1_896' title='bbox 2490 4914 2633 4984; x_wconf 86' lang='lat' dir='ltr'><strong>apud</strong></span> <span class='ocrx_word' id='word_1_897' title='bbox 2675 4924 2726 4970; x_wconf 89' lang='lat' dir='ltr'><strong>te</strong></span> <span class='ocrx_word' id='word_1_898' title='bbox 2751 4914 3013 4985; x_wconf 85' lang='lat' dir='ltr'><strong>judicium</strong></span> <span class='ocrx_word' id='word_1_899' title='bbox 3045 4929 3169 4972; x_wconf 88' lang='lat' dir='ltr'><strong>esse</strong></span> <span class='ocrx_word' id='word_1_900' title='bbox 3208 4915 3558 4984; x_wconf 82' lang='lat' dir='ltr'><strong>perspexeris</strong></span> <span class='ocrx_word' id='word_1_901' title='bbox 3605 4916 3750 4973; x_wconf 89' lang='lat' dir='ltr'><strong>inter</strong></span> 
     </span>
    </p>
   </div>
   <div class='ocr_carea' id='block_1_109' title="bbox 2144 5007 3751 5078">
    <p class='ocr_par' dir='ltr' id='par_1_109' title="bbox 2144 5007 3751 5078">
     <span class='ocr_line' id='line_1_109' title="bbox 2144 5007 3751 5078; baseline 0.001 -17"><span class='ocrx_word' id='word_1_902' title='bbox 2144 5007 2462 5078; x_wconf 87' lang='lat' dir='ltr'><strong>sanguinem</strong></span> <span class='ocrx_word' id='word_1_903' title='bbox 2510 5016 2566 5061; x_wconf 86' lang='lat' dir='ltr'><strong>et</strong></span> <span class='ocrx_word' id='word_1_904' title='bbox 2609 5008 2964 5078; x_wconf 87' lang='lat' dir='ltr'><strong>sanguinem,</strong></span> <span class='ocrx_word' id='word_1_905' title='bbox 3013 5022 3232 5062; x_wconf 84' lang='lat' dir='ltr'><strong>causam</strong></span> <span class='ocrx_word' id='word_1_906' title='bbox 3289 5017 3347 5063; x_wconf 91' lang='lat' dir='ltr'><strong>et</strong></span> <span class='ocrx_word' id='word_1_907' title='bbox 3393 5021 3636 5075; x_wconf 86' lang='lat' dir='ltr'><strong>causam,</strong></span> <span class='ocrx_word' id='word_1_908' title='bbox 3671 5007 3751 5064; x_wconf 81' lang='lat' dir='ltr'><strong>le-</strong></span> 
     </span>
    </p>
   </div>
   <div class='ocr_carea' id='block_1_110' title="bbox 2147 5101 3753 5172">
    <p class='ocr_par' dir='ltr' id='par_1_110' title="bbox 2147 5101 3753 5172">
     <span class='ocr_line' id='line_1_110' title="bbox 2147 5101 3753 5172; baseline 0.002 -16"><span class='ocrx_word' id='word_1_909' title='bbox 2147 5116 2298 5172; x_wconf 88' lang='lat' dir='ltr'><strong>pram</strong></span> <span class='ocrx_word' id='word_1_910' title='bbox 2345 5109 2400 5155; x_wconf 89' lang='lat' dir='ltr'><strong>et</strong></span> <span class='ocrx_word' id='word_1_911' title='bbox 2457 5111 2479 5138; x_wconf 78' lang='grc' dir='ltr'><strong>ο</strong></span> <span class='ocrx_word' id='word_1_912' title='bbox 2533 5101 2774 5171; x_wconf 90' lang='lat' dir='ltr'><strong>lepram,</strong></span> <span class='ocrx_word' id='word_1_913' title='bbox 2816 5110 2868 5156; x_wconf 88' lang='lat' dir='ltr'><strong>et</strong></span> <span class='ocrx_word' id='word_1_914' title='bbox 2911 5101 3172 5172; x_wconf 87' lang='lat' dir='ltr'><strong>judicium</strong></span> <span class='ocrx_word' id='word_1_915' title='bbox 3220 5101 3367 5157; x_wconf 86' lang='lat' dir='ltr'><strong>intra</strong></span> <span class='ocrx_word' id='word_1_916' title='bbox 3401 5113 3586 5172; x_wconf 89' lang='lat' dir='ltr'><strong>portas</strong></span> <span class='ocrx_word' id='word_1_917' title='bbox 3629 5110 3753 5160; x_wconf 78' lang='lat' dir='ltr'><strong>tuas</strong></span> 
     </span>
    </p>
   </div>
   <div class='ocr_carea' id='block_1_111' title="bbox 2222 5259 3753 5332">
    <p class='ocr_par' dir='ltr' id='par_1_111' title="bbox 2222 5259 3753 5332">
     <span class='ocr_line' id='line_1_111' title="bbox 2222 5259 3753 5332; baseline 0.005 -18"><span class='ocrx_word' id='word_1_918' title='bbox 2222 5271 2243 5299; x_wconf 76' lang='grc' dir='ltr'><strong><em>ο</em></strong></span> <span class='ocrx_word' id='word_1_919' title='bbox 2278 5259 2546 5332; x_wconf 83' lang='lat' dir='ltr'><strong>Eumdem</strong></span> <span class='ocrx_word' id='word_1_920' title='bbox 2579 5277 2824 5330; x_wconf 89' lang='lat' dir='ltr'><strong>sensum,</strong></span> <span class='ocrx_word' id='word_1_921' title='bbox 2862 5279 2968 5318; x_wconf 91' lang='lat' dir='ltr'><strong>non</strong></span> <span class='ocrx_word' id='word_1_922' title='bbox 3014 5263 3204 5320; x_wconf 90' lang='lat' dir='ltr'><strong>eadem</strong></span> <span class='ocrx_word' id='word_1_923' title='bbox 3235 5263 3398 5318; x_wconf 87' lang='lat' dir='ltr'><strong>verba</strong></span> <span class='ocrx_word' id='word_1_924' title='bbox 3445 5261 3753 5332; x_wconf 83' lang='lat' dir='ltr'><strong>reperimus</strong></span> 
     </span>
    </p>
   </div>
   <div class='ocr_carea' id='block_1_112' title="bbox 2146 5331 3750 5408">
    <p class='ocr_par' dir='ltr' id='par_1_112' title="bbox 2146 5331 3750 5408">
     <span class='ocr_line' id='line_1_112' title="bbox 2146 5331 3750 5408; baseline 0.002 -22"><span class='ocrx_word' id='word_1_925' title='bbox 2146 5333 2200 5408; x_wconf 81' lang='lat' dir='ltr'><strong>in</strong></span> <span class='ocrx_word' id='word_1_926' title='bbox 2235 5346 2365 5387; x_wconf 86' lang='lat' dir='ltr'><strong>mss.</strong></span> <span class='ocrx_word' id='word_1_927' title='bbox 2388 5331 2570 5408; x_wconf 89' lang='lat' dir='ltr'><strong>_li_bris,</strong></span> <span class='ocrx_word' id='word_1_928' title='bbox 2599 5333 2689 5388; x_wconf 92' lang='lat' dir='ltr'><strong>ubi</strong></span> <span class='ocrx_word' id='word_1_929' title='bbox 2717 5342 3034 5390; x_wconf 87' lang='lat' dir='ltr'><strong>constanter</strong></span> <span class='ocrx_word' id='word_1_930' title='bbox 3064 5335 3282 5408; x_wconf 89' lang='lat' dir='ltr'><strong>legitur,</strong></span> <span class='ocrx_word' id='word_1_931' title='bbox 3310 5331 3531 5406; x_wconf 79' lang='lat' dir='ltr'><strong>lepram,</strong></span> <span class='ocrx_word' id='word_1_932' title='bbox 3569 5343 3618 5388; x_wconf 86' lang='lat' dir='ltr'><strong>et</strong></span> <span class='ocrx_word' id='word_1_933' title='bbox 3645 5350 3750 5389; x_wconf 82' lang='lat' dir='ltr'><strong>non</strong></span> 
     </span>
    </p>
   </div>
   <div class='ocr_carea' id='block_1_113' title="bbox 2143 5403 2568 5473">
    <p class='ocr_par' dir='ltr' id='par_1_113' title="bbox 2143 5403 2568 5473">
     <span class='ocr_line' id='line_1_113' title="bbox 2143 5403 2568 5473; baseline 0 -15"><span class='ocrx_word' id='word_1_934' title='bbox 2143 5405 2362 5473; x_wconf 82' lang='lat' dir='ltr'><strong>lepram.</strong></span> <span class='ocrx_word' id='word_1_935' title='bbox 2388 5403 2568 5458; x_wconf 59' lang='lat' dir='ltr'><strong>Mans.</strong></span> 
     </span>
    </p>
   </div>
   <div class='ocr_carea' id='block_1_114' title="bbox 2207 5493 3748 5566">
    <p class='ocr_par' dir='ltr' id='par_1_114' title="bbox 2207 5493 3748 5566">
     <span class='ocr_line' id='line_1_114' title="bbox 2207 5493 3748 5566; baseline 0.003 -18"><span class='ocrx_word' id='word_1_936' title='bbox 2207 5524 2276 5535; x_wconf 95' lang='lat'><strong>—</strong></span> <span class='ocrx_word' id='word_1_937' title='bbox 2303 5493 2440 5566; x_wconf 87' lang='lat' dir='ltr'><strong>Tum</strong></span> <span class='ocrx_word' id='word_1_938' title='bbox 2471 5509 2595 5550; x_wconf 90' lang='lat' dir='ltr'><strong>cum</strong></span> <span class='ocrx_word' id='word_1_939' title='bbox 2624 5495 2818 5559; x_wconf 91' lang='lat' dir='ltr'><strong>nostri,</strong></span> <span class='ocrx_word' id='word_1_940' title='bbox 2849 5513 2985 5566; x_wconf 87' lang='lat' dir='ltr'><strong>quos</strong></span> <span class='ocrx_word' id='word_1_941' title='bbox 3015 5497 3289 5554; x_wconf 88' lang='lat' dir='ltr'><strong>consuluit</strong></span> <span class='ocrx_word' id='word_1_942' title='bbox 3319 5497 3577 5552; x_wconf 73' lang='lat' dir='ltr'><strong>Martian.</strong></span> <span class='ocrx_word' id='word_1_943' title='bbox 3609 5509 3748 5552; x_wconf 89' lang='lat' dir='ltr'><strong>mss.</strong></span> 
     </span>
    </p>
   </div>
   <div class='ocr_carea' id='block_1_115' title="bbox 2134 5564 3749 5638">
    <p class='ocr_par' dir='ltr' id='par_1_115' title="bbox 2134 5564 3749 5638">
     <span class='ocr_line' id='line_1_115' title="bbox 2134 5564 3749 5638; baseline 0.004 -20"><span class='ocrx_word' id='word_1_944' title='bbox 2134 5564 2281 5638; x_wconf 82' lang='lat' dir='ltr'><strong>libri,</strong></span> <span class='ocrx_word' id='word_1_945' title='bbox 2312 5565 2534 5636; x_wconf 80' lang='lat' dir='ltr'><strong>lepram,</strong></span> <span class='ocrx_word' id='word_1_946' title='bbox 2563 5575 2629 5638; x_wconf 85' lang='lat' dir='ltr'><strong>_et</strong></span> <span class='ocrx_word' id='word_1_947' title='bbox 2659 5583 2760 5622; x_wconf 85' lang='lat' dir='ltr'><strong>non</strong></span> <span class='ocrx_word' id='word_1_948' title='bbox 2785 5564 2985 5638; x_wconf 71' lang='lat' dir='ltr'><strong>lepram</strong></span> <span class='ocrx_word' id='word_1_949' title='bbox 3009 5610 3024 5636; x_wconf 93' lang='lat'><strong>,</strong></span> <span class='ocrx_word' id='word_1_950' title='bbox 3055 5569 3107 5626; x_wconf 88' lang='lat' dir='ltr'><strong>id</strong></span> <span class='ocrx_word' id='word_1_951' title='bbox 3137 5580 3244 5634; x_wconf 88' lang='lat' dir='ltr'><strong>est,</strong></span> <span class='ocrx_word' id='word_1_952' title='bbox 3279 5579 3463 5626; x_wconf 87' lang='lat' dir='ltr'><strong>utrum</strong></span> <span class='ocrx_word' id='word_1_953' title='bbox 3493 5583 3559 5624; x_wconf 89' lang='lat' dir='ltr'><strong>ea</strong></span> <span class='ocrx_word' id='word_1_954' title='bbox 3598 5567 3749 5635; x_wconf 76' lang='lat' dir='ltr'><strong>lepra</strong></span> 
     </span>
    </p>
   </div>
   <div class='ocr_carea' id='block_1_116' title="bbox 2133 5635 3754 5710">
    <p class='ocr_par' dir='ltr' id='par_1_116' title="bbox 2133 5635 3754 5710">
     <span class='ocr_line' id='line_1_116' title="bbox 2133 5635 3754 5710; baseline 0.002 -20"><span class='ocrx_word' id='word_1_955' title='bbox 2133 5635 2221 5701; x_wconf 89' lang='lat' dir='ltr'><strong>sit,</strong></span> <span class='ocrx_word' id='word_1_956' title='bbox 2268 5651 2337 5690; x_wconf 90' lang='lat' dir='ltr'><strong>an</strong></span> <span class='ocrx_word' id='word_1_957' title='bbox 2382 5652 2511 5690; x_wconf 89' lang='lat' dir='ltr'><strong>non.</strong></span> <span class='ocrx_word' id='word_1_958' title='bbox 2560 5635 2803 5708; x_wconf 86' lang='lat' dir='ltr'><strong>Negandi</strong></span> <span class='ocrx_word' id='word_1_959' title='bbox 2836 5635 3026 5694; x_wconf 82' lang='lat' dir='ltr'><strong>tamen</strong></span> <span class='ocrx_word' id='word_1_960' title='bbox 3080 5640 3401 5710; x_wconf 81' lang='lat' dir='ltr'><strong>particulam</strong></span> <span class='ocrx_word' id='word_1_961' title='bbox 3450 5639 3754 5709; x_wconf 80' lang='lat' dir='ltr'><strong>origiualcs</strong></span> 
     </span>
    </p>
   </div>
   <div class='ocr_carea' id='block_1_117' title="bbox 2134 5717 2800 5778">
    <p class='ocr_par' dir='ltr' id='par_1_117' title="bbox 2134 5717 2800 5778">
     <span class='ocr_line' id='line_1_117' title="bbox 2134 5717 2800 5778; baseline 0.003 -18"><span class='ocrx_word' id='word_1_962' title='bbox 2134 5717 2314 5762; x_wconf 84' lang='lat' dir='ltr'><strong>textus</strong></span> <span class='ocrx_word' id='word_1_963' title='bbox 2343 5723 2448 5762; x_wconf 83' lang='grc' dir='ltr'><strong>ηοη</strong></span> <span class='ocrx_word' id='word_1_964' title='bbox 2476 5718 2800 5778; x_wconf 83' lang='lat' dir='ltr'><strong>agnoscunt.</strong></span> 
     </span>
    </p>
   </div>
  </div>
