4098 6366
310 237 443 294 457

309 353 534 410 videris
572 353 736 409 verba
787 353 990 406 variari

307 463 448 502 cum
479 493 493 517 ,
551 463 712 514 quem
755 446 980 516 elegerit
1033 443 1290 499 Dominus
1317 443 1462 499 Deus
1505 451 1650 498 tuus.
1700 443 1921 500 Veniss-

307 556 428 612 que
477 542 542 598 ad
593 540 906 621 sacerdotes
953 538 1174 596 Levitici
1222 537 1456 608 generis,
1503 549 1556 591 et
1585 537 1650 591 ad
1687 534 1923 606 judicem

307 636 407 706 qui
445 637 608 692 fuerit
658 636 711 690 in
757 635 848 690 illo
891 641 1137 703 tempore
1172 649 1182 686 :
1225 645 1544 700 qua-resque
1573 627 1641 684 ab
1686 629 1786 695 eis,
1831 629 1920 698 qui

305 727 644 783 indicabunt
697 725 793 781 tibi
849 723 1039 795 judicii
1088 723 1392 779 veritatem.
1426 721 1495 776 Et
1535 719 1703 774 facies
1749 717 1920 801 quod-

305 835 555 890 cumque
599 819 856 882 dixerim,
906 816 1000 887 qui
1051 822 1291 886 praesunt
1337 814 1456 869 loco
1491 827 1650 882 quem
1697 810 1921 882 elegerit

304 909 606 979 Dominus,
628 921 682 968 et
705 911 989 966 docuerint
1011 917 1082 964 te.
1122 907 1285 963 Juxta
1313 906 1484 977 legero
1519 905 1633 975 ejus
1676 905 1917 974 sequeris

303 1005 653 1059 sententiam
701 1018 914 1058 eorum.
946 1000 1056 1056 Nec
1083 999 1378 1055 declinabis
1407 997 1475 1052 ad
1512 997 1790 1052 dexteram
1824 1011 1917 1051 ne-

303 1109 419 1164 que
471 1096 534 1150 ad
579 1095 876 1150 sinistram.
913 1093 1011 1166 [Β.
1064 1090 1296 1158 LXXIV,
1344 1091 1402 1144 C.
1456 1087 1764 1160 LXXVIII]
1811 1088 1914 1158 Qui

301 1196 501 1240 autem
544 1182 891 1255 superbicrit,
935 1183 1124 1236 nolens
1157 1180 1382 1236 obedire
1411 1179 1707 1234 sacerdotis
1743 1178 1912 1247 impe-

302 1276 419 1345 rio,
474 1277 565 1346 qui
598 1291 664 1331 eo
697 1284 939 1344 tempore
984 1273 1256 1328 n'tinistrat
1284 1271 1512 1326 Domino
1560 1271 1672 1326 Deo
1714 1278 1825 1334 tuo,
1855 1277 1911 1324 et

301 1367 542 1422 decreto
575 1365 774 1438 judicis
804 1365 891 1437 [h.
921 1362 1169 1436 judici],
1215 1360 1475 1417 morietur
1519 1359 1681 1414 homo
1714 1359 1826 1424 ille,
1854 1367 1910 1414 et

302 1459 532 1514 auferes
577 1459 778 1513 malum
823 1457 892 1513 de
921 1455 1489 1523 Isracl:cunctusque
1537 1451 1766 1523 populus
1812 1465 1909 1504 au-

301 1551 472 1607 diens
504 1551 737 1617 timebit,
779 1560 833 1605 ut
856 1551 1038 1606 nullus
1070 1549 1330 1618 deinceps
1358 1550 1680 1602 intumescat
1717 1560 1908 1616 super-

301 1643 423 1698 bia.
467 1643 550 1714 [B.
601 1643 811 1712 LXXV,
838 1643 897 1698 C.
930 1640 1192 1713 LXXIX]
1232 1639 1368 1696 Cum
1415 1642 1691 1710 ingressus
1739 1639 1905 1694 fueris

1591 233 1790 296 LIBER
1832 232 2374 303 DEUTERONOMII.

3510 237 3632 314 tas

1044 370 1054 405 :
1108 365 1291 421 surge,
1342 358 1394 406 et
1445 350 1676 406 ascende
1724 349 1790 405 ad
1841 349 1922 406 lo-
1952 353 1999 412 Α
2032 349 2123 405 filii
2151 349 2270 419 ejus
2316 351 2367 406 in
2406 350 2822 420 sempiternum.
2856 351 2951 423 [T.
2987 349 3080 416 XI,
3120 350 3179 406 Β.
3229 351 3527 425 LXXVII.]
3559 353 3618 410 Si

2027 442 2226 495 exierit
2247 441 2464 497 Levites
2487 457 2550 496 ex
2582 456 2684 496 una
2708 441 2927 498 urbium
2954 453 3164 500 tuarum
3191 458 3258 498 ex
3278 445 3424 500 omni
3450 445 3621 510 Israel

2026 533 2078 588 in
2116 550 2218 604 qua
2248 534 2474 597 habitat.
2501 545 2557 591 et
2586 535 2823 592 voluerit
2849 537 3057 604 venire,
3091 535 3412 594 desiderans
3435 539 3617 596 locum

2022 640 2178 697 quem
2211 626 2441 697 elegerit
2469 627 2752 695 Dominus,
2790 628 3118 684 ministrabit
3155 631 3207 685 in
3245 629 3468 685 nomine
3508 630 3618 687 Do-

2025 719 2154 775 mini
2184 717 2278 776 Dei
2309 720 2413 786 sui,
2459 722 2599 776 sicut
2635 735 2824 776 omnes
2864 721 3062 776 fratres
3105 721 3221 794 ejus
3257 720 3484 788 Levitae,
3525 723 3617 796 qui

2021 811 2240 866 stabunt
2263 827 2330 868 eo
2353 823 2598 884 tempore
2629 828 2814 870 coram
2839 813 3092 870 Domino.
3123 813 3338 870 Partem
3369 814 3616 872 ciborum

2021 903 2267 960 eamdem
2290 905 2544 975 accipiet,
2569 920 2728 976 quam
2761 913 2816 962 et
2846 905 3030 962 caeteri
3065 924 3077 960 :
3107 913 3336 976 excepto
3358 921 3444 974 eo,
3471 904 3619 977 quod

2018 995 2070 1053 in
2113 998 2247 1054 urbe
2278 1013 2372 1052 sua
2402 1015 2472 1054 ex
2504 1010 2733 1070 paterna
2773 1001 2822 1056 ei
2864 1000 3216 1056 successione
3253 999 3500 1056 debetur.
3528 999 3610 1071 [Β.

2017 1089 2298 1156 LXXVIII,
2332 1090 2393 1147 C.
2427 1091 2703 1164 LXXXI.]
2739 1093 2966 1160 Quando
2998 1093 3274 1164 ingressus
3305 1091 3476 1147 fueris
3503 1100 3615 1148 ter-

2018 1196 2152 1248 ram,
2185 1198 2344 1253 quam
2390 1183 2652 1238 Dominus
2692 1184 2833 1240 Deus
2867 1193 2990 1240 tuus
3018 1184 3167 1240 dabit
3210 1184 3328 1251 tibi,
3376 1198 3513 1239 cave
3542 1198 3613 1240 ne

2014 1274 2214 1328 imitari
2259 1276 2394 1330 velis
2426 1276 2864 1333 abominationes
2912 1278 3124 1333 illarum
3173 1279 3441 1350 gentium.
3498 1276 3609 1333 Nec

2013 1363 2320 1422 inveniatur
2358 1367 2410 1421 in
2443 1378 2493 1423 te
2522 1370 2613 1438 qui
2646 1369 2833 1424 lustret
2867 1369 3033 1424 filium
3067 1384 3247 1436 suum,
3289 1378 3380 1424 aut
3415 1369 3606 1436 filiam,

2010 1455 2217 1514 ducens
2248 1474 2339 1528 per
2369 1460 2548 1530 ignem
2579 1478 2592 1514 :
2623 1469 2715 1516 aut
2741 1459 2834 1532 qui
2882 1461 3125 1516 hariolos
3169 1461 3504 1529 sciscitetur,
3552 1473 3606 1516 et

2009 1549 2264 1605 observet
2297 1555 2505 1606 somnia
2548 1562 2709 1623 atque
2740 1554 2989 1636 auguria,
3041 1568 3143 1608 nec
3188 1552 3258 1608 sit
3301 1553 3601 1618 maleficus,

2009 1667 2110 1707 nec
2139 1653 2469 1720 incantator,
2515 1669 2615 1710 nec
2653 1654 2743 1724 qui
2794 1653 3063 1726 pythones
3109 1654 3382 1718 consulat,
3432 1669 3608 1722 neque

305 1744 540 1803 terram,
591 1751 751 1807 quam
807 1735 1065 1789 Dominus
1117 1734 1257 1788 Deus
1306 1741 1429 1787 tuus
1474 1731 1622 1787 dabit
1675 1729 1804 1796 tibi,
1851 1738 1906 1786 et
1936 1741 1982 1800 Β
2009 1743 2228 1799 divinos
2260 1743 2458 1816 [γαιφ
2501 1746 2740 1816 divinus,
2778 1745 2933 1818 aut],
2963 1756 3014 1801 el
3052 1754 3263 1818 quam
3304 1760 3334 1800 3
3374 1745 3605 1804 mortuis

305 1827 622 1897 possederis
652 1841 792 1894 eam,
831 1825 1268 1894 habitaverisque
1314 1826 1366 1878 in
1406 1823 1516 1890 illa,
1549 1832 1604 1878 et
1646 1821 1852 1876 dixeris
1889 1838 1902 1876 :

302 1918 651 1974 Constituam
695 1933 860 1989 super
908 1934 993 1973 me
1036 1932 1242 1988 regem,
1294 1917 1434 1970 sicut
1473 1915 1673 1968 habent
1716 1929 1906 1968 omnes

303 2026 407 2080 per
436 2011 717 2066 circuitum
747 2011 1025 2065 nationes:
1053 2025 1176 2066 cum
1223 2008 1550 2072 constitues,
1591 2021 1750 2076 quem
1805 2005 1908 2059 Do-

304 2107 494 2161 minus
520 2107 662 2161 Deus
707 2114 833 2160 tuus
856 2105 1080 2176 elegerit
1107 2104 1174 2159 de
1210 2117 1437 2157 numero
1469 2099 1558 2173 [h.
1585 2100 1652 2155 dc
1688 2097 1905 2174 medio]

305 2198 538 2256 fratrum
559 2207 801 2256 tuorum.
823 2198 938 2255 Non
967 2199 1165 2268 poteris
1187 2197 1411 2252 alterius
1430 2196 1608 2267 gentis
1633 2193 1903 2248 hominem

305 2306 491 2362 regem
517 2290 720 2358 facere,
746 2293 833 2363 qui
867 2307 974 2346 non
1002 2290 1073 2344 sit
1104 2289 1270 2344 frater
1295 2297 1438 2343 tuus.
1468 2285 1715 2356 Cumque
1743 2283 1905 2339 fuerit

307 2385 662 2448 constitutus,
689 2401 796 2440 non
822 2382 1198 2452 multiplicabit
1217 2381 1323 2436 sibi
1347 2395 1536 2452 equos,
1563 2394 1660 2434 nec
1687 2379 1907 2432 reducet

310 2479 568 2548 pepulum
593 2479 644 2533 in
676 2477 992 2549 Egyptum,
1016 2477 1290 2546 equitatus
1317 2487 1542 2529 numero
1567 2471 1900 2540 sublevatus,

309 2573 616 2639 praesertim
658 2586 780 2626 cum
823 2571 1084 2625 Dominus
1135 2567 1457 2638 pra'ceperit
1498 2565 1673 2631 vobis,
1724 2573 1781 2617 ut
1812 2579 1904 2617 ne-

307 2679 579 2735 quaquam
630 2664 859 2734 amplius
911 2680 1003 2732 per
1053 2661 1297 2717 eamdem
1344 2660 1484 2713 viam
1530 2656 1901 2713 revertomini.

309 2754 426 2809 Non
457 2755 676 2811 habebit
701 2771 901 2810 uxores
931 2756 1214 2824 plurimas,
1243 2768 1369 2823 qua:
1400 2751 1629 2807 illiciant
1663 2750 1901 2812 animum

310 2848 449 2918 ejus,
484 2865 659 2919 neque
685 2849 895 2920 argenti
922 2849 1113 2903 ctauri
1149 2848 1414 2900 immensa
1443 2844 1705 2915 pondera.
1745 2843 1903 2897 Post-

310 2956 470 3010 quam
521 2952 703 2997 autem
758 2943 963 2998 sederit
1002 2942 1054 2998 in
1084 2940 1227 2995 solio
1267 2939 1416 3009 regni
1463 2939 1578 3004 sui,
1631 2937 1905 2992 describet

312 3033 412 3088 sibi
446 3033 928 3089 Deuteronomium
976 3034 1109 3104 legis
1141 3033 1301 3103 hujus
1335 3033 1384 3086 in
1415 3032 1712 3094 volumine,
1761 3030 1904 3084 acci-

2015 1837 2317 1892 veritatem.
2357 1837 2550 1894 Omnia
2592 1839 2737 1895 enim
2772 1837 2890 1895 haac
2925 1838 3271 1894 abominatur
3309 1836 3606 1906 Dominus,

2009 1939 2065 1984 et
2099 1939 2318 2000 propter
2350 1928 2508 1986 istius
2533 1930 2678 1986 modi
2708 1932 2921 1987 scelera
2949 1931 3153 1986 delebit
3181 1946 3274 1987 eos
3299 1933 3350 1986 in
3382 1931 3608 1988 introitu

2009 2033 2121 2078 tuo.
2149 2023 2424 2078 Perfectus
2461 2024 2600 2088 eris;
2634 2033 2688 2078 et
2715 2023 2920 2094 absque
2953 2025 3162 2078 macula
3201 2038 3324 2078 cum
3380 2023 3608 2077 Domino

2012 2116 2122 2171 Deo
2156 2127 2243 2171 tuo
2277 2115 2365 2189 [h.
2410 2117 2628 2187 Absque
2661 2118 2870 2171 macula
2917 2117 3024 2172 eris
3055 2132 3178 2171 cum
3229 2117 3460 2172 Domino
3495 2117 3604 2172 Deo

1999 2199 2155 2280 'tuo].
2185 2209 2391 2266 Gentes
2421 2211 2536 2264 ista:
2558 2253 2572 2278 ,
2599 2224 2828 2280 quarum
2860 2209 3168 2279 possidebis
3197 2207 3390 2281 [Vulg.
3430 2208 3606 2277 possi-

2008 2303 2246 2376 debitis]
2294 2313 2524 2368 terram,
2586 2320 2816 2374 augures
2866 2315 2920 2358 et
2968 2301 3180 2358 divinos
3233 2300 3502 2360 audiunt:
3550 2309 3606 2360 tu

2008 2405 2190 2448 autem
2233 2411 2261 2449 a
2297 2393 2528 2449 Domino
2572 2395 2681 2450 Deo
2732 2404 2823 2450 tuo
2861 2394 3019 2448 aliter
3060 2391 3340 2450 institutus
3387 2405 3465 2446 es.
3499 2388 3602 2462 [C.

2007 2485 2304 2558 LXXXll.]
2332 2484 2659 2556 Prophetam
2693 2485 2762 2540 de
2807 2493 2968 2554 gente
3018 2492 3107 2538 tua
3139 2493 3192 2539 et
3236 2481 3305 2538 de
3345 2481 3606 2536 fratribus

2009 2580 2114 2632 tuis
2145 2579 2285 2632 sicut
2313 2594 2399 2632 me
2425 2577 2512 2649 [h.
2549 2577 2625 2632 De
2656 2576 2837 2632 medio
2873 2579 2946 2631 tui
2991 2576 3058 2632 de
3103 2574 3360 2631 fratribus
3390 2574 3496 2629 tuis
3529 2573 3605 2627 si-

2008 2672 2194 2726 milem
2239 2667 2408 2742 mei],
2444 2669 2734 2725 suscitabit
2781 2669 2874 2724 tibi
2926 2667 3188 2723 Dominus
3234 2667 3375 2721 Deus
3429 2676 3598 2720 tuus:

2007 2764 2183 2833 ipsum
2210 2763 2419 2828 audies,
2447 2772 2503 2816 ut
2533 2762 2710 2832 petisti
2735 2777 2763 2814 a
2789 2761 3021 2816 Domino
3055 2761 3162 2828 Deo
3190 2766 3282 2814 tuo
3312 2758 3365 2814 in
3399 2757 3600 2823 Horeb,

2007 2855 2223 2932 quando
2253 2855 2444 2911 concio
2475 2865 2800 2926 congregata
2834 2865 2937 2920 est,
2971 2863 3135 2923 atque
3181 2851 3362 2908 dixisti
3399 2869 3412 2906 :
3450 2851 3602 2906 Ultra

2006 2965 2114 3004 non
2143 2947 2356 3004 audiam
2399 2963 2588 3003 vocem
2620 2946 2834 3003 Domini
2878 2948 2969 3003 Dei
2998 2947 3131 3014 mei,
3162 2957 3216 3002 et
3245 2947 3423 3016 ignem
3459 2945 3601 2998 hunc

2009 3042 2300 3095 maximum
2333 3039 2567 3109 amplius
2599 3054 2706 3094 non
2740 3038 2960 3104 videbo,
3013 3052 3081 3092 ne
3131 3036 3356 3092 moriar.
3414 3034 3480 3088 Et
3529 3032 3606 3089 ait

314 3125 470 3196 piens
503 3127 783 3194 exemplar
829 3141 858 3182 a
905 3126 1282 3182 sactt-rdotibus
1333 3126 1583 3180 Leviticae
1623 3125 1817 3192 tribus,
1849 3133 1903 3180 et
1929 3133 1972 3196 (ζ
2010 3133 2267 3187 Dominus
2292 3131 2617 3188 mihizBene
2642 3134 2820 3186 omnia
2842 3142 2965 3186 sunt
2994 3129 3181 3184 locuti.
3217 3127 3316 3200 [Β.
3338 3125 3604 3200 LXXIX.]

317 3216 535 3272 habebit
567 3219 1060 3290 secum,_legetque
1090 3217 1220 3272 illttd
1253 3217 1509 3271 omnibus
1539 3215 1734 3270 diebus
1776 3215 1902 3271 vita:

315 3321 446 3372 sure,
480 3317 538 3362 ut
567 3308 739 3363 discat
777 3311 967 3364 timere
992 3310 1276 3363 Dominum
1310 3308 1476 3363 Deum
1509 3324 1687 3375 suum,
1725 3320 1779 3364 et
1811 3324 1904 3364 cu-

313 3401 520 3457 stodire
543 3402 711 3458 verba
738 3416 788 3458 et
812 3406 1161 3458 caeremonias
1184 3403 1322 3474 ejus,
1346 3419 1465 3474 quae
1495 3403 1611 3473 lege
1633 3411 1903 3475 praecepta

314 3503 457 3547 sunt.
489 3493 600 3550 Nec
630 3496 875 3550 elevetur
906 3511 1001 3551 cor
1029 3497 1147 3566 ejus
1179 3497 1229 3550 in
1264 3495 1568 3564 superbiam
1607 3511 1770 3566 super
1798 3495 1904 3549 fra-

317 3597 424 3644 tres
469 3605 623 3655 suos,
659 3606 833 3662 neque
871 3592 1103 3646 declinet
1135 3592 1219 3664 [h.
1247 3607 1276 3645 a
1310 3600 1579 3664 praecepto
1611 3601 1635 3628 ’ί
1660 3590 1821 3662 legis]
1850 3593 1901 3648 in

317 3694 519 3753 partem
566 3685 845 3743 dexteram
879 3688 962 3742 vel
1003 3687 1306 3751 sinistram,
1355 3696 1410 3741 ut
1446 3687 1606 3757 longo
1657 3695 1903 3758 tempore

317 3789 502 3848 regnet
536 3779 672 3848 ipse,
719 3791 775 3836 et
803 3781 894 3834 lilii
931 3780 1070 3851 ejus,
1104 3796 1267 3850 super
1296 3780 1484 3835 Israel.

385 3872 473 3943 [Β.
499 3872 738 3944 LXXVI,
770 3873 898 3948 Cap.
925 3874 1110 3930 XVIII.
1135 3874 1148 3946 ’ᾖ
1188 3874 1307 3930 Νοη
1341 3874 1615 3930 habebunt
1641 3873 1900 3929 sacerdo-

319 3975 394 4020 tes
415 3977 459 4019 et
489 3964 572 4036 [h.
605 3981 709 4021 non
742 3966 929 4039 habet]
951 3967 1174 4032 Lovitzc,
1205 3976 1259 4021 et
1289 3980 1478 4021 omnes
1505 3967 1594 4038 qui
1624 3967 1691 4020 de
1715 3967 1902 4022 eadem

318 4057 454 4111 tribu
497 4068 620 4112 sunt
641 4100 655 4125 ,
690 4071 899 4130 partem
942 4070 997 4114 et
1027 4059 1401 4114 hereditatem
1433 4075 1554 4113 eum
1585 4060 1783 4128 reliquo
1815 4059 1902 4130 [h.

319 4165 420 4203 non
461 4150 654 4223 habet]
686 4151 886 4218 Israel,
920 4153 1042 4222 quia
1091 4152 1355 4206 sacrificia
1398 4152 1612 4207 Dom'ni
1670 4163 1719 4206 et
1755 4152 1906 4206 oblav

319 4242 491 4297 tiones
514 4241 629 4313 ejus
652 4243 740 4314 [h.
772 4243 1143 4298 lnereditatem
1175 4242 1321 4314 ejus]
1344 4243 1656 4309 comedent,
1687 4253 1738 4298 et
1772 4241 1904 4297 nihil

318 4332 461 4388 aliud
511 4334 778 4405 accipient
825 4336 891 4391 de
940 4335 1288 4406 possessione
1347 4333 1571 4390 fratrum
1633 4351 1900 4390 suorum:

321 4426 583 4481 Dominus
631 4429 772 4482 enim
807 4428 920 4498 ipse
954 4439 1033 4483 est
1068 4429 1356 4484 lia-reditas
1388 4445 1597 4494 eorum,
1634 4429 1774 4483 sicut
1826 4428 1907 4482 lo-

2007 3226 2333 3296 Prophetam
2370 3225 2646 3280 suscitabo
2685 3225 2763 3280 eis
2792 3224 2860 3279 de
2899 3221 3079 3278 medio
3119 3222 3345 3277 fratrum
3376 3234 3599 3274 suorum

2006 3318 2237 3372 similem
2271 3317 2368 3382 tui,
2417 3327 2470 3371 et
2503 3331 2697 3386 ponam
2743 3313 2904 3368 verba
2956 3329 3071 3368 mea
3117 3313 3170 3366 in
3200 3328 3297 3367 ore
3349 3312 3488 3382 ejus,
3519 3311 3604 3365 lo-‘

2006 3420 2308 3480 queturque
2355 3407 2421 3461 ad
2466 3423 2559 3462 eos
2609 3407 2787 3460 omnia
2835 3421 2958 3476 quae
3001 3419 3312 3477 praecepero
3355 3402 3454 3457 illi.
3490 3401 3597 3470 Qui

2005 3514 2187 3558 autem
2220 3503 2388 3557 verba
2408 3502 2547 3573 ejus,
2579 3516 2700 3572 qua:
2728 3501 2982 3570 loquetur
3013 3500 3064 3554 in
3092 3499 3309 3554 nomine
3333 3513 3477 3563 meo,
3506 3513 3601 3550 au-

2007 3598 2123 3653 dire
2156 3597 2413 3662 noluerit,
2461 3612 2564 3666 ego
2610 3596 2755 3650 ultor
2793 3596 3080 3650 exsistam.
3129 3590 3224 3664 [C.
3274 3587 3602 3668 LXXXIII.]

2009 3689 2276 3759 Propheta
2301 3698 2502 3748 antem,
2537 3687 2626 3758 qui
2658 3685 2967 3756 arrogantia
2997 3684 3334 3758 depravatus
3365 3681 3603 3736 voluerit

2010 3781 2158 3850 loqui
2193 3781 2243 3833 in
2278 3781 2493 3834 nomine
2531 3794 2676 3844 meo,
2707 3793 2829 3848 qua:
2855 3792 2957 3846 ego
3005 3791 3111 3830 non
3145 3774 3378 3845 praecepi
3410 3772 3511 3837 illi,
3545 3779 3603 3824 ut

2008 3873 2233 3934 diet‘ret,
2264 3883 2355 3925 aut
2381 3887 2443 3926 ex
2490 3871 2711 3926 nomine
2753 3869 3053 3924 alienorum
3096 3868 3348 3932 deorum,
3382 3864 3600 3920 interﬁ-

2009 3965 2180 4018 Cit'IlIl‘
2212 3966 2304 4035 lli.
2343 3961 2615 4034 Pmpheta
2641 3975 2818 4018 autem
2843 3963 2930 4033 qui
2957 3960 3214 4032 superbia
3246 3960 3458 4015 locutus
3489 3959 3602 4012 fue-

2010 4061 2077 4114 rit
2110 4062 2162 4114 in
2193 4060 2409 4114 nomine
2441 4074 2584 4126 meo,
2615 4073 2740 4126 qua:
2773 4072 2872 4128 ego
2912 4072 3019 4111 non
3055 4056 3287 4126 praecepi
3323 4053 3401 4108 illi
3432 4062 3490 4105 ut
3521 4050 3605 4104 dia

2009 4161 2155 4204 ceret
2184 4159 2361 4204 autex
2396 4150 2616 4212 nomine
2645 4149 2950 4204 alienorum
2997 4147 3209 4202 locutus
3248 4144 3434 4212 fuerit,
3483 4157 3604 4196 rno-

2011 4240 2234 4312 rictur].
2283 4239 2378 4312 [Β.
2431 4238 2699 4311 LXXX]
2759 4239 2913 4306 Quod
2961 4239 3006 4293 si
3059 4237 3217 4291 tacita
3271 4232 3608 4305 cogitatione

2011 4332 2356 4404 responderis
2391 4351 2403 4386 :
2437 4335 2553 4399 Quo
2583 4334 2744 4388 modo
2777 4347 2995 4403 possum
3031 4330 3334 4401 intelligere
3355 4326 3603 4392 verbum,

2010 4427 2154 4497 quod
2180 4443 2284 4482 non
2315 4435 2399 4482 est
2425 4427 2634 4482 locutus
2664 4425 2957 4481 Dominus?
2995 4424 3097 4477 hoc
3120 4421 3344 4478 habebis
3368 4420 3612 4489 signum:

318 4528 472 4572 cutus
502 4529 584 4574 est
616 4519 739 4574 illis.
770 4519 861 4592 [C.
887 4519 1102 4575 LXXX.
1125 4520 1141 4594 ]
1167 4521 1281 4576 Hoc
1310 4522 1415 4576 erit
1439 4520 1701 4590 judicium
1730 4535 1905 4576 sacer-
1937 4532 1988 4593 D
2012 4521 2166 4588 Quod
2201 4523 2253 4577 in
2300 4521 2518 4576 nomine
2551 4519 2764 4575 Domini
2811 4519 3071 4590 propheta
3123 4516 3215 4570 ille
3266 4513 3603 4586 praedixerit,

320 4609 503 4665 dctum
564 4626 592 4664 a
631 4614 832 4684 pepulo
877 4625 930 4667 et
973 4613 1040 4667 ab
1071 4613 1153 4668 his
1193 4615 1285 4686 qui
1327 4613 1569 4669 offerunt
1609 4614 1858 4668 victimas
1891 4632 1904 4670 :

318 4706 430 4760 sive
457 4705 672 4772 bovem,
703 4709 815 4762 sive
842 4722 997 4762 ovem
1030 4707 1457 4776 immolaverint,
1491 4709 1696 4764 dabunt
1725 4723 1908 4764 sacer-

318 4797 424 4854 doti
458 4814 670 4855 armum
705 4799 733 4839 ι)
760 4815 822 4857 ac
851 4802 1212 4857 ventriculum
1243 4803 1330 4876 [h.
1356 4818 1589 4871 armum,
1624 4813 1679 4858 et
1721 4803 1911 4858 maxil-

321 4890 447 4963 lam,
496 4907 560 4948 ac
585 4892 1317 4965 ventriculum]:primitias
1359 4896 1635 4962 frumenti,
1681 4896 1808 4956 vini.
1857 4903 1912 4950 et

320 4983 442 5052 olei,
475 4993 531 5039 et
561 4983 809 5039 lanarum
838 4998 1049 5057 partem
1083 5001 1148 5041 ex
1190 4988 1372 5041 ovium
1409 4988 1657 5042 tonsione
1689 5005 1702 5042 :
1733 4986 1908 5056 ipsum

320 5077 458 5130 enim
491 5076 655 5147 elegit
684 5077 943 5132 Dominus
978 5079 1118 5134 Deus
1150 5087 1272 5133 tuus
1303 5080 1369 5134 de
1413 5081 1622 5134 cunctis
1666 5079 1912 5134 tribubus

320 5169 446 5236 tuis,
478 5177 538 5224 ut
566 5177 693 5240 stet,
744 5180 798 5226 et
839 5169 1108 5226 ministret
1149 5172 1354 5227 nomini
1405 5171 1620 5228 Domini
1671 5173 1809 5243 ipse,
1856 5182 1911 5229 et

390 5372 680 5448 {Verbum
710 5375 854 5448 _legis
907 5385 1129 5448 nonest
1166 5376 1218 5429 in
1247 5384 1421 5448 textu
1456 5376 1720 5448 llcbraico
1760 5398 1772 5432 :
1809 5376 1905 5433 sed

325 5445 563 5519 additum
596 5446 743 5502 credi
775 5445 968 5519 potest
1001 5447 1066 5500 ab
1098 5445 1399 5502 Scholiaste
1442 5447 1632 5501 Latino
1664 5450 1912 5519 explica-

326 5517 486 5588 tionis
529 5529 713 5583 causa,
748 5527 804 5571 ut
856 5515 1053 5588 factum
1098 5519 1464 5585 conspicimus
1494 5520 1561 5571 ab
1604 5515 1912 5588 lntcr'prete

323 5585 628 5657 Chaldaicaa
686 5586 1050 5656 paraphrasis,
1087 5590 1175 5654 qui
1229 5590 1295 5641 ad
1344 5604 1531 5644 vocem
1577 5585 1913 5657 praeceptum,

327 5656 462 5722 sive,
484 5677 516 5732 _a
538 5668 794 5732 praecepto
821 5657 1026 5732 addidit
1051 5673 1247 5713 nomen
1280 5657 1506 5714 Domini.
1540 5656 1721 5715 MART.

396 5728 632 5783 —Addit
663 5728 849 5786 revera
870 5729 1033 5786 Hebr.
1052 5739 1253 5797 textus,
1279 5747 1308 5782 ﬂ
1322 5741 1577 5802 prazcepto
1593 5737 1922 5820 roma-tn;

2011 4625 2064 4671 et
2094 4631 2198 4670 non
2241 4617 2482 4670 evenerit
2517 4635 2529 4670 :
2563 4615 2664 4669 hoc
2688 4613 2950 4668 Dominus
2988 4627 3095 4665 non
3128 4620 3210 4665 est
3241 4609 3477 4673 locutus,
3510 4604 3608 4660 sed

2013 4723 2108 4777 per
2134 4720 2394 4762 tumorem
2421 4706 2583 4760 animi
2612 4705 2694 4758 sui
2722 4704 2985 4776 propheta
3009 4699 3302 4758 confinxit:
3327 4707 3385 4754 et
3407 4698 3608 4754 idcirco

2014 4817 2118 4855 non
2151 4799 2362 4854 timebis
2393 4815 2514 4854 eum
2547 4799 2636 4871 [h.
2667 4813 2773 4853 non
2809 4797 3022 4852 timebis
3050 4797 3118 4851 de
3143 4793 3269 4868 eo].

2085 4893 2180 4965 [Β.
2221 4891 2461 4960 LXXXI,
2498 4889 2628 4962 Cap.
2673 4890 2854 4964 XIX.]
2892 4889 3026 4945 Cum
3067 4886 3462 4959 disperdiderit
3501 4884 3614 4938 Do-

2013 4988 2192 5040 minus
2225 4985 2365 5040 Deus
2395 4994 2517 5039 tuus
2545 4993 2758 5055 gentes,
2793 4998 3032 5062 quarum
3071 4982 3169 5036 tibi
3209 4979 3504 5036 traditurus
3533 4983 3617 5032 est

2015 5093 2232 5145 terram,
2251 5090 2303 5134 et
2330 5080 2639 5149 possederis
2667 5094 2809 5147 eam,
2840 5077 3276 5147 habitaverisque
3307 5075 3360 5130 in
3387 5073 3616 5134 urbibus

2013 5189 2200 5230 earum
2233 5172 2428 5245 [ναις.
2461 5171 2609 5245 ejus]
2641 5181 2696 5228 et
2724 5172 2778 5226 in
2811 5171 3019 5226 aedibus
3049 5187 3062 5226 :
3098 5179 3210 5226 tres
3239 5168 3489 5228 civitates
3529 5180 3617 5222 se-

2013 5393 2120 5451 non
2147 5378 2299 5451 item,
2333 5378 2476 5446 quod
2505 5377 2844 5451 Scholiastes
2891 5387 3062 5446 notat,
3097 5389 3150 5433 et
3178 5378 3328 5451 legis.

2085 5447 2111 5487 b
2147 5448 2443 5503 Verissime
2491 5458 2732 5503 notatum
2765 5450 3104 5514 Scholiastre,
3146 5451 3197 5503 in
3227 5447 3475 5503 'Ilebra'o
3507 5463 3618 5501 ma-

2017 5521 2193 5585 xillas,
2221 5535 2378 5588 quam
2408 5520 2684 5575 Sacerdoti
2712 5533 2920 5590 partem
2953 5521 3159 5586 tribuit,
3187 5537 3307 5584 qum
3337 5520 3408 5572 ibi
3430 5519 3623 5590 dicun-

2024 5601 2130 5664 tur,
2163 5598 2406 5664 ΒἿΊΠἽΠἹ,
2443 5589 2791 5664 Septuaginta
2821 5598 2908 5649 καὶ
2936 5590 3432 5664 σιαγόνανοιιΙωΙοε
3461 5589 3641 5653 NVT”.

2026 5663 2239 5715 voeant.
2276 5662 2393 5731 Ipse
2415 5662 2575 5718 etiam
2601 5663 2825 5718 llicron.
2857 5665 2908 5718 in
2948 5662 3058 5718 suis
3087 5663 3308 5732 scriptis
3332 5669 3387 5716 et
3409 5669 3624 5730 partem

2032 5732 2170 5787 hanc
2201 5733 2472 5802 agnoscit,
2504 5743 2555 5788 et
2587 5734 2875 5805 allegorias
2905 5751 2969 5790 ex
2999 5749 3060 5789 ea
3103 5740 3304 5804 captat.
