  <div class='ocr_page' id='page_1' title='image "/cluster/home/n/w/nwhite01/storage/ocr_20150623/28/hvd.32044015471410/225.png"; bbox 0 0 4098 6366; ppageno 0'>
   <div class='ocr_carea' id='block_1_1' title="bbox 444 277 553 334">
    <p class='ocr_par' dir='ltr' id='par_1_1' title="bbox 444 277 553 334">
     <span class='ocr_line' id='line_1_1' title="bbox 444 277 553 334; baseline -0.018 0"><span class='ocrx_word' id='word_1_1' title='bbox 444 277 553 334; x_wconf 73' lang='grc'><strong>439</strong></span> 
     </span>
    </p>
   </div>
   <div class='ocr_carea' id='block_1_2' title="bbox 1453 259 2734 326">
    <p class='ocr_par' dir='ltr' id='par_1_2' title="bbox 1453 259 2734 326">
     <span class='ocr_line' id='line_1_2' title="bbox 1453 259 2734 326; baseline -0.005 0"><span class='ocrx_word' id='word_1_2' title='bbox 1453 268 1516 326; x_wconf 77' lang='lat' dir='ltr'><strong>S.</strong></span> <span class='ocrx_word' id='word_1_3' title='bbox 1553 261 1937 324; x_wconf 73' lang='lat' dir='ltr'><strong>HIERONYMI</strong></span> <span class='ocrx_word' id='word_1_4' title='bbox 1979 260 2209 321; x_wconf 73' lang='lat' dir='ltr'><strong>DIYINA</strong></span> <span class='ocrx_word' id='word_1_5' title='bbox 2248 259 2734 319; x_wconf 83' lang='lat' dir='ltr'><strong>BIBLIOTIIECA.</strong></span> 
     </span>
    </p>
   </div>
   <div class='ocr_carea' id='block_1_3' title="bbox 3631 257 3744 316">
    <p class='ocr_par' dir='ltr' id='par_1_3' title="bbox 3631 257 3744 316">
     <span class='ocr_line' id='line_1_3' title="bbox 3631 257 3744 316; baseline 0.018 -2"><span class='ocrx_word' id='word_1_6' title='bbox 3631 257 3744 316; x_wconf 72' lang='grc' dir='ltr'><strong>4Ξο</strong></span> 
     </span>
    </p>
   </div>
   <div class='ocr_carea' id='block_1_4' title="bbox 448 375 3745 464">
    <p class='ocr_par' dir='ltr' id='par_1_4' title="bbox 448 375 3745 464">
     <span class='ocr_line' id='line_1_4' title="bbox 448 375 3745 464; baseline -0.004 -17"><span class='ocrx_word' id='word_1_7' title='bbox 448 389 670 464; x_wconf 88' lang='lat' dir='ltr'><strong>parabis</strong></span> <span class='ocrx_word' id='word_1_8' title='bbox 704 386 802 445; x_wconf 90' lang='lat' dir='ltr'><strong>tibi</strong></span> <span class='ocrx_word' id='word_1_9' title='bbox 840 385 894 443; x_wconf 91' lang='lat' dir='ltr'><strong>in</strong></span> <span class='ocrx_word' id='word_1_10' title='bbox 939 383 1119 443; x_wconf 90' lang='lat' dir='ltr'><strong>medio</strong></span> <span class='ocrx_word' id='word_1_11' title='bbox 1158 392 1349 452; x_wconf 78' lang='lat' dir='ltr'><strong>terrae,</strong></span> <span class='ocrx_word' id='word_1_12' title='bbox 1391 397 1552 456; x_wconf 90' lang='lat' dir='ltr'><strong>quam</strong></span> <span class='ocrx_word' id='word_1_13' title='bbox 1599 380 1864 435; x_wconf 90' lang='lat' dir='ltr'><strong>Dominus</strong></span> <span class='ocrx_word' id='word_1_14' title='bbox 1903 379 2046 436; x_wconf 88' lang='lat' dir='ltr'><strong>Deus</strong></span> <span class='ocrx_word' id='word_1_15' title='bbox 2071 381 2122 442; x_wconf 86' lang='lat' dir='ltr'><strong>A</strong></span> <span class='ocrx_word' id='word_1_16' title='bbox 2149 379 2289 437; x_wconf 93' lang='lat' dir='ltr'><strong>citus</strong></span> <span class='ocrx_word' id='word_1_17' title='bbox 2318 377 2739 443; x_wconf 79' lang='lat' dir='ltr'><strong>multitudinem,</strong></span> <span class='ocrx_word' id='word_1_18' title='bbox 2770 391 2880 434; x_wconf 92' lang='lat' dir='ltr'><strong>non</strong></span> <span class='ocrx_word' id='word_1_19' title='bbox 2905 375 3124 433; x_wconf 90' lang='lat' dir='ltr'><strong>timebis</strong></span> <span class='ocrx_word' id='word_1_20' title='bbox 3153 390 3249 433; x_wconf 90' lang='lat' dir='ltr'><strong>eos</strong></span> <span class='ocrx_word' id='word_1_21' title='bbox 3280 393 3296 434; x_wconf 84' lang='lat'><strong>:</strong></span> <span class='ocrx_word' id='word_1_22' title='bbox 3325 377 3449 449; x_wconf 86' lang='lat' dir='ltr'><strong>quia</strong></span> <span class='ocrx_word' id='word_1_23' title='bbox 3478 378 3745 435; x_wconf 84' lang='lat' dir='ltr'><strong>Dominus</strong></span> 
     </span>
    </p>
   </div>
   <div class='ocr_carea' id='block_1_5' title="bbox 452 474 2042 551">
    <p class='ocr_par' dir='ltr' id='par_1_5' title="bbox 452 474 2042 551">
     <span class='ocr_line' id='line_1_5' title="bbox 452 474 2042 551; baseline -0.008 -9"><span class='ocrx_word' id='word_1_24' title='bbox 452 498 577 542; x_wconf 89' lang='lat' dir='ltr'><strong>tuus</strong></span> <span class='ocrx_word' id='word_1_25' title='bbox 598 484 751 540; x_wconf 92' lang='lat' dir='ltr'><strong>dabit</strong></span> <span class='ocrx_word' id='word_1_26' title='bbox 780 482 878 538; x_wconf 90' lang='lat' dir='ltr'><strong>tibi</strong></span> <span class='ocrx_word' id='word_1_27' title='bbox 908 483 960 535; x_wconf 93' lang='lat' dir='ltr'><strong>in</strong></span> <span class='ocrx_word' id='word_1_28' title='bbox 1003 480 1427 551; x_wconf 86' lang='lat' dir='ltr'><strong>possessionem,</strong></span> <span class='ocrx_word' id='word_1_29' title='bbox 1467 486 1721 532; x_wconf 85' lang='lat' dir='ltr'><strong>sternens</strong></span> <span class='ocrx_word' id='word_1_30' title='bbox 1749 474 2042 545; x_wconf 78' lang='lat' dir='ltr'><strong>diligenter</strong></span> 
     </span>
    </p>
   </div>
   <div class='ocr_carea' id='block_1_6' title="bbox 449 566 2042 650">
    <p class='ocr_par' dir='ltr' id='par_1_6' title="bbox 449 566 2042 650">
     <span class='ocr_line' id='line_1_6' title="bbox 449 566 2042 650; baseline -0.007 -17"><span class='ocrx_word' id='word_1_31' title='bbox 449 576 693 650; x_wconf 85' lang='lat' dir='ltr'><strong>viam[h.</strong></span> <span class='ocrx_word' id='word_1_32' title='bbox 719 588 916 646; x_wconf 89' lang='lat' dir='ltr'><strong>parans</strong></span> <span class='ocrx_word' id='word_1_33' title='bbox 939 572 1035 628; x_wconf 85' lang='lat' dir='ltr'><strong>tibi</strong></span> <span class='ocrx_word' id='word_1_34' title='bbox 1057 569 1263 643; x_wconf 89' lang='lat' dir='ltr'><strong>viam],</strong></span> <span class='ocrx_word' id='word_1_35' title='bbox 1284 581 1332 625; x_wconf 91' lang='lat' dir='ltr'><strong>et</strong></span> <span class='ocrx_word' id='word_1_36' title='bbox 1350 571 1402 624; x_wconf 91' lang='lat' dir='ltr'><strong>in</strong></span> <span class='ocrx_word' id='word_1_37' title='bbox 1420 579 1530 625; x_wconf 90' lang='lat' dir='ltr'><strong>tres</strong></span> <span class='ocrx_word' id='word_1_38' title='bbox 1554 566 1833 638; x_wconf 77' lang='lat' dir='ltr'><strong>aequaliter</strong></span> <span class='ocrx_word' id='word_1_39' title='bbox 1859 575 2042 638; x_wconf 90' lang='lat' dir='ltr'><strong>partes</strong></span> 
     </span>
    </p>
   </div>
   <div class='ocr_carea' id='block_1_7' title="bbox 449 658 2043 734">
    <p class='ocr_par' dir='ltr' id='par_1_7' title="bbox 449 658 2043 734">
     <span class='ocr_line' id='line_1_7' title="bbox 449 658 2043 734; baseline -0.007 -7"><span class='ocrx_word' id='word_1_40' title='bbox 449 679 617 728; x_wconf 90' lang='lat' dir='ltr'><strong>totam</strong></span> <span class='ocrx_word' id='word_1_41' title='bbox 634 678 791 725; x_wconf 64' lang='lat' dir='ltr'><strong>terra</strong></span> <span class='ocrx_word' id='word_1_42' title='bbox 813 677 916 722; x_wconf 64' lang='lat' dir='ltr'><strong>tuae</strong></span> <span class='ocrx_word' id='word_1_43' title='bbox 933 664 1266 734; x_wconf 82' lang='lat' dir='ltr'><strong>provinciam</strong></span> <span class='ocrx_word' id='word_1_44' title='bbox 1279 660 1514 717; x_wconf 82' lang='lat' dir='ltr'><strong>divides:</strong></span> <span class='ocrx_word' id='word_1_45' title='bbox 1539 669 1596 715; x_wconf 92' lang='lat' dir='ltr'><strong>ut</strong></span> <span class='ocrx_word' id='word_1_46' title='bbox 1612 658 1808 714; x_wconf 81' lang='lat' dir='ltr'><strong>habeat</strong></span> <span class='ocrx_word' id='word_1_47' title='bbox 1823 660 2043 716; x_wconf 90' lang='lat' dir='ltr'><strong>evicino</strong></span> 
     </span>
    </p>
   </div>
   <div class='ocr_carea' id='block_1_8' title="bbox 449 753 2046 835">
    <p class='ocr_par' dir='ltr' id='par_1_8' title="bbox 449 753 2046 835">
     <span class='ocr_line' id='line_1_8' title="bbox 449 753 2046 835; baseline -0.008 -15"><span class='ocrx_word' id='word_1_48' title='bbox 449 770 542 835; x_wconf 89' lang='lat' dir='ltr'><strong>qui</strong></span> <span class='ocrx_word' id='word_1_49' title='bbox 571 774 792 834; x_wconf 76' lang='lat' dir='ltr'><strong>prouter</strong></span> <span class='ocrx_word' id='word_1_50' title='bbox 823 757 1172 814; x_wconf 83' lang='lat' dir='ltr'><strong>homicidium</strong></span> <span class='ocrx_word' id='word_1_51' title='bbox 1200 755 1456 825; x_wconf 78' lang='lat' dir='ltr'><strong>profugus</strong></span> <span class='ocrx_word' id='word_1_52' title='bbox 1480 761 1564 809; x_wconf 91' lang='lat' dir='ltr'><strong>est</strong></span> <span class='ocrx_word' id='word_1_53' title='bbox 1588 769 1696 822; x_wconf 90' lang='lat' dir='ltr'><strong>quo</strong></span> <span class='ocrx_word' id='word_1_54' title='bbox 1732 753 1902 823; x_wconf 90' lang='lat' dir='ltr'><strong>possit</strong></span> <span class='ocrx_word' id='word_1_55' title='bbox 1917 767 2046 808; x_wconf 87' lang='lat' dir='ltr'><strong>eva-</strong></span> 
     </span>
    </p>
   </div>
   <div class='ocr_carea' id='block_1_9' title="bbox 450 846 2038 929">
    <p class='ocr_par' dir='ltr' id='par_1_9' title="bbox 450 846 2038 929">
     <span class='ocr_line' id='line_1_9' title="bbox 450 846 2038 929; baseline -0.008 -15"><span class='ocrx_word' id='word_1_56' title='bbox 450 857 600 914; x_wconf 91' lang='lat' dir='ltr'><strong>dere.</strong></span> <span class='ocrx_word' id='word_1_57' title='bbox 633 850 1044 926; x_wconf 83' lang='lat' dir='ltr'><strong>[C.LXXX|V.]</strong></span> <span class='ocrx_word' id='word_1_58' title='bbox 1072 850 1197 904; x_wconf 85' lang='lat' dir='ltr'><strong>Ilaec</strong></span> <span class='ocrx_word' id='word_1_59' title='bbox 1223 849 1330 917; x_wconf 79' lang='lat' dir='ltr'><strong>erit</strong></span> <span class='ocrx_word' id='word_1_60' title='bbox 1351 847 1434 904; x_wconf 81' lang='lat' dir='ltr'><strong>lex</strong></span> <span class='ocrx_word' id='word_1_61' title='bbox 1451 846 1737 902; x_wconf 72' lang='lat' dir='ltr'><strong>homicida:</strong></span> <span class='ocrx_word' id='word_1_62' title='bbox 1760 846 2038 929; x_wconf 73' lang='lat' dir='ltr'><strong>fugientis,</strong></span> 
     </span>
    </p>
   </div>
   <div class='ocr_carea' id='block_1_10' title="bbox 450 941 2043 1019">
    <p class='ocr_par' dir='ltr' id='par_1_10' title="bbox 450 941 2043 1019">
     <span class='ocr_line' id='line_1_10' title="bbox 450 941 2043 1019; baseline -0.007 -13"><span class='ocrx_word' id='word_1_63' title='bbox 450 952 606 1019; x_wconf 85' lang='lat' dir='ltr'><strong>cujus</strong></span> <span class='ocrx_word' id='word_1_64' title='bbox 646 951 752 1004; x_wconf 89' lang='lat' dir='ltr'><strong>vita</strong></span> <span class='ocrx_word' id='word_1_65' title='bbox 786 944 1055 1004; x_wconf 88' lang='lat' dir='ltr'><strong>servanda</strong></span> <span class='ocrx_word' id='word_1_66' title='bbox 1081 952 1165 999; x_wconf 90' lang='lat' dir='ltr'><strong>est</strong></span> <span class='ocrx_word' id='word_1_67' title='bbox 1198 959 1210 996; x_wconf 89' lang='lat'><strong>:</strong></span> <span class='ocrx_word' id='word_1_68' title='bbox 1244 941 1346 1011; x_wconf 86' lang='lat' dir='ltr'><strong>Qui</strong></span> <span class='ocrx_word' id='word_1_69' title='bbox 1376 942 1707 1012; x_wconf 70' lang='lat' dir='ltr'><strong>percusserit</strong></span> <span class='ocrx_word' id='word_1_70' title='bbox 1734 941 2043 1012; x_wconf 85' lang='lat' dir='ltr'><strong>proximum</strong></span> 
     </span>
    </p>
   </div>
   <div class='ocr_carea' id='block_1_11' title="bbox 451 1034 2072 1108">
    <p class='ocr_par' dir='ltr' id='par_1_11' title="bbox 451 1034 2072 1108">
     <span class='ocr_line' id='line_1_11' title="bbox 451 1034 2072 1108; baseline -0.009 -7"><span class='ocrx_word' id='word_1_71' title='bbox 451 1060 613 1101; x_wconf 90' lang='lat' dir='ltr'><strong>suum</strong></span> <span class='ocrx_word' id='word_1_72' title='bbox 649 1041 922 1102; x_wconf 90' lang='lat' dir='ltr'><strong>nesciens,</strong></span> <span class='ocrx_word' id='word_1_73' title='bbox 953 1046 1010 1093; x_wconf 91' lang='lat' dir='ltr'><strong>et</strong></span> <span class='ocrx_word' id='word_1_74' title='bbox 1037 1037 1126 1108; x_wconf 92' lang='lat' dir='ltr'><strong>qui</strong></span> <span class='ocrx_word' id='word_1_75' title='bbox 1157 1035 1274 1091; x_wconf 90' lang='lat' dir='ltr'><strong>heri</strong></span> <span class='ocrx_word' id='word_1_76' title='bbox 1303 1045 1358 1092; x_wconf 94' lang='lat' dir='ltr'><strong>et</strong></span> <span class='ocrx_word' id='word_1_77' title='bbox 1397 1035 1788 1090; x_wconf 84' lang='lat' dir='ltr'><strong>nudiustertius</strong></span> <span class='ocrx_word' id='word_1_78' title='bbox 1835 1034 2072 1089; x_wconf 54' lang='lat' dir='ltr'><strong>nullum-</strong></span> 
     </span>
    </p>
   </div>
   <div class='ocr_carea' id='block_1_12' title="bbox 446 1126 2044 1197">
    <p class='ocr_par' dir='ltr' id='par_1_12' title="bbox 446 1126 2044 1197">
     <span class='ocr_line' id='line_1_12' title="bbox 446 1126 2044 1197; baseline -0.008 -3"><span class='ocrx_word' id='word_1_79' title='bbox 446 1146 637 1194; x_wconf 88' lang='lat' dir='ltr'><strong>contra</strong></span> <span class='ocrx_word' id='word_1_80' title='bbox 664 1150 785 1191; x_wconf 91' lang='lat' dir='ltr'><strong>eum</strong></span> <span class='ocrx_word' id='word_1_81' title='bbox 805 1133 987 1189; x_wconf 90' lang='lat' dir='ltr'><strong>odium</strong></span> <span class='ocrx_word' id='word_1_82' title='bbox 1009 1128 1268 1185; x_wconf 87' lang='lat' dir='ltr'><strong>habuisse</strong></span> <span class='ocrx_word' id='word_1_83' title='bbox 1285 1130 1675 1197; x_wconf 79' lang='lat' dir='ltr'><strong>comprobatur</strong></span> <span class='ocrx_word' id='word_1_84' title='bbox 1692 1145 1704 1180; x_wconf 89' lang='lat'><strong>:</strong></span> <span class='ocrx_word' id='word_1_85' title='bbox 1719 1127 1815 1182; x_wconf 92' lang='lat' dir='ltr'><strong>sed</strong></span> <span class='ocrx_word' id='word_1_86' title='bbox 1841 1126 2044 1182; x_wconf 88' lang='lat' dir='ltr'><strong>abiisse</strong></span> 
     </span>
    </p>
   </div>
   <div class='ocr_carea' id='block_1_13' title="bbox 447 1220 2044 1301">
    <p class='ocr_par' dir='ltr' id='par_1_13' title="bbox 447 1220 2044 1301">
     <span class='ocr_line' id='line_1_13' title="bbox 447 1220 2044 1301; baseline -0.008 -14"><span class='ocrx_word' id='word_1_87' title='bbox 447 1231 769 1301; x_wconf 85' lang='lat' dir='ltr'><strong>simpliciter</strong></span> <span class='ocrx_word' id='word_1_88' title='bbox 790 1243 914 1284; x_wconf 89' lang='lat' dir='ltr'><strong>cum</strong></span> <span class='ocrx_word' id='word_1_89' title='bbox 945 1241 1010 1282; x_wconf 87' lang='lat' dir='ltr'><strong>eo</strong></span> <span class='ocrx_word' id='word_1_90' title='bbox 1041 1226 1094 1280; x_wconf 93' lang='lat' dir='ltr'><strong>in</strong></span> <span class='ocrx_word' id='word_1_91' title='bbox 1119 1225 1308 1280; x_wconf 88' lang='lat' dir='ltr'><strong>silvam</strong></span> <span class='ocrx_word' id='word_1_92' title='bbox 1335 1223 1404 1278; x_wconf 91' lang='lat' dir='ltr'><strong>ad</strong></span> <span class='ocrx_word' id='word_1_93' title='bbox 1427 1223 1567 1294; x_wconf 89' lang='lat' dir='ltr'><strong>ligna</strong></span> <span class='ocrx_word' id='word_1_94' title='bbox 1594 1221 1875 1285; x_wconf 85' lang='lat' dir='ltr'><strong>caedenda,</strong></span> <span class='ocrx_word' id='word_1_95' title='bbox 1901 1229 1956 1276; x_wconf 91' lang='lat' dir='ltr'><strong>et</strong></span> <span class='ocrx_word' id='word_1_96' title='bbox 1989 1220 2044 1275; x_wconf 93' lang='lat' dir='ltr'><strong>in</strong></span> 
     </span>
    </p>
   </div>
   <div class='ocr_carea' id='block_1_14' title="bbox 444 1314 2047 1391">
    <p class='ocr_par' dir='ltr' id='par_1_14' title="bbox 444 1314 2047 1391">
     <span class='ocr_line' id='line_1_14' title="bbox 444 1314 2047 1391; baseline -0.008 -10"><span class='ocrx_word' id='word_1_97' title='bbox 444 1325 759 1382; x_wconf 90' lang='lat' dir='ltr'><strong>succisione</strong></span> <span class='ocrx_word' id='word_1_98' title='bbox 798 1323 1066 1391; x_wconf 86' lang='lat' dir='ltr'><strong>lignorum</strong></span> <span class='ocrx_word' id='word_1_99' title='bbox 1097 1319 1302 1376; x_wconf 89' lang='lat' dir='ltr'><strong>securis</strong></span> <span class='ocrx_word' id='word_1_100' title='bbox 1340 1317 1542 1386; x_wconf 86' lang='lat' dir='ltr'><strong>fugerit</strong></span> <span class='ocrx_word' id='word_1_101' title='bbox 1583 1331 1743 1370; x_wconf 90' lang='lat' dir='ltr'><strong>manu</strong></span> <span class='ocrx_word' id='word_1_102' title='bbox 1766 1356 1780 1381; x_wconf 96' lang='lat'><strong>,</strong></span> <span class='ocrx_word' id='word_1_103' title='bbox 1814 1314 2047 1369; x_wconf 87' lang='lat' dir='ltr'><strong>ferrum-</strong></span> 
     </span>
    </p>
   </div>
   <div class='ocr_carea' id='block_1_15' title="bbox 449 1408 2043 1490">
    <p class='ocr_par' dir='ltr' id='par_1_15' title="bbox 449 1408 2043 1490">
     <span class='ocr_line' id='line_1_15' title="bbox 449 1408 2043 1490; baseline -0.008 -17"><span class='ocrx_word' id='word_1_104' title='bbox 449 1433 556 1490; x_wconf 86' lang='lat' dir='ltr'><strong>que</strong></span> <span class='ocrx_word' id='word_1_105' title='bbox 590 1419 803 1488; x_wconf 85' lang='lat' dir='ltr'><strong>lapsum</strong></span> <span class='ocrx_word' id='word_1_106' title='bbox 851 1415 919 1470; x_wconf 92' lang='lat' dir='ltr'><strong>de</strong></span> <span class='ocrx_word' id='word_1_107' title='bbox 947 1413 1232 1468; x_wconf 89' lang='lat' dir='ltr'><strong>manubrio</strong></span> <span class='ocrx_word' id='word_1_108' title='bbox 1259 1412 1496 1466; x_wconf 91' lang='lat' dir='ltr'><strong>amicum</strong></span> <span class='ocrx_word' id='word_1_109' title='bbox 1543 1410 1660 1478; x_wconf 90' lang='lat' dir='ltr'><strong>ejus</strong></span> <span class='ocrx_word' id='word_1_110' title='bbox 1691 1408 2043 1480; x_wconf 84' lang='lat' dir='ltr'><strong>percusserit,</strong></span> 
     </span>
    </p>
   </div>
   <div class='ocr_carea' id='block_1_16' title="bbox 451 1499 2046 1574">
    <p class='ocr_par' dir='ltr' id='par_1_16' title="bbox 451 1499 2046 1574">
     <span class='ocr_line' id='line_1_16' title="bbox 451 1499 2046 1574; baseline -0.008 -9"><span class='ocrx_word' id='word_1_111' title='bbox 451 1519 510 1565; x_wconf 90' lang='lat' dir='ltr'><strong>et</strong></span> <span class='ocrx_word' id='word_1_112' title='bbox 553 1510 864 1565; x_wconf 90' lang='lat' dir='ltr'><strong>occiderit:</strong></span> <span class='ocrx_word' id='word_1_113' title='bbox 899 1507 989 1561; x_wconf 91' lang='lat' dir='ltr'><strong>hic</strong></span> <span class='ocrx_word' id='word_1_114' title='bbox 1033 1506 1101 1561; x_wconf 91' lang='lat' dir='ltr'><strong>ad</strong></span> <span class='ocrx_word' id='word_1_115' title='bbox 1149 1520 1312 1560; x_wconf 91' lang='lat' dir='ltr'><strong>unam</strong></span> <span class='ocrx_word' id='word_1_116' title='bbox 1357 1502 1788 1574; x_wconf 88' lang='lat' dir='ltr'><strong>supradictarum</strong></span> <span class='ocrx_word' id='word_1_117' title='bbox 1833 1499 2046 1555; x_wconf 90' lang='lat' dir='ltr'><strong>urbium</strong></span> 
     </span>
    </p>
   </div>
   <div class='ocr_carea' id='block_1_17' title="bbox 445 1592 2047 1672">
    <p class='ocr_par' dir='ltr' id='par_1_17' title="bbox 445 1592 2047 1672">
     <span class='ocr_line' id='line_1_17' title="bbox 445 1592 2047 1672; baseline -0.006 -16"><span class='ocrx_word' id='word_1_118' title='bbox 445 1601 742 1672; x_wconf 81' lang='lat' dir='ltr'><strong>confugiet,</strong></span> <span class='ocrx_word' id='word_1_119' title='bbox 769 1609 826 1656; x_wconf 93' lang='lat' dir='ltr'><strong>et</strong></span> <span class='ocrx_word' id='word_1_120' title='bbox 847 1599 990 1655; x_wconf 82' lang='lat' dir='ltr'><strong>vivet</strong></span> <span class='ocrx_word' id='word_1_121' title='bbox 1016 1615 1032 1654; x_wconf 87' lang='lat'><strong>:</strong></span> <span class='ocrx_word' id='word_1_122' title='bbox 1061 1613 1130 1653; x_wconf 92' lang='lat' dir='ltr'><strong>ne</strong></span> <span class='ocrx_word' id='word_1_123' title='bbox 1154 1597 1379 1652; x_wconf 81' lang='lat' dir='ltr'><strong>forsitan</strong></span> <span class='ocrx_word' id='word_1_124' title='bbox 1412 1596 1694 1665; x_wconf 84' lang='lat' dir='ltr'><strong>proximus</strong></span> <span class='ocrx_word' id='word_1_125' title='bbox 1723 1595 1861 1663; x_wconf 83' lang='lat' dir='ltr'><strong>ejus,</strong></span> <span class='ocrx_word' id='word_1_126' title='bbox 1893 1592 2047 1663; x_wconf 86' lang='lat' dir='ltr'><strong>cujus</strong></span> 
     </span>
    </p>
   </div>
   <div class='ocr_carea' id='block_1_18' title="bbox 445 1688 2042 1760">
    <p class='ocr_par' dir='ltr' id='par_1_18' title="bbox 445 1688 2042 1760">
     <span class='ocr_line' id='line_1_18' title="bbox 445 1688 2042 1760; baseline -0.006 -11"><span class='ocrx_word' id='word_1_127' title='bbox 445 1693 648 1750; x_wconf 79' lang='lat' dir='ltr'><strong>effusus</strong></span> <span class='ocrx_word' id='word_1_128' title='bbox 682 1701 766 1748; x_wconf 92' lang='lat' dir='ltr'><strong>est</strong></span> <span class='ocrx_word' id='word_1_129' title='bbox 792 1690 1037 1760; x_wconf 85' lang='lat' dir='ltr'><strong>sanguis,</strong></span> <span class='ocrx_word' id='word_1_130' title='bbox 1071 1690 1261 1744; x_wconf 91' lang='lat' dir='ltr'><strong>dolore</strong></span> <span class='ocrx_word' id='word_1_131' title='bbox 1291 1688 1628 1753; x_wconf 81' lang='lat' dir='ltr'><strong>stimulatus,</strong></span> <span class='ocrx_word' id='word_1_132' title='bbox 1663 1694 2042 1756; x_wconf 88' lang='lat' dir='ltr'><strong>persequatur,</strong></span> 
     </span>
    </p>
   </div>
   <div class='ocr_carea' id='block_1_19' title="bbox 2149 469 3742 544">
    <p class='ocr_par' dir='ltr' id='par_1_19' title="bbox 2149 469 3742 544">
     <span class='ocr_line' id='line_1_19' title="bbox 2149 469 3742 544; baseline -0.001 -15"><span class='ocrx_word' id='word_1_133' title='bbox 2149 474 2289 529; x_wconf 89' lang='lat' dir='ltr'><strong>Deus</strong></span> <span class='ocrx_word' id='word_1_134' title='bbox 2315 482 2436 527; x_wconf 91' lang='lat' dir='ltr'><strong>tuus</strong></span> <span class='ocrx_word' id='word_1_135' title='bbox 2467 482 2645 527; x_wconf 84' lang='lat' dir='ltr'><strong>tecum</strong></span> <span class='ocrx_word' id='word_1_136' title='bbox 2676 480 2782 538; x_wconf 92' lang='lat' dir='ltr'><strong>est,</strong></span> <span class='ocrx_word' id='word_1_137' title='bbox 2815 469 2908 542; x_wconf 92' lang='lat' dir='ltr'><strong>qui</strong></span> <span class='ocrx_word' id='word_1_138' title='bbox 2928 470 3118 527; x_wconf 84' lang='lat' dir='ltr'><strong>eduxit</strong></span> <span class='ocrx_word' id='word_1_139' title='bbox 3147 478 3200 526; x_wconf 88' lang='lat' dir='ltr'><strong>te</strong></span> <span class='ocrx_word' id='word_1_140' title='bbox 3221 470 3290 526; x_wconf 90' lang='lat' dir='ltr'><strong>de</strong></span> <span class='ocrx_word' id='word_1_141' title='bbox 3319 481 3460 527; x_wconf 86' lang='lat' dir='ltr'><strong>terra</strong></span> <span class='ocrx_word' id='word_1_142' title='bbox 3493 472 3742 544; x_wconf 67' lang='lat' dir='ltr'><strong>Egypti.</strong></span> 
     </span>
    </p>
   </div>
   <div class='ocr_carea' id='block_1_20' title="bbox 2145 564 3745 637">
    <p class='ocr_par' dir='ltr' id='par_1_20' title="bbox 2145 564 3745 637">
     <span class='ocr_line' id='line_1_20' title="bbox 2145 564 3745 637; baseline -0.001 -14"><span class='ocrx_word' id='word_1_143' title='bbox 2145 565 2631 637; x_wconf 80' lang='lat' dir='ltr'><strong>Appropinquante</strong></span> <span class='ocrx_word' id='word_1_144' title='bbox 2671 574 2854 620; x_wconf 91' lang='lat' dir='ltr'><strong>autem</strong></span> <span class='ocrx_word' id='word_1_145' title='bbox 2879 564 2988 634; x_wconf 89' lang='lat' dir='ltr'><strong>jam</strong></span> <span class='ocrx_word' id='word_1_146' title='bbox 3021 564 3234 635; x_wconf 67' lang='lat' dir='ltr'><strong>prmlio,</strong></span> <span class='ocrx_word' id='word_1_147' title='bbox 3279 565 3444 620; x_wconf 83' lang='lat' dir='ltr'><strong>stabit</strong></span> <span class='ocrx_word' id='word_1_148' title='bbox 3485 566 3745 621; x_wconf 82' lang='lat' dir='ltr'><strong>sacerdos</strong></span> 
     </span>
    </p>
   </div>
   <div class='ocr_carea' id='block_1_21' title="bbox 2145 654 3744 728">
    <p class='ocr_par' dir='ltr' id='par_1_21' title="bbox 2145 654 3744 728">
     <span class='ocr_line' id='line_1_21' title="bbox 2145 654 3744 728; baseline 0 -15"><span class='ocrx_word' id='word_1_149' title='bbox 2145 666 2272 713; x_wconf 89' lang='lat' dir='ltr'><strong>ante</strong></span> <span class='ocrx_word' id='word_1_150' title='bbox 2293 658 2492 720; x_wconf 89' lang='lat' dir='ltr'><strong>aciem,</strong></span> <span class='ocrx_word' id='word_1_151' title='bbox 2519 666 2572 712; x_wconf 93' lang='lat' dir='ltr'><strong>et</strong></span> <span class='ocrx_word' id='word_1_152' title='bbox 2593 655 2670 710; x_wconf 90' lang='lat' dir='ltr'><strong>sic</strong></span> <span class='ocrx_word' id='word_1_153' title='bbox 2688 656 2936 725; x_wconf 90' lang='lat' dir='ltr'><strong>loquetur</strong></span> <span class='ocrx_word' id='word_1_154' title='bbox 2953 654 3018 708; x_wconf 90' lang='lat' dir='ltr'><strong>ad</strong></span> <span class='ocrx_word' id='word_1_155' title='bbox 3045 655 3306 725; x_wconf 91' lang='lat' dir='ltr'><strong>populum</strong></span> <span class='ocrx_word' id='word_1_156' title='bbox 3332 674 3345 711; x_wconf 90' lang='lat'>:</span> <span class='ocrx_word' id='word_1_157' title='bbox 3367 655 3530 726; x_wconf 85' lang='lat' dir='ltr'><strong>Audi,</strong></span> <span class='ocrx_word' id='word_1_158' title='bbox 3548 657 3744 728; x_wconf 90' lang='lat' dir='ltr'><strong>Israel,</strong></span> 
     </span>
    </p>
   </div>
   <div class='ocr_carea' id='block_1_22' title="bbox 2146 747 3751 818">
    <p class='ocr_par' dir='ltr' id='par_1_22' title="bbox 2146 747 3751 818">
     <span class='ocr_line' id='line_1_22' title="bbox 2146 747 3751 818; baseline 0.003 -16"><span class='ocrx_word' id='word_1_159' title='bbox 2146 763 2245 804; x_wconf 90' lang='lat' dir='ltr'><strong>vos</strong></span> <span class='ocrx_word' id='word_1_160' title='bbox 2274 747 2435 804; x_wconf 84' lang='lat' dir='ltr'><strong>hodie</strong></span> <span class='ocrx_word' id='word_1_161' title='bbox 2459 756 2646 803; x_wconf 85' lang='lat' dir='ltr'><strong>contra</strong></span> <span class='ocrx_word' id='word_1_162' title='bbox 2680 747 2930 802; x_wconf 90' lang='lat' dir='ltr'><strong>inimicos</strong></span> <span class='ocrx_word' id='word_1_163' title='bbox 2960 755 3178 802; x_wconf 90' lang='lat' dir='ltr'><strong>vestros</strong></span> <span class='ocrx_word' id='word_1_164' title='bbox 3220 762 3454 818; x_wconf 80' lang='lat' dir='ltr'><strong>pugnam</strong></span> <span class='ocrx_word' id='word_1_165' title='bbox 3489 752 3751 808; x_wconf 85' lang='lat' dir='ltr'><strong>commit-</strong></span> 
     </span>
    </p>
   </div>
   <div class='ocr_carea' id='block_1_23' title="bbox 2149 840 3744 911">
    <p class='ocr_par' dir='ltr' id='par_1_23' title="bbox 2149 840 3744 911">
     <span class='ocr_line' id='line_1_23' title="bbox 2149 840 3744 911; baseline 0.002 -15"><span class='ocrx_word' id='word_1_166' title='bbox 2149 842 2282 908; x_wconf 90' lang='lat' dir='ltr'><strong>titis,</strong></span> <span class='ocrx_word' id='word_1_167' title='bbox 2317 856 2425 895; x_wconf 93' lang='lat' dir='ltr'><strong>non</strong></span> <span class='ocrx_word' id='word_1_168' title='bbox 2458 842 2806 910; x_wconf 80' lang='lat' dir='ltr'><strong>pertimescat</strong></span> <span class='ocrx_word' id='word_1_169' title='bbox 2840 853 2935 894; x_wconf 90' lang='lat' dir='ltr'><strong>cor</strong></span> <span class='ocrx_word' id='word_1_170' title='bbox 2961 848 3226 908; x_wconf 88' lang='lat' dir='ltr'><strong>vestrum,</strong></span> <span class='ocrx_word' id='word_1_171' title='bbox 3261 840 3429 895; x_wconf 91' lang='lat' dir='ltr'><strong>nolite</strong></span> <span class='ocrx_word' id='word_1_172' title='bbox 3471 851 3744 911; x_wconf 87' lang='lat' dir='ltr'><strong>metuere,</strong></span> 
     </span>
    </p>
   </div>
   <div class='ocr_carea' id='block_1_24' title="bbox 2148 933 3746 1005">
    <p class='ocr_par' dir='ltr' id='par_1_24' title="bbox 2148 933 3746 1005">
     <span class='ocr_line' id='line_1_24' title="bbox 2148 933 3746 1005; baseline 0.001 -15"><span class='ocrx_word' id='word_1_173' title='bbox 2148 936 2316 990; x_wconf 87' lang='lat' dir='ltr'><strong>nolite</strong></span> <span class='ocrx_word' id='word_1_174' title='bbox 2360 934 2576 1001; x_wconf 89' lang='lat' dir='ltr'><strong>cedere,</strong></span> <span class='ocrx_word' id='word_1_175' title='bbox 2625 949 2725 989; x_wconf 87' lang='lat' dir='ltr'><strong>nec</strong></span> <span class='ocrx_word' id='word_1_176' title='bbox 2754 933 3064 989; x_wconf 90' lang='lat' dir='ltr'><strong>formidetis</strong></span> <span class='ocrx_word' id='word_1_177' title='bbox 3109 949 3204 990; x_wconf 92' lang='lat' dir='ltr'><strong>eos</strong></span> <span class='ocrx_word' id='word_1_178' title='bbox 3241 951 3255 988; x_wconf 89' lang='lat'>:</span> <span class='ocrx_word' id='word_1_179' title='bbox 3302 935 3428 1005; x_wconf 88' lang='lat' dir='ltr'><strong>quia</strong></span> <span class='ocrx_word' id='word_1_180' title='bbox 3477 935 3746 991; x_wconf 89' lang='lat' dir='ltr'><strong>Dominus</strong></span> 
     </span>
    </p>
   </div>
   <div class='ocr_carea' id='block_1_25' title="bbox 2148 1025 3745 1098">
    <p class='ocr_par' dir='ltr' id='par_1_25' title="bbox 2148 1025 3745 1098">
     <span class='ocr_line' id='line_1_25' title="bbox 2148 1025 3745 1098; baseline 0 -14"><span class='ocrx_word' id='word_1_181' title='bbox 2148 1028 2293 1084; x_wconf 90' lang='lat' dir='ltr'><strong>Deus</strong></span> <span class='ocrx_word' id='word_1_182' title='bbox 2319 1039 2499 1082; x_wconf 78' lang='lat' dir='ltr'><strong>vester</strong></span> <span class='ocrx_word' id='word_1_183' title='bbox 2530 1028 2583 1082; x_wconf 92' lang='lat' dir='ltr'><strong>in</strong></span> <span class='ocrx_word' id='word_1_184' title='bbox 2607 1025 2786 1082; x_wconf 93' lang='lat' dir='ltr'><strong>medio</strong></span> <span class='ocrx_word' id='word_1_185' title='bbox 2818 1027 2984 1082; x_wconf 78' lang='lat' dir='ltr'><strong>vestri</strong></span> <span class='ocrx_word' id='word_1_186' title='bbox 3017 1035 3123 1093; x_wconf 93' lang='lat' dir='ltr'><strong>est,</strong></span> <span class='ocrx_word' id='word_1_187' title='bbox 3154 1037 3209 1083; x_wconf 91' lang='lat' dir='ltr'><strong>et</strong></span> <span class='ocrx_word' id='word_1_188' title='bbox 3245 1043 3342 1098; x_wconf 90' lang='lat' dir='ltr'><strong>pro</strong></span> <span class='ocrx_word' id='word_1_189' title='bbox 3368 1027 3526 1084; x_wconf 87' lang='lat' dir='ltr'><strong>vobis</strong></span> <span class='ocrx_word' id='word_1_190' title='bbox 3549 1040 3745 1085; x_wconf 90' lang='lat' dir='ltr'><strong>contra</strong></span> 
     </span>
    </p>
   </div>
   <div class='ocr_carea' id='block_1_26' title="bbox 2147 1119 3750 1190">
    <p class='ocr_par' dir='ltr' id='par_1_26' title="bbox 2147 1119 3750 1190">
     <span class='ocr_line' id='line_1_26' title="bbox 2147 1119 3750 1190; baseline 0.001 -15"><span class='ocrx_word' id='word_1_191' title='bbox 2147 1120 2488 1176; x_wconf 84' lang='lat' dir='ltr'><strong>adversarios</strong></span> <span class='ocrx_word' id='word_1_192' title='bbox 2511 1119 2812 1183; x_wconf 89' lang='lat' dir='ltr'><strong>dimicabit,</strong></span> <span class='ocrx_word' id='word_1_193' title='bbox 2839 1130 2898 1174; x_wconf 92' lang='lat' dir='ltr'><strong>ut</strong></span> <span class='ocrx_word' id='word_1_194' title='bbox 2917 1127 3074 1176; x_wconf 91' lang='lat' dir='ltr'><strong>eruat</strong></span> <span class='ocrx_word' id='word_1_195' title='bbox 3101 1135 3198 1176; x_wconf 87' lang='lat' dir='ltr'><strong>vos</strong></span> <span class='ocrx_word' id='word_1_196' title='bbox 3229 1121 3299 1176; x_wconf 93' lang='lat' dir='ltr'><strong>de</strong></span> <span class='ocrx_word' id='word_1_197' title='bbox 3333 1121 3603 1190; x_wconf 91' lang='lat' dir='ltr'><strong>periculo.</strong></span> <span class='ocrx_word' id='word_1_198' title='bbox 3631 1122 3750 1177; x_wconf 79' lang='lat' dir='ltr'><strong>Du-</strong></span> 
     </span>
    </p>
   </div>
   <div class='ocr_carea' id='block_1_27' title="bbox 2147 1213 3744 1284">
    <p class='ocr_par' dir='ltr' id='par_1_27' title="bbox 2147 1213 3744 1284">
     <span class='ocr_line' id='line_1_27' title="bbox 2147 1213 3744 1284; baseline 0.001 -15"><span class='ocrx_word' id='word_1_199' title='bbox 2147 1228 2242 1270; x_wconf 90' lang='lat' dir='ltr'><strong>ces</strong></span> <span class='ocrx_word' id='word_1_200' title='bbox 2274 1229 2486 1284; x_wconf 91' lang='lat' dir='ltr'><strong>quoque</strong></span> <span class='ocrx_word' id='word_1_201' title='bbox 2521 1229 2618 1284; x_wconf 91' lang='lat' dir='ltr'><strong>per</strong></span> <span class='ocrx_word' id='word_1_202' title='bbox 2647 1213 2888 1284; x_wconf 87' lang='lat' dir='ltr'><strong>singulas</strong></span> <span class='ocrx_word' id='word_1_203' title='bbox 2919 1222 3149 1282; x_wconf 85' lang='lat' dir='ltr'><strong>turmas,</strong></span> <span class='ocrx_word' id='word_1_204' title='bbox 3187 1214 3444 1270; x_wconf 88' lang='lat' dir='ltr'><strong>audiente</strong></span> <span class='ocrx_word' id='word_1_205' title='bbox 3473 1217 3744 1284; x_wconf 82' lang='lat' dir='ltr'><strong>exercitu,</strong></span> 
     </span>
    </p>
   </div>
   <div class='ocr_carea' id='block_1_28' title="bbox 2147 1308 3742 1380">
    <p class='ocr_par' dir='ltr' id='par_1_28' title="bbox 2147 1308 3742 1380">
     <span class='ocr_line' id='line_1_28' title="bbox 2147 1308 3742 1380; baseline 0.002 -16"><span class='ocrx_word' id='word_1_206' title='bbox 2147 1309 2558 1380; x_wconf 90' lang='lat' dir='ltr'><strong>proclamabunt</strong></span> <span class='ocrx_word' id='word_1_207' title='bbox 2581 1326 2594 1364; x_wconf 89' lang='lat'><strong>:</strong></span> <span class='ocrx_word' id='word_1_208' title='bbox 2619 1308 2751 1376; x_wconf 89' lang='lat' dir='ltr'><strong>Quis</strong></span> <span class='ocrx_word' id='word_1_209' title='bbox 2775 1315 2860 1363; x_wconf 91' lang='lat' dir='ltr'><strong>est</strong></span> <span class='ocrx_word' id='word_1_210' title='bbox 2887 1309 3048 1362; x_wconf 74' lang='lat' dir='ltr'><strong>horno</strong></span> <span class='ocrx_word' id='word_1_211' title='bbox 3076 1308 3168 1379; x_wconf 90' lang='lat' dir='ltr'><strong>qui</strong></span> <span class='ocrx_word' id='word_1_212' title='bbox 3195 1309 3489 1364; x_wconf 65' lang='lat' dir='ltr'><strong>mditicavit</strong></span> <span class='ocrx_word' id='word_1_213' title='bbox 3515 1310 3742 1366; x_wconf 86' lang='lat' dir='ltr'><strong>domum</strong></span> 
     </span>
    </p>
   </div>
   <div class='ocr_carea' id='block_1_29' title="bbox 2149 1401 3751 1467">
    <p class='ocr_par' dir='ltr' id='par_1_29' title="bbox 2149 1401 3751 1467">
     <span class='ocr_line' id='line_1_29' title="bbox 2149 1401 3751 1467; baseline 0.002 -10"><span class='ocrx_word' id='word_1_214' title='bbox 2149 1417 2367 1467; x_wconf 91' lang='lat' dir='ltr'><strong>novam,</strong></span> <span class='ocrx_word' id='word_1_215' title='bbox 2400 1413 2455 1457; x_wconf 91' lang='lat' dir='ltr'><strong>et</strong></span> <span class='ocrx_word' id='word_1_216' title='bbox 2503 1417 2612 1458; x_wconf 91' lang='lat' dir='ltr'><strong>non</strong></span> <span class='ocrx_word' id='word_1_217' title='bbox 2651 1401 2918 1459; x_wconf 89' lang='lat' dir='ltr'><strong>dedicavit</strong></span> <span class='ocrx_word' id='word_1_218' title='bbox 2951 1403 3106 1458; x_wconf 88' lang='lat' dir='ltr'><strong>eam?</strong></span> <span class='ocrx_word' id='word_1_219' title='bbox 3143 1403 3306 1458; x_wconf 87' lang='lat' dir='ltr'><strong>vadat</strong></span> <span class='ocrx_word' id='word_1_220' title='bbox 3342 1412 3398 1460; x_wconf 87' lang='lat' dir='ltr'><strong>et</strong></span> <span class='ocrx_word' id='word_1_221' title='bbox 3437 1414 3751 1461; x_wconf 87' lang='lat' dir='ltr'><strong>revertatur</strong></span> 
     </span>
    </p>
   </div>
   <div class='ocr_carea' id='block_1_30' title="bbox 2149 1493 3749 1564">
    <p class='ocr_par' dir='ltr' id='par_1_30' title="bbox 2149 1493 3749 1564">
     <span class='ocr_line' id='line_1_30' title="bbox 2149 1493 3749 1564; baseline 0.004 -17"><span class='ocrx_word' id='word_1_222' title='bbox 2149 1493 2203 1548; x_wconf 93' lang='lat' dir='ltr'><strong>iu</strong></span> <span class='ocrx_word' id='word_1_223' title='bbox 2235 1496 2453 1551; x_wconf 89' lang='lat' dir='ltr'><strong>domum</strong></span> <span class='ocrx_word' id='word_1_224' title='bbox 2481 1511 2652 1563; x_wconf 89' lang='lat' dir='ltr'><strong>suam,</strong></span> <span class='ocrx_word' id='word_1_225' title='bbox 2687 1510 2754 1551; x_wconf 91' lang='lat' dir='ltr'><strong>ue</strong></span> <span class='ocrx_word' id='word_1_226' title='bbox 2781 1495 2919 1551; x_wconf 88' lang='lat' dir='ltr'><strong>forte</strong></span> <span class='ocrx_word' id='word_1_227' title='bbox 2947 1495 3216 1552; x_wconf 87' lang='lat' dir='ltr'><strong>moriatur</strong></span> <span class='ocrx_word' id='word_1_228' title='bbox 3246 1499 3300 1552; x_wconf 92' lang='lat' dir='ltr'><strong>in</strong></span> <span class='ocrx_word' id='word_1_229' title='bbox 3333 1497 3499 1564; x_wconf 89' lang='lat' dir='ltr'><strong>bello,</strong></span> <span class='ocrx_word' id='word_1_230' title='bbox 3525 1510 3580 1555; x_wconf 92' lang='lat' dir='ltr'><strong>et</strong></span> <span class='ocrx_word' id='word_1_231' title='bbox 3602 1500 3749 1557; x_wconf 87' lang='lat' dir='ltr'><strong>alius</strong></span> 
     </span>
    </p>
   </div>
   <div class='ocr_carea' id='block_1_31' title="bbox 2149 1589 3741 1662">
    <p class='ocr_par' dir='ltr' id='par_1_31' title="bbox 2149 1589 3741 1662">
     <span class='ocr_line' id='line_1_31' title="bbox 2149 1589 3741 1662; baseline 0.001 -16"><span class='ocrx_word' id='word_1_232' title='bbox 2149 1589 2365 1646; x_wconf 82' lang='lat' dir='ltr'><strong>dedicet</strong></span> <span class='ocrx_word' id='word_1_233' title='bbox 2403 1590 2573 1646; x_wconf 86' lang='lat' dir='ltr'><strong>illam.</strong></span> <span class='ocrx_word' id='word_1_234' title='bbox 2606 1589 2738 1658; x_wconf 86' lang='lat' dir='ltr'><strong>Quis</strong></span> <span class='ocrx_word' id='word_1_235' title='bbox 2768 1600 2850 1646; x_wconf 91' lang='lat' dir='ltr'><strong>est</strong></span> <span class='ocrx_word' id='word_1_236' title='bbox 2877 1589 3041 1645; x_wconf 90' lang='lat' dir='ltr'><strong>homo</strong></span> <span class='ocrx_word' id='word_1_237' title='bbox 3075 1591 3168 1662; x_wconf 89' lang='lat' dir='ltr'><strong>qui</strong></span> <span class='ocrx_word' id='word_1_238' title='bbox 3207 1591 3468 1662; x_wconf 84' lang='lat' dir='ltr'><strong>plantavit</strong></span> <span class='ocrx_word' id='word_1_239' title='bbox 3500 1593 3741 1661; x_wconf 87' lang='lat' dir='ltr'><strong>vineam,</strong></span> 
     </span>
    </p>
   </div>
   <div class='ocr_carea' id='block_1_32' title="bbox 2151 1682 3755 1754">
    <p class='ocr_par' dir='ltr' id='par_1_32' title="bbox 2151 1682 3755 1754">
     <span class='ocr_line' id='line_1_32' title="bbox 2151 1682 3755 1754; baseline 0.001 -16"><span class='ocrx_word' id='word_1_240' title='bbox 2151 1693 2203 1738; x_wconf 92' lang='lat' dir='ltr'><strong>et</strong></span> <span class='ocrx_word' id='word_1_241' title='bbox 2234 1683 2466 1738; x_wconf 87' lang='lat' dir='ltr'><strong>necdum</strong></span> <span class='ocrx_word' id='word_1_242' title='bbox 2495 1698 2616 1737; x_wconf 89' lang='lat' dir='ltr'><strong>eam</strong></span> <span class='ocrx_word' id='word_1_243' title='bbox 2649 1682 2778 1738; x_wconf 88' lang='lat' dir='ltr'><strong>fecit</strong></span> <span class='ocrx_word' id='word_1_244' title='bbox 2804 1697 2928 1738; x_wconf 89' lang='lat' dir='ltr'><strong>esse</strong></span> <span class='ocrx_word' id='word_1_245' title='bbox 2957 1697 3328 1748; x_wconf 89' lang='lat' dir='ltr'><strong>communem,</strong></span> <span class='ocrx_word' id='word_1_246' title='bbox 3359 1683 3426 1739; x_wconf 92' lang='lat' dir='ltr'><strong>de</strong></span> <span class='ocrx_word' id='word_1_247' title='bbox 3448 1700 3552 1754; x_wconf 88' lang='lat' dir='ltr'><strong>qua</strong></span> <span class='ocrx_word' id='word_1_248' title='bbox 3599 1685 3755 1740; x_wconf 85' lang='lat' dir='ltr'><strong>vesci</strong></span> 
     </span>
    </p>
   </div>
   <div class='ocr_carea' id='block_1_33' title="bbox 441 1772 3745 1855">
    <p class='ocr_par' dir='ltr' id='par_1_33' title="bbox 441 1772 3745 1855">
     <span class='ocr_line' id='line_1_33' title="bbox 441 1772 3745 1855; baseline -0.003 -15"><span class='ocrx_word' id='word_1_249' title='bbox 441 1783 895 1855; x_wconf 86' lang='lat' dir='ltr'><strong>etapprehendat</strong></span> <span class='ocrx_word' id='word_1_250' title='bbox 920 1797 1066 1848; x_wconf 91' lang='lat' dir='ltr'><strong>eum,</strong></span> <span class='ocrx_word' id='word_1_251' title='bbox 1098 1781 1145 1834; x_wconf 90' lang='lat' dir='ltr'><strong>si</strong></span> <span class='ocrx_word' id='word_1_252' title='bbox 1176 1780 1390 1850; x_wconf 81' lang='lat' dir='ltr'><strong>longior</strong></span> <span class='ocrx_word' id='word_1_253' title='bbox 1417 1780 1502 1834; x_wconf 91' lang='lat' dir='ltr'><strong>via</strong></span> <span class='ocrx_word' id='word_1_254' title='bbox 1533 1780 1714 1846; x_wconf 90' lang='lat' dir='ltr'><strong>fuerit,</strong></span> <span class='ocrx_word' id='word_1_255' title='bbox 1761 1789 1814 1834; x_wconf 91' lang='lat' dir='ltr'><strong>et</strong></span> <span class='ocrx_word' id='word_1_256' title='bbox 1847 1793 2042 1849; x_wconf 86' lang='lat' dir='ltr'><strong>percu-</strong></span> <span class='ocrx_word' id='word_1_257' title='bbox 2076 1772 2124 1832; x_wconf 92' lang='lat' dir='ltr'><strong>B</strong></span> <span class='ocrx_word' id='word_1_258' title='bbox 2151 1774 2400 1830; x_wconf 90' lang='lat' dir='ltr'><strong>omnibus</strong></span> <span class='ocrx_word' id='word_1_259' title='bbox 2450 1774 2650 1830; x_wconf 87' lang='lat' dir='ltr'><strong>liceat?</strong></span> <span class='ocrx_word' id='word_1_260' title='bbox 2700 1773 2890 1839; x_wconf 89' lang='lat' dir='ltr'><strong>vadat,</strong></span> <span class='ocrx_word' id='word_1_261' title='bbox 2945 1784 3001 1830; x_wconf 92' lang='lat' dir='ltr'><strong>et</strong></span> <span class='ocrx_word' id='word_1_262' title='bbox 3049 1783 3357 1831; x_wconf 87' lang='lat' dir='ltr'><strong>revertatur</strong></span> <span class='ocrx_word' id='word_1_263' title='bbox 3416 1776 3469 1830; x_wconf 93' lang='lat' dir='ltr'><strong>in</strong></span> <span class='ocrx_word' id='word_1_264' title='bbox 3519 1776 3745 1832; x_wconf 91' lang='lat' dir='ltr'><strong>domum</strong></span> 
     </span>
    </p>
   </div>
   <div class='ocr_carea' id='block_1_34' title="bbox 451 1869 2048 1946">
    <p class='ocr_par' dir='ltr' id='par_1_34' title="bbox 451 1869 2048 1946">
     <span class='ocr_line' id='line_1_34' title="bbox 451 1869 2048 1946; baseline -0.006 -13"><span class='ocrx_word' id='word_1_265' title='bbox 451 1879 549 1933; x_wconf 90' lang='lat' dir='ltr'><strong>tiat</strong></span> <span class='ocrx_word' id='word_1_266' title='bbox 573 1879 806 1933; x_wconf 80' lang='lat' dir='ltr'><strong>animum</strong></span> <span class='ocrx_word' id='word_1_267' title='bbox 829 1876 971 1946; x_wconf 87' lang='lat' dir='ltr'><strong>ejus,</strong></span> <span class='ocrx_word' id='word_1_268' title='bbox 997 1874 1088 1944; x_wconf 92' lang='lat' dir='ltr'><strong>qui</strong></span> <span class='ocrx_word' id='word_1_269' title='bbox 1118 1887 1224 1928; x_wconf 93' lang='lat' dir='ltr'><strong>non</strong></span> <span class='ocrx_word' id='word_1_270' title='bbox 1253 1885 1336 1927; x_wconf 85' lang='lat' dir='ltr'><strong>eSt</strong></span> <span class='ocrx_word' id='word_1_271' title='bbox 1361 1885 1486 1927; x_wconf 88' lang='lat' dir='ltr'><strong>reus</strong></span> <span class='ocrx_word' id='word_1_272' title='bbox 1513 1871 1700 1926; x_wconf 90' lang='lat' dir='ltr'><strong>mortis</strong></span> <span class='ocrx_word' id='word_1_273' title='bbox 1725 1888 1738 1924; x_wconf 87' lang='lat'><strong>:</strong></span> <span class='ocrx_word' id='word_1_274' title='bbox 1768 1870 1893 1940; x_wconf 92' lang='lat' dir='ltr'><strong>quia</strong></span> <span class='ocrx_word' id='word_1_275' title='bbox 1926 1869 2048 1925; x_wconf 87' lang='lat' dir='ltr'><strong>nul-</strong></span> 
     </span>
    </p>
   </div>
   <div class='ocr_carea' id='block_1_35' title="bbox 450 1961 2050 2035">
    <p class='ocr_par' dir='ltr' id='par_1_35' title="bbox 450 1961 2050 2035">
     <span class='ocr_line' id='line_1_35' title="bbox 450 1961 2050 2035; baseline -0.004 -12"><span class='ocrx_word' id='word_1_276' title='bbox 450 1968 567 2024; x_wconf 90' lang='lat' dir='ltr'><strong>lum</strong></span> <span class='ocrx_word' id='word_1_277' title='bbox 609 1978 798 2023; x_wconf 89' lang='lat' dir='ltr'><strong>contra</strong></span> <span class='ocrx_word' id='word_1_278' title='bbox 832 1982 981 2034; x_wconf 91' lang='lat' dir='ltr'><strong>eum,</strong></span> <span class='ocrx_word' id='word_1_279' title='bbox 1024 1965 1116 2035; x_wconf 93' lang='lat' dir='ltr'><strong>qui</strong></span> <span class='ocrx_word' id='word_1_280' title='bbox 1148 1963 1361 2020; x_wconf 90' lang='lat' dir='ltr'><strong>occisus</strong></span> <span class='ocrx_word' id='word_1_281' title='bbox 1405 1973 1507 2031; x_wconf 88' lang='lat' dir='ltr'><strong>est,</strong></span> <span class='ocrx_word' id='word_1_282' title='bbox 1537 1963 1724 2018; x_wconf 91' lang='lat' dir='ltr'><strong>odium</strong></span> <span class='ocrx_word' id='word_1_283' title='bbox 1775 1963 1928 2033; x_wconf 89' lang='lat' dir='ltr'><strong>prius</strong></span> <span class='ocrx_word' id='word_1_284' title='bbox 1951 1961 2050 2017; x_wconf 90' lang='lat' dir='ltr'><strong>ha-</strong></span> 
     </span>
    </p>
   </div>
   <div class='ocr_carea' id='block_1_36' title="bbox 445 2055 2046 2126">
    <p class='ocr_par' dir='ltr' id='par_1_36' title="bbox 445 2055 2046 2126">
     <span class='ocr_line' id='line_1_36' title="bbox 445 2055 2046 2126; baseline -0.005 -9"><span class='ocrx_word' id='word_1_285' title='bbox 445 2063 632 2117; x_wconf 87' lang='lat' dir='ltr'><strong>buisse</strong></span> <span class='ocrx_word' id='word_1_286' title='bbox 660 2069 1022 2115; x_wconf 87' lang='lat' dir='ltr'><strong>monstratur.</strong></span> <span class='ocrx_word' id='word_1_287' title='bbox 1070 2056 1283 2113; x_wconf 89' lang='lat' dir='ltr'><strong>Idcirco</strong></span> <span class='ocrx_word' id='word_1_288' title='bbox 1314 2056 1572 2126; x_wconf 69' lang='lat' dir='ltr'><strong>prmcipio</strong></span> <span class='ocrx_word' id='word_1_289' title='bbox 1612 2055 1710 2110; x_wconf 89' lang='lat' dir='ltr'><strong>tibi</strong></span> <span class='ocrx_word' id='word_1_290' title='bbox 1739 2064 1795 2109; x_wconf 90' lang='lat' dir='ltr'><strong>ut</strong></span> <span class='ocrx_word' id='word_1_291' title='bbox 1826 2064 1934 2110; x_wconf 92' lang='lat' dir='ltr'><strong>tres</strong></span> <span class='ocrx_word' id='word_1_292' title='bbox 1967 2055 2046 2110; x_wconf 88' lang='lat' dir='ltr'><strong>ci-</strong></span> 
     </span>
    </p>
   </div>
   <div class='ocr_carea' id='block_1_37' title="bbox 447 2149 2046 2223">
    <p class='ocr_par' dir='ltr' id='par_1_37' title="bbox 447 2149 2046 2223">
     <span class='ocr_line' id='line_1_37' title="bbox 447 2149 2046 2223; baseline -0.003 -14"><span class='ocrx_word' id='word_1_293' title='bbox 447 2155 649 2210; x_wconf 88' lang='lat' dir='ltr'><strong>vitates</strong></span> <span class='ocrx_word' id='word_1_294' title='bbox 680 2153 904 2223; x_wconf 84' lang='lat' dir='ltr'><strong>aequalis</strong></span> <span class='ocrx_word' id='word_1_295' title='bbox 942 2153 1084 2206; x_wconf 90' lang='lat' dir='ltr'><strong>inter</strong></span> <span class='ocrx_word' id='word_1_296' title='bbox 1115 2166 1175 2207; x_wconf 91' lang='lat' dir='ltr'><strong>se</strong></span> <span class='ocrx_word' id='word_1_297' title='bbox 1213 2150 1374 2222; x_wconf 90' lang='lat' dir='ltr'><strong>spatii</strong></span> <span class='ocrx_word' id='word_1_298' title='bbox 1414 2150 1645 2205; x_wconf 91' lang='lat' dir='ltr'><strong>dividas.</strong></span> <span class='ocrx_word' id='word_1_299' title='bbox 1685 2149 1824 2206; x_wconf 90' lang='lat' dir='ltr'><strong>Cum</strong></span> <span class='ocrx_word' id='word_1_300' title='bbox 1863 2161 2046 2205; x_wconf 87' lang='lat' dir='ltr'><strong>autem</strong></span> 
     </span>
    </p>
   </div>
   <div class='ocr_carea' id='block_1_38' title="bbox 452 2244 2050 2320">
    <p class='ocr_par' dir='ltr' id='par_1_38' title="bbox 452 2244 2050 2320">
     <span class='ocr_line' id='line_1_38' title="bbox 452 2244 2050 2320; baseline -0.003 -18"><span class='ocrx_word' id='word_1_301' title='bbox 452 2247 541 2320; x_wconf 84' lang='lat' dir='ltr'><strong>[h.</strong></span> <span class='ocrx_word' id='word_1_302' title='bbox 575 2248 634 2304; x_wconf 91' lang='lat' dir='ltr'><strong>Si</strong></span> <span class='ocrx_word' id='word_1_303' title='bbox 664 2257 846 2303; x_wconf 89' lang='lat' dir='ltr'><strong>autem</strong></span> <span class='ocrx_word' id='word_1_304' title='bbox 873 2245 885 2319; x_wconf 85' lang='grc'><strong>1</strong></span> <span class='ocrx_word' id='word_1_305' title='bbox 913 2245 1220 2302; x_wconf 89' lang='lat' dir='ltr'><strong>dilataverit</strong></span> <span class='ocrx_word' id='word_1_306' title='bbox 1244 2246 1505 2300; x_wconf 90' lang='lat' dir='ltr'><strong>Dominus</strong></span> <span class='ocrx_word' id='word_1_307' title='bbox 1538 2245 1682 2300; x_wconf 90' lang='lat' dir='ltr'><strong>Deus</strong></span> <span class='ocrx_word' id='word_1_308' title='bbox 1705 2251 1828 2298; x_wconf 89' lang='lat' dir='ltr'><strong>tuus</strong></span> <span class='ocrx_word' id='word_1_309' title='bbox 1860 2244 2050 2298; x_wconf 84' lang='lat' dir='ltr'><strong>termi-</strong></span> 
     </span>
    </p>
   </div>
   <div class='ocr_carea' id='block_1_39' title="bbox 450 2327 2052 2409">
    <p class='ocr_par' dir='ltr' id='par_1_39' title="bbox 450 2327 2052 2409">
     <span class='ocr_line' id='line_1_39' title="bbox 450 2327 2052 2409; baseline -0.004 -12"><span class='ocrx_word' id='word_1_310' title='bbox 450 2343 633 2398; x_wconf 89' lang='lat' dir='ltr'><strong>minos</strong></span> <span class='ocrx_word' id='word_1_311' title='bbox 663 2327 808 2407; x_wconf 88' lang='lat' dir='ltr'><strong>tuos,</strong></span> <span class='ocrx_word' id='word_1_312' title='bbox 853 2341 998 2396; x_wconf 86' lang='lat' dir='ltr'><strong>sicut</strong></span> <span class='ocrx_word' id='word_1_313' title='bbox 1026 2339 1239 2409; x_wconf 87' lang='lat' dir='ltr'><strong>juravit</strong></span> <span class='ocrx_word' id='word_1_314' title='bbox 1292 2337 1541 2409; x_wconf 89' lang='lat' dir='ltr'><strong>patribus</strong></span> <span class='ocrx_word' id='word_1_315' title='bbox 1572 2337 1703 2402; x_wconf 91' lang='lat' dir='ltr'><strong>tuis,</strong></span> <span class='ocrx_word' id='word_1_316' title='bbox 1734 2344 1789 2391; x_wconf 89' lang='lat' dir='ltr'><strong>et</strong></span> <span class='ocrx_word' id='word_1_317' title='bbox 1834 2335 2052 2391; x_wconf 87' lang='lat' dir='ltr'><strong>dederit</strong></span> 
     </span>
    </p>
   </div>
   <div class='ocr_carea' id='block_1_40' title="bbox 356 2432 2052 2506">
    <p class='ocr_par' dir='ltr' id='par_1_40' title="bbox 356 2432 2052 2506">
     <span class='ocr_line' id='line_1_40' title="bbox 356 2432 2052 2506; baseline -0.001 -16"><span class='ocrx_word' id='word_1_318' title='bbox 356 2455 358 2459; x_wconf 94' lang='grc'><strong>·</strong></span> <span class='ocrx_word' id='word_1_319' title='bbox 448 2437 553 2492; x_wconf 88' lang='lat' dir='ltr'><strong>tibi</strong></span> <span class='ocrx_word' id='word_1_320' title='bbox 582 2446 834 2492; x_wconf 91' lang='lat' dir='ltr'><strong>cunctam</strong></span> <span class='ocrx_word' id='word_1_321' title='bbox 874 2443 1098 2501; x_wconf 87' lang='lat' dir='ltr'><strong>terram,</strong></span> <span class='ocrx_word' id='word_1_322' title='bbox 1129 2449 1289 2505; x_wconf 92' lang='lat' dir='ltr'><strong>quam</strong></span> <span class='ocrx_word' id='word_1_323' title='bbox 1331 2434 1412 2489; x_wconf 93' lang='lat' dir='ltr'><strong>eis</strong></span> <span class='ocrx_word' id='word_1_324' title='bbox 1454 2432 1727 2504; x_wconf 90' lang='lat' dir='ltr'><strong>pollicitus</strong></span> <span class='ocrx_word' id='word_1_325' title='bbox 1751 2440 1836 2488; x_wconf 89' lang='lat' dir='ltr'><strong>est</strong></span> <span class='ocrx_word' id='word_1_326' title='bbox 1871 2432 1947 2506; x_wconf 89' lang='lat' dir='ltr'><strong>(si</strong></span> <span class='ocrx_word' id='word_1_327' title='bbox 1971 2441 2052 2488; x_wconf 89' lang='lat' dir='ltr'><strong>ta-</strong></span> 
     </span>
    </p>
   </div>
   <div class='ocr_carea' id='block_1_41' title="bbox 449 2524 2050 2598">
    <p class='ocr_par' dir='ltr' id='par_1_41' title="bbox 449 2524 2050 2598">
     <span class='ocr_line' id='line_1_41' title="bbox 449 2524 2050 2598; baseline -0.003 -12"><span class='ocrx_word' id='word_1_328' title='bbox 449 2546 577 2587; x_wconf 88' lang='lat' dir='ltr'><strong>men</strong></span> <span class='ocrx_word' id='word_1_329' title='bbox 607 2529 935 2586; x_wconf 88' lang='lat' dir='ltr'><strong>custodieris</strong></span> <span class='ocrx_word' id='word_1_330' title='bbox 972 2529 1227 2583; x_wconf 88' lang='lat' dir='ltr'><strong>mandata</strong></span> <span class='ocrx_word' id='word_1_331' title='bbox 1259 2527 1400 2598; x_wconf 86' lang='lat' dir='ltr'><strong>ejus,</strong></span> <span class='ocrx_word' id='word_1_332' title='bbox 1428 2537 1481 2582; x_wconf 91' lang='lat' dir='ltr'><strong>et</strong></span> <span class='ocrx_word' id='word_1_333' title='bbox 1512 2525 1713 2581; x_wconf 84' lang='lat' dir='ltr'><strong>feceris</strong></span> <span class='ocrx_word' id='word_1_334' title='bbox 1736 2541 1858 2596; x_wconf 61' lang='lat' dir='ltr'><strong>quae</strong></span> <span class='ocrx_word' id='word_1_335' title='bbox 1885 2524 2050 2581; x_wconf 90' lang='lat' dir='ltr'><strong>hodie</strong></span> 
     </span>
    </p>
   </div>
   <div class='ocr_carea' id='block_1_42' title="bbox 448 2621 2052 2696">
    <p class='ocr_par' dir='ltr' id='par_1_42' title="bbox 448 2621 2052 2696">
     <span class='ocr_line' id='line_1_42' title="bbox 448 2621 2052 2696; baseline -0.004 -16"><span class='ocrx_word' id='word_1_336' title='bbox 448 2624 711 2696; x_wconf 62' lang='lat' dir='ltr'><strong>praecipio</strong></span> <span class='ocrx_word' id='word_1_337' title='bbox 761 2624 880 2691; x_wconf 89' lang='lat' dir='ltr'><strong>tibi,</strong></span> <span class='ocrx_word' id='word_1_338' title='bbox 914 2633 972 2678; x_wconf 93' lang='lat' dir='ltr'><strong>ut</strong></span> <span class='ocrx_word' id='word_1_339' title='bbox 996 2622 1193 2694; x_wconf 81' lang='lat' dir='ltr'><strong>diligas</strong></span> <span class='ocrx_word' id='word_1_340' title='bbox 1223 2622 1514 2677; x_wconf 90' lang='lat' dir='ltr'><strong>Dominum</strong></span> <span class='ocrx_word' id='word_1_341' title='bbox 1558 2621 1733 2677; x_wconf 91' lang='lat' dir='ltr'><strong>Deum</strong></span> <span class='ocrx_word' id='word_1_342' title='bbox 1788 2631 1961 2688; x_wconf 91' lang='lat' dir='ltr'><strong>tuum,</strong></span> <span class='ocrx_word' id='word_1_343' title='bbox 1996 2628 2052 2675; x_wconf 89' lang='lat' dir='ltr'><strong>et</strong></span> 
     </span>
    </p>
   </div>
   <div class='ocr_carea' id='block_1_43' title="bbox 452 2716 2051 2786">
    <p class='ocr_par' dir='ltr' id='par_1_43' title="bbox 452 2716 2051 2786">
     <span class='ocr_line' id='line_1_43' title="bbox 452 2716 2051 2786; baseline 0 -14"><span class='ocrx_word' id='word_1_344' title='bbox 452 2718 704 2774; x_wconf 92' lang='lat' dir='ltr'><strong>ambules</strong></span> <span class='ocrx_word' id='word_1_345' title='bbox 730 2717 788 2773; x_wconf 91' lang='lat' dir='ltr'><strong>in</strong></span> <span class='ocrx_word' id='word_1_346' title='bbox 820 2719 921 2772; x_wconf 90' lang='lat' dir='ltr'><strong>viis</strong></span> <span class='ocrx_word' id='word_1_347' title='bbox 951 2717 1069 2786; x_wconf 91' lang='lat' dir='ltr'><strong>ejus</strong></span> <span class='ocrx_word' id='word_1_348' title='bbox 1103 2717 1256 2771; x_wconf 91' lang='lat' dir='ltr'><strong>omni</strong></span> <span class='ocrx_word' id='word_1_349' title='bbox 1293 2716 1586 2784; x_wconf 88' lang='lat' dir='ltr'><strong>tempore),</strong></span> <span class='ocrx_word' id='word_1_350' title='bbox 1616 2716 1784 2772; x_wconf 89' lang='lat' dir='ltr'><strong>addes</strong></span> <span class='ocrx_word' id='word_1_351' title='bbox 1813 2716 1908 2770; x_wconf 90' lang='lat' dir='ltr'><strong>tibi</strong></span> <span class='ocrx_word' id='word_1_352' title='bbox 1938 2724 2051 2772; x_wconf 91' lang='lat' dir='ltr'><strong>tres</strong></span> 
     </span>
    </p>
   </div>
   <div class='ocr_carea' id='block_1_44' title="bbox 447 2807 2048 2878">
    <p class='ocr_par' dir='ltr' id='par_1_44' title="bbox 447 2807 2048 2878">
     <span class='ocr_line' id='line_1_44' title="bbox 447 2807 2048 2878; baseline 0.001 -15"><span class='ocrx_word' id='word_1_353' title='bbox 447 2810 872 2876; x_wconf 88' lang='lat' dir='ltr'><strong>aliascivitates,</strong></span> <span class='ocrx_word' id='word_1_354' title='bbox 897 2807 1404 2878; x_wconf 87' lang='lat' dir='ltr'><strong>etsupradictarum</strong></span> <span class='ocrx_word' id='word_1_355' title='bbox 1431 2813 1592 2864; x_wconf 91' lang='lat' dir='ltr'><strong>trium</strong></span> <span class='ocrx_word' id='word_1_356' title='bbox 1624 2808 1838 2864; x_wconf 89' lang='lat' dir='ltr'><strong>urbium</strong></span> <span class='ocrx_word' id='word_1_357' title='bbox 1857 2823 2048 2864; x_wconf 80' lang='lat' dir='ltr'><strong>nurne-</strong></span> 
     </span>
    </p>
   </div>
   <div class='ocr_carea' id='block_1_45' title="bbox 452 2899 2052 2972">
    <p class='ocr_par' dir='ltr' id='par_1_45' title="bbox 452 2899 2052 2972">
     <span class='ocr_line' id='line_1_45' title="bbox 452 2899 2052 2972; baseline -0.001 -15"><span class='ocrx_word' id='word_1_358' title='bbox 452 2917 573 2958; x_wconf 90' lang='lat' dir='ltr'><strong>rum</strong></span> <span class='ocrx_word' id='word_1_359' title='bbox 604 2901 928 2972; x_wconf 87' lang='lat' dir='ltr'><strong>duplicabis,</strong></span> <span class='ocrx_word' id='word_1_360' title='bbox 963 2909 1023 2956; x_wconf 90' lang='lat' dir='ltr'><strong>ut</strong></span> <span class='ocrx_word' id='word_1_361' title='bbox 1053 2915 1159 2954; x_wconf 93' lang='lat' dir='ltr'><strong>nou</strong></span> <span class='ocrx_word' id='word_1_362' title='bbox 1190 2899 1499 2956; x_wconf 78' lang='lat' dir='ltr'><strong>effundatur</strong></span> <span class='ocrx_word' id='word_1_363' title='bbox 1526 2901 1747 2970; x_wconf 77' lang='lat' dir='ltr'><strong>sanguis</strong></span> <span class='ocrx_word' id='word_1_364' title='bbox 1794 2900 2052 2955; x_wconf 85' lang='lat' dir='ltr'><strong>innoxius</strong></span> 
     </span>
    </p>
   </div>
   <div class='ocr_carea' id='block_1_46' title="bbox 453 2991 2054 3063">
    <p class='ocr_par' dir='ltr' id='par_1_46' title="bbox 453 2991 2054 3063">
     <span class='ocr_line' id='line_1_46' title="bbox 453 2991 2054 3063; baseline -0.002 -13"><span class='ocrx_word' id='word_1_365' title='bbox 453 2995 513 3050; x_wconf 88' lang='lat' dir='ltr'><strong>in</strong></span> <span class='ocrx_word' id='word_1_366' title='bbox 570 2993 750 3050; x_wconf 89' lang='lat' dir='ltr'><strong>medio</strong></span> <span class='ocrx_word' id='word_1_367' title='bbox 803 3003 981 3060; x_wconf 59' lang='lat' dir='ltr'><strong>terra},</strong></span> <span class='ocrx_word' id='word_1_368' title='bbox 1035 3007 1198 3063; x_wconf 91' lang='lat' dir='ltr'><strong>quam</strong></span> <span class='ocrx_word' id='word_1_369' title='bbox 1249 2993 1506 3046; x_wconf 90' lang='lat' dir='ltr'><strong>Dominus</strong></span> <span class='ocrx_word' id='word_1_370' title='bbox 1558 2993 1699 3047; x_wconf 91' lang='lat' dir='ltr'><strong>Deus</strong></span> <span class='ocrx_word' id='word_1_371' title='bbox 1732 3001 1854 3047; x_wconf 91' lang='lat' dir='ltr'><strong>tuus</strong></span> <span class='ocrx_word' id='word_1_372' title='bbox 1903 2991 2054 3047; x_wconf 86' lang='lat' dir='ltr'><strong>dabit</strong></span> 
     </span>
    </p>
   </div>
   <div class='ocr_carea' id='block_1_47' title="bbox 452 3085 2052 3158">
    <p class='ocr_par' dir='ltr' id='par_1_47' title="bbox 452 3085 2052 3158">
     <span class='ocr_line' id='line_1_47' title="bbox 452 3085 2052 3158; baseline -0.002 -14"><span class='ocrx_word' id='word_1_373' title='bbox 452 3089 551 3144; x_wconf 89' lang='lat' dir='ltr'><strong>tibi</strong></span> <span class='ocrx_word' id='word_1_374' title='bbox 583 3087 994 3158; x_wconf 81' lang='lat' dir='ltr'><strong>possidendam,</strong></span> <span class='ocrx_word' id='word_1_375' title='bbox 1032 3102 1100 3142; x_wconf 89' lang='lat' dir='ltr'><strong>ne</strong></span> <span class='ocrx_word' id='word_1_376' title='bbox 1131 3088 1206 3140; x_wconf 85' lang='lat' dir='ltr'><strong>sis</strong></span> <span class='ocrx_word' id='word_1_377' title='bbox 1234 3086 1514 3157; x_wconf 91' lang='lat' dir='ltr'><strong>sanguinis</strong></span> <span class='ocrx_word' id='word_1_378' title='bbox 1538 3101 1685 3142; x_wconf 90' lang='lat' dir='ltr'><strong>reus.</strong></span> <span class='ocrx_word' id='word_1_379' title='bbox 1717 3085 1776 3142; x_wconf 92' lang='lat' dir='ltr'><strong>Si</strong></span> <span class='ocrx_word' id='word_1_380' title='bbox 1807 3087 1930 3157; x_wconf 91' lang='lat' dir='ltr'><strong>quis</strong></span> <span class='ocrx_word' id='word_1_381' title='bbox 1963 3102 2052 3141; x_wconf 83' lang='lat' dir='ltr'><strong>au~</strong></span> 
     </span>
    </p>
   </div>
   <div class='ocr_carea' id='block_1_48' title="bbox 2153 1870 3748 1940">
    <p class='ocr_par' dir='ltr' id='par_1_48' title="bbox 2153 1870 3748 1940">
     <span class='ocr_line' id='line_1_48' title="bbox 2153 1870 3748 1940; baseline -0.001 -13"><span class='ocrx_word' id='word_1_382' title='bbox 2153 1887 2330 1938; x_wconf 90' lang='lat' dir='ltr'><strong>suam,</strong></span> <span class='ocrx_word' id='word_1_383' title='bbox 2363 1885 2431 1926; x_wconf 91' lang='lat' dir='ltr'><strong>ne</strong></span> <span class='ocrx_word' id='word_1_384' title='bbox 2452 1870 2592 1926; x_wconf 90' lang='lat' dir='ltr'><strong>forte</strong></span> <span class='ocrx_word' id='word_1_385' title='bbox 2621 1871 2888 1926; x_wconf 87' lang='lat' dir='ltr'><strong>moriatur</strong></span> <span class='ocrx_word' id='word_1_386' title='bbox 2911 1870 2962 1924; x_wconf 93' lang='lat' dir='ltr'><strong>in</strong></span> <span class='ocrx_word' id='word_1_387' title='bbox 2994 1870 3164 1940; x_wconf 90' lang='lat' dir='ltr'><strong>bello,</strong></span> <span class='ocrx_word' id='word_1_388' title='bbox 3188 1878 3244 1926; x_wconf 92' lang='lat' dir='ltr'><strong>et</strong></span> <span class='ocrx_word' id='word_1_389' title='bbox 3271 1871 3410 1926; x_wconf 91' lang='lat' dir='ltr'><strong>alius</strong></span> <span class='ocrx_word' id='word_1_390' title='bbox 3442 1871 3603 1925; x_wconf 91' lang='lat' dir='ltr'><strong>homo</strong></span> <span class='ocrx_word' id='word_1_391' title='bbox 3627 1871 3748 1939; x_wconf 86' lang='lat' dir='ltr'><strong>ejus</strong></span> 
     </span>
    </p>
   </div>
   <div class='ocr_carea' id='block_1_49' title="bbox 2151 1963 3751 2036">
    <p class='ocr_par' dir='ltr' id='par_1_49' title="bbox 2151 1963 3751 2036">
     <span class='ocr_line' id='line_1_49' title="bbox 2151 1963 3751 2036; baseline 0 -17"><span class='ocrx_word' id='word_1_392' title='bbox 2151 1965 2410 2036; x_wconf 87' lang='lat' dir='ltr'><strong>fungatur</strong></span> <span class='ocrx_word' id='word_1_393' title='bbox 2451 1963 2655 2020; x_wconf 85' lang='lat' dir='ltr'><strong>ofﬁcio.</strong></span> <span class='ocrx_word' id='word_1_394' title='bbox 2683 1964 2814 2031; x_wconf 85' lang='lat' dir='ltr'><strong>Quis</strong></span> <span class='ocrx_word' id='word_1_395' title='bbox 2844 1977 2928 2020; x_wconf 91' lang='lat' dir='ltr'><strong>est</strong></span> <span class='ocrx_word' id='word_1_396' title='bbox 2965 1964 3128 2019; x_wconf 90' lang='lat' dir='ltr'><strong>homo</strong></span> <span class='ocrx_word' id='word_1_397' title='bbox 3157 1963 3251 2034; x_wconf 89' lang='lat' dir='ltr'><strong>qui</strong></span> <span class='ocrx_word' id='word_1_398' title='bbox 3280 1963 3573 2034; x_wconf 87' lang='lat' dir='ltr'><strong>despondit</strong></span> <span class='ocrx_word' id='word_1_399' title='bbox 3611 1980 3751 2019; x_wconf 85' lang='lat' dir='ltr'><strong>uxo-</strong></span> 
     </span>
    </p>
   </div>
   <div class='ocr_carea' id='block_1_50' title="bbox 2154 2055 3749 2125">
    <p class='ocr_par' dir='ltr' id='par_1_50' title="bbox 2154 2055 3749 2125">
     <span class='ocr_line' id='line_1_50' title="bbox 2154 2055 3749 2125; baseline -0.001 -13"><span class='ocrx_word' id='word_1_400' title='bbox 2154 2073 2294 2123; x_wconf 89' lang='lat' dir='ltr'><strong>rem,</strong></span> <span class='ocrx_word' id='word_1_401' title='bbox 2324 2066 2386 2116; x_wconf 87' lang='lat' dir='ltr'><strong>et</strong></span> <span class='ocrx_word' id='word_1_402' title='bbox 2407 2072 2516 2112; x_wconf 93' lang='lat' dir='ltr'><strong>non</strong></span> <span class='ocrx_word' id='word_1_403' title='bbox 2542 2056 2754 2125; x_wconf 90' lang='lat' dir='ltr'><strong>accepit</strong></span> <span class='ocrx_word' id='word_1_404' title='bbox 2777 2057 2935 2112; x_wconf 85' lang='lat' dir='ltr'><strong>eam?</strong></span> <span class='ocrx_word' id='word_1_405' title='bbox 2961 2056 3123 2111; x_wconf 81' lang='lat' dir='ltr'><strong>vadat</strong></span> <span class='ocrx_word' id='word_1_406' title='bbox 3151 2065 3206 2111; x_wconf 92' lang='lat' dir='ltr'><strong>et</strong></span> <span class='ocrx_word' id='word_1_407' title='bbox 3233 2064 3539 2112; x_wconf 88' lang='lat' dir='ltr'><strong>revertatur</strong></span> <span class='ocrx_word' id='word_1_408' title='bbox 3563 2056 3614 2110; x_wconf 94' lang='lat' dir='ltr'><strong>in</strong></span> <span class='ocrx_word' id='word_1_409' title='bbox 3646 2055 3749 2110; x_wconf 83' lang='lat' dir='ltr'><strong>do-</strong></span> 
     </span>
    </p>
   </div>
   <div class='ocr_carea' id='block_1_51' title="bbox 2153 2153 3759 2221">
    <p class='ocr_par' dir='ltr' id='par_1_51' title="bbox 2153 2153 3759 2221">
     <span class='ocr_line' id='line_1_51' title="bbox 2153 2153 3759 2221; baseline 0.001 -13"><span class='ocrx_word' id='word_1_410' title='bbox 2153 2169 2300 2208; x_wconf 91' lang='lat' dir='ltr'><strong>mum</strong></span> <span class='ocrx_word' id='word_1_411' title='bbox 2330 2167 2507 2221; x_wconf 92' lang='lat' dir='ltr'><strong>suam,</strong></span> <span class='ocrx_word' id='word_1_412' title='bbox 2537 2168 2605 2209; x_wconf 92' lang='lat' dir='ltr'><strong>ne</strong></span> <span class='ocrx_word' id='word_1_413' title='bbox 2627 2153 2765 2208; x_wconf 88' lang='lat' dir='ltr'><strong>forte</strong></span> <span class='ocrx_word' id='word_1_414' title='bbox 2789 2153 3054 2208; x_wconf 86' lang='lat' dir='ltr'><strong>moriatur</strong></span> <span class='ocrx_word' id='word_1_415' title='bbox 3081 2153 3134 2208; x_wconf 90' lang='lat' dir='ltr'><strong>in</strong></span> <span class='ocrx_word' id='word_1_416' title='bbox 3161 2153 3325 2220; x_wconf 84' lang='lat' dir='ltr'><strong>bello,</strong></span> <span class='ocrx_word' id='word_1_417' title='bbox 3347 2162 3401 2209; x_wconf 92' lang='lat' dir='ltr'><strong>et</strong></span> <span class='ocrx_word' id='word_1_418' title='bbox 3423 2153 3568 2210; x_wconf 90' lang='lat' dir='ltr'><strong>alius</strong></span> <span class='ocrx_word' id='word_1_419' title='bbox 3591 2153 3759 2210; x_wconf 90' lang='lat' dir='ltr'><strong>homo</strong></span> 
     </span>
    </p>
   </div>
   <div class='ocr_carea' id='block_1_52' title="bbox 2153 2247 3761 2320">
    <p class='ocr_par' dir='ltr' id='par_1_52' title="bbox 2153 2247 3761 2320">
     <span class='ocr_line' id='line_1_52' title="bbox 2153 2247 3761 2320; baseline 0.001 -19"><span class='ocrx_word' id='word_1_420' title='bbox 2153 2248 2383 2318; x_wconf 89' lang='lat' dir='ltr'><strong>accipiat</strong></span> <span class='ocrx_word' id='word_1_421' title='bbox 2406 2263 2547 2303; x_wconf 88' lang='lat' dir='ltr'><strong>eam.</strong></span> <span class='ocrx_word' id='word_1_422' title='bbox 2573 2247 2668 2303; x_wconf 78' lang='lat' dir='ltr'><strong>I-lis</strong></span> <span class='ocrx_word' id='word_1_423' title='bbox 2699 2247 2861 2303; x_wconf 93' lang='lat' dir='ltr'><strong>dictis</strong></span> <span class='ocrx_word' id='word_1_424' title='bbox 2890 2247 3098 2304; x_wconf 89' lang='lat' dir='ltr'><strong>addent</strong></span> <span class='ocrx_word' id='word_1_425' title='bbox 3125 2248 3354 2318; x_wconf 76' lang='lat' dir='ltr'><strong>reliqua,</strong></span> <span class='ocrx_word' id='word_1_426' title='bbox 3385 2257 3441 2305; x_wconf 91' lang='lat' dir='ltr'><strong>et</strong></span> <span class='ocrx_word' id='word_1_427' title='bbox 3461 2249 3761 2320; x_wconf 88' lang='lat' dir='ltr'><strong>loquentur</strong></span> 
     </span>
    </p>
   </div>
   <div class='ocr_carea' id='block_1_53' title="bbox 2157 2339 3755 2409">
    <p class='ocr_par' dir='ltr' id='par_1_53' title="bbox 2157 2339 3755 2409">
     <span class='ocr_line' id='line_1_53' title="bbox 2157 2339 3755 2409; baseline 0.002 -16"><span class='ocrx_word' id='word_1_428' title='bbox 2157 2339 2224 2394; x_wconf 88' lang='lat' dir='ltr'><strong>ad</strong></span> <span class='ocrx_word' id='word_1_429' title='bbox 2253 2339 2511 2409; x_wconf 88' lang='lat' dir='ltr'><strong>populum</strong></span> <span class='ocrx_word' id='word_1_430' title='bbox 2547 2339 2718 2408; x_wconf 85' lang='lat' dir='ltr'><strong>:Quis</strong></span> <span class='ocrx_word' id='word_1_431' title='bbox 2771 2347 2856 2395; x_wconf 90' lang='lat' dir='ltr'><strong>est</strong></span> <span class='ocrx_word' id='word_1_432' title='bbox 2887 2341 3050 2395; x_wconf 91' lang='lat' dir='ltr'><strong>homo</strong></span> <span class='ocrx_word' id='word_1_433' title='bbox 3082 2339 3467 2395; x_wconf 88' lang='lat' dir='ltr'><strong>formidolosus</strong></span> <span class='ocrx_word' id='word_1_434' title='bbox 3505 2349 3560 2397; x_wconf 91' lang='lat' dir='ltr'><strong>et</strong></span> <span class='ocrx_word' id='word_1_435' title='bbox 3585 2340 3755 2397; x_wconf 89' lang='lat' dir='ltr'><strong>corde</strong></span> 
     </span>
    </p>
   </div>
   <div class='ocr_carea' id='block_1_54' title="bbox 2152 2432 3758 2506">
    <p class='ocr_par' dir='ltr' id='par_1_54' title="bbox 2152 2432 3758 2506">
     <span class='ocr_line' id='line_1_54' title="bbox 2152 2432 3758 2506; baseline 0 -17"><span class='ocrx_word' id='word_1_436' title='bbox 2152 2433 2386 2506; x_wconf 83' lang='lat' dir='ltr'><strong>pavido?</strong></span> <span class='ocrx_word' id='word_1_437' title='bbox 2417 2432 2576 2488; x_wconf 87' lang='lat' dir='ltr'><strong>vadat</strong></span> <span class='ocrx_word' id='word_1_438' title='bbox 2605 2444 2659 2488; x_wconf 91' lang='lat' dir='ltr'><strong>et</strong></span> <span class='ocrx_word' id='word_1_439' title='bbox 2689 2442 2999 2489; x_wconf 90' lang='lat' dir='ltr'><strong>revertatur</strong></span> <span class='ocrx_word' id='word_1_440' title='bbox 3021 2434 3075 2488; x_wconf 94' lang='lat' dir='ltr'><strong>in</strong></span> <span class='ocrx_word' id='word_1_441' title='bbox 3103 2433 3326 2489; x_wconf 92' lang='lat' dir='ltr'><strong>domum</strong></span> <span class='ocrx_word' id='word_1_442' title='bbox 3353 2449 3529 2501; x_wconf 91' lang='lat' dir='ltr'><strong>suam,</strong></span> <span class='ocrx_word' id='word_1_443' title='bbox 3562 2450 3630 2490; x_wconf 90' lang='lat' dir='ltr'><strong>ne</strong></span> <span class='ocrx_word' id='word_1_444' title='bbox 3663 2449 3758 2504; x_wconf 74' lang='lat' dir='ltr'><strong>pa~</strong></span> 
     </span>
    </p>
   </div>
   <div class='ocr_carea' id='block_1_55' title="bbox 2153 2527 3751 2598">
    <p class='ocr_par' dir='ltr' id='par_1_55' title="bbox 2153 2527 3751 2598">
     <span class='ocr_line' id='line_1_55' title="bbox 2153 2527 3751 2598; baseline 0 -15"><span class='ocrx_word' id='word_1_445' title='bbox 2153 2543 2281 2583; x_wconf 91' lang='lat' dir='ltr'><strong>vere</strong></span> <span class='ocrx_word' id='word_1_446' title='bbox 2308 2527 2469 2582; x_wconf 89' lang='lat' dir='ltr'><strong>faciat</strong></span> <span class='ocrx_word' id='word_1_447' title='bbox 2495 2527 2661 2581; x_wconf 86' lang='lat' dir='ltr'><strong>corda</strong></span> <span class='ocrx_word' id='word_1_448' title='bbox 2691 2527 2917 2582; x_wconf 90' lang='lat' dir='ltr'><strong>fratrum</strong></span> <span class='ocrx_word' id='word_1_449' title='bbox 2951 2542 3198 2593; x_wconf 91' lang='lat' dir='ltr'><strong>suorum,</strong></span> <span class='ocrx_word' id='word_1_450' title='bbox 3227 2529 3366 2582; x_wconf 91' lang='lat' dir='ltr'><strong>sicut</strong></span> <span class='ocrx_word' id='word_1_451' title='bbox 3398 2528 3514 2598; x_wconf 93' lang='lat' dir='ltr'><strong>ipse</strong></span> <span class='ocrx_word' id='word_1_452' title='bbox 3553 2528 3751 2583; x_wconf 88' lang='lat' dir='ltr'><strong>timore</strong></span> 
     </span>
    </p>
   </div>
   <div class='ocr_carea' id='block_1_56' title="bbox 2154 2619 3750 2694">
    <p class='ocr_par' dir='ltr' id='par_1_56' title="bbox 2154 2619 3750 2694">
     <span class='ocr_line' id='line_1_56' title="bbox 2154 2619 3750 2694; baseline -0.001 -16"><span class='ocrx_word' id='word_1_453' title='bbox 2154 2619 2479 2694; x_wconf 87' lang='lat' dir='ltr'><strong>perterritus</strong></span> <span class='ocrx_word' id='word_1_454' title='bbox 2509 2630 2614 2676; x_wconf 90' lang='lat' dir='ltr'><strong>est.</strong></span> <span class='ocrx_word' id='word_1_455' title='bbox 2659 2619 2907 2692; x_wconf 87' lang='lat' dir='ltr'><strong>Cumque</strong></span> <span class='ocrx_word' id='word_1_456' title='bbox 2955 2622 3210 2678; x_wconf 89' lang='lat' dir='ltr'><strong>siluerint</strong></span> <span class='ocrx_word' id='word_1_457' title='bbox 3239 2621 3406 2678; x_wconf 91' lang='lat' dir='ltr'><strong>duces</strong></span> <span class='ocrx_word' id='word_1_458' title='bbox 3453 2623 3750 2690; x_wconf 85' lang='lat' dir='ltr'><strong>exercitus,</strong></span> 
     </span>
    </p>
   </div>
   <div class='ocr_carea' id='block_1_57' title="bbox 2154 2715 3752 2786">
    <p class='ocr_par' dir='ltr' id='par_1_57' title="bbox 2154 2715 3752 2786">
     <span class='ocr_line' id='line_1_57' title="bbox 2154 2715 3752 2786; baseline -0.002 -13"><span class='ocrx_word' id='word_1_459' title='bbox 2154 2725 2210 2774; x_wconf 91' lang='lat' dir='ltr'><strong>et</strong></span> <span class='ocrx_word' id='word_1_460' title='bbox 2238 2717 2398 2771; x_wconf 84' lang='lat' dir='ltr'><strong>finem</strong></span> <span class='ocrx_word' id='word_1_461' title='bbox 2429 2715 2692 2786; x_wconf 86' lang='lat' dir='ltr'><strong>loquendi</strong></span> <span class='ocrx_word' id='word_1_462' title='bbox 2721 2715 2943 2783; x_wconf 83' lang='lat' dir='ltr'><strong>fecerit,</strong></span> <span class='ocrx_word' id='word_1_463' title='bbox 2980 2715 3355 2786; x_wconf 86' lang='lat' dir='ltr'><strong>unusquisque</strong></span> <span class='ocrx_word' id='word_1_464' title='bbox 3383 2730 3510 2770; x_wconf 91' lang='lat' dir='ltr'><strong>suos</strong></span> <span class='ocrx_word' id='word_1_465' title='bbox 3539 2715 3604 2770; x_wconf 89' lang='lat' dir='ltr'><strong>ad</strong></span> <span class='ocrx_word' id='word_1_466' title='bbox 3635 2716 3752 2771; x_wconf 85' lang='lat' dir='ltr'><strong>bel-</strong></span> 
     </span>
    </p>
   </div>
   <div class='ocr_carea' id='block_1_58' title="bbox 2153 2807 3747 2881">
    <p class='ocr_par' dir='ltr' id='par_1_58' title="bbox 2153 2807 3747 2881">
     <span class='ocr_line' id='line_1_58' title="bbox 2153 2807 3747 2881; baseline -0.001 -15"><span class='ocrx_word' id='word_1_467' title='bbox 2153 2809 2376 2866; x_wconf 88' lang='lat' dir='ltr'><strong>laudum</strong></span> <span class='ocrx_word' id='word_1_468' title='bbox 2423 2823 2628 2864; x_wconf 92' lang='lat' dir='ltr'><strong>cuneos</strong></span> <span class='ocrx_word' id='word_1_469' title='bbox 2677 2809 3010 2879; x_wconf 86' lang='lat' dir='ltr'><strong>praeparabit</strong></span> <span class='ocrx_word' id='word_1_470' title='bbox 3042 2807 3130 2881; x_wconf 91' lang='lat' dir='ltr'><strong>[h.</strong></span> <span class='ocrx_word' id='word_1_471' title='bbox 3187 2808 3255 2864; x_wconf 84' lang='lat' dir='ltr'><strong>Et</strong></span> <span class='ocrx_word' id='word_1_472' title='bbox 3294 2809 3458 2865; x_wconf 84' lang='lat' dir='ltr'><strong>finem</strong></span> <span class='ocrx_word' id='word_1_473' title='bbox 3492 2809 3747 2878; x_wconf 87' lang='lat' dir='ltr'><strong>loquendi</strong></span> 
     </span>
    </p>
   </div>
   <div class='ocr_carea' id='block_1_59' title="bbox 2155 2902 3748 2975">
    <p class='ocr_par' dir='ltr' id='par_1_59' title="bbox 2155 2902 3748 2975">
     <span class='ocr_line' id='line_1_59' title="bbox 2155 2902 3748 2975; baseline -0.003 -12"><span class='ocrx_word' id='word_1_474' title='bbox 2155 2907 2407 2975; x_wconf 85' lang='lat' dir='ltr'><strong>fecerint,</strong></span> <span class='ocrx_word' id='word_1_475' title='bbox 2441 2905 2765 2962; x_wconf 82' lang='lat' dir='ltr'><strong>constituent</strong></span> <span class='ocrx_word' id='word_1_476' title='bbox 2795 2904 3069 2974; x_wconf 83' lang='lat' dir='ltr'><strong>principes</strong></span> <span class='ocrx_word' id='word_1_477' title='bbox 3118 2902 3458 2957; x_wconf 85' lang='lat' dir='ltr'><strong>exercituum</strong></span> <span class='ocrx_word' id='word_1_478' title='bbox 3491 2902 3544 2955; x_wconf 86' lang='lat' dir='ltr'><strong>iu</strong></span> <span class='ocrx_word' id='word_1_479' title='bbox 3576 2903 3748 2971; x_wconf 81' lang='lat' dir='ltr'><strong>capite</strong></span> 
     </span>
    </p>
   </div>
   <div class='ocr_carea' id='block_1_60' title="bbox 2155 2994 3745 3070">
    <p class='ocr_par' dir='ltr' id='par_1_60' title="bbox 2155 2994 3745 3070">
     <span class='ocr_line' id='line_1_60' title="bbox 2155 2994 3745 3070; baseline -0.004 -15"><span class='ocrx_word' id='word_1_480' title='bbox 2155 2997 2397 3070; x_wconf 86' lang='lat' dir='ltr'><strong>pepuli].</strong></span> <span class='ocrx_word' id='word_1_481' title='bbox 2441 2997 2532 3070; x_wconf 77' lang='grc'><strong>[0.</strong></span> <span class='ocrx_word' id='word_1_482' title='bbox 2585 2994 2914 3068; x_wconf 82' lang='lat' dir='ltr'><strong>LXXXIX.]</strong></span> <span class='ocrx_word' id='word_1_483' title='bbox 2955 2994 3010 3051; x_wconf 92' lang='lat' dir='ltr'><strong>Si</strong></span> <span class='ocrx_word' id='word_1_484' title='bbox 3052 2994 3269 3066; x_wconf 91' lang='lat' dir='ltr'><strong>quando</strong></span> <span class='ocrx_word' id='word_1_485' title='bbox 3330 2995 3630 3050; x_wconf 90' lang='lat' dir='ltr'><strong>accesseris</strong></span> <span class='ocrx_word' id='word_1_486' title='bbox 3675 2995 3745 3049; x_wconf 90' lang='lat' dir='ltr'><strong>ad</strong></span> 
     </span>
    </p>
   </div>
   <div class='ocr_carea' id='block_1_61' title="bbox 2155 3089 3742 3163">
    <p class='ocr_par' dir='ltr' id='par_1_61' title="bbox 2155 3089 3742 3163">
     <span class='ocr_line' id='line_1_61' title="bbox 2155 3089 3742 3163; baseline -0.003 -14"><span class='ocrx_word' id='word_1_487' title='bbox 2155 3092 2564 3163; x_wconf 80' lang='lat' dir='ltr'><strong>expugnandam</strong></span> <span class='ocrx_word' id='word_1_488' title='bbox 2597 3090 2900 3155; x_wconf 86' lang='lat' dir='ltr'><strong>civitatem,</strong></span> <span class='ocrx_word' id='word_1_489' title='bbox 2943 3089 3140 3144; x_wconf 78' lang='lat' dir='ltr'><strong>offeres</strong></span> <span class='ocrx_word' id='word_1_490' title='bbox 3184 3091 3232 3144; x_wconf 91' lang='lat' dir='ltr'><strong>ei</strong></span> <span class='ocrx_word' id='word_1_491' title='bbox 3264 3089 3495 3158; x_wconf 91' lang='lat' dir='ltr'><strong>primum</strong></span> <span class='ocrx_word' id='word_1_492' title='bbox 3535 3103 3742 3159; x_wconf 90' lang='lat' dir='ltr'><strong>pacem.</strong></span> 
     </span>
    </p>
   </div>
   <div class='ocr_carea' id='block_1_62' title="bbox 453 3164 3756 3256">
    <p class='ocr_par' dir='ltr' id='par_1_62' title="bbox 453 3164 3756 3256">
     <span class='ocr_line' id='line_1_62' title="bbox 453 3164 3756 3256; baseline -0.004 -19"><span class='ocrx_word' id='word_1_493' title='bbox 453 3192 563 3238; x_wconf 90' lang='lat' dir='ltr'><strong>tem</strong></span> <span class='ocrx_word' id='word_1_494' title='bbox 592 3182 718 3237; x_wconf 90' lang='lat' dir='ltr'><strong>odio</strong></span> <span class='ocrx_word' id='word_1_495' title='bbox 761 3181 966 3236; x_wconf 90' lang='lat' dir='ltr'><strong>habens</strong></span> <span class='ocrx_word' id='word_1_496' title='bbox 997 3181 1303 3250; x_wconf 82' lang='lat' dir='ltr'><strong>proximum</strong></span> <span class='ocrx_word' id='word_1_497' title='bbox 1342 3196 1524 3244; x_wconf 91' lang='lat' dir='ltr'><strong>suum,</strong></span> <span class='ocrx_word' id='word_1_498' title='bbox 1554 3179 1839 3234; x_wconf 90' lang='lat' dir='ltr'><strong>insidiatus</strong></span> <span class='ocrx_word' id='word_1_499' title='bbox 1886 3179 2052 3234; x_wconf 90' lang='lat' dir='ltr'><strong>fuerit</strong></span> <span class='ocrx_word' id='word_1_500' title='bbox 2079 3164 2126 3228; x_wconf 85' lang='lat' dir='ltr'>C</span> <span class='ocrx_word' id='word_1_501' title='bbox 2156 3185 2209 3242; x_wconf 85' lang='lat' dir='ltr'><strong>si</strong></span> <span class='ocrx_word' id='word_1_502' title='bbox 2242 3186 2514 3256; x_wconf 61' lang='lat' dir='ltr'><strong>receperit,</strong></span> <span class='ocrx_word' id='word_1_503' title='bbox 2557 3193 2609 3239; x_wconf 73' lang='grc' dir='ltr'><strong>ει</strong></span> <span class='ocrx_word' id='word_1_504' title='bbox 2633 3183 2904 3254; x_wconf 69' lang='lat' dir='ltr'><strong>aperuerit</strong></span> <span class='ocrx_word' id='word_1_505' title='bbox 2935 3182 3029 3237; x_wconf 62' lang='lat' dir='ltr'><strong>tibi</strong></span> <span class='ocrx_word' id='word_1_506' title='bbox 3060 3192 3262 3251; x_wconf 60' lang='lat' dir='ltr'><strong>ponas,</strong></span> <span class='ocrx_word' id='word_1_507' title='bbox 3309 3191 3540 3239; x_wconf 55' lang='lat' dir='ltr'><strong>cunctus</strong></span> <span class='ocrx_word' id='word_1_508' title='bbox 3580 3198 3756 3252; x_wconf 71' lang='grc' dir='ltr'><strong>ρορυ..</strong></span> 
     </span>
    </p>
   </div>
   <div class='ocr_carea' id='block_1_63' title="bbox 451 3274 2050 3345">
    <p class='ocr_par' dir='ltr' id='par_1_63' title="bbox 451 3274 2050 3345">
     <span class='ocr_line' id='line_1_63' title="bbox 451 3274 2050 3345; baseline -0.002 -14"><span class='ocrx_word' id='word_1_509' title='bbox 451 3275 580 3331; x_wconf 85' lang='lat' dir='ltr'><strong>vitae</strong></span> <span class='ocrx_word' id='word_1_510' title='bbox 613 3274 752 3345; x_wconf 92' lang='lat' dir='ltr'><strong>ejus,</strong></span> <span class='ocrx_word' id='word_1_511' title='bbox 785 3288 1124 3344; x_wconf 89' lang='lat' dir='ltr'><strong>surgensque</strong></span> <span class='ocrx_word' id='word_1_512' title='bbox 1155 3275 1480 3343; x_wconf 90' lang='lat' dir='ltr'><strong>percusserit</strong></span> <span class='ocrx_word' id='word_1_513' title='bbox 1513 3274 1685 3338; x_wconf 87' lang='lat' dir='ltr'><strong>illum,</strong></span> <span class='ocrx_word' id='word_1_514' title='bbox 1719 3283 1774 3329; x_wconf 91' lang='lat' dir='ltr'><strong>et</strong></span> <span class='ocrx_word' id='word_1_515' title='bbox 1803 3283 2050 3328; x_wconf 88' lang='lat' dir='ltr'><strong>mortuus</strong></span> 
     </span>
    </p>
   </div>
   <div class='ocr_carea' id='block_1_64' title="bbox 449 3367 2048 3440">
    <p class='ocr_par' dir='ltr' id='par_1_64' title="bbox 449 3367 2048 3440">
     <span class='ocr_line' id='line_1_64' title="bbox 449 3367 2048 3440; baseline 0.001 -17"><span class='ocrx_word' id='word_1_516' title='bbox 449 3369 639 3433; x_wconf 87' lang='lat' dir='ltr'><strong>fuerit,</strong></span> <span class='ocrx_word' id='word_1_517' title='bbox 685 3368 989 3440; x_wconf 89' lang='lat' dir='ltr'><strong>fugeritque</strong></span> <span class='ocrx_word' id='word_1_518' title='bbox 1032 3367 1097 3423; x_wconf 91' lang='lat' dir='ltr'><strong>ad</strong></span> <span class='ocrx_word' id='word_1_519' title='bbox 1140 3384 1300 3423; x_wconf 92' lang='lat' dir='ltr'><strong>unam</strong></span> <span class='ocrx_word' id='word_1_520' title='bbox 1330 3368 1399 3423; x_wconf 92' lang='lat' dir='ltr'><strong>de</strong></span> <span class='ocrx_word' id='word_1_521' title='bbox 1435 3368 1760 3439; x_wconf 84' lang='lat' dir='ltr'><strong>supradictis</strong></span> <span class='ocrx_word' id='word_1_522' title='bbox 1797 3369 2048 3438; x_wconf 89' lang='lat' dir='ltr'><strong>urbibus,</strong></span> 
     </span>
    </p>
   </div>
   <div class='ocr_carea' id='block_1_65' title="bbox 453 3460 2050 3530">
    <p class='ocr_par' dir='ltr' id='par_1_65' title="bbox 453 3460 2050 3530">
     <span class='ocr_line' id='line_1_65' title="bbox 453 3460 2050 3530; baseline 0.001 -15"><span class='ocrx_word' id='word_1_523' title='bbox 453 3462 678 3516; x_wconf 88' lang='lat' dir='ltr'><strong>mittent</strong></span> <span class='ocrx_word' id='word_1_524' title='bbox 710 3460 955 3518; x_wconf 87' lang='lat' dir='ltr'><strong>seniores</strong></span> <span class='ocrx_word' id='word_1_525' title='bbox 985 3460 1221 3516; x_wconf 91' lang='lat' dir='ltr'><strong>civitatis</strong></span> <span class='ocrx_word' id='word_1_526' title='bbox 1250 3461 1420 3529; x_wconf 93' lang='lat' dir='ltr'><strong>illius,</strong></span> <span class='ocrx_word' id='word_1_527' title='bbox 1453 3470 1509 3517; x_wconf 91' lang='lat' dir='ltr'><strong>et</strong></span> <span class='ocrx_word' id='word_1_528' title='bbox 1537 3461 1800 3530; x_wconf 90' lang='lat' dir='ltr'><strong>arripient</strong></span> <span class='ocrx_word' id='word_1_529' title='bbox 1827 3477 1950 3518; x_wconf 92' lang='lat' dir='ltr'><strong>cum</strong></span> <span class='ocrx_word' id='word_1_530' title='bbox 1983 3462 2050 3517; x_wconf 89' lang='lat' dir='ltr'><strong>de</strong></span> 
     </span>
    </p>
   </div>
   <div class='ocr_carea' id='block_1_66' title="bbox 449 3553 2051 3626">
    <p class='ocr_par' dir='ltr' id='par_1_66' title="bbox 449 3553 2051 3626">
     <span class='ocr_line' id='line_1_66' title="bbox 449 3553 2051 3626; baseline 0 -15"><span class='ocrx_word' id='word_1_531' title='bbox 449 3553 572 3611; x_wconf 86' lang='lat' dir='ltr'><strong>loco</strong></span> <span class='ocrx_word' id='word_1_532' title='bbox 599 3555 807 3626; x_wconf 87' lang='lat' dir='ltr'><strong>effugii,</strong></span> <span class='ocrx_word' id='word_1_533' title='bbox 838 3554 1166 3625; x_wconf 91' lang='lat' dir='ltr'><strong>tradentque</strong></span> <span class='ocrx_word' id='word_1_534' title='bbox 1192 3556 1246 3609; x_wconf 94' lang='lat' dir='ltr'><strong>in</strong></span> <span class='ocrx_word' id='word_1_535' title='bbox 1272 3571 1434 3611; x_wconf 90' lang='lat' dir='ltr'><strong>manu</strong></span> <span class='ocrx_word' id='word_1_536' title='bbox 1462 3556 1715 3626; x_wconf 78' lang='lat' dir='ltr'><strong>proximi,</strong></span> <span class='ocrx_word' id='word_1_537' title='bbox 1744 3556 1902 3625; x_wconf 90' lang='lat' dir='ltr'><strong>cujus</strong></span> <span class='ocrx_word' id='word_1_538' title='bbox 1927 3571 2051 3611; x_wconf 88' lang='lat' dir='ltr'><strong>san-</strong></span> 
     </span>
    </p>
   </div>
   <div class='ocr_carea' id='block_1_67' title="bbox 451 3646 2048 3717">
    <p class='ocr_par' dir='ltr' id='par_1_67' title="bbox 451 3646 2048 3717">
     <span class='ocr_line' id='line_1_67' title="bbox 451 3646 2048 3717; baseline 0.001 -17"><span class='ocrx_word' id='word_1_539' title='bbox 451 3647 572 3716; x_wconf 86' lang='lat' dir='ltr'><strong>guis</strong></span> <span class='ocrx_word' id='word_1_540' title='bbox 595 3647 803 3703; x_wconf 81' lang='lat' dir='ltr'><strong>etfusus</strong></span> <span class='ocrx_word' id='word_1_541' title='bbox 833 3655 937 3713; x_wconf 92' lang='lat' dir='ltr'><strong>est,</strong></span> <span class='ocrx_word' id='word_1_542' title='bbox 969 3655 1026 3702; x_wconf 90' lang='lat' dir='ltr'><strong>et</strong></span> <span class='ocrx_word' id='word_1_543' title='bbox 1050 3646 1334 3702; x_wconf 89' lang='lat' dir='ltr'><strong>morietur.</strong></span> <span class='ocrx_word' id='word_1_544' title='bbox 1370 3646 1479 3702; x_wconf 84' lang='lat' dir='ltr'><strong>Nec</strong></span> <span class='ocrx_word' id='word_1_545' title='bbox 1510 3646 1861 3702; x_wconf 89' lang='lat' dir='ltr'><strong>misereberis</strong></span> <span class='ocrx_word' id='word_1_546' title='bbox 1906 3646 2048 3717; x_wconf 90' lang='lat' dir='ltr'><strong>ejus,</strong></span> 
     </span>
    </p>
   </div>
   <div class='ocr_carea' id='block_1_68' title="bbox 453 3736 2050 3808">
    <p class='ocr_par' dir='ltr' id='par_1_68' title="bbox 453 3736 2050 3808">
     <span class='ocr_line' id='line_1_68' title="bbox 453 3736 2050 3808; baseline 0 -15"><span class='ocrx_word' id='word_1_547' title='bbox 453 3746 512 3793; x_wconf 88' lang='lat' dir='ltr'><strong>et</strong></span> <span class='ocrx_word' id='word_1_548' title='bbox 555 3737 770 3792; x_wconf 86' lang='lat' dir='ltr'><strong>auferes</strong></span> <span class='ocrx_word' id='word_1_549' title='bbox 811 3737 1096 3792; x_wconf 90' lang='lat' dir='ltr'><strong>innoxium</strong></span> <span class='ocrx_word' id='word_1_550' title='bbox 1147 3737 1464 3808; x_wconf 89' lang='lat' dir='ltr'><strong>sanguinem</strong></span> <span class='ocrx_word' id='word_1_551' title='bbox 1506 3736 1574 3792; x_wconf 88' lang='lat' dir='ltr'><strong>de</strong></span> <span class='ocrx_word' id='word_1_552' title='bbox 1600 3737 1794 3802; x_wconf 88' lang='lat' dir='ltr'><strong>Israel,</strong></span> <span class='ocrx_word' id='word_1_553' title='bbox 1826 3745 1883 3791; x_wconf 94' lang='lat' dir='ltr'><strong>ut</strong></span> <span class='ocrx_word' id='word_1_554' title='bbox 1914 3737 2050 3793; x_wconf 89' lang='lat' dir='ltr'><strong>bene</strong></span> 
     </span>
    </p>
   </div>
   <div class='ocr_carea' id='block_1_69' title="bbox 449 3828 2050 3902">
    <p class='ocr_par' dir='ltr' id='par_1_69' title="bbox 449 3828 2050 3902">
     <span class='ocr_line' id='line_1_69' title="bbox 449 3828 2050 3902; baseline 0.001 -17"><span class='ocrx_word' id='word_1_555' title='bbox 449 3829 527 3886; x_wconf 80' lang='lat' dir='ltr'><strong>sit</strong></span> <span class='ocrx_word' id='word_1_556' title='bbox 552 3830 670 3885; x_wconf 89' lang='lat' dir='ltr'><strong>tibi.</strong></span> <span class='ocrx_word' id='word_1_557' title='bbox 703 3829 796 3902; x_wconf 87' lang='grc' dir='ltr'><strong>[Β.</strong></span> <span class='ocrx_word' id='word_1_558' title='bbox 839 3828 1101 3896; x_wconf 84' lang='lat' dir='ltr'><strong>LXXXII,</strong></span> <span class='ocrx_word' id='word_1_559' title='bbox 1135 3830 1199 3885; x_wconf 89' lang='lat' dir='ltr'><strong>C.</strong></span> <span class='ocrx_word' id='word_1_560' title='bbox 1252 3829 1580 3902; x_wconf 84' lang='lat' dir='ltr'><strong>LXXXIII.]</strong></span> <span class='ocrx_word' id='word_1_561' title='bbox 1634 3830 1751 3885; x_wconf 86' lang='lat' dir='ltr'><strong>Non</strong></span> <span class='ocrx_word' id='word_1_562' title='bbox 1803 3845 2050 3887; x_wconf 87' lang='lat' dir='ltr'><strong>assumes</strong></span> 
     </span>
    </p>
   </div>
   <div class='ocr_carea' id='block_1_70' title="bbox 453 3921 2052 3994">
    <p class='ocr_par' dir='ltr' id='par_1_70' title="bbox 453 3921 2052 3994">
     <span class='ocr_line' id='line_1_70' title="bbox 453 3921 2052 3994; baseline -0.001 -14"><span class='ocrx_word' id='word_1_563' title='bbox 453 3931 512 3980; x_wconf 85' lang='lat' dir='ltr'><strong>et</strong></span> <span class='ocrx_word' id='word_1_564' title='bbox 545 3922 842 3979; x_wconf 83' lang='lat' dir='ltr'><strong>transferes</strong></span> <span class='ocrx_word' id='word_1_565' title='bbox 889 3924 1152 3978; x_wconf 90' lang='lat' dir='ltr'><strong>terminos</strong></span> <span class='ocrx_word' id='word_1_566' title='bbox 1200 3925 1433 3994; x_wconf 81' lang='lat' dir='ltr'><strong>proximi</strong></span> <span class='ocrx_word' id='word_1_567' title='bbox 1481 3923 1579 3990; x_wconf 91' lang='lat' dir='ltr'><strong>tui,</strong></span> <span class='ocrx_word' id='word_1_568' title='bbox 1625 3937 1762 3993; x_wconf 87' lang='lat' dir='ltr'><strong>quos</strong></span> <span class='ocrx_word' id='word_1_569' title='bbox 1815 3921 2052 3978; x_wconf 85' lang='lat' dir='ltr'><strong>fixerunt</strong></span> 
     </span>
    </p>
   </div>
   <div class='ocr_carea' id='block_1_71' title="bbox 449 4014 2051 4086">
    <p class='ocr_par' dir='ltr' id='par_1_71' title="bbox 449 4014 2051 4086">
     <span class='ocr_line' id='line_1_71' title="bbox 449 4014 2051 4086; baseline 0.001 -18"><span class='ocrx_word' id='word_1_570' title='bbox 449 4015 665 4084; x_wconf 90' lang='lat' dir='ltr'><strong>priores</strong></span> <span class='ocrx_word' id='word_1_571' title='bbox 685 4016 736 4070; x_wconf 90' lang='lat' dir='ltr'><strong>in</strong></span> <span class='ocrx_word' id='word_1_572' title='bbox 759 4016 1112 4085; x_wconf 86' lang='lat' dir='ltr'><strong>possessione</strong></span> <span class='ocrx_word' id='word_1_573' title='bbox 1141 4025 1253 4081; x_wconf 89' lang='lat' dir='ltr'><strong>tua,</strong></span> <span class='ocrx_word' id='word_1_574' title='bbox 1281 4029 1441 4086; x_wconf 91' lang='lat' dir='ltr'><strong>quam</strong></span> <span class='ocrx_word' id='word_1_575' title='bbox 1477 4014 1736 4070; x_wconf 89' lang='lat' dir='ltr'><strong>Dominus</strong></span> <span class='ocrx_word' id='word_1_576' title='bbox 1762 4014 1906 4070; x_wconf 91' lang='lat' dir='ltr'><strong>Deus</strong></span> <span class='ocrx_word' id='word_1_577' title='bbox 1929 4023 2051 4070; x_wconf 92' lang='lat' dir='ltr'><strong>tuus</strong></span> 
     </span>
    </p>
   </div>
   <div class='ocr_carea' id='block_1_72' title="bbox 451 4105 2047 4177">
    <p class='ocr_par' dir='ltr' id='par_1_72' title="bbox 451 4105 2047 4177">
     <span class='ocr_line' id='line_1_72' title="bbox 451 4105 2047 4177; baseline -0.001 -16"><span class='ocrx_word' id='word_1_578' title='bbox 451 4105 602 4161; x_wconf 90' lang='lat' dir='ltr'><strong>dabit</strong></span> <span class='ocrx_word' id='word_1_579' title='bbox 641 4107 739 4161; x_wconf 90' lang='lat' dir='ltr'><strong>tibi</strong></span> <span class='ocrx_word' id='word_1_580' title='bbox 783 4106 838 4161; x_wconf 92' lang='lat' dir='ltr'><strong>in</strong></span> <span class='ocrx_word' id='word_1_581' title='bbox 891 4117 1056 4173; x_wconf 84' lang='lat' dir='ltr'><strong>terra,</strong></span> <span class='ocrx_word' id='word_1_582' title='bbox 1106 4122 1266 4177; x_wconf 88' lang='lat' dir='ltr'><strong>quam</strong></span> <span class='ocrx_word' id='word_1_583' title='bbox 1301 4107 1580 4177; x_wconf 87' lang='lat' dir='ltr'><strong>acceperis</strong></span> <span class='ocrx_word' id='word_1_584' title='bbox 1633 4107 2047 4176; x_wconf 86' lang='lat' dir='ltr'><strong>possidendam.</strong></span> 
     </span>
    </p>
   </div>
   <div class='ocr_carea' id='block_1_73' title="bbox 453 4198 2042 4273">
    <p class='ocr_par' dir='ltr' id='par_1_73' title="bbox 453 4198 2042 4273">
     <span class='ocr_line' id='line_1_73' title="bbox 453 4198 2042 4273; baseline 0.001 -18"><span class='ocrx_word' id='word_1_585' title='bbox 453 4199 547 4273; x_wconf 87' lang='grc' dir='ltr'><strong>[Β.</strong></span> <span class='ocrx_word' id='word_1_586' title='bbox 578 4198 867 4265; x_wconf 80' lang='lat' dir='ltr'><strong>LXXXVI,</strong></span> <span class='ocrx_word' id='word_1_587' title='bbox 902 4199 963 4255; x_wconf 90' lang='lat' dir='ltr'><strong>C.</strong></span> <span class='ocrx_word' id='word_1_588' title='bbox 995 4199 1325 4273; x_wconf 84' lang='lat' dir='ltr'><strong>LXXXVI.]</strong></span> <span class='ocrx_word' id='word_1_589' title='bbox 1351 4201 1470 4257; x_wconf 83' lang='lat' dir='ltr'><strong>Non</strong></span> <span class='ocrx_word' id='word_1_590' title='bbox 1499 4201 1668 4257; x_wconf 88' lang='lat' dir='ltr'><strong>stabit</strong></span> <span class='ocrx_word' id='word_1_591' title='bbox 1709 4202 1863 4257; x_wconf 90' lang='lat' dir='ltr'><strong>testis</strong></span> <span class='ocrx_word' id='word_1_592' title='bbox 1902 4216 2042 4256; x_wconf 92' lang='lat' dir='ltr'><strong>unus</strong></span> 
     </span>
    </p>
   </div>
   <div class='ocr_carea' id='block_1_74' title="bbox 453 4294 2050 4366">
    <p class='ocr_par' dir='ltr' id='par_1_74' title="bbox 453 4294 2050 4366">
     <span class='ocr_line' id='line_1_74' title="bbox 453 4294 2050 4366; baseline -0.001 -14"><span class='ocrx_word' id='word_1_593' title='bbox 453 4305 645 4352; x_wconf 88' lang='lat' dir='ltr'><strong>contra</strong></span> <span class='ocrx_word' id='word_1_594' title='bbox 673 4297 931 4366; x_wconf 90' lang='lat' dir='ltr'><strong>aliquem,</strong></span> <span class='ocrx_word' id='word_1_595' title='bbox 977 4296 1240 4366; x_wconf 92' lang='lat' dir='ltr'><strong>quidquid</strong></span> <span class='ocrx_word' id='word_1_596' title='bbox 1288 4296 1422 4351; x_wconf 90' lang='lat' dir='ltr'><strong>illud</strong></span> <span class='ocrx_word' id='word_1_597' title='bbox 1469 4297 1676 4366; x_wconf 89' lang='lat' dir='ltr'><strong>peccati</strong></span> <span class='ocrx_word' id='word_1_598' title='bbox 1706 4305 1760 4352; x_wconf 94' lang='lat' dir='ltr'><strong>et</strong></span> <span class='ocrx_word' id='word_1_599' title='bbox 1791 4294 2050 4352; x_wconf 83' lang='lat' dir='ltr'><strong>facinoris</strong></span> 
     </span>
    </p>
   </div>
   <div class='ocr_carea' id='block_1_75' title="bbox 451 4389 2048 4447">
    <p class='ocr_par' dir='ltr' id='par_1_75' title="bbox 451 4389 2048 4447">
     <span class='ocr_line' id='line_1_75' title="bbox 451 4389 2048 4447; baseline 0.001 -3"><span class='ocrx_word' id='word_1_600' title='bbox 451 4389 618 4446; x_wconf 85' lang='lat' dir='ltr'><strong>fuerit</strong></span> <span class='ocrx_word' id='word_1_601' title='bbox 645 4409 660 4446; x_wconf 86' lang='lat'><strong>:</strong></span> <span class='ocrx_word' id='word_1_602' title='bbox 683 4391 778 4446; x_wconf 91' lang='lat' dir='ltr'><strong>sed</strong></span> <span class='ocrx_word' id='word_1_603' title='bbox 810 4391 864 4445; x_wconf 91' lang='lat' dir='ltr'><strong>in</strong></span> <span class='ocrx_word' id='word_1_604' title='bbox 899 4405 996 4446; x_wconf 89' lang='lat' dir='ltr'><strong>ore</strong></span> <span class='ocrx_word' id='word_1_605' title='bbox 1035 4390 1268 4446; x_wconf 91' lang='lat' dir='ltr'><strong>duorum</strong></span> <span class='ocrx_word' id='word_1_606' title='bbox 1299 4399 1393 4446; x_wconf 90' lang='lat' dir='ltr'><strong>aut</strong></span> <span class='ocrx_word' id='word_1_607' title='bbox 1424 4390 1584 4446; x_wconf 88' lang='lat' dir='ltr'><strong>triqu</strong></span> <span class='ocrx_word' id='word_1_608' title='bbox 1629 4389 1848 4447; x_wconf 89' lang='lat' dir='ltr'><strong>testium</strong></span> <span class='ocrx_word' id='word_1_609' title='bbox 1880 4391 2048 4447; x_wconf 89' lang='lat' dir='ltr'><strong>stabit</strong></span> 
     </span>
    </p>
   </div>
   <div class='ocr_carea' id='block_1_76' title="bbox 453 4482 2046 4540">
    <p class='ocr_par' dir='ltr' id='par_1_76' title="bbox 453 4482 2046 4540">
     <span class='ocr_line' id='line_1_76' title="bbox 453 4482 2046 4540; baseline 0 -2"><span class='ocrx_word' id='word_1_610' title='bbox 453 4497 617 4540; x_wconf 91' lang='lat' dir='ltr'><strong>omne</strong></span> <span class='ocrx_word' id='word_1_611' title='bbox 646 4484 896 4539; x_wconf 88' lang='lat' dir='ltr'><strong>verbum.</strong></span> <span class='ocrx_word' id='word_1_612' title='bbox 925 4483 983 4539; x_wconf 92' lang='lat' dir='ltr'><strong>Si</strong></span> <span class='ocrx_word' id='word_1_613' title='bbox 1007 4484 1220 4539; x_wconf 87' lang='lat' dir='ltr'><strong>steterit</strong></span> <span class='ocrx_word' id='word_1_614' title='bbox 1265 4484 1416 4540; x_wconf 90' lang='lat' dir='ltr'><strong>testis</strong></span> <span class='ocrx_word' id='word_1_615' title='bbox 1444 4484 1682 4539; x_wconf 78' lang='lat' dir='ltr'><strong>mendax</strong></span> <span class='ocrx_word' id='word_1_616' title='bbox 1711 4491 1904 4539; x_wconf 90' lang='lat' dir='ltr'><strong>contra</strong></span> <span class='ocrx_word' id='word_1_617' title='bbox 1943 4482 2046 4538; x_wconf 85' lang='lat' dir='ltr'><strong>ho-</strong></span> 
     </span>
    </p>
   </div>
   <div class='ocr_carea' id='block_1_77' title="bbox 2157 3275 3755 3347">
    <p class='ocr_par' dir='ltr' id='par_1_77' title="bbox 2157 3275 3755 3347">
     <span class='ocr_line' id='line_1_77' title="bbox 2157 3275 3755 3347; baseline -0.001 -15"><span class='ocrx_word' id='word_1_618' title='bbox 2157 3278 2262 3347; x_wconf 90' lang='lat' dir='ltr'><strong>lus,</strong></span> <span class='ocrx_word' id='word_1_619' title='bbox 2285 3278 2374 3346; x_wconf 90' lang='lat' dir='ltr'><strong>qui</strong></span> <span class='ocrx_word' id='word_1_620' title='bbox 2404 3278 2457 3331; x_wconf 94' lang='lat' dir='ltr'><strong>in</strong></span> <span class='ocrx_word' id='word_1_621' title='bbox 2489 3291 2551 3331; x_wconf 90' lang='lat' dir='ltr'><strong>ea</strong></span> <span class='ocrx_word' id='word_1_622' title='bbox 2573 3286 2678 3343; x_wconf 83' lang='lat' dir='ltr'><strong>e5t,</strong></span> <span class='ocrx_word' id='word_1_623' title='bbox 2723 3275 3040 3340; x_wconf 88' lang='lat' dir='ltr'><strong>salvabitur,</strong></span> <span class='ocrx_word' id='word_1_624' title='bbox 3069 3283 3122 3330; x_wconf 89' lang='lat' dir='ltr'><strong>et</strong></span> <span class='ocrx_word' id='word_1_625' title='bbox 3150 3275 3351 3330; x_wconf 87' lang='lat' dir='ltr'><strong>serviet</strong></span> <span class='ocrx_word' id='word_1_626' title='bbox 3389 3275 3483 3330; x_wconf 91' lang='lat' dir='ltr'><strong>tibi</strong></span> <span class='ocrx_word' id='word_1_627' title='bbox 3523 3275 3626 3331; x_wconf 91' lang='lat' dir='ltr'><strong>sub</strong></span> <span class='ocrx_word' id='word_1_628' title='bbox 3657 3276 3755 3331; x_wconf 85' lang='lat' dir='ltr'><strong>tri-</strong></span> 
     </span>
    </p>
   </div>
   <div class='ocr_carea' id='block_1_78' title="bbox 2154 3366 3808 3445">
    <p class='ocr_par' dir='ltr' id='par_1_78' title="bbox 2154 3366 3808 3445">
     <span class='ocr_line' id='line_1_78' title="bbox 2154 3366 3808 3445; baseline -0.001 -21"><span class='ocrx_word' id='word_1_629' title='bbox 2154 3369 2302 3425; x_wconf 87' lang='lat' dir='ltr'><strong>buto.</strong></span> <span class='ocrx_word' id='word_1_630' title='bbox 2340 3368 2434 3424; x_wconf 89' lang='lat' dir='ltr'><strong>Sin</strong></span> <span class='ocrx_word' id='word_1_631' title='bbox 2463 3378 2640 3423; x_wconf 88' lang='lat' dir='ltr'><strong>autem</strong></span> <span class='ocrx_word' id='word_1_632' title='bbox 2677 3366 2853 3424; x_wconf 63' lang='lat' dir='ltr'><strong>foedus</strong></span> <span class='ocrx_word' id='word_1_633' title='bbox 2884 3368 3025 3424; x_wconf 88' lang='lat' dir='ltr'><strong>inire</strong></span> <span class='ocrx_word' id='word_1_634' title='bbox 3047 3367 3340 3434; x_wconf 89' lang='lat' dir='ltr'><strong>uoluerint,</strong></span> <span class='ocrx_word' id='word_1_635' title='bbox 3372 3376 3428 3424; x_wconf 90' lang='lat' dir='ltr'><strong>et</strong></span> <span class='ocrx_word' id='word_1_636' title='bbox 3448 3369 3755 3438; x_wconf 88' lang='lat' dir='ltr'><strong>receperint</strong></span> <span class='ocrx_word' id='word_1_637' title='bbox 3805 3443 3808 3445; x_wconf 12' lang='grc' dir='ltr'><strong>Α</strong></span> 
     </span>
    </p>
   </div>
   <div class='ocr_carea' id='block_1_79' title="bbox 2156 3458 3748 3532">
    <p class='ocr_par' dir='ltr' id='par_1_79' title="bbox 2156 3458 3748 3532">
     <span class='ocr_line' id='line_1_79' title="bbox 2156 3458 3748 3532; baseline 0.003 -20"><span class='ocrx_word' id='word_1_638' title='bbox 2156 3458 2250 3532; x_wconf 92' lang='lat' dir='ltr'><strong>[h.</strong></span> <span class='ocrx_word' id='word_1_639' title='bbox 2303 3458 2563 3530; x_wconf 90' lang='lat' dir='ltr'><strong>fecerint]</strong></span> <span class='ocrx_word' id='word_1_640' title='bbox 2613 3467 2800 3514; x_wconf 89' lang='lat' dir='ltr'><strong>contra</strong></span> <span class='ocrx_word' id='word_1_641' title='bbox 2839 3470 2891 3514; x_wconf 91' lang='lat' dir='ltr'><strong>te</strong></span> <span class='ocrx_word' id='word_1_642' title='bbox 2935 3459 3165 3526; x_wconf 89' lang='lat' dir='ltr'><strong>bellum,</strong></span> <span class='ocrx_word' id='word_1_643' title='bbox 3220 3461 3556 3531; x_wconf 83' lang='lat' dir='ltr'><strong>Oppuguahis</strong></span> <span class='ocrx_word' id='word_1_644' title='bbox 3604 3476 3748 3517; x_wconf 90' lang='lat' dir='ltr'><strong>eam.</strong></span> 
     </span>
    </p>
   </div>
   <div class='ocr_carea' id='block_1_80' title="bbox 2155 3549 3754 3622">
    <p class='ocr_par' dir='ltr' id='par_1_80' title="bbox 2155 3549 3754 3622">
     <span class='ocr_line' id='line_1_80' title="bbox 2155 3549 3754 3622; baseline 0.003 -17"><span class='ocrx_word' id='word_1_645' title='bbox 2155 3549 2401 3622; x_wconf 88' lang='lat' dir='ltr'><strong>Cumque</strong></span> <span class='ocrx_word' id='word_1_646' title='bbox 2433 3550 2720 3606; x_wconf 90' lang='lat' dir='ltr'><strong>tradiderit</strong></span> <span class='ocrx_word' id='word_1_647' title='bbox 2750 3549 3006 3606; x_wconf 83' lang='lat' dir='ltr'><strong>Dominus</strong></span> <span class='ocrx_word' id='word_1_648' title='bbox 3037 3551 3178 3608; x_wconf 91' lang='lat' dir='ltr'><strong>Deus</strong></span> <span class='ocrx_word' id='word_1_649' title='bbox 3201 3560 3323 3606; x_wconf 93' lang='lat' dir='ltr'><strong>tuus</strong></span> <span class='ocrx_word' id='word_1_650' title='bbox 3355 3553 3527 3619; x_wconf 90' lang='lat' dir='ltr'><strong>illam,</strong></span> <span class='ocrx_word' id='word_1_651' title='bbox 3561 3554 3615 3608; x_wconf 91' lang='lat' dir='ltr'><strong>in</strong></span> <span class='ocrx_word' id='word_1_652' title='bbox 3637 3570 3754 3610; x_wconf 85' lang='lat' dir='ltr'><strong>ma-</strong></span> 
     </span>
    </p>
   </div>
   <div class='ocr_carea' id='block_1_81' title="bbox 2155 3644 3750 3717">
    <p class='ocr_par' dir='ltr' id='par_1_81' title="bbox 2155 3644 3750 3717">
     <span class='ocr_line' id='line_1_81' title="bbox 2155 3644 3750 3717; baseline 0.002 -18"><span class='ocrx_word' id='word_1_653' title='bbox 2155 3659 2228 3699; x_wconf 93' lang='lat' dir='ltr'><strong>nu</strong></span> <span class='ocrx_word' id='word_1_654' title='bbox 2259 3654 2368 3709; x_wconf 89' lang='lat' dir='ltr'><strong>tua,</strong></span> <span class='ocrx_word' id='word_1_655' title='bbox 2402 3644 2674 3712; x_wconf 89' lang='lat' dir='ltr'><strong>percuties</strong></span> <span class='ocrx_word' id='word_1_656' title='bbox 2695 3657 2859 3701; x_wconf 90' lang='lat' dir='ltr'><strong>omne</strong></span> <span class='ocrx_word' id='word_1_657' title='bbox 2881 3645 3024 3714; x_wconf 92' lang='lat' dir='ltr'><strong>quod</strong></span> <span class='ocrx_word' id='word_1_658' title='bbox 3048 3645 3101 3700; x_wconf 94' lang='lat' dir='ltr'><strong>in</strong></span> <span class='ocrx_word' id='word_1_659' title='bbox 3134 3661 3196 3700; x_wconf 92' lang='lat' dir='ltr'><strong>ea</strong></span> <span class='ocrx_word' id='word_1_660' title='bbox 3218 3646 3436 3717; x_wconf 84' lang='lat' dir='ltr'><strong>generis</strong></span> <span class='ocrx_word' id='word_1_661' title='bbox 3463 3647 3750 3703; x_wconf 87' lang='lat' dir='ltr'><strong>masculini</strong></span> 
     </span>
    </p>
   </div>
   <div class='ocr_carea' id='block_1_82' title="bbox 2155 3736 3746 3808">
    <p class='ocr_par' dir='ltr' id='par_1_82' title="bbox 2155 3736 3746 3808">
     <span class='ocr_line' id='line_1_82' title="bbox 2155 3736 3746 3808; baseline 0.004 -16"><span class='ocrx_word' id='word_1_662' title='bbox 2155 3744 2258 3801; x_wconf 92' lang='lat' dir='ltr'><strong>cst,</strong></span> <span class='ocrx_word' id='word_1_663' title='bbox 2291 3736 2345 3790; x_wconf 91' lang='lat' dir='ltr'><strong>in</strong></span> <span class='ocrx_word' id='word_1_664' title='bbox 2377 3751 2471 3791; x_wconf 90' lang='lat' dir='ltr'><strong>ore</strong></span> <span class='ocrx_word' id='word_1_665' title='bbox 2511 3736 2698 3807; x_wconf 83' lang='lat' dir='ltr'><strong>gladii,</strong></span> <span class='ocrx_word' id='word_1_666' title='bbox 2732 3737 2939 3808; x_wconf 88' lang='lat' dir='ltr'><strong>absque</strong></span> <span class='ocrx_word' id='word_1_667' title='bbox 2983 3739 3304 3795; x_wconf 88' lang='lat' dir='ltr'><strong>mulieribus</strong></span> <span class='ocrx_word' id='word_1_668' title='bbox 3335 3749 3388 3795; x_wconf 92' lang='lat' dir='ltr'><strong>et</strong></span> <span class='ocrx_word' id='word_1_669' title='bbox 3428 3741 3746 3808; x_wconf 84' lang='lat' dir='ltr'><strong>infantibus,</strong></span> 
     </span>
    </p>
   </div>
   <div class='ocr_carea' id='block_1_83' title="bbox 2150 3829 3748 3900">
    <p class='ocr_par' dir='ltr' id='par_1_83' title="bbox 2150 3829 3748 3900">
     <span class='ocr_line' id='line_1_83' title="bbox 2150 3829 3748 3900; baseline 0.004 -17"><span class='ocrx_word' id='word_1_670' title='bbox 2150 3829 2410 3900; x_wconf 91' lang='lat' dir='ltr'><strong>jumentis</strong></span> <span class='ocrx_word' id='word_1_671' title='bbox 2448 3838 2504 3885; x_wconf 88' lang='lat' dir='ltr'><strong>et</strong></span> <span class='ocrx_word' id='word_1_672' title='bbox 2544 3830 2761 3885; x_wconf 63' lang='lat' dir='ltr'><strong>caeteris</strong></span> <span class='ocrx_word' id='word_1_673' title='bbox 2805 3846 2924 3900; x_wconf 87' lang='lat' dir='ltr'><strong>quae</strong></span> <span class='ocrx_word' id='word_1_674' title='bbox 2967 3831 3020 3886; x_wconf 90' lang='lat' dir='ltr'><strong>in</strong></span> <span class='ocrx_word' id='word_1_675' title='bbox 3063 3831 3279 3887; x_wconf 89' lang='lat' dir='ltr'><strong>civitate</strong></span> <span class='ocrx_word' id='word_1_676' title='bbox 3321 3843 3467 3888; x_wconf 92' lang='lat' dir='ltr'><strong>sunt.</strong></span> <span class='ocrx_word' id='word_1_677' title='bbox 3519 3833 3748 3889; x_wconf 89' lang='lat' dir='ltr'><strong>Omnem</strong></span> 
     </span>
    </p>
   </div>
   <div class='ocr_carea' id='block_1_84' title="bbox 2155 3923 3753 3997">
    <p class='ocr_par' dir='ltr' id='par_1_84' title="bbox 2155 3923 3753 3997">
     <span class='ocr_line' id='line_1_84' title="bbox 2155 3923 3753 3997; baseline 0.001 -19"><span class='ocrx_word' id='word_1_678' title='bbox 2155 3923 2393 3993; x_wconf 65' lang='lat' dir='ltr'><strong>praedam</strong></span> <span class='ocrx_word' id='word_1_679' title='bbox 2421 3925 2692 3979; x_wconf 84' lang='lat' dir='ltr'><strong>exercitui</strong></span> <span class='ocrx_word' id='word_1_680' title='bbox 2723 3923 2952 3992; x_wconf 88' lang='lat' dir='ltr'><strong>divides,</strong></span> <span class='ocrx_word' id='word_1_681' title='bbox 2978 3934 3032 3980; x_wconf 92' lang='lat' dir='ltr'><strong>et</strong></span> <span class='ocrx_word' id='word_1_682' title='bbox 3057 3925 3311 3981; x_wconf 90' lang='lat' dir='ltr'><strong>eomedes</strong></span> <span class='ocrx_word' id='word_1_683' title='bbox 3338 3926 3407 3982; x_wconf 91' lang='lat' dir='ltr'><strong>de</strong></span> <span class='ocrx_word' id='word_1_684' title='bbox 3436 3927 3622 3997; x_wconf 90' lang='lat' dir='ltr'><strong>spoliis</strong></span> <span class='ocrx_word' id='word_1_685' title='bbox 3654 3928 3753 3981; x_wconf 84' lang='lat' dir='ltr'><strong>ho-</strong></span> 
     </span>
    </p>
   </div>
   <div class='ocr_carea' id='block_1_85' title="bbox 2153 4017 3743 4087">
    <p class='ocr_par' dir='ltr' id='par_1_85' title="bbox 2153 4017 3743 4087">
     <span class='ocr_line' id='line_1_85' title="bbox 2153 4017 3743 4087; baseline 0.003 -16"><span class='ocrx_word' id='word_1_686' title='bbox 2153 4017 2316 4071; x_wconf 88' lang='lat' dir='ltr'><strong>stium</strong></span> <span class='ocrx_word' id='word_1_687' title='bbox 2349 4025 2585 4083; x_wconf 91' lang='lat' dir='ltr'><strong>tuorum,</strong></span> <span class='ocrx_word' id='word_1_688' title='bbox 2611 4031 2730 4087; x_wconf 80' lang='lat' dir='ltr'><strong>quae</strong></span> <span class='ocrx_word' id='word_1_689' title='bbox 2756 4017 3019 4072; x_wconf 90' lang='lat' dir='ltr'><strong>Dominus</strong></span> <span class='ocrx_word' id='word_1_690' title='bbox 3047 4019 3191 4074; x_wconf 89' lang='lat' dir='ltr'><strong>Deus</strong></span> <span class='ocrx_word' id='word_1_691' title='bbox 3219 4029 3341 4074; x_wconf 92' lang='lat' dir='ltr'><strong>tuus</strong></span> <span class='ocrx_word' id='word_1_692' title='bbox 3365 4018 3578 4074; x_wconf 89' lang='lat' dir='ltr'><strong>dederit</strong></span> <span class='ocrx_word' id='word_1_693' title='bbox 3620 4019 3743 4076; x_wconf 91' lang='lat' dir='ltr'><strong>tibi.</strong></span> 
     </span>
    </p>
   </div>
   <div class='ocr_carea' id='block_1_86' title="bbox 2153 4109 3743 4185">
    <p class='ocr_par' dir='ltr' id='par_1_86' title="bbox 2153 4109 3743 4185">
     <span class='ocr_line' id='line_1_86' title="bbox 2153 4109 3743 4185; baseline 0.002 -18"><span class='ocrx_word' id='word_1_694' title='bbox 2153 4109 2243 4167; x_wconf 92' lang='lat' dir='ltr'><strong>Sic</strong></span> <span class='ocrx_word' id='word_1_695' title='bbox 2273 4110 2437 4166; x_wconf 89' lang='lat' dir='ltr'><strong>facies</strong></span> <span class='ocrx_word' id='word_1_696' title='bbox 2464 4113 2676 4168; x_wconf 91' lang='lat' dir='ltr'><strong>cunctis</strong></span> <span class='ocrx_word' id='word_1_697' title='bbox 2704 4113 3038 4182; x_wconf 90' lang='lat' dir='ltr'><strong>civitatibus,</strong></span> <span class='ocrx_word' id='word_1_698' title='bbox 3069 4129 3193 4184; x_wconf 71' lang='lat' dir='ltr'><strong>qua:</strong></span> <span class='ocrx_word' id='word_1_699' title='bbox 3215 4128 3244 4168; x_wconf 89' lang='lat' dir='ltr'><strong>a</strong></span> <span class='ocrx_word' id='word_1_700' title='bbox 3275 4123 3327 4169; x_wconf 91' lang='lat' dir='ltr'><strong>te</strong></span> <span class='ocrx_word' id='word_1_701' title='bbox 3367 4115 3555 4185; x_wconf 89' lang='lat' dir='ltr'><strong>procul</strong></span> <span class='ocrx_word' id='word_1_702' title='bbox 3582 4115 3743 4170; x_wconf 91' lang='lat' dir='ltr'><strong>valde</strong></span> 
     </span>
    </p>
   </div>
   <div class='ocr_carea' id='block_1_87' title="bbox 2154 4204 3753 4275">
    <p class='ocr_par' dir='ltr' id='par_1_87' title="bbox 2154 4204 3753 4275">
     <span class='ocr_line' id='line_1_87' title="bbox 2154 4204 3753 4275; baseline 0.002 -17"><span class='ocrx_word' id='word_1_703' title='bbox 2154 4210 2301 4268; x_wconf 84' lang='lat' dir='ltr'><strong>sunt,</strong></span> <span class='ocrx_word' id='word_1_704' title='bbox 2327 4213 2382 4257; x_wconf 93' lang='lat' dir='ltr'><strong>et</strong></span> <span class='ocrx_word' id='word_1_705' title='bbox 2413 4218 2520 4258; x_wconf 93' lang='lat' dir='ltr'><strong>non</strong></span> <span class='ocrx_word' id='word_1_706' title='bbox 2543 4214 2668 4258; x_wconf 89' lang='lat' dir='ltr'><strong>sunt</strong></span> <span class='ocrx_word' id='word_1_707' title='bbox 2695 4204 2763 4260; x_wconf 90' lang='lat' dir='ltr'><strong>de</strong></span> <span class='ocrx_word' id='word_1_708' title='bbox 2791 4204 2876 4259; x_wconf 91' lang='lat' dir='ltr'><strong>his</strong></span> <span class='ocrx_word' id='word_1_709' title='bbox 2902 4205 3152 4269; x_wconf 88' lang='lat' dir='ltr'><strong>urbibus,</strong></span> <span class='ocrx_word' id='word_1_710' title='bbox 3183 4221 3318 4274; x_wconf 90' lang='lat' dir='ltr'><strong>quas</strong></span> <span class='ocrx_word' id='word_1_711' title='bbox 3349 4206 3402 4260; x_wconf 92' lang='lat' dir='ltr'><strong>iu</strong></span> <span class='ocrx_word' id='word_1_712' title='bbox 3449 4206 3753 4275; x_wconf 78' lang='lat' dir='ltr'><strong>possessio-</strong></span> 
     </span>
    </p>
   </div>
   <div class='ocr_carea' id='block_1_88' title="bbox 2154 4297 3752 4368">
    <p class='ocr_par' dir='ltr' id='par_1_88' title="bbox 2154 4297 3752 4368">
     <span class='ocr_line' id='line_1_88' title="bbox 2154 4297 3752 4368; baseline 0.002 -18"><span class='ocrx_word' id='word_1_713' title='bbox 2154 4310 2280 4350; x_wconf 92' lang='lat' dir='ltr'><strong>nem</strong></span> <span class='ocrx_word' id='word_1_714' title='bbox 2310 4307 2634 4365; x_wconf 88' lang='lat' dir='ltr'><strong>accepturus</strong></span> <span class='ocrx_word' id='word_1_715' title='bbox 2658 4309 2737 4352; x_wconf 91' lang='lat' dir='ltr'><strong>es.</strong></span> <span class='ocrx_word' id='word_1_716' title='bbox 2772 4297 2846 4352; x_wconf 91' lang='lat' dir='ltr'><strong>De</strong></span> <span class='ocrx_word' id='word_1_717' title='bbox 2891 4297 2977 4352; x_wconf 92' lang='lat' dir='ltr'><strong>his</strong></span> <span class='ocrx_word' id='word_1_718' title='bbox 3021 4307 3201 4352; x_wconf 91' lang='lat' dir='ltr'><strong>autem</strong></span> <span class='ocrx_word' id='word_1_719' title='bbox 3251 4297 3581 4366; x_wconf 90' lang='lat' dir='ltr'><strong>civitatibus,</strong></span> <span class='ocrx_word' id='word_1_720' title='bbox 3629 4315 3752 4368; x_wconf 69' lang='lat' dir='ltr'><strong>qua:</strong></span> 
     </span>
    </p>
   </div>
   <div class='ocr_carea' id='block_1_89' title="bbox 2154 4388 3751 4462">
    <p class='ocr_par' dir='ltr' id='par_1_89' title="bbox 2154 4388 3751 4462">
     <span class='ocr_line' id='line_1_89' title="bbox 2154 4388 3751 4462; baseline 0.003 -18"><span class='ocrx_word' id='word_1_721' title='bbox 2154 4388 2428 4444; x_wconf 90' lang='lat' dir='ltr'><strong>dabuntur</strong></span> <span class='ocrx_word' id='word_1_722' title='bbox 2456 4391 2576 4457; x_wconf 93' lang='lat' dir='ltr'><strong>tibi,</strong></span> <span class='ocrx_word' id='word_1_723' title='bbox 2617 4391 2820 4446; x_wconf 91' lang='lat' dir='ltr'><strong>nullum</strong></span> <span class='ocrx_word' id='word_1_724' title='bbox 2857 4392 3079 4447; x_wconf 92' lang='lat' dir='ltr'><strong>omnino</strong></span> <span class='ocrx_word' id='word_1_725' title='bbox 3107 4394 3390 4462; x_wconf 88' lang='lat' dir='ltr'><strong>permittes</strong></span> <span class='ocrx_word' id='word_1_726' title='bbox 3415 4395 3620 4460; x_wconf 90' lang='lat' dir='ltr'><strong>vivere,</strong></span> <span class='ocrx_word' id='word_1_727' title='bbox 3653 4395 3751 4449; x_wconf 86' lang='lat' dir='ltr'><strong>sed</strong></span> 
     </span>
    </p>
   </div>
   <div class='ocr_carea' id='block_1_90' title="bbox 2156 4482 3752 4554">
    <p class='ocr_par' dir='ltr' id='par_1_90' title="bbox 2156 4482 3752 4554">
     <span class='ocr_line' id='line_1_90' title="bbox 2156 4482 3752 4554; baseline 0.002 -17"><span class='ocrx_word' id='word_1_728' title='bbox 2156 4482 2449 4539; x_wconf 83' lang='lat' dir='ltr'><strong>interficies</strong></span> <span class='ocrx_word' id='word_1_729' title='bbox 2471 4484 2524 4539; x_wconf 91' lang='lat' dir='ltr'><strong>in</strong></span> <span class='ocrx_word' id='word_1_730' title='bbox 2548 4498 2643 4538; x_wconf 87' lang='lat' dir='ltr'><strong>ore</strong></span> <span class='ocrx_word' id='word_1_731' title='bbox 2665 4483 2853 4554; x_wconf 87' lang='lat' dir='ltr'><strong>gladii,</strong></span> <span class='ocrx_word' id='word_1_732' title='bbox 2879 4483 3185 4540; x_wconf 83' lang='lat' dir='ltr'><strong>lletthaeum</strong></span> <span class='ocrx_word' id='word_1_733' title='bbox 3207 4485 3461 4542; x_wconf 89' lang='lat' dir='ltr'><strong>videlicet</strong></span> <span class='ocrx_word' id='word_1_734' title='bbox 3482 4494 3536 4541; x_wconf 91' lang='lat' dir='ltr'><strong>et</strong></span> <span class='ocrx_word' id='word_1_735' title='bbox 3559 4486 3752 4540; x_wconf 77' lang='lat' dir='ltr'><strong>Amor-</strong></span> 
     </span>
    </p>
   </div>
   <div class='ocr_carea' id='block_1_91' title="bbox 452 4560 3753 4646">
    <p class='ocr_par' dir='ltr' id='par_1_91' title="bbox 452 4560 3753 4646">
     <span class='ocr_line' id='line_1_91' title="bbox 452 4560 3753 4646; baseline 0 -14"><span class='ocrx_word' id='word_1_736' title='bbox 452 4577 679 4644; x_wconf 89' lang='lat' dir='ltr'><strong>minem,</strong></span> <span class='ocrx_word' id='word_1_737' title='bbox 703 4591 965 4633; x_wconf 87' lang='lat' dir='ltr'><strong>accusans</strong></span> <span class='ocrx_word' id='word_1_738' title='bbox 982 4593 1106 4633; x_wconf 91' lang='lat' dir='ltr'><strong>eum</strong></span> <span class='ocrx_word' id='word_1_739' title='bbox 1128 4577 1608 4646; x_wconf 63' lang='lat' dir='ltr'><strong>praevaricationis,</strong></span> <span class='ocrx_word' id='word_1_740' title='bbox 1632 4575 2046 4644; x_wconf 89' lang='lat' dir='ltr'><strong>stabuntambo,</strong></span> <span class='ocrx_word' id='word_1_741' title='bbox 2077 4560 2131 4621; x_wconf 82' lang='lat' dir='ltr'><strong>D</strong></span> <span class='ocrx_word' id='word_1_742' title='bbox 2157 4575 2383 4642; x_wconf 69' lang='lat' dir='ltr'><strong>rhmum,</strong></span> <span class='ocrx_word' id='word_1_743' title='bbox 2418 4584 2474 4630; x_wconf 90' lang='lat' dir='ltr'><strong>ct</strong></span> <span class='ocrx_word' id='word_1_744' title='bbox 2503 4575 2896 4642; x_wconf 73' lang='lat' dir='ltr'><strong>Chananazum,</strong></span> <span class='ocrx_word' id='word_1_745' title='bbox 2926 4576 3278 4632; x_wconf 79' lang='lat' dir='ltr'><strong>Pherezaeum</strong></span> <span class='ocrx_word' id='word_1_746' title='bbox 3296 4621 3311 4646; x_wconf 96' lang='lat'><strong>,</strong></span> <span class='ocrx_word' id='word_1_747' title='bbox 3339 4588 3392 4633; x_wconf 90' lang='lat' dir='ltr'><strong>et</strong></span> <span class='ocrx_word' id='word_1_748' title='bbox 3423 4579 3659 4643; x_wconf 65' lang='lat' dir='ltr'><strong>Evteum,</strong></span> <span class='ocrx_word' id='word_1_749' title='bbox 3695 4588 3753 4633; x_wconf 91' lang='lat' dir='ltr'><strong>et</strong></span> 
     </span>
    </p>
   </div>
   <div class='ocr_carea' id='block_1_92' title="bbox 454 4667 2048 4740">
    <p class='ocr_par' dir='ltr' id='par_1_92' title="bbox 454 4667 2048 4740">
     <span class='ocr_line' id='line_1_92' title="bbox 454 4667 2048 4740; baseline -0.001 -17"><span class='ocrx_word' id='word_1_750' title='bbox 454 4684 686 4740; x_wconf 89' lang='lat' dir='ltr'><strong>quorum</strong></span> <span class='ocrx_word' id='word_1_751' title='bbox 719 4683 886 4725; x_wconf 91' lang='lat' dir='ltr'><strong>causa</strong></span> <span class='ocrx_word' id='word_1_752' title='bbox 919 4676 1028 4734; x_wconf 91' lang='lat' dir='ltr'><strong>est,</strong></span> <span class='ocrx_word' id='word_1_753' title='bbox 1062 4678 1188 4724; x_wconf 89' lang='lat' dir='ltr'><strong>ante</strong></span> <span class='ocrx_word' id='word_1_754' title='bbox 1221 4669 1505 4724; x_wconf 91' lang='lat' dir='ltr'><strong>Dominum</strong></span> <span class='ocrx_word' id='word_1_755' title='bbox 1538 4667 1591 4722; x_wconf 94' lang='lat' dir='ltr'><strong>in</strong></span> <span class='ocrx_word' id='word_1_756' title='bbox 1617 4676 1917 4738; x_wconf 91' lang='lat' dir='ltr'><strong>conspectu</strong></span> <span class='ocrx_word' id='word_1_757' title='bbox 1961 4682 2048 4722; x_wconf 87' lang='lat' dir='ltr'><strong>sa-</strong></span> 
     </span>
    </p>
   </div>
   <div class='ocr_carea' id='block_1_93' title="bbox 453 4762 2050 4834">
    <p class='ocr_par' dir='ltr' id='par_1_93' title="bbox 453 4762 2050 4834">
     <span class='ocr_line' id='line_1_93' title="bbox 453 4762 2050 4834; baseline -0.001 -17"><span class='ocrx_word' id='word_1_758' title='bbox 453 4763 738 4818; x_wconf 87' lang='lat' dir='ltr'><strong>cerdotum</strong></span> <span class='ocrx_word' id='word_1_759' title='bbox 761 4775 813 4820; x_wconf 90' lang='lat' dir='ltr'><strong>ct</strong></span> <span class='ocrx_word' id='word_1_760' title='bbox 833 4763 1075 4834; x_wconf 88' lang='lat' dir='ltr'><strong>judicnm</strong></span> <span class='ocrx_word' id='word_1_761' title='bbox 1103 4763 1192 4832; x_wconf 88' lang='lat' dir='ltr'><strong>qui</strong></span> <span class='ocrx_word' id='word_1_762' title='bbox 1218 4762 1416 4819; x_wconf 88' lang='lat' dir='ltr'><strong>fuerint</strong></span> <span class='ocrx_word' id='word_1_763' title='bbox 1442 4764 1496 4818; x_wconf 92' lang='lat' dir='ltr'><strong>in</strong></span> <span class='ocrx_word' id='word_1_764' title='bbox 1523 4762 1712 4818; x_wconf 86' lang='lat' dir='ltr'><strong>diebus</strong></span> <span class='ocrx_word' id='word_1_765' title='bbox 1737 4763 1865 4818; x_wconf 77' lang='lat' dir='ltr'><strong>illis.</strong></span> <span class='ocrx_word' id='word_1_766' title='bbox 1887 4762 2050 4816; x_wconf 83' lang='lat' dir='ltr'><strong>Cunt-</strong></span> 
     </span>
    </p>
   </div>
   <div class='ocr_carea' id='block_1_94' title="bbox 450 4855 2046 4927">
    <p class='ocr_par' dir='ltr' id='par_1_94' title="bbox 450 4855 2046 4927">
     <span class='ocr_line' id='line_1_94' title="bbox 450 4855 2046 4927; baseline 0.001 -19"><span class='ocrx_word' id='word_1_767' title='bbox 450 4869 560 4925; x_wconf 92' lang='lat' dir='ltr'><strong>que</strong></span> <span class='ocrx_word' id='word_1_768' title='bbox 587 4855 1008 4926; x_wconf 86' lang='lat' dir='ltr'><strong>diligentissime</strong></span> <span class='ocrx_word' id='word_1_769' title='bbox 1039 4866 1469 4927; x_wconf 90' lang='lat' dir='ltr'><strong>perscrutantes,</strong></span> <span class='ocrx_word' id='word_1_770' title='bbox 1513 4856 1820 4911; x_wconf 91' lang='lat' dir='ltr'><strong>invenerint</strong></span> <span class='ocrx_word' id='word_1_771' title='bbox 1852 4855 2046 4910; x_wconf 87' lang='lat' dir='ltr'><strong>falsum</strong></span> 
     </span>
    </p>
   </div>
   <div class='ocr_carea' id='block_1_95' title="bbox 451 4945 2046 5002">
    <p class='ocr_par' dir='ltr' id='par_1_95' title="bbox 451 4945 2046 5002">
     <span class='ocr_line' id='line_1_95' title="bbox 451 4945 2046 5002; baseline 0 -2"><span class='ocrx_word' id='word_1_772' title='bbox 451 4951 649 5000; x_wconf 90' lang='lat' dir='ltr'><strong>testem</strong></span> <span class='ocrx_word' id='word_1_773' title='bbox 694 4945 904 5002; x_wconf 89' lang='lat' dir='ltr'><strong>dixisse</strong></span> <span class='ocrx_word' id='word_1_774' title='bbox 949 4959 1140 5002; x_wconf 89' lang='lat' dir='ltr'><strong>contra</strong></span> <span class='ocrx_word' id='word_1_775' title='bbox 1185 4947 1410 5002; x_wconf 90' lang='lat' dir='ltr'><strong>fratrem</strong></span> <span class='ocrx_word' id='word_1_776' title='bbox 1454 4962 1610 5002; x_wconf 87' lang='lat' dir='ltr'><strong>suum</strong></span> <span class='ocrx_word' id='word_1_777' title='bbox 1660 4945 2046 5002; x_wconf 91' lang='lat' dir='ltr'><strong>mendacium:</strong></span> 
     </span>
    </p>
   </div>
   <div class='ocr_carea' id='block_1_96' title="bbox 448 5035 2052 5111">
    <p class='ocr_par' dir='ltr' id='par_1_96' title="bbox 448 5035 2052 5111">
     <span class='ocr_line' id='line_1_96' title="bbox 448 5035 2052 5111; baseline 0.001 -19"><span class='ocrx_word' id='word_1_778' title='bbox 448 5035 744 5092; x_wconf 83' lang='lat' dir='ltr'><strong>reddentei</strong></span> <span class='ocrx_word' id='word_1_779' title='bbox 760 5037 839 5109; x_wconf 88' lang='lat' dir='ltr'><strong>[h.</strong></span> <span class='ocrx_word' id='word_1_780' title='bbox 869 5039 1068 5096; x_wconf 89' lang='lat' dir='ltr'><strong>facient</strong></span> <span class='ocrx_word' id='word_1_781' title='bbox 1091 5039 1169 5111; x_wconf 89' lang='lat' dir='ltr'><strong>ei]</strong></span> <span class='ocrx_word' id='word_1_782' title='bbox 1196 5040 1333 5096; x_wconf 90' lang='lat' dir='ltr'><strong>sicut</strong></span> <span class='ocrx_word' id='word_1_783' title='bbox 1357 5039 1506 5094; x_wconf 88' lang='lat' dir='ltr'><strong>fratri</strong></span> <span class='ocrx_word' id='word_1_784' title='bbox 1529 5055 1627 5094; x_wconf 89' lang='lat' dir='ltr'><strong>suo</strong></span> <span class='ocrx_word' id='word_1_785' title='bbox 1648 5038 1827 5094; x_wconf 89' lang='lat' dir='ltr'><strong>facere</strong></span> <span class='ocrx_word' id='word_1_786' title='bbox 1849 5039 2052 5109; x_wconf 83' lang='lat' dir='ltr'><strong>cogita-</strong></span> 
     </span>
    </p>
   </div>
   <div class='ocr_carea' id='block_1_97' title="bbox 444 5133 2046 5200">
    <p class='ocr_par' dir='ltr' id='par_1_97' title="bbox 444 5133 2046 5200">
     <span class='ocr_line' id='line_1_97' title="bbox 444 5133 2046 5200; baseline 0 -12"><span class='ocrx_word' id='word_1_787' title='bbox 444 5133 547 5200; x_wconf 86' lang='lat' dir='ltr'><strong>vit,</strong></span> <span class='ocrx_word' id='word_1_788' title='bbox 563 5143 617 5188; x_wconf 90' lang='lat' dir='ltr'><strong>et</strong></span> <span class='ocrx_word' id='word_1_789' title='bbox 639 5133 852 5189; x_wconf 89' lang='lat' dir='ltr'><strong>auferes</strong></span> <span class='ocrx_word' id='word_1_790' title='bbox 865 5137 1064 5192; x_wconf 90' lang='lat' dir='ltr'><strong>malum</strong></span> <span class='ocrx_word' id='word_1_791' title='bbox 1083 5135 1151 5191; x_wconf 91' lang='lat' dir='ltr'><strong>de</strong></span> <span class='ocrx_word' id='word_1_792' title='bbox 1167 5135 1348 5191; x_wconf 90' lang='lat' dir='ltr'><strong>medio</strong></span> <span class='ocrx_word' id='word_1_793' title='bbox 1366 5135 1463 5200; x_wconf 93' lang='lat' dir='ltr'><strong>tui,</strong></span> <span class='ocrx_word' id='word_1_794' title='bbox 1481 5143 1540 5189; x_wconf 94' lang='lat' dir='ltr'><strong>ut</strong></span> <span class='ocrx_word' id='word_1_795' title='bbox 1560 5134 1839 5188; x_wconf 90' lang='lat' dir='ltr'><strong>audientes</strong></span> <span class='ocrx_word' id='word_1_796' title='bbox 1859 5133 2046 5188; x_wconf 66' lang='lat' dir='ltr'><strong>caeteri</strong></span> 
     </span>
    </p>
   </div>
   <div class='ocr_carea' id='block_1_98' title="bbox 445 5225 2044 5300">
    <p class='ocr_par' dir='ltr' id='par_1_98' title="bbox 445 5225 2044 5300">
     <span class='ocr_line' id='line_1_98' title="bbox 445 5225 2044 5300; baseline -0.003 -17"><span class='ocrx_word' id='word_1_797' title='bbox 445 5227 700 5283; x_wconf 90' lang='lat' dir='ltr'><strong>timorem</strong></span> <span class='ocrx_word' id='word_1_798' title='bbox 724 5226 977 5294; x_wconf 89' lang='lat' dir='ltr'><strong>habeant,</strong></span> <span class='ocrx_word' id='word_1_799' title='bbox 1005 5237 1059 5283; x_wconf 92' lang='lat' dir='ltr'><strong>et</strong></span> <span class='ocrx_word' id='word_1_800' title='bbox 1083 5244 1422 5300; x_wconf 89' lang='lat' dir='ltr'><strong>nequaquam</strong></span> <span class='ocrx_word' id='word_1_801' title='bbox 1447 5227 1569 5283; x_wconf 90' lang='lat' dir='ltr'><strong>talia</strong></span> <span class='ocrx_word' id='word_1_802' title='bbox 1593 5227 1827 5282; x_wconf 87' lang='lat' dir='ltr'><strong>audeant</strong></span> <span class='ocrx_word' id='word_1_803' title='bbox 1842 5225 2044 5282; x_wconf 89' lang='lat' dir='ltr'><strong>facere.</strong></span> 
     </span>
    </p>
   </div>
   <div class='ocr_carea' id='block_1_99' title="bbox 444 5318 2036 5394">
    <p class='ocr_par' dir='ltr' id='par_1_99' title="bbox 444 5318 2036 5394">
     <span class='ocr_line' id='line_1_99' title="bbox 444 5318 2036 5394; baseline 0.001 -20"><span class='ocrx_word' id='word_1_804' title='bbox 444 5318 544 5393; x_wconf 90' lang='grc' dir='ltr'><strong>[Β.</strong></span> <span class='ocrx_word' id='word_1_805' title='bbox 560 5318 852 5389; x_wconf 84' lang='lat' dir='ltr'><strong>LXXXIV,</strong></span> <span class='ocrx_word' id='word_1_806' title='bbox 879 5319 938 5375; x_wconf 86' lang='lat' dir='ltr'><strong>C.</strong></span> <span class='ocrx_word' id='word_1_807' title='bbox 958 5320 1295 5394; x_wconf 88' lang='lat' dir='ltr'><strong>LXXXVll.]</strong></span> <span class='ocrx_word' id='word_1_808' title='bbox 1311 5323 1377 5377; x_wconf 84' lang='lat' dir='ltr'><strong>Et</strong></span> <span class='ocrx_word' id='word_1_809' title='bbox 1398 5337 1504 5378; x_wconf 91' lang='lat' dir='ltr'><strong>non</strong></span> <span class='ocrx_word' id='word_1_810' title='bbox 1525 5320 1872 5377; x_wconf 87' lang='lat' dir='ltr'><strong>misereberis</strong></span> <span class='ocrx_word' id='word_1_811' title='bbox 1896 5323 2036 5390; x_wconf 90' lang='lat' dir='ltr'><strong>ejus,</strong></span> 
     </span>
    </p>
   </div>
   <div class='ocr_carea' id='block_1_100' title="bbox 445 5414 2038 5484">
    <p class='ocr_par' dir='ltr' id='par_1_100' title="bbox 445 5414 2038 5484">
     <span class='ocr_line' id='line_1_100' title="bbox 445 5414 2038 5484; baseline 0.001 -15"><span class='ocrx_word' id='word_1_812' title='bbox 445 5414 543 5469; x_wconf 88' lang='lat' dir='ltr'><strong>sed</strong></span> <span class='ocrx_word' id='word_1_813' title='bbox 585 5414 820 5468; x_wconf 90' lang='lat' dir='ltr'><strong>animam</strong></span> <span class='ocrx_word' id='word_1_814' title='bbox 853 5429 951 5482; x_wconf 92' lang='lat' dir='ltr'><strong>pro</strong></span> <span class='ocrx_word' id='word_1_815' title='bbox 994 5414 1194 5483; x_wconf 89' lang='lat' dir='ltr'><strong>anima,</strong></span> <span class='ocrx_word' id='word_1_816' title='bbox 1221 5416 1437 5471; x_wconf 90' lang='lat' dir='ltr'><strong>oculum</strong></span> <span class='ocrx_word' id='word_1_817' title='bbox 1471 5429 1571 5484; x_wconf 92' lang='lat' dir='ltr'><strong>pro</strong></span> <span class='ocrx_word' id='word_1_818' title='bbox 1602 5415 1786 5482; x_wconf 91' lang='lat' dir='ltr'><strong>oculo,</strong></span> <span class='ocrx_word' id='word_1_819' title='bbox 1818 5414 2038 5470; x_wconf 88' lang='lat' dir='ltr'><strong>dentem</strong></span> 
     </span>
    </p>
   </div>
   <div class='ocr_carea' id='block_1_101' title="bbox 438 5506 2040 5580">
    <p class='ocr_par' dir='ltr' id='par_1_101' title="bbox 438 5506 2040 5580">
     <span class='ocr_line' id='line_1_101' title="bbox 438 5506 2040 5580; baseline 0.003 -18"><span class='ocrx_word' id='word_1_820' title='bbox 438 5520 541 5578; x_wconf 86' lang='lat' dir='ltr'><strong>pro</strong></span> <span class='ocrx_word' id='word_1_821' title='bbox 558 5506 737 5572; x_wconf 88' lang='lat' dir='ltr'><strong>dente,</strong></span> <span class='ocrx_word' id='word_1_822' title='bbox 756 5522 974 5563; x_wconf 90' lang='lat' dir='ltr'><strong>manum</strong></span> <span class='ocrx_word' id='word_1_823' title='bbox 997 5522 1097 5578; x_wconf 91' lang='lat' dir='ltr'><strong>pro</strong></span> <span class='ocrx_word' id='word_1_824' title='bbox 1125 5524 1306 5576; x_wconf 92' lang='lat' dir='ltr'><strong>manu,</strong></span> <span class='ocrx_word' id='word_1_825' title='bbox 1333 5509 1524 5580; x_wconf 90' lang='lat' dir='ltr'><strong>pedem</strong></span> <span class='ocrx_word' id='word_1_826' title='bbox 1549 5525 1646 5579; x_wconf 92' lang='lat' dir='ltr'><strong>pro</strong></span> <span class='ocrx_word' id='word_1_827' title='bbox 1670 5509 1806 5580; x_wconf 89' lang='lat' dir='ltr'><strong>pede</strong></span> <span class='ocrx_word' id='word_1_828' title='bbox 1831 5509 2040 5580; x_wconf 85' lang='lat' dir='ltr'><strong>exiges.</strong></span> 
     </span>
    </p>
   </div>
   <div class='ocr_carea' id='block_1_102' title="bbox 513 5599 2038 5673">
    <p class='ocr_par' dir='ltr' id='par_1_102' title="bbox 513 5599 2038 5673">
     <span class='ocr_line' id='line_1_102' title="bbox 513 5599 2038 5673; baseline 0.001 -17"><span class='ocrx_word' id='word_1_829' title='bbox 513 5599 613 5672; x_wconf 88' lang='grc' dir='ltr'><strong>[Τ.</strong></span> <span class='ocrx_word' id='word_1_830' title='bbox 645 5599 762 5666; x_wconf 90' lang='lat' dir='ltr'><strong>XII,</strong></span> <span class='ocrx_word' id='word_1_831' title='bbox 810 5601 872 5656; x_wconf 86' lang='lat' dir='ltr'><strong>C.</strong></span> <span class='ocrx_word' id='word_1_832' title='bbox 902 5599 1240 5670; x_wconf 80' lang='lat' dir='ltr'><strong>LXXXVIII,</strong></span> <span class='ocrx_word' id='word_1_833' title='bbox 1281 5600 1411 5673; x_wconf 87' lang='lat' dir='ltr'><strong>Cap.</strong></span> <span class='ocrx_word' id='word_1_834' title='bbox 1441 5600 1603 5673; x_wconf 86' lang='lat' dir='ltr'><strong>XX.]</strong></span> <span class='ocrx_word' id='word_1_835' title='bbox 1641 5601 1696 5657; x_wconf 91' lang='lat' dir='ltr'><strong>Si</strong></span> <span class='ocrx_word' id='word_1_836' title='bbox 1726 5600 1926 5658; x_wconf 91' lang='lat' dir='ltr'><strong>exieris</strong></span> <span class='ocrx_word' id='word_1_837' title='bbox 1968 5601 2038 5658; x_wconf 91' lang='lat' dir='ltr'><strong>ad</strong></span> 
     </span>
    </p>
   </div>
   <div class='ocr_carea' id='block_1_103' title="bbox 2152 4667 3746 4741">
    <p class='ocr_par' dir='ltr' id='par_1_103' title="bbox 2152 4667 3746 4741">
     <span class='ocr_line' id='line_1_103' title="bbox 2152 4667 3746 4741; baseline 0.001 -17"><span class='ocrx_word' id='word_1_838' title='bbox 2152 4667 2486 4736; x_wconf 81' lang='lat' dir='ltr'><strong>Jebusaeum,</strong></span> <span class='ocrx_word' id='word_1_839' title='bbox 2517 4669 2658 4725; x_wconf 83' lang='lat' dir='ltr'><strong>sicut</strong></span> <span class='ocrx_word' id='word_1_840' title='bbox 2678 4671 2941 4741; x_wconf 67' lang='lat' dir='ltr'><strong>praecepit</strong></span> <span class='ocrx_word' id='word_1_841' title='bbox 2971 4671 3066 4726; x_wconf 89' lang='lat' dir='ltr'><strong>tibi</strong></span> <span class='ocrx_word' id='word_1_842' title='bbox 3100 4670 3359 4726; x_wconf 92' lang='lat' dir='ltr'><strong>Dominus</strong></span> <span class='ocrx_word' id='word_1_843' title='bbox 3399 4671 3543 4726; x_wconf 92' lang='lat' dir='ltr'><strong>Deus</strong></span> <span class='ocrx_word' id='word_1_844' title='bbox 3574 4679 3699 4724; x_wconf 94' lang='lat' dir='ltr'><strong>tuus</strong></span> <span class='ocrx_word' id='word_1_845' title='bbox 3732 4689 3746 4726; x_wconf 92' lang='lat'>:</span> 
     </span>
    </p>
   </div>
   <div class='ocr_carea' id='block_1_104' title="bbox 2154 4762 3744 4830">
    <p class='ocr_par' dir='ltr' id='par_1_104' title="bbox 2154 4762 3744 4830">
     <span class='ocr_line' id='line_1_104' title="bbox 2154 4762 3744 4830; baseline -0.001 -12"><span class='ocrx_word' id='word_1_846' title='bbox 2154 4778 2222 4818; x_wconf 93' lang='lat' dir='ltr'><strong>ne</strong></span> <span class='ocrx_word' id='word_1_847' title='bbox 2251 4763 2394 4819; x_wconf 87' lang='lat' dir='ltr'><strong>forte</strong></span> <span class='ocrx_word' id='word_1_848' title='bbox 2424 4762 2654 4819; x_wconf 90' lang='lat' dir='ltr'><strong>doceant</strong></span> <span class='ocrx_word' id='word_1_849' title='bbox 2687 4779 2783 4820; x_wconf 91' lang='lat' dir='ltr'><strong>vos</strong></span> <span class='ocrx_word' id='word_1_850' title='bbox 2816 4762 2996 4820; x_wconf 89' lang='lat' dir='ltr'><strong>facere</strong></span> <span class='ocrx_word' id='word_1_851' title='bbox 3025 4774 3250 4820; x_wconf 90' lang='lat' dir='ltr'><strong>cunctas</strong></span> <span class='ocrx_word' id='word_1_852' title='bbox 3287 4765 3744 4830; x_wconf 90' lang='lat' dir='ltr'><strong>abominationes,</strong></span> 
     </span>
    </p>
   </div>
   <div class='ocr_carea' id='block_1_105' title="bbox 2152 4855 3748 4928">
    <p class='ocr_par' dir='ltr' id='par_1_105' title="bbox 2152 4855 3748 4928">
     <span class='ocr_line' id='line_1_105' title="bbox 2152 4855 3748 4928; baseline 0.001 -18"><span class='ocrx_word' id='word_1_853' title='bbox 2152 4871 2285 4928; x_wconf 89' lang='lat' dir='ltr'><strong>quas</strong></span> <span class='ocrx_word' id='word_1_854' title='bbox 2315 4855 2418 4925; x_wconf 91' lang='lat' dir='ltr'><strong>ipsi</strong></span> <span class='ocrx_word' id='word_1_855' title='bbox 2446 4857 2654 4925; x_wconf 86' lang='lat' dir='ltr'><strong>operati</strong></span> <span class='ocrx_word' id='word_1_856' title='bbox 2683 4867 2810 4912; x_wconf 89' lang='lat' dir='ltr'><strong>sunt</strong></span> <span class='ocrx_word' id='word_1_857' title='bbox 2854 4857 2957 4912; x_wconf 88' lang='lat' dir='ltr'><strong>diis</strong></span> <span class='ocrx_word' id='word_1_858' title='bbox 2986 4857 3124 4920; x_wconf 90' lang='lat' dir='ltr'><strong>suis,</strong></span> <span class='ocrx_word' id='word_1_859' title='bbox 3177 4867 3232 4912; x_wconf 91' lang='lat' dir='ltr'><strong>et</strong></span> <span class='ocrx_word' id='word_1_860' title='bbox 3262 4859 3504 4928; x_wconf 91' lang='lat' dir='ltr'><strong>peccetis</strong></span> <span class='ocrx_word' id='word_1_861' title='bbox 3555 4857 3606 4911; x_wconf 95' lang='lat' dir='ltr'><strong>in</strong></span> <span class='ocrx_word' id='word_1_862' title='bbox 3641 4857 3748 4912; x_wconf 90' lang='lat' dir='ltr'><strong>Do-</strong></span> 
     </span>
    </p>
   </div>
   <div class='ocr_carea' id='block_1_106' title="bbox 2155 4947 3751 5022">
    <p class='ocr_par' dir='ltr' id='par_1_106' title="bbox 2155 4947 3751 5022">
     <span class='ocr_line' id='line_1_106' title="bbox 2155 4947 3751 5022; baseline 0.001 -20"><span class='ocrx_word' id='word_1_863' title='bbox 2155 4948 2364 5002; x_wconf 88' lang='lat' dir='ltr'><strong>minum</strong></span> <span class='ocrx_word' id='word_1_864' title='bbox 2391 4948 2558 5003; x_wconf 92' lang='lat' dir='ltr'><strong>Deum</strong></span> <span class='ocrx_word' id='word_1_865' title='bbox 2581 4959 2839 5004; x_wconf 90' lang='lat' dir='ltr'><strong>vestrum.</strong></span> <span class='ocrx_word' id='word_1_866' title='bbox 2869 4949 2964 5022; x_wconf 85' lang='grc' dir='ltr'><strong>[Β.</strong></span> <span class='ocrx_word' id='word_1_867' title='bbox 2984 4948 3272 5014; x_wconf 86' lang='lat' dir='ltr'><strong>LXXXVI,</strong></span> <span class='ocrx_word' id='word_1_868' title='bbox 3299 4950 3362 5006; x_wconf 92' lang='lat' dir='ltr'><strong>C.</strong></span> <span class='ocrx_word' id='word_1_869' title='bbox 3394 4947 3540 5020; x_wconf 85' lang='lat' dir='ltr'><strong>XC.]</strong></span> <span class='ocrx_word' id='word_1_870' title='bbox 3563 4949 3751 5017; x_wconf 81' lang='lat' dir='ltr'><strong>Quan-</strong></span> 
     </span>
    </p>
   </div>
   <div class='ocr_carea' id='block_1_107' title="bbox 2156 5040 3749 5113">
    <p class='ocr_par' dir='ltr' id='par_1_107' title="bbox 2156 5040 3749 5113">
     <span class='ocr_line' id='line_1_107' title="bbox 2156 5040 3749 5113; baseline 0.001 -18"><span class='ocrx_word' id='word_1_871' title='bbox 2156 5040 2227 5095; x_wconf 92' lang='lat' dir='ltr'><strong>do</strong></span> <span class='ocrx_word' id='word_1_872' title='bbox 2255 5040 2541 5096; x_wconf 90' lang='lat' dir='ltr'><strong>obsederis</strong></span> <span class='ocrx_word' id='word_1_873' title='bbox 2577 5042 2849 5098; x_wconf 90' lang='lat' dir='ltr'><strong>civitatem</strong></span> <span class='ocrx_word' id='word_1_874' title='bbox 2889 5042 3062 5097; x_wconf 93' lang='lat' dir='ltr'><strong>multo</strong></span> <span class='ocrx_word' id='word_1_875' title='bbox 3093 5053 3358 5113; x_wconf 90' lang='lat' dir='ltr'><strong>tempore,</strong></span> <span class='ocrx_word' id='word_1_876' title='bbox 3405 5052 3461 5098; x_wconf 89' lang='lat' dir='ltr'><strong>et</strong></span> <span class='ocrx_word' id='word_1_877' title='bbox 3492 5041 3749 5096; x_wconf 89' lang='lat' dir='ltr'><strong>munitio-</strong></span> 
     </span>
    </p>
   </div>
   <div class='ocr_carea' id='block_1_108' title="bbox 2155 5135 3749 5207">
    <p class='ocr_par' dir='ltr' id='par_1_108' title="bbox 2155 5135 3749 5207">
     <span class='ocr_line' id='line_1_108' title="bbox 2155 5135 3749 5207; baseline 0.001 -17"><span class='ocrx_word' id='word_1_878' title='bbox 2155 5135 2316 5190; x_wconf 89' lang='lat' dir='ltr'><strong>nibus</strong></span> <span class='ocrx_word' id='word_1_879' title='bbox 2346 5135 2776 5192; x_wconf 88' lang='lat' dir='ltr'><strong>circumdederis</strong></span> <span class='ocrx_word' id='word_1_880' title='bbox 2798 5145 2854 5191; x_wconf 92' lang='lat' dir='ltr'><strong>ut</strong></span> <span class='ocrx_word' id='word_1_881' title='bbox 2884 5152 3159 5207; x_wconf 85' lang='lat' dir='ltr'><strong>expugncs</strong></span> <span class='ocrx_word' id='word_1_882' title='bbox 3180 5152 3323 5204; x_wconf 92' lang='lat' dir='ltr'><strong>eam,</strong></span> <span class='ocrx_word' id='word_1_883' title='bbox 3357 5151 3465 5192; x_wconf 92' lang='lat' dir='ltr'><strong>non</strong></span> <span class='ocrx_word' id='word_1_884' title='bbox 3497 5136 3749 5192; x_wconf 92' lang='lat' dir='ltr'><strong>succides</strong></span> 
     </span>
    </p>
   </div>
   <div class='ocr_carea' id='block_1_109' title="bbox 2151 5227 3749 5299">
    <p class='ocr_par' dir='ltr' id='par_1_109' title="bbox 2151 5227 3749 5299">
     <span class='ocr_line' id='line_1_109' title="bbox 2151 5227 3749 5299; baseline 0.002 -19"><span class='ocrx_word' id='word_1_885' title='bbox 2151 5228 2376 5283; x_wconf 87' lang='lat' dir='ltr'><strong>arbores</strong></span> <span class='ocrx_word' id='word_1_886' title='bbox 2402 5227 2471 5282; x_wconf 91' lang='lat' dir='ltr'><strong>de</strong></span> <span class='ocrx_word' id='word_1_887' title='bbox 2517 5228 2711 5297; x_wconf 92' lang='lat' dir='ltr'><strong>quibus</strong></span> <span class='ocrx_word' id='word_1_888' title='bbox 2758 5229 2904 5284; x_wconf 87' lang='lat' dir='ltr'><strong>vesci</strong></span> <span class='ocrx_word' id='word_1_889' title='bbox 2933 5237 3130 5299; x_wconf 89' lang='lat' dir='ltr'><strong>potest,</strong></span> <span class='ocrx_word' id='word_1_890' title='bbox 3182 5243 3282 5284; x_wconf 92' lang='lat' dir='ltr'><strong>nec</strong></span> <span class='ocrx_word' id='word_1_891' title='bbox 3319 5228 3602 5284; x_wconf 89' lang='lat' dir='ltr'><strong>securibus</strong></span> <span class='ocrx_word' id='word_1_892' title='bbox 3651 5242 3749 5298; x_wconf 92' lang='lat' dir='ltr'><strong>per</strong></span> 
     </span>
    </p>
   </div>
   <div class='ocr_carea' id='block_1_110' title="bbox 2149 5318 3746 5392">
    <p class='ocr_par' dir='ltr' id='par_1_110' title="bbox 2149 5318 3746 5392">
     <span class='ocr_line' id='line_1_110' title="bbox 2149 5318 3746 5392; baseline -0.001 -17"><span class='ocrx_word' id='word_1_893' title='bbox 2149 5318 2434 5375; x_wconf 90' lang='lat' dir='ltr'><strong>circuitum</strong></span> <span class='ocrx_word' id='word_1_894' title='bbox 2463 5318 2630 5374; x_wconf 91' lang='lat' dir='ltr'><strong>debes</strong></span> <span class='ocrx_word' id='word_1_895' title='bbox 2657 5329 2870 5376; x_wconf 88' lang='lat' dir='ltr'><strong>vastare</strong></span> <span class='ocrx_word' id='word_1_896' title='bbox 2897 5322 3175 5391; x_wconf 85' lang='lat' dir='ltr'><strong>regionem</strong></span> <span class='ocrx_word' id='word_1_897' title='bbox 3207 5339 3220 5374; x_wconf 92' lang='lat'>:</span> <span class='ocrx_word' id='word_1_898' title='bbox 3251 5319 3505 5391; x_wconf 90' lang='lat' dir='ltr'><strong>quoniam</strong></span> <span class='ocrx_word' id='word_1_899' title='bbox 3534 5320 3746 5392; x_wconf 84' lang='lat' dir='ltr'><strong>lignum</strong></span> 
     </span>
    </p>
   </div>
   <div class='ocr_carea' id='block_1_111' title="bbox 2148 5412 3747 5486">
    <p class='ocr_par' dir='ltr' id='par_1_111' title="bbox 2148 5412 3747 5486">
     <span class='ocr_line' id='line_1_111' title="bbox 2148 5412 3747 5486; baseline 0.001 -17"><span class='ocrx_word' id='word_1_900' title='bbox 2148 5421 2253 5484; x_wconf 89' lang='lat' dir='ltr'><strong>est,</strong></span> <span class='ocrx_word' id='word_1_901' title='bbox 2283 5421 2337 5468; x_wconf 94' lang='lat' dir='ltr'><strong>et</strong></span> <span class='ocrx_word' id='word_1_902' title='bbox 2368 5427 2472 5468; x_wconf 88' lang='lat' dir='ltr'><strong>non</strong></span> <span class='ocrx_word' id='word_1_903' title='bbox 2505 5412 2690 5483; x_wconf 91' lang='lat' dir='ltr'><strong>homo,</strong></span> <span class='ocrx_word' id='word_1_904' title='bbox 2740 5429 2842 5471; x_wconf 91' lang='lat' dir='ltr'><strong>nec</strong></span> <span class='ocrx_word' id='word_1_905' title='bbox 2888 5421 3068 5486; x_wconf 91' lang='lat' dir='ltr'><strong>potest</strong></span> <span class='ocrx_word' id='word_1_906' title='bbox 3117 5414 3438 5471; x_wconf 84' lang='lat' dir='ltr'><strong>bellantium</strong></span> <span class='ocrx_word' id='word_1_907' title='bbox 3467 5423 3659 5469; x_wconf 91' lang='lat' dir='ltr'><strong>contra</strong></span> <span class='ocrx_word' id='word_1_908' title='bbox 3691 5422 3747 5470; x_wconf 90' lang='lat' dir='ltr'><strong>te</strong></span> 
     </span>
    </p>
   </div>
   <div class='ocr_carea' id='block_1_112' title="bbox 2145 5487 3750 5580">
    <p class='ocr_par' dir='ltr' id='par_1_112' title="bbox 2145 5487 3750 5580">
     <span class='ocr_line' id='line_1_112' title="bbox 2145 5487 3750 5580; baseline 0.001 -18"><span class='ocrx_word' id='word_1_909' title='bbox 2145 5521 2348 5577; x_wconf 85' lang='lat' dir='ltr'><strong>augere</strong></span> <span class='ocrx_word' id='word_1_910' title='bbox 2377 5523 2680 5564; x_wconf 91' lang='lat' dir='ltr'><strong>numerum.</strong></span> <span class='ocrx_word' id='word_1_911' title='bbox 2715 5509 2772 5565; x_wconf 93' lang='lat' dir='ltr'><strong>Si</strong></span> <span class='ocrx_word' id='word_1_912' title='bbox 2820 5524 2926 5580; x_wconf 89' lang='lat' dir='ltr'><strong>qua</strong></span> <span class='ocrx_word' id='word_1_913' title='bbox 2955 5487 3136 5564; x_wconf 56' lang='lat' dir='ltr'><strong>autem</strong></span> <span class='ocrx_word' id='word_1_914' title='bbox 3171 5507 3316 5580; x_wconf 84' lang='lat' dir='ltr'><strong>ligna</strong></span> <span class='ocrx_word' id='word_1_915' title='bbox 3353 5523 3462 5562; x_wconf 91' lang='lat' dir='ltr'><strong>non</strong></span> <span class='ocrx_word' id='word_1_916' title='bbox 3495 5517 3622 5563; x_wconf 89' lang='lat' dir='ltr'><strong>sunt</strong></span> <span class='ocrx_word' id='word_1_917' title='bbox 3647 5522 3750 5577; x_wconf 86' lang='lat' dir='ltr'><strong>po-</strong></span> 
     </span>
    </p>
   </div>
   <div class='ocr_carea' id='block_1_113' title="bbox 2145 5599 3748 5673">
    <p class='ocr_par' dir='ltr' id='par_1_113' title="bbox 2145 5599 3748 5673">
     <span class='ocr_line' id='line_1_113' title="bbox 2145 5599 3748 5673; baseline 0 -17"><span class='ocrx_word' id='word_1_918' title='bbox 2145 5599 2360 5670; x_wconf 81' lang='lat' dir='ltr'><strong>mifera,</strong></span> <span class='ocrx_word' id='word_1_919' title='bbox 2393 5601 2488 5657; x_wconf 91' lang='lat' dir='ltr'><strong>sed</strong></span> <span class='ocrx_word' id='word_1_920' title='bbox 2520 5601 2774 5673; x_wconf 88' lang='lat' dir='ltr'><strong>agrestia,</strong></span> <span class='ocrx_word' id='word_1_921' title='bbox 2805 5612 2859 5657; x_wconf 93' lang='lat' dir='ltr'><strong>et</strong></span> <span class='ocrx_word' id='word_1_922' title='bbox 2898 5603 2953 5656; x_wconf 90' lang='lat' dir='ltr'><strong>in</strong></span> <span class='ocrx_word' id='word_1_923' title='bbox 2986 5611 3215 5657; x_wconf 65' lang='lat' dir='ltr'><strong>caeteros</strong></span> <span class='ocrx_word' id='word_1_924' title='bbox 3258 5610 3383 5670; x_wconf 90' lang='lat' dir='ltr'><strong>apta</strong></span> <span class='ocrx_word' id='word_1_925' title='bbox 3415 5615 3568 5671; x_wconf 91' lang='lat' dir='ltr'><strong>usus,</strong></span> <span class='ocrx_word' id='word_1_926' title='bbox 3620 5614 3748 5656; x_wconf 90' lang='lat' dir='ltr'><strong>suc-</strong></span> 
     </span>
    </p>
   </div>
   <div class='ocr_carea' id='block_1_114' title="bbox 438 5691 3743 5765">
    <p class='ocr_par' dir='ltr' id='par_1_114' title="bbox 438 5691 3743 5765">
     <span class='ocr_line' id='line_1_114' title="bbox 438 5691 3743 5765; baseline 0 -18"><span class='ocrx_word' id='word_1_927' title='bbox 438 5691 645 5748; x_wconf 87' lang='lat' dir='ltr'><strong>bellum</strong></span> <span class='ocrx_word' id='word_1_928' title='bbox 677 5702 865 5748; x_wconf 90' lang='lat' dir='ltr'><strong>contra</strong></span> <span class='ocrx_word' id='word_1_929' title='bbox 900 5693 1085 5750; x_wconf 89' lang='lat' dir='ltr'><strong>hostes</strong></span> <span class='ocrx_word' id='word_1_930' title='bbox 1125 5701 1269 5757; x_wconf 90' lang='lat' dir='ltr'><strong>tuos,</strong></span> <span class='ocrx_word' id='word_1_931' title='bbox 1300 5704 1354 5749; x_wconf 92' lang='lat' dir='ltr'><strong>et</strong></span> <span class='ocrx_word' id='word_1_932' title='bbox 1397 5694 1599 5750; x_wconf 87' lang='lat' dir='ltr'><strong>videris</strong></span> <span class='ocrx_word' id='word_1_933' title='bbox 1640 5695 1936 5762; x_wconf 87' lang='lat' dir='ltr'><strong>equitatum</strong></span> <span class='ocrx_word' id='word_1_934' title='bbox 1981 5703 2035 5750; x_wconf 92' lang='lat' dir='ltr'><strong>et</strong></span> <span class='ocrx_word' id='word_1_935' title='bbox 2134 5691 2253 5748; x_wconf 87' lang='lat' dir='ltr'><strong>cide</strong></span> <span class='ocrx_word' id='word_1_936' title='bbox 2283 5694 2375 5765; x_wconf 91' lang='lat' dir='ltr'><strong>[h.</strong></span> <span class='ocrx_word' id='word_1_937' title='bbox 2409 5709 2509 5749; x_wconf 91' lang='lat' dir='ltr'><strong>nec</strong></span> <span class='ocrx_word' id='word_1_938' title='bbox 2541 5705 2717 5763; x_wconf 91' lang='lat' dir='ltr'><strong>potest</strong></span> <span class='ocrx_word' id='word_1_939' title='bbox 2745 5709 2804 5751; x_wconf 91' lang='lat' dir='ltr'><strong>se</strong></span> <span class='ocrx_word' id='word_1_940' title='bbox 2832 5694 3115 5750; x_wconf 82' lang='lat' dir='ltr'><strong>ostendere</strong></span> <span class='ocrx_word' id='word_1_941' title='bbox 3155 5701 3281 5749; x_wconf 87' lang='lat' dir='ltr'><strong>ante</strong></span> <span class='ocrx_word' id='word_1_942' title='bbox 3327 5693 3524 5749; x_wconf 90' lang='lat' dir='ltr'><strong>faciem</strong></span> <span class='ocrx_word' id='word_1_943' title='bbox 3574 5702 3743 5749; x_wconf 84' lang='lat' dir='ltr'><strong>tuam.</strong></span> 
     </span>
    </p>
   </div>
   <div class='ocr_carea' id='block_1_115' title="bbox 436 5784 3748 5860">
    <p class='ocr_par' dir='ltr' id='par_1_115' title="bbox 436 5784 3748 5860">
     <span class='ocr_line' id='line_1_115' title="bbox 436 5784 3748 5860; baseline -0.001 -19"><span class='ocrx_word' id='word_1_944' title='bbox 436 5799 652 5856; x_wconf 88' lang='lat' dir='ltr'><strong>currus,</strong></span> <span class='ocrx_word' id='word_1_945' title='bbox 685 5797 738 5844; x_wconf 90' lang='lat' dir='ltr'><strong>et</strong></span> <span class='ocrx_word' id='word_1_946' title='bbox 762 5787 1025 5860; x_wconf 89' lang='lat' dir='ltr'><strong>majorem</strong></span> <span class='ocrx_word' id='word_1_947' title='bbox 1052 5802 1214 5860; x_wconf 89' lang='lat' dir='ltr'><strong>quam</strong></span> <span class='ocrx_word' id='word_1_948' title='bbox 1244 5795 1298 5845; x_wconf 79' lang='grc' dir='ltr'>ιιι</span> <span class='ocrx_word' id='word_1_949' title='bbox 1322 5785 1512 5857; x_wconf 87' lang='lat' dir='ltr'><strong>habes,</strong></span> <span class='ocrx_word' id='word_1_950' title='bbox 1543 5787 1843 5845; x_wconf 85' lang='lat' dir='ltr'><strong>adversarii</strong></span> <span class='ocrx_word' id='word_1_951' title='bbox 1871 5802 2031 5848; x_wconf 83' lang='lat' dir='ltr'><strong>exer-</strong></span> <span class='ocrx_word' id='word_1_952' title='bbox 2130 5784 2299 5858; x_wconf 78' lang='lat' dir='ltr'><strong>Ligna</strong></span> <span class='ocrx_word' id='word_1_953' title='bbox 2330 5796 2511 5844; x_wconf 90' lang='lat' dir='ltr'><strong>autem</strong></span> <span class='ocrx_word' id='word_1_954' title='bbox 2537 5804 2654 5857; x_wconf 71' lang='lat' dir='ltr'><strong>quae</strong></span> <span class='ocrx_word' id='word_1_955' title='bbox 2689 5803 2793 5845; x_wconf 84' lang='lat' dir='ltr'><strong>non</strong></span> <span class='ocrx_word' id='word_1_956' title='bbox 2836 5796 2954 5844; x_wconf 71' lang='lat' dir='ltr'><strong>sunt</strong></span> <span class='ocrx_word' id='word_1_957' title='bbox 3005 5785 3292 5859; x_wconf 82' lang='lat' dir='ltr'><strong>pomifera,</strong></span> <span class='ocrx_word' id='word_1_958' title='bbox 3344 5784 3603 5856; x_wconf 75' lang='lat' dir='ltr'><strong>succida]</strong></span> <span class='ocrx_word' id='word_1_959' title='bbox 3631 5827 3645 5855; x_wconf 94' lang='lat'><strong>,</strong></span> <span class='ocrx_word' id='word_1_960' title='bbox 3691 5792 3748 5844; x_wconf 91' lang='lat' dir='ltr'><strong>ct</strong></span> 
     </span>
    </p>
   </div>
  </div>
