4098 6366
328 276 428 338 4η

1564 276 1771 335 LIBER
1814 275 2359 337 DEUTERONOMII.

3521 281 3633 344 442

331 397 543 453 instrue
571 394 874 465 machinas,
909 394 1086 451 donec
1109 393 1294 466 capias
1322 392 1620 462 civitatem,
1652 409 1771 466 quae
1799 408 1919 451 con-
1945 395 1997 457 Α
2025 392 2263 450 afﬂixisti
2294 392 2456 468 eam].
2489 393 2572 468 [Β.
2603 393 2900 464 LXXXIX,
2932 395 2995 453 C.
3030 393 3249 471 XCIII.]
3294 397 3352 456 Si
3383 398 3632 457 habuerit

329 500 409 547 tra
443 500 494 546 te
520 490 766 546 dimicat.

402 583 503 656 [Β.
539 581 873 651 LXXXVIII,
905 580 967 639 ο.
1000 580 1138 649 XCI,
1167 580 1296 656 Cap.
1330 581 1517 656 ΧΠ]
1566 583 1791 653 Quando
1834 584 1922 639 in-

323 684 546 732 ventum
572 675 730 731 fuerit
755 674 812 730 in
845 684 1008 741 terra,
1034 690 1193 745 quam
1223 676 1482 732 Dominus
1511 675 1651 731 Deus
1682 686 1804 730 tuus
1830 675 1925 730 da-

323 780 475 825 turus
514 779 598 824 est
627 768 741 833 tibi,
779 767 1012 823 hominis
1041 767 1272 822 cadaver
1292 768 1477 833 occisi,
1510 776 1560 823 et
1594 767 1924 839 ignorabitur

322 862 485 919 caedis
511 877 663 931 reus,
697 860 1044 934 egredientur
1065 861 1301 931 majores
1324 871 1478 927 natu,
1506 869 1562 917 et
1586 861 1794 931 judices
1820 861 1919 928 tui,

320 967 375 1011 et
408 956 704 1012 metientur
731 971 761 1010 a
785 956 901 1011 loco
930 954 1211 1011 cadaveris
1239 954 1577 1026 singularum
1604 968 1700 1025 per
1729 953 1923 1008 circui-

321 1056 436 1103 tum
481 1050 652 1119 Spatia
704 1048 1002 1119 civitatum,
1053 1056 1108 1102 et
1157 1063 1317 1118 quam
1360 1046 1670 1103 viciniorem
1711 1046 1920 1102 caeteris

318 1155 443 1195 esse
474 1140 874 1211 perspexerint,
905 1140 1149 1197 seniores
1170 1139 1403 1195 civitatis
1427 1140 1548 1211 ejus
1575 1139 1762 1195 tollent
1783 1138 1919 1193 vitu-

327 1231 438 1287 lam
474 1232 540 1288 de
566 1242 832 1298 armento,
866 1249 987 1305 qua:
1017 1249 1124 1289 non
1154 1234 1317 1287 traxit
1338 1232 1553 1303 jngum,
1591 1246 1693 1288 nec
1720 1240 1918 1287 terram

315 1327 485 1382 scidit
512 1343 733 1384 vomere
758 1327 835 1401 [h.
864 1343 966 1384 nec
993 1330 1045 1383 in
1077 1343 1140 1384 ea
1172 1327 1454 1399 aliquando
1474 1334 1749 1396 operatum
1774 1325 1915 1398 fuit],

311 1428 368 1476 et
395 1419 596 1476 ducent
641 1437 761 1476 eam
807 1421 873 1477 ad
914 1422 1112 1477 vallem
1157 1436 1405 1490 asperam
1456 1428 1621 1490 atque
1670 1434 1918 1474 saxosam

320 1508 402 1583 [h.
437 1525 543 1566 non
578 1511 758 1581 habet,
789 1521 952 1584 atque
979 1511 1274 1585 saxosam],
1305 1527 1426 1581 quae
1449 1526 1739 1583 numquam
1772 1519 1919 1566 arata

308 1610 417 1671 est,
450 1618 549 1657 nec
574 1613 873 1659 sementem
900 1605 1202 1674 recepit,et
1230 1616 1255 1643 ιι
1278 1605 1492 1661 caedent
1515 1606 1566 1659 in
1597 1620 1658 1662 ea
1680 1604 1919 1661 cervices

306 1695 495 1751 vitula:
529 1696 606 1763 [h.
636 1706 690 1752 et
718 1698 1119 1770 praecipitabant
1161 1699 1212 1752 in
1267 1698 1532 1771 torrente]
1576 1716 1587 1751 :
1633 1698 1916 1754 accedent-

2028 488 2191 543 homo
2222 502 2420 543 uxores
2445 487 2601 555 duas,
2636 504 2796 545 unam
2824 490 3101 558 dilectam,
3134 501 3188 547 et
3219 492 3444 548 alteram
3472 492 3631 548 odio-

2026 595 2162 647 sam,
2214 593 2605 652 genuertntque
2657 598 2724 638 ex
2774 597 2840 639 eo
2888 583 3111 650 liberos,
3167 593 3222 640 et
3278 585 3442 640 fuerit
3488 583 3631 642 filius

2024 677 2228 733 odiosa:
2257 677 2677 748 primogenitus,
2713 678 3061 750 volueritque
3088 678 3453 734 substantiam
3487 678 3631 735 inter

2025 771 2165 827 ﬁlios
2196 785 2323 825 suos
2353 770 2594 826 dividere
2629 788 2642 824 :
2693 786 2799 825 nox.
2848 771 3049 841 poterit
3093 770 3260 827 filium
3302 771 3517 827 dilecta:
3545 772 3629 828 fa-

2023 879 2147 921 cere
2181 864 2622 934 primogenitum,
2654 871 2703 918 et
2737 864 2996 933 praeferre
3040 861 3153 919 filio
3178 862 3407 929 odiosae,
3434 863 3529 919 sed
3567 863 3631 918 fi-

2023 957 2155 1013 lium
2191 957 2396 1013 odiosae
2424 964 2685 1027 agnoscet
2712 956 3152 1027 primogenitum,
3184 955 3443 1026 dabitque
3471 955 3520 1011 ei
3557 954 3627 1010 de

2025 1050 2108 1105 his
2155 1066 2275 1121 qua:
2322 1049 2591 1117 habuerit,
2646 1056 2837 1104 cuncta
2869 1047 3105 1119 duplicia
3150 1067 3163 1104 :
3201 1049 3305 1104 iste
3350 1056 3434 1104 est
3480 1048 3626 1103 enim

2022 1144 2344 1215 principium
2372 1142 2667 1197 liberorum
2701 1141 2840 1211 ejus,
2864 1149 2918 1196 et
2947 1141 3071 1196 huic
3100 1140 3371 1197 debentur
3419 1139 3626 1209 primo-

2020 1236 2220 1307 genita.
2256 1233 2338 1306 [B.
2371 1231 2485 1303 XC,
2534 1232 2595 1287 C.
2630 1229 2841 1304 XCIV.]
2880 1231 2937 1289 Si
2964 1232 3211 1303 genuerit
3242 1231 3406 1287 homo
3455 1230 3625 1286 filium

2021 1340 2393 1387 contumacem
2429 1339 2484 1383 et
2513 1336 2824 1398 protervum
2846 1369 2861 1393 ,
2895 1327 2989 1397 qui
3015 1342 3122 1382 non
3152 1326 3337 1381 audiat
3366 1325 3532 1396 patris
3561 1338 3626 1381 ac

2022 1422 2210 1479 matris
2232 1420 2541 1491 imperium,
2576 1428 2629 1474 et
2658 1422 2932 1474 coercitus
2959 1418 3181 1473 obedire
3203 1417 3625 1488 contempserit:

2022 1515 2435 1587 apprehendent
2463 1528 2610 1581 eum,
2636 1521 2691 1567 et
2719 1512 2953 1566 educent
2995 1510 3063 1565 ad
3099 1511 3346 1566 seniores
3390 1509 3625 1565 civitatis

2022 1610 2188 1674 illius,
2220 1618 2275 1665 et
2304 1608 2370 1664 ad
2401 1615 2612 1678 portam
2637 1604 2822 1675 judicii
2841 1602 2921 1675 [h.
2950 1612 3004 1659 et
3033 1601 3099 1657 ad
3130 1610 3335 1674 portam
3361 1600 3512 1673 loci].
3543 1600 3625 1657 di-

2023 1713 2253 1775 centque
2280 1703 2346 1759 ad
2370 1716 2503 1759 eos:
2536 1698 2702 1755 Filius
2734 1708 2916 1753 noster
2947 1698 3050 1753 iste
3092 1706 3381 1767 protervus
3410 1706 3462 1751 et
3491 1710 3622 1751 con-

307 1807 419 1860 que
445 1792 756 1848 sacerdotes
802 1793 899 1848 filii
927 1793 1060 1849 Levi
1104 1793 1280 1865 (quos
1307 1793 1469 1864 elegit
1500 1791 1519 1865 [
1547 1792 1702 1865 Vulg.
1737 1793 1915 1863 elege-
1944 1798 1991 1858 B
2021 1804 2200 1852 tumax
2247 1805 2370 1862 est,
2426 1793 2629 1849 monita
2673 1800 2860 1847 nostra
2915 1790 3101 1845 audire
3143 1789 3483 1854 contemnit,
3530 1802 3625 1843 co-

304 1882 404 1953 rit]
424 1883 682 1940 Dominus
712 1885 851 1941 Deus
883 1897 1003 1940 tuus
1035 1893 1094 1940 ut
1123 1886 1428 1942 ministrent
1450 1885 1497 1940 ei
1519 1895 1572 1941 et
1594 1886 1913 1942 henedicant

308 1975 366 2031 in
401 1978 621 2033 nomine
651 1978 803 2048 ejus,
832 1979 975 2033 etad
1004 1980 1229 2035 verbum
1274 1994 1490 2045 eorum,
1534 1994 1694 2035 omne
1739 1996 1911 2050 nego-

309 2067 475 2135 tium,
506 2082 559 2124 et
584 2070 842 2141 quidquid
874 2071 1163 2141 mundum,
1194 2072 1279 2127 vel
1310 2072 1642 2127 immundum
1670 2082 1775 2141 est,
1820 2073 1911 2143 ju-

302 2159 570 2233 dicetur).
599 2162 670 2218 Et
699 2162 726 2201 δ
759 2179 948 2219 omnes
979 2167 1213 2235 majores
1257 2175 1382 2220 natu
1414 2167 1646 2223 civitatis
1674 2167 1817 2224 illius
1845 2167 1911 2222 ad

303 2252 683 2321 interfectum,
712 2256 1078 2328 lavabuntque
1106 2273 1297 2314 manus
1326 2274 1452 2314 suas
1474 2275 1637 2331 super
1664 2260 1907 2327 vitulam,

301 2365 429 2420 qua:
454 2351 505 2406 in
537 2352 681 2407 valle
709 2368 961 2423 percussa
994 2363 1077 2409 est
1106 2352 1191 2427 [h.
1245 2371 1363 2426 qua:
1404 2356 1735 2426 praecipitata
1783 2355 1908 2427 est],

301 2453 361 2500 et
392 2444 571 2500 dicent
601 2464 617 2501 :
668 2446 854 2503 Manus
883 2457 1082 2504 nostra:
1114 2464 1221 2504 non
1266 2448 1575 2505 effuderunt
1612 2450 1754 2505 hunc
1785 2465 1910 2505 san-

304 2539 549 2607 guinem,
584 2554 686 2596 nec
732 2540 876 2597 oculi
919 2541 1189 2597 viderunt.
1253 2541 1523 2610 Propitius
1570 2552 1687 2597 esto
1714 2542 1912 2613 populo

310 2639 412 2685 tuo
438 2630 630 2696 Israel,
656 2648 815 2703 quem
850 2632 1150 2702 redemisti,
1180 2632 1428 2697 Domine.
1463 2642 1519 2690 et
1559 2650 1665 2689 non
1697 2645 1912 2705 reputes

310 2726 636 2797 sanguinem
682 2729 1024 2784 innocentem
1075 2732 1127 2786 in
1176 2731 1356 2786 medio
1387 2732 1569 2802 populi
1602 2732 1674 2786 tui
1716 2730 1906 2787 Israel.

310 2816 385 2873 Et
409 2819 683 2876 auferetur
713 2822 782 2878 ab
812 2825 892 2879 eis
919 2832 1101 2879 reatus
1130 2826 1403 2894 sanguinis
1430 2844 1443 2879 :
1476 2833 1531 2880 tu
1575 2834 1750 2880 autem
1777 2825 1910 2881 alie-

306 2930 416 2969 nus
459 2917 569 2971 eris
615 2919 684 2973 ab
730 2917 1037 2974 innocentis
1081 2934 1295 2986 cruore,
1341 2920 1430 2990 qui
1463 2919 1612 2975 fusus
1640 2929 1744 2986 est,
1788 2935 1909 2975 cum

306 3006 506 3062 feceris
537 3007 679 3079 quod
708 3011 964 3079 pravcepit
1002 3010 1262 3064 Dominus
1295 3011 1313 3083 [t
1334 3011 1386 3067 b.
1418 3011 1560 3081 quod
1590 3021 1799 3067 rectum
1830 3021 1912 3067 est

306 3100 365 3153 in
394 3098 565 3153 oculis
599 3100 854 3173 Domini].
889 3100 1325 3173 [B.LXXXVIII,
1354 3101 1417 3158 C.
1440 3102 1622 3175 XCII.]
1647 3103 1704 3159 Si
1726 3119 1910 3174 egres-

2016 1889 2440 1946 messationibns
2483 1894 2665 1953 vacat,
2719 1894 2773 1940 et
2818 1883 3054 1939 luxuriae
3102 1890 3264 1951 atque
3309 1880 3618 1936 conviviis:

2017 1983 2286 2053 lapidibus
2314 1997 2436 2037 eum
2466 1981 2658 2035 obruet
2694 1978 2923 2049 populus
2966 1978 3223 2043 civitatis,
3251 1985 3307 2032 et
3332 1976 3618 2043 morietur,

2017 2078 2354 2133 utauferatis
2385 2077 2583 2131 malum
2612 2075 2680 2131 de
2712 2073 2895 2130 medio
2925 2074 3117 2139 vestri,
3145 2083 3199 2128 et
3225 2074 3511 2128 universus
3543 2072 3623 2127 Is-

2016 2171 2127 2227 rael
2156 2170 2385 2226 audiens
2418 2169 2783 2240 pertimescat.
2816 2167 2901 2240 [8.
2924 2165 3061 2236 XCI,
3094 2163 3367 2238 C.XCV.]
3391 2163 3618 2234 Quando

2015 2266 2326 2336 peccaverit
2375 2264 2537 2320 homo
2581 2264 2726 2335 quod
2774 2270 2958 2318 morte
3006 2260 3349 2333 plectendum
3404 2269 3522 2327 est,
3564 2269 3620 2316 et

2015 2358 2355 2430 adjndicatus
2401 2358 2563 2413 morti
2597 2372 2868 2428 appensus
2898 2354 3061 2410 fuerit
3090 2355 3141 2409 in
3185 2353 3426 2425 patibulo
3457 2370 3470 2409 :
3509 2366 3616 2408 non

2017 2451 2355 2521 permanebit
2384 2451 2614 2506 cadaver
2640 2448 2758 2519 ejus
2789 2447 2841 2502 in
2891 2447 3058 2517 ligno,
3103 2445 3200 2501 sed
3230 2447 3281 2501 in
3311 2444 3500 2501 eadem
3529 2444 3618 2499 die

2014 2543 2341 2615 sepelietur:
2366 2542 2491 2613 quia
2526 2551 2547 2579 ε
2568 2539 2883 2594 maledictus
2913 2552 2943 2591 a
2970 2537 3086 2593 Deo
3110 2545 3194 2593 est
3222 2537 3311 2607 qtti
3341 2535 3536 2605 pendet
3562 2535 3618 2590 in

2019 2636 2190 2705 ligno,
2205 2642 2607 2705 etneqnaquam
2625 2630 3019 2688 contaminabis
3042 2638 3244 2686 terram
3269 2638 3434 2692 tuam,
3455 2643 3615 2699 quam

2020 2730 2279 2787 Dominus
2322 2730 2461 2784 Deus
2507 2736 2632 2782 tuus
2658 2725 2872 2781 dederit
2930 2724 3024 2779 tibi
3081 2724 3133 2777 in
3184 2722 3612 2793 possessionem.

2090 2822 2171 2897 [Β.
2207 2821 2370 2887 XCII,
2403 2821 2467 2877 (Σ,
2502 2818 2685 2887 XCVI,
2721 2818 2850 2891 Cap.
2888 2815 3109 2887 XXIII.]
3131 2815 3251 2871 Non
3282 2813 3500 2870 videbis
3526 2814 3623 2869 b0-

2018 2931 2142 2972 vem
2175 2915 2357 2970 fratris
2384 2914 2483 2983 tui,
2516 2923 2609 2966 aut
2633 2926 2787 2967 ovem
2818 2920 3119 2975 errantem,
3154 2916 3211 2963 et
3261 2904 3571 2976 praeteribis
3600 2921 3617 2961 :

2014 3012 2112 3068 sed
2143 3011 2373 3066 reduces
2403 3007 2555 3062 fratri
2586 3016 2677 3062 tuo
2704 3048 2719 3069 ,
2762 3006 2924 3061 etiam
2957 3005 3003 3060 si
3031 3019 3138 3059 non
3169 3011 3253 3059 est
3284 3002 3618 3073 propinquus

2016 3113 2161 3171 tuus,
2192 3102 2382 3168 frater,
2415 3116 2514 3157 nec
2542 3101 2684 3156 nosti
2711 3114 2873 3155 eum:
2908 3098 3076 3153 duces
3102 3098 3154 3151 in
3195 3096 3416 3151 domum
3445 3105 3615 3161 tuam,

304 3205 399 3245 sus
426 3191 601 3247 fueris
632 3192 697 3247 ad
728 3208 962 3263 pugnam
986 3203 1172 3249 contra
1204 3194 1454 3249 inimicos
1478 3204 1619 3258 tuos,
1652 3205 1706 3249 et
1740 3195 1905 3249 tradi-
1936 3192 1980 3255 C
2014 3209 2067 3255 et
2097 3207 2262 3253 erunt
2293 3195 2431 3265 apud
2475 3207 2526 3250 te
2554 3192 2810 3264 quamdiu
2842 3199 3053 3261 quaerat
3080 3204 3143 3245 ea
3176 3188 3343 3244 frater
3370 3199 3513 3254 tuus,
3560 3194 3617 3242 et

304 3283 448 3338 derit
491 3299 590 3339 eos
623 3283 884 3340 Dominus
925 3287 1066 3341 Deus
1098 3296 1221 3342 tuus
1272 3288 1324 3341 in
1373 3300 1531 3340 manu
1574 3295 1689 3355 tua,
1741 3288 1911 3357 capti-

305 3391 513 3448 vosque
554 3379 796 3447 duxeris,
850 3390 904 3436 et
954 3381 1151 3435 videris
1196 3382 1247 3435 in
1297 3395 1530 3436 numero
1570 3381 1908 3451 captivorum

307 3471 593 3527 mulierem
628 3473 932 3542 pulchram,
956 3482 1011 3529 et
1041 3474 1379 3531 adamaveris
1401 3490 1541 3536 eam.
1567 3475 1911 3546 volucrisque

305 3560 511 3619 habere
561 3578 805 3633 uxorem,
855 3564 1165 3620 introduces
1191 3580 1309 3620 eam
1354 3565 1407 3620 in
1451 3565 1670 3620 domum
1715 3575 1856 3620 tuam
1894 3584 1907 3621 :

301 3672 425 3728 quae
446 3656 603 3712 radet
625 3659 923 3726 caesariem,
952 3668 1005 3714 et
1034 3658 1382 3715 circumcidet
1413 3675 1641 3729 ungues,
1665 3669 1717 3715 et
1741 3659 1908 3729 depo-

304 3762 397 3807 net
420 3760 652 3818 vestem,
678 3752 859 3824 inqua
889 3764 1047 3822 capta
1061 3764 1143 3809 est
1173 3773 1184 3808 :
1213 3754 1585 3825 sedensqnein
1610 3754 1774 3809 domn
1795 3763 1903 3821 tua,

304 3841 455 3899 ﬂebit
487 3854 694 3912 patrem
720 3854 775 3900 et
805 3854 1032 3901 matrem
1058 3863 1209 3902 suam
1241 3863 1347 3901 uno
1376 3862 1582 3914 mense,
1627 3856 1681 3902 et
1720 3858 1905 3917 postea

303 3936 534 3992 intrabis
560 3938 628 3993 ad
669 3954 814 4006 eam,
860 3939 1203 4009 dormiesqne
1232 3956 1353 3996 cum
1390 3942 1499 4009 illa,
1535 3951 1591 3995 et
1631 3944 1732 3996 erit
1772 3958 1910 3997 uxor

308 4028 489 4085 tua.Si
514 4042 693 4086 autem
721 4042 907 4102 postea
938 4048 1044 4088 non
1077 4034 1283 4089 sederit
1313 4036 1363 4089 in
1386 4036 1565 4090 animo
1590 4045 1706 4105 tuo,
1728 4036 1907 4092 dimit-

305 4131 387 4175 tes
416 4136 536 4176 eam
570 4123 821 4192 liberam,
838 4141 937 4181 nec
960 4126 1194 4181 vendere
1216 4128 1687 4198 poterispecunia,
1704 4145 1803 4185 nec
1815 4146 1906 4201 op-

304 4216 542 4285 primere
572 4233 667 4288 per
695 4220 988 4290 potentiam
1015 4239 1026 4275 :
1052 4222 1175 4293 quia
1206 4220 1499 4278 humiliasti
1532 4238 1649 4279 cam
1676 4222 1754 4297 [h.
1781 4225 1906 4297 quia

307 4464 325 4477 .
367 4407 404 4451 ,ι
436 4398 492 4453 In
528 4407 673 4454 textu
697 4399 964 4477 Hebraico
987 4401 1218 4477 legimus
1243 4403 1723 4477 1-1931.vearepltu,
1749 4406 1894 4475 quod

305 4474 693 4542 interpretatur
722 4481 769 4525 et
808 4474 1044 4539 auferent
1071 4474 1332 4538 cervicem,
1363 4475 1498 4542 sive,
1532 4486 1579 4527 et
1596 4474 1898 4531 'cxceruica-

304 4540 448 4595 bunt.
474 4541 810 4599 Scholiastes
832 4544 918 4599 hic
931 4552 986 4599 et
1003 4543 1144 4599 infra
1161 4560 1211 4598 v.
1234 4546 1287 4611 6,
1303 4540 1525 4599 verbum
1548 4556 1685 4632 fray,
1707 4550 1894 4619 araplz,

306 4636 469 4691 sumit
518 4637 710 4693 eodem
755 4653 942 4705 sensu,
974 4654 1080 4707 quo
1124 4642 1357 4694 sumitur
1392 4624 1519 4705 5753,
1573 4624 1726 4695 balaa
1761 4642 1902 4711 apud
1930 4644 1984 4703 D

310 4727 722 4802 Hieronymum,
751 4732 843 4799 qui
874 4731 1025 4785 balaa
1054 4732 1248 4787 Latine
1279 4733 1459 4787 reddit
1497 4734 1724 4802 saepius,
1761 4752 1897 4802 pra:-

310 4801 591 4875 cipitareet
609 4803 902 4875 destruere:
927 4814 982 4856 ut
1005 4817 1089 4859 est
1112 4804 1239 4857 illud
1269 4804 1311 4857 ll
1341 4801 1634 4875 Samuelis,
1662 4801 1781 4874 cap.
1803 4823 1896 4875 xx,

310 4886 450 4942 vers.
478 4874 581 4927 I9:
616 4872 789 4939 Quare
828 4876 1123 4942 prwcipitas
1162 4876 1511 4928 Itaareditatem
1543 4872 1801 4930 Domini?
1833 4872 1899 4932 Et

291 4940 427 5017 'Isai.
454 4957 574 5017 cap.
603 4960 728 5017 xxv,
757 4940 899 4999 vers.
936 4946 967 4997 7
992 4940 1051 4999 et
1079 4947 1111 4999 8
1142 4964 1153 4998 :
1183 4944 1540 5017 Ρνωεὶρὶιαὸἱι
1568 4948 1755 5017 faciem
1786 4949 1901 5005 vin.-

305 5014 426 5066 culi.
447 5012 814 5087 rl’rwcipitabit
852 5026 1064 5070 mortem
1102 5018 1155 5070 in
1184 5012 1577 5087 sempiternum,
1604 5027 1711 5074 etc.
1746 5017 1896 5072 Mac-

304 5094 413 5158 tare
444 5086 625 5151 igitur,
658 5087 921 5158 destruere
953 5097 998 5140 et
1027 5086 1351 5158 praecipitare
1380 5105 1476 5158 pro
1510 5089 1701 5144 eodem
1747 5091 1894 5145 acci-

304 5156 524 5224 piuntur
547 5158 690 5225 apud
719 5156 1130 5225 Hieronymum.
1163 5156 1344 5213 MART.

372 5227 899 5302 ——Mi_nori‘numero
926 5227 1159 5302 Urbinas
1182 5244 1309 5297 ms.,
1334 5232 1595 5285 cervicem.
1618 5231 1900 5302 Hebraeus,

303 5298 757 5419 qulemzltdmodum
783 5310 838 5356 et
865 5300 1084 5371 Aquila,
1111 5302 1311 5357 habent
1336 5317 1442 5358 uno
1464 5304 1654 5373 verbo,
1685 5298 1909 5359 decenti;

306 5384 364 5419 ca
404 5387 468 5419 un
500 5410 512 5419 .

306 5381 512 5423 canunt.

375 5437 406 5475 δ
439 5440 648 5511 angati
692 5440 837 5508 libri,
870 5451 919 5497 et
961 5446 1162 5499 venient
1193 5445 1412 5515 majores
1458 5454 1586 5499 natu
1634 5461 1648 5499 :
1701 5445 1908 5502 dissen-

306 5531 469 5659 t‘i‘ezte
500 5534 728 5659 Πιεὺῖωο
760 5544 907 5592 textu
934 5545 1049 5621 ’in
1071 5523 1188 5605 5:1,
1216 5547 1262 5592 et
1292 5554 1464 5593 omnes
1490 5540 1714 5595 seniores
1732 5584 1745 5608 ,
1775 5541 1897 5598 abs-

436 5621 615 5659 vemen
645 5645 658 5658 .

453 5623 658 5658 γεηιεηι.

342 5619 409 5657 lle
436 5619 658 5660 venient.
988 5619 993 5621 ’

306 5619 401 5756 αμα
419 5678 511 5756 _Ad
530 5677 922 5756 illustrandam
950 5680 1090 5736 hanc
1109 5684 1433 5739 sententiam
1457 5684 1626 5740 multa
1655 5699 1889 5754 conges-

303 5748 374 5826 sit
402 5748 746 5826 doctissimus
770 5750 1129 5826 Hieronymus
1153 5756 1243 5810 lib.
1259 5772 1298 5811 tt
1313 5756 1617 5811 Comment.
1636 5756 1689 5811 in
1707 5748 1881 5826 Epist.

304 5817 370 5873 ad
398 5817 614 5879 Galatas
642 5834 763 5894 cap.
794 5838 873 5879 Ill.
904 5817 1012 5883 Sed
1044 5840 1151 5883 non
1190 5838 1274 5884 est
1306 5828 1591 5899 praesentis
1623 5827 1727 5886 loci
1754 5817 1880 5887 'uni-

2014 3291 2262 3361 recipiat.
2296 3288 2557 3344 Similiter
2587 3285 2758 3341 facies
2783 3284 2852 3340 de
2880 3284 3061 3346 asino,
3085 3291 3140 3337 et
3170 3280 3236 3336 de
3262 3279 3611 3343 vestimento,

2015 3396 2071 3443 et
2104 3386 2172 3441 de
2205 3384 2353 3440 omni
2384 3398 2443 3437 re
2466 3381 2650 3437 fratris
2678 3380 2773 3443 tui,
2807 3394 2927 3448 qua:
2960 3376 3189 3448 perierit
3219 3391 3232 3429 :
3265 3374 3309 3429 si
3339 3371 3614 3429 inveneris

2015 3495 2174 3543 eam,
2226 3492 2297 3532 ne
2343 3475 2587 3545 negligas
2636 3472 2789 3543 quasi
2839 3471 3097 3527 alienam.
3151 3467 3241 3539 [Β.
3291 3465 3494 3532 XCIII,
3547 3466 3608 3520 C.

2015 3568 2251 3642 XCVII.]
2291 3569 2347 3625 Si
2373 3567 2575 3624 videris
2604 3566 2815 3621 asinum
2846 3562 3029 3618 fratris
3061 3560 3135 3616 tui
3168 3569 3261 3614 aut
3285 3559 3482 3615 bovem
3523 3572 3613 3612 ce-

2015 3666 2212 3721 cidisse
2242 3664 2295 3719 in
2326 3663 2433 3729 via,
2467 3676 2571 3715 non
2592 3656 2884 3725 deSpicies,
2917 3654 3011 3710 sed
3034 3651 3349 3708 sublevabis
3373 3666 3497 3705 eum
3520 3664 3607 3717 eo,

2011 3759 2127 3814 Non
2153 3757 2408 3813 induetur
2437 3754 2634 3809 mulier
2662 3758 2815 3806 veste
2845 3748 3008 3816 virili,
3034 3761 3133 3802 nec
3160 3746 3242 3800 vir
3261 3752 3440 3801 utetur
3461 3752 3613 3799 veste

2013 3854 2245 3910 feminea
2274 3869 2286 3904 :
2318 3847 2695 3905 abominabilis
2722 3845 2866 3900 enim
2895 3841 3035 3911 apud
3067 3841 3237 3895 Deum
3264 3847 3347 3894 est
3370 3837 3459 3907 qui
3484 3834 3615 3891 facit

2015 3946 2151 4000 hmc.
2186 3944 2286 4017 [Β.
2316 3941 2500 4006 XCIV,
2529 3941 2592 3995 C.
2628 3935 2887 4009 XCVIII.]
2915 3935 2971 3991 Si
3004 3933 3285 3988 ambulans
3316 3946 3417 4003 per
3443 3929 3609 3996 viam,

2014 4040 2071 4094 in
2094 4038 2295 4092 arbore
2338 4036 2425 4090 vel
2460 4035 2511 4088 in
2542 4043 2681 4088 terra
2712 4030 2896 4085 nidum
2928 4028 3049 4083 avis
3080 4024 3385 4091 inveneris,
3417 4030 3471 4078 et
3498 4036 3613 4076 ma-

2014 4140 2155 4187 trem
2184 4129 2348 4199 pullis
2374 4127 2459 4182 vel
2492 4126 2609 4181 ovis
2637 4123 2875 4193 desuper
2916 4119 3280 4183 incubantem,
3312 4130 3423 4171 non
3455 4124 3609 4170 tene-

2014 4227 2098 4283 bis
2139 4240 2260 4281 eam
2310 4237 2436 4278 eum
2466 4220 2594 4275 filiis
2631 4236 2645 4275 :
2686 4218 2786 4275 sed
2816 4216 2969 4272 abire
3014 4213 3266 4286 patieris,
3298 4220 3485 4282 captos
3528 4218 3608 4262 tc-

2005 4423 2161 4465 versa
2191 4404 2662 4476 ltmc'replicare:
2712 4402 2766 4458 id
2822 4409 3026 4457 tantum
3075 4411 3299 4455 monere
3346 4394 3606 4476 sufficiat,

2006 4502 2059 4556 in
2077 4502 2305 4576 Hebrreo
2331 4473 2594 4568 scriptum
2623 4496 2753 4553 olim
2779 4495 2945 4550 fuisse
2975 4502 3032 4548 ut
3061 4500 3115 4548 et
3141 4506 3305 4555 nunc,
3329 4473 3607 4576 :‘D'I'H'ip

2008 4576 2125 4653 ’ὃή
2150 4574 2354 4653 D’HSN.
2379 4590 2521 4661 quod
2554 4589 2918 4659 Hieronymus
2935 4586 3062 4661 ipse
3086 4584 3158 4661 ita
3178 4584 3322 4661 legit,
3355 4581 3437 4636 chi
3462 4574 3605 4661 cala-

2008 4663 2119 4718 lath
2144 4663 2318 4717 Eloim
2345 4656 2510 4715 thalui
2538 4677 2554 4713 :
2581 4656 2908 4715 Ebion'vero
2933 4656 3328 4711 haeresiarcbes
3351 4668 3416 4708 ac
3440 4658 3610 4708 semi-

2002 4735 2329 4807 christianus
2360 4732 2771 4807 interpretatur,
2790 4729 2868 4785 ὅτι
2891 4729 3037 4807 ὕϐρις
3060 4734 3189 4807 Geo?
3214 4726 3238 4781 ὁ
3266 4727 3599 4807 ξρεμᾲᾒενος,

2002 4807 2055 4861 id
2084 4813 2189 4870 est,
2249 4805 2337 4855 uia
2360 4798 2554 4873 injuria
2588 4800 2684 4855 Dei
2710 4814 2782 4856 est
2822 4798 3121 4870 suspensus.
3152 4798 3377 4852 Dicebat
3408 4798 3603 4851 IIiero-

2004 4892 2169 4929 nvmo
2204 4822 2463 4929 ﬂebrteus
2492 4874 2579 4929 aui
2614 4888 2737 4928 eum
2772 4873 2824 4927 in
2849 4871 3145 4929 Scripturis
3172 4871 3350 4929 aliqua
3380 4883 3446 4922 ex
3474 4882 3603 4929 par-

2004 4892 2169 4949 nymo
2204 4892 2463 4929 neurteus
2492 4892 2579 4943 qm
2614 4892 2737 4928 eum
2772 4892 2824 4927 In
2850 4892 3145 4941 DCI'IPIUI'IS
3172 4892 3350 4940 aliqua
3380 4892 3446 4922 ex
3475 4892 3603 4935 par-

2004 4958 2057 5002 te
2091 4950 2345 5012 instituit,
2386 4947 2529 5016 quod
2581 4946 2753 5015 possit
2791 4954 2845 4998 et
2875 4943 2961 5016 fita
2995 4942 3097 5011 legi
3130 4940 3603 5016 :AQuiacontunte-

2001 5020 2130 5075 liose
2160 5018 2297 5073 Deus
2326 5011 2605 5087 suspensus
2630 5024 2723 5070 est.
2753 5015 2997 5087 Denique
3025 5013 3195 5087 magis
3219 5011 3600 5067 aestimandum

2003 5102 2107 5154 est,
2133 5092 2178 5144 si
2208 5089 2384 5145 eidem
2419 5085 2764 5159 Hieronymo
2816 5086 2950 5140 fides
3002 5085 3283 5159 habeatur,
3322 5090 3444 5159 post
3476 5096 3601 5159 pas-

2251 4871 2463 4929 ebrteus
2492 4874 2579 4943 qui
2614 4888 2737 4928 eum
2772 4873 2824 4927 in
2849 4871 3145 4943 Scripturis
3172 4871 3350 4943 aliqua
3380 4883 3446 4922 ex
3474 4882 3604 4935 par-

2012 5152 2220 5218 sionem
2249 5160 2475 5226 Christi,
2504 5172 2557 5214 et
2589 5152 2654 5213 in'
2678 5158 2920 5213 Hebraeis
2940 5157 3065 5212 etin
3095 5155 3293 5209 nostris
3321 5152 3601 5226 codicibus

2011 5236 2080 5288 ab
2110 5235 2293 5299 aliquo
2322 5232 2416 5287 Dei
2449 5224 2643 5285 nomen
2668 5229 2998 5300 appositum,
3029 5236 3085 5281 ut
3124 5226 3401 5300 infantiam
3441 5224 3602 5300 nobis

2011 5295 2276 5367 inureret,
2305 5305 2398 5374 qui
2429 5295 2785 5374 inChristut'n
2824 5299 3175 5374 maledictum
3208 5313 3240 5352 a
3270 5296 3384 5353 Deo
3424 5295 3600 5351 credi-

2009 5392 2151 5433 mus.
2182 5370 2387 5429 Caetera
2419 5373 2617 5428 videsis
2643 5374 2761 5427 loco
2787 5372 2975 5426 citato.
3002 5370 3182 5425 Man'r.

2079 5476 2150 5489 ——-
2193 5445 2395 5500 Recole
2423 5487 2436 5511 ,
2461 5444 2604 5514 quod
2624 5454 2678 5498 et
2703 5443 2957 5498 Martiali.
3001 5450 3185 5496 monet
3212 5439 3316 5514 με.
3341 5436 3596 5514 pactoris

2007 5506 2440 5575 Commentarios
2468 5506 2521 5570 in
2549 5516 2724 5586 Epist.
2748 5515 2815 5569 ad
2844 5514 3062 5570 Galatas
3090 5528 3209 5580 cap.
3236 5512 3289 5565 ’5.
3332 5506 3476 5565 Cave
3501 5522 3599 5561 au-

1997 5621 2104 5668 tem
2134 5620 2290 5683 putes
2319 5624 2443 5665 cum
2473 5624 2538 5683 e_o
2559 5607 3029 5683 editore,_tmmen
3061 5588 3245 5665 amba
3270 5645 3283 5668 ,
3313 5601 3429 5683 sive
3454 5599 3556 5683 Dei
3573 5642 3589 5666 ,

2032 5696 2114 5739 ost
2135 5672 2447 5754 passionem
2475 5680 2673 5754 Christi
2700 5682 2753 5754 in
2780 5672 3062 5754 Hebraicis
3086 5685 3142 5754 et
3162 5673 3359 5754 npstris
3384 5672 3591 5754 codici-

2030 5769 2091 5810 us
2126 5744 2430 5826 appositum
2479 5752 2647 5811 fuisse
2676 5753 2745 5811 ab
2790 5752 2993 5823 aliquo,
3044 5756 3105 5805 ut
3130 5745 3405 5804 infamiam
3433 5744 3594 5802 nobis

1987 5827 2251 5886 inureret.
