4098 6366
472 311 580 367 445

1479 307 1534 364 S.
1583 302 1961 362 IIIERONYMI
2003 299 2234 359 DIVINA
2277 299 2752 360 BIBLIOTHECA.

3660 303 3768 361 HI

474 441 609 482 nens
659 427 821 493 filios,
854 438 913 481 ut
945 426 1081 482 bene
1113 426 1180 480 sit
1213 425 1306 481 tibi
1348 434 1400 478 et
1432 424 1594 492 longo
1622 420 1773 474 vivas
1801 430 2068 488 tempore.
2103 421 2141 478 Α
2176 416 2328 483 rhus,
2372 417 2568 474 attritis
2617 417 2699 474 vel
2739 419 3027 488 amputatis
3070 419 3334 474 testiculis
3359 457 3374 480 ,
3423 427 3478 472 et
3520 418 3768 475 abscisso

476 518 559 591 [8.
593 517 751 589 XCV,
784 517 847 574 C.
882 517 1106 589 XCIX.]
1161 515 1294 572 Cum
1326 513 1681 570 :ndiflcaveris
1729 511 1946 566 domum
1981 525 2071 564 no-

475 628 620 677 vam,
654 612 819 669 facies
850 629 1060 668 murmn
1095 612 1217 667 tecti
1249 627 1343 680 per
1365 609 1650 663 circuitum
1684 625 1696 658 :
1731 619 1797 660 ne
1826 603 2070 660 effunda-

476 712 562 760 tur
605 707 826 775 sanguis
859 707 912 760 in
944 705 1110 758 domo
1137 715 1250 766 tua,
1280 709 1332 756 et
1359 701 1432 754 sis
1471 713 1596 754 reus
1636 698 1850 753 labente
1877 695 1985 751 alio
2015 705 2070 752 et

477 799 531 854 in
565 813 806 869 praeceps
861 805 1072 852 rttente.
1110 796 1214 868 [Β.
1247 791 1472 864 XCVI.]
1519 791 1634 847 Non
1661 806 1810 846 seres
1855 791 2066 846 vineam

479 900 623 946 tuam
647 891 820 946 altero
846 891 1052 946 semine
1087 907 1101 943 :
1134 904 1203 942 tte
1234 895 1288 941 et
1313 885 1573 941 sementis
1597 899 1756 954 quam
1786 882 1994 946 sevisti.
2013 893 2069 937 et

475 1001 596 1056 qua:
642 994 935 1040 nascuntur
960 999 1027 1038 ex
1057 983 1232 1046 vinea,
1283 982 1484 1049 pariter
1503 979 1926 1034 sanctificentur.
1962 975 2064 1047 [Β.

477 1077 686 1143 XCVII,
714 1077 777 1132 C.
806 1075 894 1148 C.]
938 1077 1052 1130 Non
1099 1075 1282 1128 arabis
1329 1073 1379 1128 in
1423 1073 1558 1127 bove
1590 1071 1756 1125 simul
1797 1078 1851 1124 et
1888 1067 2065 1124 asino.
2108 1081 2112 1084 ‘

474 1169 558 1241 [8.
593 1167 845 1240 XCVII|.]
876 1168 991 1223 Non
1022 1167 1262 1221 induci-is
1291 1166 1644 1229 vestimento,
1675 1161 1817 1233 quod
1849 1177 1916 1216 ex
1950 1161 2066 1216 lana

471 1264 691 1332 linoque
716 1269 1030 1316 contexunn
1063 1268 1165 1314 est.
1199 1258 1284 1331 [Β.
1318 1256 1504 1322 XCIX,
1532 1256 1596 1312 C.
1627 1254 1737 1327 ει]
1779 1253 2068 1310 Funicnlos

474 1356 530 1410 in
562 1355 786 1410 fimbriis
834 1353 996 1410 facies
1043 1353 1140 1426 [b.
1173 1352 1415 1406 fimbrias
1444 1347 1649 1420 facies]
1700 1363 1794 1418 per
1837 1354 2069 1416 quatuor

473 1448 697 1518 angulos
727 1448 869 1518 pallii
897 1448 997 1512 tui,
1031 1463 1138 1518 quo
1165 1446 1456 1515 oper-ieris.
1489 1444 1545 1501 Si
1579 1443 1802 1498 duxerit
1823 1442 1906 1497 vir
1935 1455 2070 1495 uxo-

473 1555 612 1607 rem,
639 1550 694 1596 et
722 1550 904 1611 postea
933 1557 1052 1595 eam
1081 1540 1208 1595 odio
1242 1539 1513 1605 habuerit,
1549 1535 1931 1607 quaesieritque
1970 1549 2063 1588 oc-

474 1632 726 1686 casiones
756 1632 953 1703 quibus
1001 1633 1238 1686 dimittat
1287 1645 1428 1695 eam,
1480 1630 1744 1698 olijieiens
1773 1628 1822 1684 ei
1871 1642 2065 1684 nomen

475 1726 792 1795 pessimum,
825 1733 880 1780 et
908 1725 1110 1780 dixerit
1143 1742 1156 1776 :
1192 1723 1424 1780 Uxorem
1471 1721 1611 1776 hanc
1637 1721 1844 1790 accepi,
1890 1731 1945 1775 et
1986 1721 2066 1775 iu-

2176 522 2408 578 veretro,
2442 512 2724 567 ecclesiam
2761 512 2990 566 Domini.
3023 510 3104 582 [C.
3131 510 3336 581 CVIII.]
3361 510 3477 566 Non
3503 511 3770 582 ingredie-

2175 611 2260 656 tur
2286 619 2541 668 mamzer,
2578 603 2680 660 hoc
2708 613 2814 670 est,
2855 602 2923 659 de
2950 613 3136 658 scorto
3165 613 3325 658 natus
3357 603 3433 674 [h.
3467 615 3573 660 non
3604 602 3772 660 habet

2172 691 2240 748 de
2261 701 2439 750 scorto
2480 692 2680 766 natus],
2713 694 2764 749 in
2797 694 3078 750 ecclesiam
3107 694 3338 758 Domini,
3366 708 3537 764 usque
3562 695 3631 750 ad
3672 695 3772 752 de-

2173 788 2366 844 cimam
2393 789 2822 857 generationem.
2847 787 3183 844 Ammonites
3228 797 3282 843 et
3313 787 3572 843 Moabites
3599 788 3762 844 etiam

2173 894 2294 952 post
2313 883 2579 939 decimam
2603 884 3011 952 generationem
3041 899 3148 938 non
3174 882 3447 937 intrabunt
3475 881 3762 938 ecclesiam

2177 977 2383 1031 Domini
2434 977 2488 1032 in
2545 985 2804 1032 aeternum
2838 995 2849 1029 :
2884 975 3008 1046 quia
3042 975 3328 1031 noluerunt
3370 975 3525 1029 vobis
3565 990 3763 1031 occur—

2175 1083 2295 1124 rere
2320 1084 2440 1123 cum
2475 1084 2610 1138 pane
2638 1079 2692 1124 et
2723 1083 2863 1137 aqua
2906 1069 2957 1124 in
3008 1070 3090 1122 via
3139 1067 3355 1138 quando
3399 1069 3604 1138 egressi
3632 1069 3766 1124 estis

2173 1159 2240 1214 de
2267 1158 2530 1230 Egypto,
2561 1160 2685 1228 quia
2715 1160 3088 1214 conduxerunt
3117 1171 3308 1215 contra
3360 1169 3412 1215 te
3457 1159 3676 1214 Balaam
3709 1159 3770 1215 fi-

2175 1251 2304 1307 lium
2346 1253 2523 1307 Bebor
2549 1252 2617 1309 de
2658 1253 3041 1324 Mesnpotamia
3071 1253 3241 1324 Syria:
3283 1251 3362 1326 [b.
3396 1252 3561 1308 filium
3592 1252 3772 1310 Behot

2172 1342 2238 1398 de
2270 1342 2490 1408 Phetor,
2518 1358 2639 1413 qua:
2665 1353 2748 1398 est
2780 1344 2831 1398 in
2864 1342 3247 1415 Mesopotamia
3275 1342 3492 1416 Syriae],
3525 1352 3583 1399 ut
3613 1345 3776 1400 male-

2172 1435 2378 1490 diceret
2419 1435 2560 1490 tibi:
2608 1446 2662 1491 et
2707 1437 2878 1492 noluit
2930 1437 3194 1490 Dominus
3237 1436 3380 1492 Dens
3433 1446 3552 1492 tuus
3583 1436 3776 1492 audire

2174 1529 2414 1598 Balaam,
2444 1528 2715 1600 vertitque
2740 1528 3176 1584 maledictionem
3210 1529 3326 1598 ejus
3352 1529 3403 1582 in
3431 1528 3773 1584 benedictio-

2173 1637 2296 1678 nem
2333 1634 2502 1690 tuam,
2535 1638 2602 1677 eo
2627 1623 2771 1693 quod
2803 1624 3054 1694 diligeret
3083 1634 3156 1677 te.
3199 1622 3317 1679 Non
3349 1624 3515 1678 facies
3540 1640 3660 1677 eum
3693 1624 3777 1679 eis

2177 1729 2384 1784 pacem,
2409 1728 2509 1770 nec
2539 1729 2752 1785 quaeres
2781 1715 2863 1770 eis
2893 1716 3032 1770 bona
3065 1716 3276 1771 cunctis
3295 1715 3486 1769 diebus
3513 1716 3635 1769 vitae
3669 1724 3777 1770 tuae

472 1831 688 1888 gressus
718 1816 787 1872 ad
818 1833 936 1872 eam
979 1834 1084 1871 non
1134 1816 1316 1871 inveni
1357 1813 1618 1885 virginem
1669 1830 1682 1868 :
1725 1813 1919 1868 tollent
1945 1827 2064 1867 eam
2101 1814 2142 1873 Β
2173 1809 2224 1863 in
2252 1810 2660 1878 sempiternum.
2705 1807 2788 1881 [C.
2830 1809 2994 1881 CIX.]
3049 1809 3164 1865 Non
3212 1808 3615 1864 abominaberis
3643 1807 3772 1863 Idu-

478 1918 627 1980 pater
650 1917 706 1965 et
731 1922 905 1964 mater
931 1911 1067 1980 ejus,
1088 1921 1140 1963 et
1164 1909 1338 1964 ferent
1363 1922 1546 1962 secum
1570 1906 1719 1976 signa
1746 1906 2065 1976 virginitatis

476 1999 665 2072 [ναις.
693 2001 747 2056 in
770 2002 942 2072 porta]
969 2001 1088 2070 ejus
1117 1999 1185 2053 ad
1208 1999 1452 2053 seniores
1483 1997 1632 2052 urbis
1651 1996 1743 2067 qui
1774 1999 1914 2052 intra
1938 2011 2071 2065 por-

477 2100 558 2147 tas
593 2100 759 2146 sunt:
810 2099 866 2146 et
893 2091 1035 2146 dicet
1062 2100 1256 2160 pater:
1306 2089 1503 2144 Filiam
1546 2103 1720 2143 meam
1771 2087 1894 2142 dedi
1943 2087 2068 2144 huic

476 2197 698 2238 uxorem
733 2197 934 2254 :quam
972 2183 1095 2252 quia
1135 2184 1269 2248 edit,
1315 2183 1540 2251 imponit
1567 2180 1614 2234 ei
1648 2195 1844 2236 nomen
1891 2181 2063 2251 pessi-

475 2291 644 2344 mum,
671 2285 725 2328 ut
747 2275 888 2332 dicat
915 2294 926 2328 :
962 2274 1076 2330 Non
1109 2275 1285 2331 inveni
1321 2275 1484 2329 filiam
1516 2283 1660 2328 tuam
1694 2274 1982 2344 virginem,
2013 2283 2068 2330 et

475 2383 604 2424 ecce
651 2368 766 2424 huic
791 2379 912 2426 sunt
945 2369 1099 2438 signa
1141 2363 1463 2437 virginitatis
1497 2366 1622 2421 filia:
1649 2381 1804 2422 mete.
1854 2367 2067 2437 ἐπρίω-

474 2461 602 2517 dent
629 2462 1008 2516 vestimentum
1043 2475 1224 2516 coram
1254 2459 1557 2515 senioribus
1583 2457 1848 2513 civitatis:
1874 2474 2069 2528 appre-

477 2554 822 2625 hendentque
845 2567 1004 2608 senes
1031 2553 1178 2608 urbis
1210 2553 1356 2607 illius
1383 2552 1578 2618 virum,
1621 2562 1677 2607 et
1703 2551 2068 2608 verberabuut

475 2645 648 2710 illum,
678 2645 1106 2700 condemnantes
1135 2659 1260 2700 eum
1306 2645 1530 2716 insuper
1558 2655 1775 2700 centum
1801 2644 1950 2699 siclis
1975 2661 2064 2698 ar-

471 2741 616 2811 genti
640 2739 717 2812 [h.
745 2751 963 2795 centum
985 2739 1302 2810 argenteis],
1334 2753 1468 2808 ques
1491 2738 1641 2794 dabit
1669 2739 1804 2808 patri
1833 2739 2024 2806 puella:
2048 2755 2063 2793 :

471 2833 725 2902 quoniam
745 2833 1043 2889 diffamavit
1066 2848 1260 2888 nomen
1287 2833 1581 2904 pessimum
1611 2848 1775 2903 super
1804 2833 2065 2904 virginem

473 2923 635 2981 Israel
671 2942 686 2980 :
719 2926 1047 2996 Itabebitque
1076 2941 1194 2982 eam
1226 2941 1473 2992 uxorem,
1503 2936 1557 2981 et
1601 2941 1707 2981 non
1741 2928 1944 2996 poterit
1985 2927 2070 2982 di-

475 3020 690 3074 mittere
717 3033 837 3074 eam
869 3021 1014 3074 omni
1039 3027 1285 3090 tempore
1315 3021 1438 3074 vitm
1464 3034 1596 3074 suae.
1625 3018 1779 3088 Quod
1809 3019 1855 3075 si
1877 3034 2067 3076 verum

474 3120 558 3166 est
585 3111 729 3182 quod
757 3111 964 3181 objicit,
1009 3121 1063 3167 et
1093 3129 1197 3166 tton
1225 3121 1308 3168 est
1340 3114 1390 3166 in
1425 3111 1606 3182 puella
1651 3112 1863 3166 inventa
1895 3111 2064 3182 virgi-

2171 1917 2386 1967 mteum,
2416 1901 2538 1973 quia
2574 1903 2737 1957 frater
2780 1913 2901 1957 tuus
2954 1913 3035 1956 est
3069 1920 3082 1957 :
3132 1917 3232 1956 nec
3277 1901 3612 1973 Egyptium,
3645 1900 3772 1972 quia

2169 1997 2374 2052 advena
2422 1997 2564 2052 fuisti
2593 1997 2646 2051 itt
2677 2008 2818 2052 terra
2867 1997 3006 2067 ejus.
3059 1996 3162 2064 Qtti
3198 1997 3308 2050 nati
3337 1994 3536 2050 fuerint
3561 2010 3628 2050 ex
3668 1995 3770 2064 iis,

2174 2090 2332 2144 tertia
2381 2088 2730 2158 generatione
2779 2087 3058 2143 intrabunt
3103 2088 3154 2142 in
3197 2084 3482 2142 ecclesiam
3531 2085 3768 2142 Domini.

2168 2182 2399 2250 Quando
2427 2197 2681 2254 egressus
2713 2182 2879 2238 fueris
2899 2182 3160 2237 adversus
3201 2183 3384 2236 hostes
3413 2189 3530 2235 tuos
3568 2180 3622 2234 in
3671 2196 3773 2251 pu-

2167 2289 2352 2346 gnam,
2403 2274 2677 2330 custodies
2717 2284 2768 2328 te
2814 2275 2882 2329 ab
2918 2275 3066 2329 omni
3097 2290 3155 2329 re
3186 2273 3346 2329 mala.
3394 2272 3499 2346 [T.
3533 2271 3671 2340 XIII,
3704 2272 3766 2328 Β.

2167 2366 2304 2432 CIV,
2335 2367 2398 2422 C.
2427 2365 2568 2438 CX.]
2609 2367 2666 2422 Si
2690 2368 2851 2422 fuerit
2878 2369 3018 2422 inter
3041 2381 3135 2422 vos
3164 2366 3348 2435 homo,
3375 2367 3468 2437 qui
3501 2379 3771 2422 nocturno

2169 2461 2404 2531 pollutus
2435 2462 2501 2516 sit
2533 2463 2770 2525 somnio,
2818 2460 3127 2530 egredietur
3157 2470 3306 2516 extra
3337 2470 3538 2526 castra,
3572 2467 3627 2514 et
3660 2474 3768 2515 non

2167 2562 2485 2618 revertetur,
2524 2555 2832 2623 priusquam
2865 2553 2931 2607 ad
2964 2566 3247 2623 veSperutn
3278 2552 3486 2607 lavetur
3525 2567 3684 2622 aqua,
3713 2561 3770 2608 et

2169 2657 2290 2719 post
2336 2649 2464 2703 solis
2513 2664 2763 2705 occasum
2812 2647 3146 2717 regredietur
3194 2646 3247 2702 itt
3278 2657 3478 2702 castra.
3533 2646 3772 2703 Ilabebis

2168 2740 2343 2795 locum
2391 2752 2542 2796 extra
2594 2752 2810 2805 castra,
2871 2739 2938 2795 ad
2988 2755 3148 2811 quem
3201 2739 3497 2809 egrediaris
3550 2740 3614 2794 ad
3678 2755 3770 2795 reo

2169 2832 2362 2900 quisila
2412 2841 2640 2896 natura},
2689 2847 2888 2902 gerens
2939 2833 3194 2902 paxillum
3243 2833 3298 2886 in
3339 2833 3537 2888 balteo.
3603 2830 3772 2886 Cum-

2170 2939 2274 2993 que
2313 2923 2546 2991 sederis,
2602 2922 2778 2978 fodies
2834 2939 2929 2994 per
2979 2924 3296 2990 circuitum,
3326 2935 3382 2979 et
3430 2933 3614 2994 egesta
3665 2923 3769 2978 hu-

2170 3033 2259 3072 mo
2309 3018 2562 3090 operies,
2615 3032 2724 3100 quo
2784 3019 3056 3073 revelatus
3117 3034 3176 3072 es
3237 3018 3584 3089 (Dominus.
3623 3019 3767 3074 enim

2173 3112 2314 3166 Deus
2371 3120 2492 3166 tuus
2543 3111 2783 3176 ambulat
2842 3112 2893 3168 in
2949 3110 3128 3166 medio
3185 3121 3492 3167 castrorum
3548 3123 3768 3167 tuorum

473 3203 615 3256 nitas
644 3201 898 3272 :ejicient
924 3217 1042 3257 eam
1075 3213 1228 3259 extra
1276 3203 1419 3259 fores
1449 3203 1641 3258 domus
1671 3202 1838 3272 patris
1865 3203 1982 3269 sui,
2010 3197 2134 3259 etC
2170 3205 2370 3278 [ναις.
2415 3216 2514 3262 tuc.
2570 3206 2845 3276 tuorum],
2897 3215 3155 3261 ut'eruat
3205 3215 3256 3262 te
3279 3245 3296 3272 ,
3347 3215 3403 3261 et
3451 3205 3627 3260 tradat
3674 3205 3771 3260 tibi

474 3293 742 3364 lapidibus
783 3297 1012 3349 obruent
1063 3295 1160 3350 viri
1193 3296 1426 3350 civitatis
1475 3295 1614 3365 ejus,
1657 3306 1709 3350 et
1754 3297 2057 3351 morietur:

470 3392 725 3462 quoniam
744 3391 869 3445 fecit
896 3390 1046 3446 nefas
1069 3391 1122 3446 in
1154 3390 1340 3454 Israel,
1364 3401 1418 3444 ut
1443 3391 1799 3446 fornicaretnr
1825 3391 1876 3446 in
1901 3391 2064 3446 domo

472 3483 638 3551 patris
667 3482 750 3536 sui
784 3498 796 3537 :
831 3493 884 3537 et
907 3484 1118 3538 auferes
1149 3483 1345 3538 malum
1369 3483 1434 3538 de
1466 3485 1642 3538 medio
1676 3485 1769 3538 tni.
1797 3484 1877 3555 [Β.
1905 3484 1966 3542 C.
1999 3484 2060 3538 C.

471 3570 605 3642 CIL]
648 3572 702 3627 Si
750 3571 1039 3626 dortnierit
1072 3573 1153 3627 vir
1182 3588 1305 3626 cum
1337 3589 1502 3628 uxore
1543 3574 1802 3640 alterius,
1834 3582 2064 3644 uterque

470 3665 752 3728 morietur,
787 3664 840 3720 id
859 3675 962 3729 est,
1003 3665 1216 3721 adulter
1246 3676 1301 3720 et
1330 3667 1602 3731 adultera,
1626 3676 1681 3721 et
1703 3665 1920 3722 auferes
1951 3682 2065 3722 ma-

471 3757 582 3812 lum
601 3757 666 3812 de
689 3757 876 3812 Israel.
910 3759 989 3828 lC.
1015 3756 1170 3829 CIII.]
1197 3759 1252 3816 Si
1284 3760 1517 3828 puellam
1543 3761 1802 3831 virginem
1827 3759 2062 3831 despon-

468 3849 614 3906 derit
639 3850 743 3918 vir,
769 3861 821 3906 et
851 3851 1118 3906 invenerit
1143 3866 1262 3906 eam
1285 3851 1482 3922 aliquis
1515 3851 1568 3906 in
1592 3851 1836 3915 civitate,
1865 3861 2066 3914 etenu-

469 3944 721 4000 cubuerit
747 3960 868 4000 cum
901 3945 1013 4011 illa,
1047 3945 1247 4000 educes
1279 3954 1566 4015 utrumque
1587 3945 1653 3999 ad
1695 3954 1906 4016 portam
1933 3947 2064 4000 civi-

472 4035 594 4091 tatis
614 4037 784 4099 illius,
813 4046 869 4092 et
893 4037 1162 4106 lapidibus
1197 4037 1495 4092 obruentur
1523 4054 1535 4091 :
1567 4038 1767 4107 puella,
1803 4038 1927 4108 quia
1958 4055 2064 4094 non

473 4129 747 4197 clamavit,
770 4146 892 4186 cum
923 4140 1072 4186 esset
1106 4133 1160 4186 in
1187 4131 1406 4186 civitate
1434 4148 1449 4188 :
1483 4132 1586 4197 vir,
1611 4131 1730 4202 quia
1763 4132 2069 4188 httmiliavit

474 4225 551 4295 [[b.
577 4223 806 4295 Afﬂixit]
829 4239 1051 4280 uxorem
1078 4224 1311 4294 proximi
1332 4226 1439 4281 sui.
1458 4223 1753 4280 Etanferes
1779 4226 1976 4280 malum
1999 4224 2069 4284 de

477 4316 657 4373 medio
689 4319 786 4372 tui.
815 4318 895 4389 IC.
927 4319 1082 4390 CIV.]
1119 4317 1214 4374 Sin
1239 4329 1417 4374 autem
1449 4320 1500 4374 in
1529 4335 1661 4390 agro
1691 4320 1957 4389 repererit
1985 4318 2068 4374 vir

476 4410 738 4480 puellam,
771 4426 891 4482 quae
919 4411 1246 4482 desponsata
1269 4420 1388 4478 est;
1413 4419 1470 4469 et
1493 4407 1914 4482 apprebeﬁdens
1943 4427 2071 4468 con-

474 4502 726 4564 cubuerit
751 4518 874 4557 cum
909 4501 1022 4570 illa,
1049 4504 1165 4572 ipse
1197 4504 1457 4566 morietur
1494 4504 1644 4564 solus
1673 4521 1687 4557 :
1719 4503 1896 4573 puella
1931 4504 2065 4564 nihil

2167 3297 2414 3352 inimicos
2465 3298 2651 3365 tuos),
2691 3305 2749 3351 ut
2792 3295 2980 3369 [Va/9.
3011 3295 3087 3368 et]
3141 3297 3252 3351 sint
3300 3309 3476 3352 castra
3529 3305 3619 3352 tua
3645 3310 3772 3351 san-

2165 3401 2268 3451 cta,
2313 3399 2370 3446 et
2421 3389 2551 3443 nihil
2603 3389 2654 3444 in
2703 3391 2783 3444 eis
2825 3397 3085 3459 appareat
3118 3389 3400 3454 foeditatis,
3447 3405 3546 3444 nec
3578 3388 3768 3463 [γηιθ.

2167 3481 2256 3554 ne]
2287 3482 2626 3553 derelinquat
2657 3493 2727 3538 te.
2761 3480 2844 3553 [8.
2875 3481 2987 3550 CV,
3014 3482 3076 3536 C.
3109 3480 3227 3553 XL]
3284 3481 3398 3536 Non
3447 3481 3628 3536 trades
3656 3496 3771 3536 scr-

2169 3589 2289 3627 vum
2325 3573 2553 3628 Domino
2575 3590 2694 3640 suo,
2729 3574 2820 3644 qui
2848 3574 2914 3628 ad
2947 3585 3000 3630 te
3027 3573 3352 3645 confugerit.
3389 3573 3658 3629 llabitabit
3692 3581 3772 3629 te-

2167 3680 2289 3720 cum
2315 3667 2366 3720 in
2413 3667 2532 3721 loco
2564 3667 2650 3736 qui
2677 3667 2725 3720 ei
2759 3667 3040 3736 placuerit,
3075 3676 3132 3723 et
3157 3668 3210 3724 in
3253 3683 3356 3722 una
3397 3668 3612 3722 urbittm
3647 3676 3770 3722 tua-

2168 3776 2283 3814 rum
2332 3761 2680 3832 requiescet:
2729 3776 2828 3816 nec
2871 3759 3074 3834 [ναις.
3129 3759 3237 3832 ne]
3287 3761 3577 3816 contristes
3621 3774 3773 3820 eum.

2169 3851 2251 3924 [Β.
2269 3851 2405 3919 CVI,
2425 3852 2482 3905 (ἶ.
2505 3850 2822 3924 CXll.]Non
2843 3856 2941 3908 erit
2969 3854 3228 3909 meretrix
3249 3851 3315 3906 de
3345 3851 3556 3908 ﬁliabus
3581 3851 3772 3918 Israel,

2171 3960 2342 4018 neque
2375 3953 2646 3999 scortator
2674 3945 2740 3999 de
2767 3943 2891 3999 filiis
2922 3945 3106 4000 Israel.
3142 3942 3245 4016 [Β.
3275 3941 3434 4010 CVII,
3475 3945 3535 3997 C.
3560 3941 3776 4017 CXIIL]

2170 4035 2284 4092 Non
2317 4036 2514 4092 offeres
2546 4037 2850 4094 mercedem
2885 4037 3190 4107 prostibuli,
3211 4051 3312 4092 nec
3336 4037 3566 4107 pretium
3595 4035 3772 4104 canis,

2171 4129 2222 4184 in
2256 4129 2475 4184 domutn
2523 4129 2735 4184 Domini
2783 4129 2878 4185 Dei
2929 4131 3034 4200 ttti,
3065 4129 3327 4204 quidquid
3354 4127 3487 4184 illud
3517 4139 3596 4183 est
3625 4128 3776 4200 quod

2171 4221 2384 4274 voveris
2413 4239 2425 4274 :
2455 4223 2577 4289 quia
2611 4221 2940 4277 abominatio
2978 4229 3061 4280 est
3094 4233 3381 4292 utrumque
3409 4221 3549 4292 apud
3585 4221 3736 4278 Domi
3758 4249 3771 4260 -

2172 4328 2298 4366 num
2331 4311 2500 4366 Deum
2533 4323 2702 4368 tuum.
2733 4313 2817 4386 [8.
2847 4313 3026 4381 CVIII,
3055 4313 3119 4369 C.
3147 4311 3359 4385 CXIV.]
3391 4313 3506 4367 Non
3539 4313 3774 4368 fmnera-

2172 4405 2255 4460 bis
2283 4403 2432 4462 fratri
2466 4415 2558 4464 tuo
2585 4407 2650 4461 ad
2692 4421 2909 4464 usuram
2941 4407 3226 4480 pecuniam
3254 4450 3268 4473 ,
3300 4422 3398 4464 nec
3428 4406 3638 4476 fruges,
3673 4421 3773 4460 nec

2173 4497 2462 4568 quamlibet
2495 4499 2655 4553 aliam
2693 4515 2842 4565 rem;
2872 4500 2966 4555 sed
3004 4499 3202 4554 alieno.
3248 4498 3421 4554 Fratri
3460 4509 3638 4554 autem
3681 4509 3776 4554 tuo

477 4594 731 4662 patietur,
774 4609 873 4650 nec
922 4605 1006 4651 est
1051 4610 1142 4650 rea
1173 4597 1365 4656 mortis
1397 4614 1410 4650 :
1463 4596 1715 4666 quoniam
1759 4597 1902 4660 sicut
1931 4596 2067 4651 latro
2097 4587 2145 4646 D
2171 4588 2374 4658 absque
2406 4604 2590 4651 usura,
2623 4589 2673 4644 id
2705 4591 2848 4661 quod
2883 4590 3108 4661 indiget,
3145 4590 3517 4645 commodabis
3553 4608 3564 4642 :
3593 4600 3649 4644 ut
3679 4590 3776 4644 bc-

475 4688 752 4760 consurgit
799 4698 985 4743 contra
1027 4689 1248 4744 fratrem
1281 4705 1459 4755 suum,
1497 4699 1552 4745 et
1593 4689 1787 4745 occidit
1827 4691 2066 4746 animam

475 4780 633 4850 ejus:
677 4781 750 4838 ita
788 4793 842 4837 et
868 4782 1040 4853 puella
1081 4797 1338 4855 perpessa
1381 4792 1481 4839 est.
1519 4783 1647 4838 Sola
1675 4792 1792 4838 erat
1820 4783 2065 4854 inagro:

476 4873 750 4943 clamavit,
779 4886 832 4933 et
862 4879 1039 4935 nullus
1063 4877 1216 4934 affuit
1264 4879 1353 4948 qui
1384 4877 1642 4934 liberaret
1678 4892 1819 4934 eam.
1864 4877 1947 4949 [Β.
1981 4877 2068 4950 CI,

480 4965 541 5020 C.
577 4967 709 5040 CV.]
736 4968 790 5024 Si
827 4971 1091 5026 invenerit
1119 4972 1200 5025 vir
1230 4971 1460 5041 puellam
1492 4970 1777 5040 virginem,
1809 4987 1929 5042 qua:
1961 4987 2068 5028 non

483 5058 646 5115 habet
688 5075 968 5130 sponsum,
1011 5071 1065 5118 et
1098 5063 1511 5133 apprehendens
1557 5063 1910 5128 concubuerit
1946 5079 2070 5119 cum

483 5167 567 5218 ea,
597 5161 655 5210 et
694 5167 782 5210 res
814 5153 880 5209 ad
903 5155 1165 5226 judicium
1212 5158 1420 5214 venerit
1453 5174 1466 5211 :
1513 5156 1663 5214 dabit
1703 5157 1792 5226 qui
1819 5155 2074 5220 dormivit

482 5259 605 5301 cum
654 5258 740 5310 ea,
785 5247 922 5317 patri
974 5248 1167 5318 puellm
1219 5249 1608 5320 quinquaginta
1653 5249 1814 5304 siclos
1859 5249 2071 5319 argenti

484 5335 563 5406 [b.
596 5335 922 5408 argenteos],
971 5345 1028 5392 et
1057 5339 1275 5394 habebit
1313 5355 1432 5395 eam
1461 5356 1708 5408 uxorem,
1742 5342 1864 5412 quia
1897 5341 2072 5397 humi-

483 5426 632 5484 liavit
661 5427 737 5500 [b.
771 5426 978 5500 afﬂixit]
1009 5428 1151 5484 illam
1188 5447 1200 5486 :
1247 5446 1353 5488 non
1404 5433 1601 5502 poterit
1639 5432 1912 5489 dimittere
1953 5449 2072 5489 eam

485 5520 697 5577 cunctis
720 5519 909 5576 diebus
931 5522 1054 5575 vita:
1076 5537 1208 5580 sum.
1240 5523 1322 5594 [Β.
1349 5523 1458 5592 CII,
1492 5524 1553 5580 C.
1589 5525 1748 5596 ενι]
1775 5525 1893 5582 Νοιι
1926 5528 2076 5582 acci-

489 5614 597 5685 piet
643 5613 804 5670 homo
836 5628 1056 5676 uxorem
1091 5615 1255 5683 patris
1306 5617 1410 5678 sui.
1469 5633 1567 5673 nec
1613 5619 1878 5696 revela_bit
1907 5620 2079 5690 operi—

492 5717 732 5762 mentum
756 5705 873 5776 ejus
899 5704 977 5777 [Ιι.
1006 5705 1147 5775 ejus,
1173 5705 1224 5759 id
1255 5714 1339 5760 est
1365 5707 1572 5780 patris].

569 5801 650 5873 [Β.
686 5799 819 5871 CIII,
843 5801 904 5858 C.
929 5798 1081 5871 CVII,
1115 5797 1244 5872 Cap.
1276 5797 1488 5872 XXIII.]
1527 5801 1645 5859 Non
1667 5802 1890 5860 intrabit
1912 5819 2082 5861 eunu-

2173 4681 2386 4737 nedicat
2417 4681 2512 4737 tibi
2572 4684 2836 4738 Dominus
2879 4685 3018 4739 Deus
3052 4694 3174 4738 tuus
3224 4685 3275 4738 in
3305 4683 3451 4738 omni
3487 4698 3652 4753 opere
3685 4691 3779 4735 tuo

2176 4775 2226 4828 in
2261 4783 2426 4842 terra,
2455 4791 2614 4846 quam
2650 4775 2952 4847 ingrederis
2983 4777 3000 4848 [
3030 4777 3188 4848 Vulg.
3220 4777 3284 4831 ad
3314 4791 3476 4844 quam
3507 4775 3779 4846 ingredie-

2177 4869 2268 4938 ris]
2307 4869 2713 4939 possidendam.
2762 4870 2842 4944 [8.
2875 4869 3012 4939 CIX,
3054 4869 3114 4924 C.
3163 4869 3349 4942 οδω]
3396 4869 3525 4924 Cum
3561 4869 3779 4926 voveris

2175 4975 2356 5018 v0tum
2408 4964 2636 5020 Domino
2684 4962 2794 5019 Deo
2842 4974 2956 5032 tuo,
2999 4980 3106 5020 non
3149 4965 3454 5020 retardabis
3497 4963 3775 5020 reddere:

2174 5057 2298 5128 quia
2325 5058 2561 5129 requiret
2591 5059 2722 5114 illud
2756 5059 3014 5114 Dominus
3040 5059 3182 5115 Deus
3226 5068 3348 5114 tuus
3391 5060 3479 5129 [Ιι.
3517 5058 3781 5113 Dominus

2177 5152 2318 5208 Deus
2369 5163 2490 5206 tuus
2528 5168 2556 5205 a
2608 5152 2718 5225 te].
2760 5153 2825 5212 Et
2857 5154 2899 5208 si
2931 5163 3172 5210 moratus
3197 5153 3394 5221 fueris,
3442 5153 3782 5226 reputabitur

2177 5244 2271 5300 tibi
2300 5245 2350 5300 itt
2382 5256 2685 5315 peccatum.
2735 5246 2791 5302 Si
2821 5247 3063 5304 nolueris
3094 5247 3359 5316 polliceri,
3405 5248 3615 5317 absque
3653 5261 3782 5316 pec-

2177 5349 2301 5392 cato
2328 5339 2458 5392 eris.
2489 5338 2646 5405 Quod
2668 5349 2851 5394 autem
2878 5339 3050 5395 semel
3081 5353 3363 5409 egressum
3411 5349 3492 5394 est
3522 5339 3591 5393 de
3623 5337 3782 5393 labiis

2177 5433 2308 5497 tuis,
2342 5433 2656 5488 observabis
2697 5442 2754 5488 et
2801 5433 2966 5490 facies
3014 5434 3155 5488 sicut
3200 5433 3492 5504 promisisti
3552 5432 3784 5488 Domino

2183 5527 2293 5581 Deo
2322 5536 2432 5594 tuo,
2461 5537 2516 5583 et
2544 5528 2765 5599 propria
2797 5527 3072 5584 voluntate
3111 5537 3164 5584 et
3209 5542 3304 5582 ore
3334 5537 3424 5582 tuo
3453 5525 3666 5581 locutus
3697 5538 3779 5579 es.

2188 5618 2269 5690 [Ο.
2304 5620 2526 5692 CXVI.]
2559 5621 2837 5692 Ingressus
2875 5622 3087 5677 vineam
3123 5619 3354 5691 proximi
3389 5621 3462 5675 tui
3491 5662 3505 5686 ,
3555 5617 3785 5680 οιειιιοιΙθ

2185 5729 2314 5769 uvas
2343 5724 2602 5785 quantum
2632 5714 2726 5768 tibi
2752 5714 3022 5784 placuerit
3053 5732 3066 5768 :
3097 5714 3239 5767 foras
3268 5722 3451 5768 autem
3483 5727 3550 5766 ne
3586 5709 3786 5766 elieras

2187 5818 2387 5862 tecum.
2437 5806 2518 5878 [8.
2551 5805 2668 5875 CX,
2692 5805 2754 5862 C.
2779 5803 3012 5876 CXVII]
3057 5804 3113 5862 Si
3146 5805 3432 5863 intraveris
3455 5804 3510 5859 in
3542 5812 3785 5875 segetem
