4098 6366
283 319 385 373 liii

1562 325 1763 385 LIBER
1804 328 2343 391 DEUTERONOMII.

3463 346 3571 404 446

283 431 438 488 amici
470 433 569 500 tui,
610 432 830 505 franges
858 436 1063 506 spicas,
1094 447 1148 493 et
1188 454 1349 495 tuanu
1390 450 1638 498 conteres
1676 459 1689 496 :
1737 443 1873 501 falce
1899 450 1950 511 Α
1978 449 2140 505 duam
2185 451 2403 511 auferre
2435 456 2688 526 patieris,
2737 468 2793 512 ut
2838 459 3127 516 henedioat
3176 462 3270 518 tibi
3303 462 3567 524 Dominus

280 534 456 580 autem
486 540 592 581 non
633 536 823 583 metes.

349 616 434 690 [Β.
465 617 606 685 cx1,
632 619 693 675 c.
729 620 963 687 cxvtu,
985 622 1112 694 Cap.
1142 622 1307 698 ΚΝ]
1330 624 1389 683 Si
1413 630 1685 697 acceperit
1712 629 1874 685 homo

281 726 529 778 uxorem,
562 721 617 768 et
660 712 913 771 habuerit
937 732 1080 786 eam,
1132 727 1185 774 et
1214 736 1318 775 non
1353 721 1621 776 invenerit
1644 722 1872 793 gratiant

279 811 404 859 ante
431 804 625 861 oculos
648 806 765 877 ejus
790 818 1015 879 propter
1036 811 1268 880 aliquam
1295 810 1597 867 foeditatem
1628 831 1639 867 :
1671 814 1875 871 scribet

278 895 524 952 libellum
556 898 788 968 repudii,
822 911 875 955 et
900 901 1051 956 dabit
1082 906 1135 958 in
1167 919 1330 959 manu
1359 904 1527 971 illius,
1557 916 1609 960 ct
1638 906 1875 963 dimittet

277 1001 395 1043 eam
425 988 493 1044 de
523 990 687 1046 domo
720 1008 837 1046 sua.
870 991 1116 1065 Cumque
1163 1011 1382 1066 egressa
1416 998 1652 1052 alterum
1704 999 1869 1053 mari-

278 1087 389 1135 tum
422 1079 669 1150 duxerit,
702 1094 755 1137 et
789 1083 881 1140 ille
920 1101 1133 1155 quoque
1164 1088 1338 1142 oderit
1369 1105 1512 1155 eam,
1546 1090 1872 1159 dederitque

276 1172 325 1228 ei
357 1172 605 1229 libellum
641 1175 878 1246 repudii,
912 1186 968 1232 ct
1014 1178 1279 1233 dimiserit
1312 1182 1377 1234 de
1427 1182 1589 1235 domo
1629 1196 1747 1249 sua,
1786 1183 1871 1238 vel

276 1277 427 1323 certe
450 1278 703 1325 mortuus
744 1268 926 1338 fuerit,
964 1289 1070 1327 non
1103 1275 1305 1342 poterit
1349 1274 1498 1345 prior
1530 1276 1753 1331 maritus
1780 1293 1868 1331 re-

272 1362 457 1433 cipere
488 1378 608 1420 eam
641 1364 692 1418 in
736 1381 962 1421 uxorem
997 1384 1010 1421 :
1054 1370 1176 1439 quia
1222 1370 1425 1439 polluta
1472 1380 1557 1426 est
1586 1380 1639 1426 et
1668 1373 1869 1428 abomi-

275 1456 477 1512 nabilis
508 1457 650 1513 facta
684 1470 766 1515 est
797 1476 983 1516 coram
1026 1462 1257 1517 Domino
1290 1480 1302 1516 :
1334 1479 1400 1518 ne
1444 1480 1671 1535 peccare
1701 1465 1867 1522 facias

272 1557 485 1605 terram
535 1559 705 1618 tuam,
738 1568 898 1622 quam
951 1555 1213 1610 Dominus
1259 1556 1404 1612 Deus
1455 1557 1545 1611 tibi
1588 1559 1870 1614 tradiderit

269 1643 675 1713 possidendam.
698 1646 779 1718 [Β.
801 1646 959 1713 CXII,
978 1647 1215 1721 C.XIX].
1235 1652 1367 1703 Cum
1399 1652 1674 1722 acceperit
1704 1652 1867 1709 homo

269 1754 447 1808 nuper
493 1754 747 1804 uxorem,
796 1758 904 1795 non
958 1743 1213 1813 procedet
1270 1743 1337 1798 ad
1394 1745 1619 1811 bellum,
1670 1761 1770 1801 nec
1815 1747 1863 1801 ei

1980 540 2117 595 Deus
2139 550 2259 596 tuus
2277 544 2330 599 itt
2359 548 2505 600 omni
2530 562 2699 618 opere
2724 565 2980 607 manuum
2997 552 3331 625 tuarum.[B.
3353 553 3569 624 CXXII,

1973 631 2401 707 C.CXXIX.]Si
2454 638 2636 709 fruges
2683 643 2907 714 colliges
2957 646 3246 711 olivarum,
3305 646 3566 717 quidquid

1974 728 2297 782 remanserit
2324 730 2375 784 in
2403 731 2714 797 arboribus,
2744 750 2852 790 non
2886 738 3181 792 reverteris
3202 747 3258 793 ut
3287 739 3516 806 colligas
3547 755 3564 806 ;

1972 819 2066 872 sed
2101 819 2375 891 relinques
2391 824 2633 891 advenae,
2671 828 2893 897 pupillo,
2922 846 2983 883 ac
3010 831 3205 886 vidua).
3234 829 3567 904 [CCXXX]

1974 911 2026 966 Si
2062 914 2483 973 vindemiaveris
2514 920 2726 975 vineam
2770 933 2944 989 tuam,
2980 940 3084 979 non
3135 925 3364 993 colliges
3392 940 3571 979 rema~

1974 1015 2166 1058 nentes
2192 1022 2460 1077 racemos,
2492 1013 2586 1065 sed
2610 1014 2803 1069 cedent
2828 1014 2878 1069 in
2906 1031 3037 1069 usus
3060 1017 3313 1082 advena',
3345 1015 3559 1086 pupilli,

1970 1112 2033 1150 ac
2057 1098 2255 1154 viduae.
2290 1101 2557 1157 Memento
2584 1106 2729 1174 quod
2764 1120 2813 1161 et
2847 1120 2901 1161 tu
2924 1110 3182 1165 servier'ts
3212 1109 3263 1163 in
3295 1106 3557 1178 Egypto,

1971 1200 2023 1245 et
2057 1190 2259 1247 idcirco
2288 1197 2540 1263 praecipio
2574 1198 2665 1250 tihi
2697 1210 2749 1252 ut
2777 1199 2939 1255 facias
2962 1199 3104 1256 hanc
3138 1216 3272 1256 rem.

2046 1282 2128 1353 [Β.
2148 1284 2383 1352 cxxut,
2405 1287 2465 1341 ε.
2490 1288 2886 1361 tzxxm,cap.
2915 1292 3101 1363 xxv]
3135 1293 3187 1347 Si
3209 1292 3373 1348 fuerit
3400 1306 3563 1353 causa

1974 1374 2113 1428 inter
2134 1378 2368 1447 aliquos,
2404 1389 2458 1434 et
2503 1379 2978 1451 interpellaverint
3003 1384 3218 1453 judices
3254 1399 3451 1453 :quem
3479 1384 3569 1454 ju-

1971 1480 2112 1524 stum
2136 1487 2256 1526 esse
2273 1477 2671 1543 perspexerint.
2696 1477 2770 1529 illi
2790 1476 3015 1546 justitiae
3052 1479 3284 1547 palmam
3308 1476 3515 1532 dabunt
3544 1491 3561 1533 :

1969 1578 2127 1633 quem
2188 1565 2442 1634 impium,
2488 1568 2933 1624 eondetnnabunt
2981 1569 3297 1640 impietatis.
3329 1570 3422 1625 Sin
3471 1585 3568 1624 au-

1973 1666 2079 1711 tem
2125 1676 2248 1714 eum
2279 1663 2370 1729 qui
2400 1662 2641 1729 peccavit
2671 1661 2892 1732 dignum
2945 1664 3183 1719 viderint
3212 1664 3407 1733 plagis,
3434 1678 3562 1733 pro-

1970 1761 2213 1808 slernent
2238 1765 2292 1808 et
2316 1769 2499 1808 coram
2525 1771 2584 1810 se
2613 1756 2812 1809 facient
2849 1758 3148 1813 verberari.
3182 1757 3286 1813 Pro
3312 1770 3567 1817 mensura

267 1831 547 1903 quidpiam
579 1834 923 1890 necessitatis
963 1836 1273 1907 injungetur
1304 1838 1555 1907 publicae,
1582 1839 1678 1894 sed
1711 1856 1866 1896 vaca-
1899 1830 1945 1889 Β
1975 1848 2179 1914 peccati
2233 1848 2337 1901 erit
2382 1857 2437 1902 et
2466 1849 2744 1918 plagarum
2776 1850 2969 1906 modus
3001 1868 3015 1916 ;
3052 1851 3122 1905 ita
3169 1850 3471 1911 dumtaxat,
3506 1857 3567 1904 ut

269 1924 350 1979 bit
382 1925 591 1995 absque
614 1927 769 1998 culpa
813 1936 836 1963 ο
869 1926 1015 1982 domi
1066 1944 1200 1995 suae,
1234 1939 1293 1983 ιιι
1323 1947 1430 1985 υιιυ
1460 1947 1605 1986 anno
1655 1932 1869 1987 ltetetur

266 2030 395 2073 cum
443 2033 617 2074 uxore
659 2034 776 2073 sua.
813 2017 895 2091 [8.
927 2019 1110 2089 CXIII,
1139 2020 1201 2076 C.
1232 2021 1420 2094 CXX.]
1453 2022 1570 2077 Non
1630 2023 1868 2092 accipies

267 2108 397 2165 luco
443 2109 685 2179 pignoris
753 2111 1074 2167 inferiorem
1124 2122 1178 2166 et
1225 2115 1565 2181 superiorem
1624 2114 1864 2180 molam;

268 2206 400 2275 quia
450 2207 687 2261 animam
744 2223 896 2261 suam
952 2211 1207 2278 apposuit
1263 2207 1449 2280 [Vulg.
1511 2208 1710 2279 posuit]
1746 2209 1862 2264 tibi.

269 2298 362 2370 [Β.
386 2297 572 2363 CXIV,
603 2298 879 2373 C.CXXI.]
901 2300 954 2356 Si
979 2301 1354 2369 deprehensus
1385 2301 1549 2355 fuerit
1577 2303 1739 2355 homo
1760 2301 1869 2355 sol-

269 2391 491 2448 licitans
515 2392 741 2448 fratrem
776 2409 933 2447 suum
962 2393 1030 2449 de
1061 2395 1181 2449 filiis
1224 2395 1413 2458 Israel,
1449 2402 1501 2447 ct
1529 2393 1750 2448 vendito
1778 2409 1865 2465 eo,

266 2485 551 2554 acceperit
598 2484 857 2555 pretium,
893 2485 1273 2551 interlicietur,
1308 2495 1364 2539 et
1393 2487 1607 2541 auferes
1666 2486 1866 2541 malum

267 2577 343 2631 de
374 2574 555 2632 medio
585 2576 681 2630 tui.
712 2576 792 2647 [Β.
825 2575 1010 2646 CXV]
1039 2576 1283 2632 Observa
1330 2576 1623 2644 diligenter
1664 2591 1731 2631 ne
1787 2576 1867 2631 in-

266 2684 463 2725 curras
487 2669 700 2739 plagam
733 2669 921 2738 leprm,
954 2670 1046 2723 scd
1083 2670 1247 2724 facies
1277 2684 1634 2739 quaecumque
1663 2670 1865 2725 docue-

265 2760 385 2816 rint
414 2773 465 2815 te
508 2761 823 2815 sacerdotes
875 2760 1097 2815 chitici
1157 2761 1378 2830 generis
1404 2804 1417 2827 ,
1448 2764 1597 2829 juxta
1643 2762 1691 2815 id
1721 2761 1867 2831 quod

264 2855 505 2925 prmt'epi
535 2855 637 2918 eis,
670 2863 723 2909 et
753 2854 915 2922 imple
939 2854 1191 2908 sollicite.
1216 2854 1298 2924 [Β.
1324 2854 1511 2920 CXVI,
1536 2853 1597 2907 c.
1630 2851 1865 2926 cxxn.]

266 2945 606 3000 Mementote
628 2960 746 3015 quae
780 2946 969 3001 fecerit
995 2945 1255 3000 Dominus
1289 2945 1427 3000 Deus
1461 2958 1639 3001 vester
1687 2947 1865 3001 Mariae

263 3039 324 3092 in
378 3039 463 3093 via
509 3054 631 3093 cum
669 3038 1071 3110 egrederemini
1120 3039 1188 3094 de
1239 3038 1494 3110 IEgypto.
1530 3040 1612 3111 [Β.
1646 3039 1861 3113 CXVII,

263 3130 329 3185 C.
362 3128 619 3203 CXXIII]
665 3131 798 3187 Cum
854 3142 1071 3203 repetes
1101 3148 1127 3186 a
1180 3133 1428 3201 proximo
1479 3140 1571 3186 tuo
1613 3148 1727 3188 rem
1768 3132 1867 3186 ali-

1970 1938 2459 2007 quadragcnarium
2496 1957 2779 1996 numerum
2823 1958 2933 1997 non
2989 1942 3293 1998 excedant:
3325 1956 3392 1996 ne
3420 1940 3567 1996 fmdo

1972 2028 2245 2084 laceratus
2294 2041 2418 2084 ante
2447 2032 2635 2085 oculos
2662 2040 2783 2085 tuos
2804 2032 2961 2086 abeat
2992 2032 3160 2086 frater
3189 2043 3310 2086 tuus
3336 2029 3414 2102 [h.
3438 2038 3572 2089 ante

1970 2102 2154 2175 oculos
2183 2128 2304 2173 tuos
2335 2122 2406 2175 sit
2428 2120 2598 2174 frater
2625 2118 2786 2190 tuus].
2817 2119 2899 2192 [Β.
2928 2120 3162 2187 CXXIV,
3194 2117 3558 2190 C.CXXXII.]

1968 2210 2085 2265 Non
2130 2209 2321 2279 ligabis
2378 2224 2439 2262 os
2480 2210 2634 2265 bovis
2670 2210 2897 2263 terentis
2926 2211 2977 2264 in
3031 2227 3154 2265 area
3206 2211 3385 2281 fruges
3416 2219 3556 2266 tuas.

1971 2300 2286 2373 [B.CXXV,
2318 2300 2711 2373 C.CXXXIII.]
2734 2301 2961 2369 Quando
2991 2304 3351 2358 habitaverint
3374 2306 3564 2356 fratres

1968 2391 2152 2456 simul,
2186 2400 2241 2445 et
2266 2407 2405 2446 unus
2437 2407 2499 2445 ex
2524 2392 2604 2445 eis
2631 2391 2838 2460 absque
2869 2392 3052 2448 liberis
3105 2402 3351 2447 mortuus
3374 2392 3565 2459 fuerit,

1971 2498 2105 2535 uxor
2133 2480 2374 2535 defuuc1i
2397 2496 2501 2535 non
2536 2481 2702 2536 nubet
2728 2482 2907 2545 alteri,
2932 2482 3024 2538 sed
3054 2484 3287 2553 accipiet
3314 2498 3431 2537 eam
3458 2481 3567 2536 fra-

1970 2584 2052 2629 ter
2079 2574 2220 2643 ejus,
2247 2586 2299 2629 ct
2325 2575 2607 2630 suscitabit
2633 2590 2819 2630 semen
2851 2574 3037 2629 fratris
3067 2575 3149 2629 sui
3174 2592 3187 2640 ;
3214 2584 3268 2630 et
3293 2575 3564 2645 primoge-

1970 2670 2139 2721 nitum
2173 2683 2237 2720 ex
2266 2682 2331 2721 ea
2360 2666 2525 2721 lilium
2582 2669 2803 2722 nomine
2837 2668 2985 2721 illius
3016 2667 3332 2737 appellabit,
3370 2678 3425 2721 ut
3453 2682 3561 2724 non

1970 2758 2217 2814 deleatur
2239 2775 2435 2813 nomen
2472 2758 2591 2827 ejus
2615 2757 3231 2831 Israel.[C.CXXXIV.]
3250 2759 3343 2814 Sin
3374 2768 3558 2813 autem

1972 2856 2207 2909 noluerit
2259 2856 2507 2923 accipere
2562 2868 2787 2909 uxorem
2823 2856 3007 2909 fratris
3055 2855 3161 2918 sui,
3194 2870 3314 2923 quae
3346 2853 3394 2908 ei
3444 2854 3563 2923 lege

1970 2950 2219 3015 debetur,
2244 2958 2436 3019 perget
2468 2948 2665 3002 mulier
2695 2947 2760 3001 ad
2794 2957 3003 3017 portam
3032 2949 3292 3012 civitatis,
3314 2956 3368 3002 et
3399 2948 3568 3003 inter-

1972 3043 2196 3112 pellabit
2231 3044 2467 3111 majores
2492 3054 2641 3109 natu,
2668 3042 2921 3112 dicetque
2948 3056 2961 3097 :
2989 3042 3102 3098 Non
3128 3043 3243 3098 vult
3277 3042 3440 3097 frater
3462 3040 3567 3105 viri

1973 3136 2074 3187 mei
2109 3136 2375 3190 suscitare
2399 3150 2596 3189 nomen
2630 3134 2815 3190 fratris
2845 3136 2928 3190 sui
2962 3138 3014 3191 in
3038 3135 3202 3192 Israel
3234 3153 3245 3189 :
3282 3152 3380 3190 nec
3406 3135 3567 3192 ntein

268 3242 461 3297 quam,
497 3243 656 3295 quam
708 3226 875 3280 debet
930 3227 1047 3291 tibi,
1100 3242 1205 3281 non
1263 3225 1585 3296 ingredieris
1643 3226 1862 3281 domum
1891 3218 1934 3278 C
1968 3226 2253 3295 conjugem
2279 3241 2520 3281 sumere.
2553 3225 2856 3296 Statimque
2885 3227 3141 3280 accersiri
3177 3242 3298 3281 eum
3345 3226 3564 3295 facient,

263 3321 389 3389 ejus
416 3329 477 3374 ut
506 3321 699 3391 pignus
743 3320 959 3375 auferas
992 3338 1005 3387 ;
1039 3322 1131 3375 sed
1159 3320 1324 3375 stabis
1376 3320 1529 3387 foris,
1556 3327 1608 3373 et
1648 3320 1737 3374 ille
1767 3320 1860 3373 tibi

266 3412 516 3483 proferet
546 3414 687 3483 quod
725 3413 996 3469 habuerit.
1026 3412 1105 3484 [C.
1140 3411 1401 3483 CXXIV.[
1443 3412 1495 3467 Si
1520 3422 1699 3465 autem
1733 3427 1865 3479 pau—

265 3520 368 3574 per
397 3514 505 3573 est,
557 3521 663 3561 non
696 3506 1044 3574 pernoctabit
1088 3505 1228 3576 apud
1261 3517 1313 3559 te
1342 3504 1535 3575 pignus
1565 3504 1642 3575 [Ιι.
1673 3505 1861 3574 pignus

265 3596 438 3669 ejus],
472 3598 565 3652 sed
610 3600 795 3653 statim
829 3598 1026 3652 reddes
1057 3598 1106 3651 ei
1151 3606 1275 3652 ante
1325 3597 1456 3651 solis
1478 3612 1731 3652 occisum
1762 3613 1773 3661 ;
1802 3606 1859 3650 ιιι

265 3690 549 3745 dormiens
596 3691 648 3744 in
682 3690 1007 3745 vestimento
1040 3704 1158 3755 suo,
1193 3688 1475 3744 benedicat
1509 3689 1626 3754 tibi,
1654 3698 1708 3742 et
1760 3688 1857 3742 Ita-

262 3781 397 3836 beas
420 3782 690 3849 justitiam
731 3798 912 3836 coram
944 3782 1171 3837 Domino
1201 3781 1310 3836 Deo
1341 3791 1452 3836 tuo.
1488 3780 1571 3852 [Β.
1596 3780 1857 3853 CXVIII]

260 3870 383 3926 Non
439 3871 664 3942 negabis
696 3870 773 3944 [h.
806 3871 920 3927 Non
952 3871 1322 3942 calumnieris]
1354 3874 1664 3926 mercedem
1713 3872 1855 3927 indi-

259 3964 467 4033 gentis,
501 3973 557 4018 et
586 3964 843 4035 pauperis
874 3965 1055 4019 fratris
1100 3964 1199 4030 ttti,
1235 3964 1346 4018 sive
1379 3962 1623 4031 advenas,
1649 3965 1739 4034 qui
1775 3974 1856 4018 te-

258 4071 384 4109 cum
410 4064 658 4111 moratur
685 4057 736 4110 in
772 4064 937 4123 terra,
972 4067 1025 4111 et
1069 4056 1210 4111 intra
1236 4066 1424 4125 portas
1458 4066 1575 4110 tuas
1597 4066 1724 4120 est;
1759 4055 1855 4111 sed

259 4149 454 4204 eadem
481 4149 571 4204 die
612 4148 811 4204 reddes
838 4151 885 4203 ei
920 4152 1153 4220 pretium
1203 4150 1403 4206 laboris
1450 4149 1532 4204 sui
1565 4159 1691 4204 ante
1722 4149 1856 4207 solis

259 4257 540 4310 occasum,
585 4242 709 4312 quia
741 4257 942 4315 pauper
974 4253 1077 4313 est,
1126 4254 1178 4298 et
1210 4260 1273 4298 ex
1303 4259 1368 4299 eo
1400 4252 1708 4298 sustentant
1739 4243 1856 4297 ani-

260 4348 405 4388 matn
450 4349 647 4399 suam;
692 4349 759 4387 ne
790 4334 989 4389 clamet
1028 4344 1216 4389 eontra
1265 4346 1316 4390 te
1348 4336 1413 4390 ad
1460 4334 1772 4403 Dominum,
1800 4343 1856 4391 et

256 4436 541 4499 repetetur
573 4426 669 4482 tibi
712 4427 763 4480 in
819 4436 1122 4497 peccatum.
1159 4426 1244 4500 [Β.
1290 4427 1480 4493 CXIX,
1515 4427 1579 4483 C.
1610 4426 1853 4500 CXXV]

254 4519 374 4575 Non
396 4520 715 4576 occidentur
742 4528 924 4593 patres
957 4537 1055 4592 pro
1088 4522 1234 4592 filiis,
1266 4539 1367 4579 nec
1397 4522 1489 4578 filii
1554 4540 1650 4593 pro
1684 4525 1852 4601 patri-

1968 3329 2021 3374 et
2054 3320 2484 3388 interrogabunt.
2523 3320 2578 3375 Si
2603 3320 2945 3389 responderit
2973 3334 2986 3375 :
3020 3320 3155 3375 Nolo
3185 3336 3301 3375 eam
3335 3334 3560 3375 uxorem

1966 3411 2214 3480 accipere
2244 3428 2256 3466 :
2290 3412 2517 3466 accedet
2551 3412 2746 3466 mulier
2777 3412 2855 3484 [h.
2890 3422 3113 3482 cognata
3169 3412 3306 3482 ejus]
3341 3412 3405 3466 ad
3435 3428 3559 3471 eum

1964 3519 2149 3558 coram
2184 3502 2517 3568 senioribus,
2550 3512 2604 3557 et
2646 3503 2802 3559 tollet
2854 3504 3281 3563 calceameutum
3328 3502 3394 3557 de
3428 3502 3563 3571 pede

1964 3594 2104 3663 ejus,
2130 3604 2394 3664 spuelque
2428 3595 2477 3647 in
2500 3592 2695 3648 facient
2726 3594 2895 3661 illius,
2926 3604 2981 3650 et
3002 3594 3145 3649 dicet
3176 3613 3189 3649 :
3223 3595 3314 3651 Sic
3345 3592 3438 3649 fiet
3462 3593 3562 3648 Ito-

1965 3687 2119 3751 mini,
2167 3688 2257 3757 qui
2290 3703 2397 3743 non
2446 3687 2678 3741 :edilicat
2727 3688 2947 3742 domum
2989 3688 3172 3742 fratris
3203 3688 3308 3742 sui.
3346 3687 3415 3742 Et
3467 3702 3563 3742 νο·

1960 3778 2174 3833 cahitur
2223 3793 2420 3834 nomen
2479 3780 2623 3835 illius
2649 3781 2699 3834 in
2752 3780 2940 3845 Israel,
2979 3779 3178 3834 Domus
3223 3778 3563 3843 discalceati,
3664 3788 3675 3795 ‘

1963 3871 2650 3944 [’B.CXXVI,C.CXXXV.]
2673 3873 2729 3929 Si
2749 3874 3038 3929 habuerint
3056 3873 3205 3929 inter
3234 3888 3295 3929 se
3320 3872 3561 3943 jurgium

1962 3962 2060 4017 viri
2085 3964 2093 4033 |
2116 3962 2272 4033 Vulg.
2305 3962 2429 4016 add.
2457 3963 2611 4035 duo],
2645 3974 2699 4021 et
2726 3980 2865 4019 unus
2895 3975 3081 4019 contra
3114 3965 3347 4025 alterum
3386 3964 3552 4019 rixari

1958 4054 2225 4125 coeperit,
2278 4054 2582 4126 volensque
2653 4072 2787 4110 uxor
2839 4055 3065 4111 alterius
3131 4071 3328 4112 eruere
3385 4057 3560 4110 virum

1960 4160 2117 4199 suum
2150 4145 2216 4200 de
2248 4161 2408 4201 manu
2439 4144 2683 4200 fortioris
2710 4147 2786 4219 [h.
2815 4145 3217 4217 percutientis],
3248 4146 3563 4217 miseritque

1962 4252 2198 4299 manum,
2221 4246 2276 4293 et
2297 4237 2720 4308 apprehenderit
2735 4237 2965 4293 verenda
2995 4238 3141 4307 ejus:
3160 4237 3412 4293 abscidcs
3440 4252 3557 4301 ma-

1962 4344 2087 4385 num
2122 4329 2285 4393 illius,
2308 4344 2406 4384 nec
2434 4329 2671 4384 ﬂecteris
2703 4344 2995 4399 supeream
3015 4330 3120 4383 ulla
3150 4326 3545 4383 misericordia.

1960 4421 2045 4495 [Β.
2066 4420 2323 4489 CXXVII,
2345 4422 2405 4477 C.
2424 4420 2737 4494 CXXXVI]
2764 4420 2879 4476 Non
2912 4420 3135 4477 habebis
3161 4419 3450 4475 in‘sacculo
3473 4418 3552 4472 di-

1964 4530 2116 4571 versa
2148 4514 2407 4585 pondera,
2444 4514 2617 4587 majus
2658 4524 2711 4569 et
2746 4514 2926 4569 minus
2968 4531 2982 4565 :
3030 4528 3129 4567 nec
3161 4512 3263 4566 erit
3293 4511 3344 4564 in
3388 4509 3553 4563 domo

253 4612 357 4668 bus
385 4655 399 4679 ,
455 4612 551 4668 sed
612 4616 981 4686 unusquisque
1036 4630 1133 4686 pro
1170 4625 1390 4686 peccato
1435 4631 1534 4673 suo
1564 4618 1851 4676 morietur.
1880 4605 1935 4667 D
1963 4620 2051 4667 tua
2084 4612 2294 4668 modius
2324 4611 2499 4683 major
2520 4620 2576 4666 et
2606 4612 2807 4666 minor.
2836 4607 3053 4664 Pondus
3098 4605 3319 4661 habebis
3347 4604 3555 4677 justum

259 4702 583 4776 [B.CXX,C.
603 4703 866 4779 CXXVI.]
891 4706 1004 4761 Non
1028 4718 1308 4777 pervertes
1337 4708 1600 4779 judicium
1633 4708 1855 4767 advenat

255 4805 307 4849 et
356 4796 568 4867 pupilli.
619 4797 727 4852 Nec
759 4798 974 4855 auferes
1034 4800 1270 4869 pignoris
1316 4800 1435 4855 loco
1470 4801 1649 4857 viduae
1689 4803 1856 4857 vesti-

256 4898 523 4944 mentum.
554 4889 635 4963 [C.
670 4890 953 4963 CXXVII]
1004 4892 1276 4948 Memento
1329 4894 1469 4962 quod
1514 4896 1773 4950 servieris
1798 4895 1851 4950 in

254 4979 499 5053 Egypto
528 5024 542 5047 ,
592 4994 646 5038 et
676 4984 883 5039 eruerit
925 4993 977 5039 te
1034 4986 1293 5040 Dominus
1332 4987 1472 5041 Deus
1518 4995 1643 5041 tuus
1702 4988 1847 5043 inde.

256 5071 337 5142 [Ο.
369 5072 681 5144 CXXVIII.]
711 5074 919 5129 Idcirco
961 5078 1217 5145 praecipio
1264 5076 1361 5130 tibi
1391 5086 1450 5131 ut
1490 5076 1657 5132 facias
1708 5079 1849 5133 hanc

251 5180 392 5222 rem.
428 5166 513 5238 [Β.
538 5166 752 5239 CXXI]
776 5169 1003 5235 Quando
1034 5170 1326 5224 messueris
1356 5182 1597 5239 segetem
1629 5174 1681 5226 in
1714 5187 1847 5242 agro

254 5266 367 5325 tuo,
392 5269 451 5315 et
479 5260 684 5316 oblitus
710 5262 1040 5332 manipulum
1072 5263 1386 5333 reliqueris,
1420 5278 1526 5318 non
1556 5265 1849 5320 reverteris

250 5360 309 5405 ut
330 5352 494 5408 tollas
544 5352 741 5423 illum;
792 5354 888 5411 sed
933 5355 1222 5425 advenam,
1252 5364 1307 5412 et
1333 5358 1628 5427 pupillum,
1678 5366 1731 5413 et
1765 5358 1847 5413 vi-

323 5520 348 5547 ⁸
378 5510 585 5587 Omnes
610 5528 742 5587 mss.
777 5514 992 5571 codices
1039 5516 1222 5587 legunt
1257 5517 1359 5572 hoc
1403 5518 1563 5573 modo
1591 5534 1710 5573 cum
1742 5517 1843 5573 Ca-

248 5596 413 5647 none,
444 5584 533 5639 sed
566 5585 763 5639 vacabit
786 5588 975 5652 absque
1005 5584 1157 5657 culpa
1197 5588 1376 5642 domui
1405 5605 1533 5643 ante.
1572 5590 1837 5645 Eumdetn

246 5668 462 5728 quoque
511 5671 734 5712 sensum
764 5658 1031 5728 expressit
1079 5663 1352 5731 interpres
1386 5661 1581 5717 Arabs.
1633 5662 1691 5719 In
1736 5662 1843 5718 IIe-

245 5745 515 5823 braaonest
542 5732 719 5815 uva“),
748 5748 995 5823 Lebetlto,
1027 5752 1169 5823 quod
1220 5768 1327 5807 sua:
1360 5753 1567 5823 optime
1614 5768 1839 5823 respon-

245 5816 359 5873 det.
395 5818 592 5877 Verum
622 5836 728 5878 non
753 5816 1165 5881 maximiréfert
1194 5816 1537 5896 quocumque
1569 5816 1730 5883 modo
1764 5826 1841 5881 le-

1958 4718 2014 4763 et
2041 4722 2264 4772 verum,
2295 4716 2351 4761 et
2383 4705 2593 4761 modius
2634 4703 2857 4773 aequalis
2886 4712 2942 4757 et
2987 4715 3151 4756 verus
3177 4701 3287 4754 erit
3322 4698 3416 4753 tibi
3452 4714 3465 4763 ;
3500 4707 3557 4756 ut

1959 4800 2128 4854 tnulto
2153 4800 2305 4852 vivas
2337 4808 2582 4865 tempore
2626 4812 2790 4867 super
2820 4804 3047 4859 terram,
3080 4808 3243 4863 quam
3294 4792 3557 4848 Dominus

1956 4892 2099 4947 Deus
2156 4901 2282 4945 tuus
2317 4890 2531 4945 dederit
2559 4889 2677 4944 tibi.
2710 4886 3069 4943 Abominatur
3115 4886 3258 4941 enim
3293 4885 3557 4940 Dominus

1957 5000 2079 5040 eum
2140 4984 2216 5055 [h.
2254 4984 2513 5039 Dominus
2554 4982 2694 5038 Deus
2745 4990 2869 5036 tuus
2900 4979 3045 5053 eum]
3100 4981 3189 5051 qui
3240 4979 3367 5033 facit
3414 4978 3552 5043 haec,

1955 5090 2012 5134 et
2066 5088 2352 5134 aversatur
2414 5093 2630 5132 omnem
2698 5076 3048 5147 injustitiam.
3117 5075 3199 5147 [Β.
3269 5070 3555 5141 CXXVIII,

1956 5170 2018 5226 C.
2042 5170 2322 5241 CXLVII.]
2348 5173 2624 5227 Memento
2649 5185 2767 5239 quae
2792 5170 2983 5223 fecerit
3009 5168 3105 5223 tibi
3143 5169 3363 5223 Amalec
3396 5170 3445 5221 in
3471 5167 3557 5224 via

1959 5264 2173 5333 quando
2222 5263 2591 5333 egrediebaris
2649 5277 2716 5317 ex
2767 5260 3005 5333 Egypto
3050 5278 3063 5315 :
3143 5260 3418 5330 quomodo
3464 5274 3559 5315 oc-

1958 5356 2191 5412 currerit
2216 5356 2345 5423 tibi;
2376 5363 2432 5412 et
2455 5364 2729 5413 extremos
2758 5354 2993 5426 agminis
3028 5354 3129 5422 tui,
3155 5355 3245 5425 qui
3292 5353 3418 5409 lassi
3450 5367 3544 5409 re-

1950 5534 2162 5591 gamus,
2197 5519 2288 5574 ttbi
2323 5519 2607 5581 verborum
2635 5534 2829 5576 sensus
2856 5520 2908 5574 in
2952 5517 3099 5591 idem,
3122 5515 3336 5591 recidit.
3365 5514 3549 5591 ΜΑιιτ.

2020 5590 2326 5647 —Urbinas
2346 5605 2585 5645 ms.eum
2615 5592 2733 5646 aliis
2757 5606 2922 5661 penes
2952 5589 3199 5643 Martian.
3219 5588 3396 5640 domui
3417 5601 3547 5651 ante,

1950 5684 2092 5752 quod
2136 5691 2191 5736 et
2246 5684 2417 5752 magis
2468 5682 2697 5739 Hebraeo
2752 5668 2911 5745 unus
2940 5680 3217 5743 adhaeret;
3252 5677 3424 5732 Palat.
3456 5675 3554 5731 lia-

1950 5755 2042 5821 bet
2069 5755 2253 5819 domus
2272 5771 2400 5815 tute.
