4098 6366
482 288 590 347 447

1450 288 1539 348 ,8.
1582 285 1967 346 HIERONYMI
2006 284 2244 345 DIVINA
2282 283 2765 345 BIBLIOTHECA.

3662 282 3769 340 “8

484 407 760 476 sidebant,
792 406 1077 477 ceciderit,
1125 406 1342 479 quando
1373 414 1432 462 tu
1460 419 1582 462 eras
1629 405 1769 459 fame
1807 412 1861 459 et
1888 400 2075 460 labore
2102 404 2157 466 Α
2180 412 2450 474 praecepta
2471 400 2626 472 ejus;
2656 408 2711 456 et
2741 398 2903 456 faciat
2926 407 2981 456 te
3011 397 3367 456 excelsiorem
3394 395 3609 453 cunctis
3636 409 3772 468 gen-

482 502 789 570 conl‘ectus,
850 512 904 559 et
933 517 1041 559 non
1105 500 1346 558 timuerit
1389 500 1577 556 Deum.
1626 497 1711 570 [T.
1740 496 1907 569 XIV.]
1937 494 2072 552 Cum

487 610 621 669 ergo
647 594 908 651 Dominus
933 594 1079 651 Deus
1099 602 1223 650 tuus
1237 592 1446 649 dederit
1463 591 1558 647 tibi
1580 591 1851 661 requiem,
1867 600 1923 647 et
1943 592 2074 647 sub-

480 691 674 762 jecerit
697 700 923 748 cunctas
942 706 1039 763 per
1059 689 1340 745 circuitum
1359 687 1632 752 nationes,
1648 686 1703 740 in
1720 695 1891 752 terra,
1909 700 2071 754 quam

486 783 584 839 tibi
610 783 885 853 pollicitus
907 790 1018 838 est:
1035 780 1246 837 delebis
1270 795 1464 837 nomen
1489 779 1565 852 [h.
1592 777 1935 851 memoriam]
1951 779 2068 849 ejus

490 874 593 930 sub
621 875 787 931 caelo.
811 875 954 931 Cave
978 889 1045 930 ne
1070 873 1433 928 obliviscaris.

551 967 633 1039 [Β.
681 965 931 1037 CXXIX,
961 963 1366 1034 ccxxxvnt,
1399 962 1527 1036 Cap.
1575 963 1793 1036 xxm
1824 963 2072 1034 Cumque
2102 1034 2105 1037 _

482 1056 772 1116 intraveris
833 1068 1051 1125 terram,
1110 1074 1271 1130 quam
1330 1058 1590 1113 Dominus
1638 1058 1781 1114 Deus
1812 1066 1934 1113 tuus
1978 1058 2077 1113 tibi

483 1151 710 1207 daturus
751 1160 835 1207 est
886 1151 1298 1222 possidendam,
1331 1160 1391 1207 et
1416 1151 1717 1208 obtinueris
1747 1166 1893 1218 eam,
1914 1160 2077 1222 atque

480 1243 811 1301 habitaveris
834 1246 887 1300 in
916 1246 1036 1301 illa:
1056 1246 1222 1302 tolles
1245 1245 1313 1301 de
1332 1246 1541 1301 cunctis
1568 1244 1816 1317 frugibus
1841 1244 1944 1300 tuis
1968 1244 2079 1317 pri-

482 1338 685 1403 mitias,
717 1346 773 1393 et
828 1353 998 1408 pones
1039 1339 1093 1395 in
1142 1339 1393 1405 cartallo,
1430 1353 1734 1410 pergesque
1782 1338 1849 1392 ad
1874 1337 2075 1405 locum,

482 1446 645 1504 quem
675 1432 941 1489 Dominus
984 1434 1124 1489 Deus
1172 1442 1296 1489 tuus
1322 1433 1572 1503 elegerit,
1601 1443 1659 1488 ut
1689 1431 1764 1489 ibi
1793 1433 2080 1488 invocetur

482 1537 687 1579 nomen
716 1524 875 1595 ejus:
909 1524 1244 1595 accedesque
1272 1524 1340 1579 ad
1386 1524 1749 1591 sacerdotem,
1773 1525 1866 1596 qui
1918 1524 2081 1580 fuerit

484 1615 537 1671 in
561 1614 757 1672 diebus
782 1616 979 1686 illis,et
1004 1616 1155 1673 dices
1180 1615 1249 1672 ad
1278 1632 1403 1671 eum
1431 1634 1443 1670 :
1474 1616 1744 1672 Proﬁteor
1791 1615 1953 1672 hodie
1982 1630 2079 1671 co-

484 1722 601 1767 ram
646 1708 876 1763 Domino
904 1708 1018 1764 Deo
1062 1716 1177 1779 tuo,
1212 1709 1354 1780 quod
1401 1709 1682 1780 ingressus
1711 1710 1815 1764 sim
1848 1717 2075 1775 terram,

2176 496 2322 552 tibus
2364 511 2499 567 quas
2546 495 2752 552 creavit
2788 494 2840 550 in
2896 494 3108 551 laudem
3160 501 3217 550 et
3267 507 3496 561 nomen,
3544 501 3601 547 et
3652 492 3774 562 glo-

2176 591 2309 645 riam
2337 606 2481 644 suam
2512 588 2588 664 [h.
2620 603 2728 645 non
2752 588 2934 661 habet]
2958 604 2974 650 ;
3024 596 3079 644 et
3100 597 3159 643 ut
3196 588 3270 643 sis
3296 586 3526 658 populus
3552 593 3775 641 sanctus

2174 682 2386 739 Domini
2428 683 2519 737 Dei
2572 683 2670 749 tui,
2716 683 2855 737 sicut
2911 682 3123 738 locutus
3153 690 3255 737 est.
3293 680 3562 750 Praecepit
3584 690 3769 734 autem

2178 774 2355 831 Moses
2383 784 2440 832 et
2469 775 2712 831 seniores
2742 775 2908 831 Israel
2940 774 3160 846 populo,
3188 773 3465 832 dicentes:
3488 771 3771 829 Custodite

2176 880 2338 923 omne
2392 867 2701 922 mandatum
2741 868 2883 939 quod
2942 868 3195 938 praecipio
3245 868 3397 923 vobis
3448 866 3631 923 hodie.

2240 960 2453 1033 [T.XV,
2470 960 2529 1015 Β.
2545 958 2785 1030 CXXXI,
2801 959 3181 1033 Cap.XXVll.]
3195 962 3437 1029 Cumque
3453 960 3775 1017 transieritis

2178 1054 2469 1112 Iordanem
2493 1056 2549 1110 in
2577 1067 2797 1125 terram,
2825 1072 2988 1129 quam
3012 1057 3273 1113 Dominus
3296 1057 3441 1113 Deus
3482 1065 3603 1112 tuus
3624 1057 3777 1112 dabit

2180 1149 2299 1216 tibi,
2330 1150 2509 1220 eriges
2535 1151 2784 1222 ingentes
2810 1151 3041 1224 lapides,
3086 1160 3141 1208 et
3169 1151 3322 1208 calce
3347 1151 3627 1223 Iaevigabis
3652 1166 3773 1217 eos,

2180 1251 2239 1298 ut
2271 1244 2447 1313 possis
2475 1244 2528 1299 in
2562 1244 2641 1299 eis
2671 1245 2911 1300 scribere
2969 1245 3153 1300 omnia
3203 1245 3372 1301 verba
3415 1244 3550 1315 legis
3605 1244 3774 1313 hujus

2182 1335 2260 1409 [h.
2291 1336 2358 1392 Et
2380 1336 2589 1392 scribes
2619 1351 2783 1408 super
2811 1351 2906 1394 eos
2946 1337 3125 1392 omnia
3170 1336 3335 1393 verba
3381 1335 3516 1408 legis
3569 1334 3776 1408 hujus],

2181 1429 2418 1486 Jordane
2452 1429 2774 1485 transmisso
2806 1444 2823 1485 :
2858 1439 2917 1485 ut
2944 1431 3186 1486 introeas
3230 1439 3451 1497 terram,
3479 1443 3638 1500 quam
3672 1429 3779 1484 llo-

2181 1521 2362 1577 minus
2391 1521 2534 1577 Deus
2564 1529 2690 1577 tuus
2716 1520 2864 1576 dabit
2894 1521 3010 1590 tibi,
3074 1531 3273 1577 terram
3317 1520 3459 1576 lacte
3510 1530 3565 1575 et
3615 1519 3781 1577 melle

2182 1622 2515 1683 manantem,
2543 1615 2685 1668 sicut
2709 1613 2912 1683 juravit
2934 1614 3183 1683 patribus
3216 1614 3345 1668 tuis.
3394 1612 3622 1681 Quando
3644 1627 3779 1683 ergo

2184 1707 2513 1763 transieritis
2532 1706 2848 1772 Iordanem,
2880 1706 3071 1775 erigite
3092 1706 3325 1776 lapides,
3357 1720 3492 1776 quos
3524 1720 3627 1775 ego
3678 1704 3783 1759 ho-

485 1816 587 1871 pro
613 1801 946 1873 quajuravit
968 1802 1213 1873 patribus
1240 1801 1717 1868 nostris,utdaret
1742 1817 1862 1858 eam
1894 1802 2073 1858 nobis.
2108 1800 2155 1860 B
2182 1799 2267 1855 die
2291 1800 2550 1872 praecipio
2571 1800 2751 1866 vobis,
2780 1800 2834 1855 in
2863 1808 3046 1856 monte
3074 1798 3268 1863 llebal,
3298 1807 3352 1853 et
3378 1796 3654 1868 larvigabis
3682 1811 3780 1852 eos

482 1893 908 1967 Suscipiensque
938 1895 1193 1951 sacerdos
1216 1894 1501 1950 cartallum
1535 1894 1604 1951 de
1632 1910 1797 1950 manu
1826 1904 1939 1964 tua,
1973 1909 2071 1966 po-

484 1997 579 2043 net
608 1996 737 2043 ante
765 1988 937 2043 ahare
966 1986 1183 2043 Domini
1214 1987 1307 2044 Dei
1342 1986 1416 2041 tui
1453 2004 1469 2055 ;
1501 1996 1557 2043 et
1594 1986 1833 2058 loqueris
1864 1987 1917 2041 in
1944 2002 2075 2043 con-

479 2088 670 2151 spectu
695 2079 913 2136 Domini
942 2079 1038 2134 Dei
1066 2079 1143 2135 tui
1168 2096 1181 2133 :
1208 2079 1378 2150 Syrus
1406 2079 1837 2149 persequebatur
1864 2089 2071 2151 patrem

484 2188 690 2241 meum,
715 2172 808 2243 qui
838 2171 1122 2229 descendit
1142 2173 1195 2228 in
1220 2172 1539 2244 Egyptum,
1572 2180 1628 2228 et
1658 2170 1733 2227 ibi
1762 2172 2074 2243 peregrina-

480 2272 568 2320 tus
597 2273 683 2321 est
710 2265 761 2319 in
794 2265 1124 2335 paucissimo
1156 2280 1418 2321 numero:
1456 2265 1736 2336 crevitque
1768 2266 1820 2320 in
1857 2274 2071 2335 gentem

484 2373 735 2431 magnam
783 2369 839 2414 et
890 2358 1174 2415 robustam
1207 2371 1261 2416 et
1291 2360 1521 2415 inﬁnitae
1571 2358 1954 2416 multitudinis.
1981 2360 2076 2415 AI-

480 2449 853 2523 ﬂixeruntque
870 2467 969 2508 nos
995 2452 1260 2525 Egyptii,
1276 2462 1331 2508 et
1348 2452 1624 2524 persecuti
1646 2461 1772 2509 sunt
1793 2453 1863 2507 im
1871 2467 2075 2521 ponen-

477 2552 561 2601 tes
588 2560 756 2601 onera
804 2546 1147 2617 gravissima,
1174 2558 1228 2603 et
1268 2547 1623 2603 clamavimus
1668 2547 1733 2601 ad
1784 2546 2070 2602 Dominum

480 2637 650 2693 Deum
678 2648 898 2709 patrum
952 2649 1264 2696 nostrorum
1292 2658 1306 2697 :
1334 2641 1426 2711 qui
1453 2639 1730 2696 exaudivit
1762 2654 1882 2708 nos,
1903 2649 1956 2694 et
1985 2654 2074 2695 re-

480 2732 660 2802 spexit
692 2732 1053 2788 humilitatem
1103 2742 1363 2797 nostram,
1397 2742 1451 2788 et
1478 2734 1745 2800 laborem,
1777 2741 1939 2802 atque
1978 2748 2074 2785 an-

478 2824 712 2892 gustiam
739 2841 754 2891 ;
780 2833 835 2880 et
860 2824 1049 2880 eduxit
1084 2839 1182 2880 nos
1212 2824 1280 2880 de
1306 2824 1538 2897 AEgypto
1559 2826 1610 2878 in
1642 2838 1805 2879 manu
1846 2823 1993 2888 torti,
2020 2832 2072 2878 et

482 2914 705 2971 brachio
736 2926 984 2984 extento,
1019 2918 1073 2973 in
1127 2918 1329 2987 ingenti
1358 2932 1579 2988 pavore,
1609 2916 1663 2972 in
1704 2918 1871 2987 signis
1910 2926 2072 2986 atque

480 3007 785 3076 portentis;
815 3016 871 3062 et
914 3008 1216 3063 introduxit
1241 3008 1307 3063 ad
1338 3008 1514 3063 locum
1556 3009 1719 3063 istum
1769 3016 1823 3063 et
1855 3006 2073 3061 tradidit

486 3098 643 3155 nobis
684 3107 884 3154 terram
918 3100 1058 3155 hanc
1088 3100 1228 3156 lacte
1257 3110 1309 3156 et
1339 3101 1503 3156 melle
1535 3109 1867 3155 manantem.
1894 3100 1961 3154 Et
1990 3099 2071 3155 id-

2179 1893 2351 1959 calce,
2380 1901 2437 1949 et
2466 1892 2758 1948 aediﬁcabis
2807 1892 2887 1947 ibi
2934 1891 3105 1947 altare
3157 1889 3389 1946 Domino
3417 1890 3530 1944 Deo
3562 1900 3674 1957 tuo,
3708 1888 3781 1944 de

2176 1987 2448 2057 lapidibus
2479 2000 2616 2058 quos
2644 1985 2849 2042 ferrum
2882 2000 2988 2041 non
3018 1985 3219 2057 tetigit,
3244 1995 3299 2040 et
3323 1984 3392 2040 de
3417 1983 3564 2039 saxis
3606 1981 3781 2038 infor-

2176 2079 2355 2135 mibus
2384 2088 2439 2135 et
2459 2079 2741 2148 impolitis,
2803 2086 2860 2134 et
2903 2078 3111 2135 offeres
3156 2093 3323 2148 super
3362 2092 3428 2133 eo
3456 2076 3779 2133 holocausta

2181 2176 2410 2231 Domino
2443 2176 2549 2231 Deo
2578 2184 2692 2239 tuo,
2720 2183 2775 2230 et
2796 2173 3103 2229 immolabis
3134 2172 3347 2228 hostias
3374 2172 3648 2242 paciticas,
3678 2183 3778 2225 co-

2176 2268 2473 2339 medesque
2503 2268 2599 2335 ibi,
2632 2277 2684 2324 et
2712 2266 3020 2337 epulaberis
3047 2280 3230 2321 coram
3258 2265 3490 2320 Domino
3520 2263 3628 2319 Deo
3658 2272 3772 2317 tuo.

2177 2361 2244 2418 Et
2273 2362 2479 2419 scribes
2527 2376 2693 2431 super
2740 2360 2951 2432 lapides
3004 2364 3185 2415 omnia
3244 2358 3409 2414 verba
3448 2356 3779 2428 legishujns

2176 2456 2341 2525 plane
2368 2463 2424 2509 et
2452 2453 2652 2509 lucide.
2687 2452 2768 2525 [C.
2802 2451 3116 2525 CXXXIX.]
3166 2451 3539 2522 Dixeruntque
3595 2450 3776 2506 Moses

2177 2555 2235 2604 et
2254 2546 2576 2602 sacerdotes
2606 2545 2833 2600 Levitici
2866 2544 3088 2615 generis
3114 2543 3184 2599 ad
3212 2558 3430 2599 omnem
3476 2542 3728 2598 Israelem
3756 2558 3771 2596 :

2175 2639 2505 2706 Attende,et
2537 2639 2686 2708 audi,
2740 2638 2957 2694 Israel:
2988 2638 3152 2693 hodie
3199 2640 3375 2694 factus
3425 2652 3487 2694 es
3544 2636 3775 2708 populus

2175 2732 2390 2788 Domini
2441 2734 2534 2788 Dei
2566 2733 2643 2787 tui
2673 2748 2687 2789 :
2722 2731 2909 2788 audies
2950 2746 3145 2788 vocem
3194 2731 3314 2802 ejus
3343 2739 3398 2787 et
3426 2730 3594 2786 facies
3624 2745 3777 2785 man-

2177 2826 2298 2883 data
2334 2835 2499 2897 atque
2538 2825 2807 2897 justitias,
2842 2841 2977 2897 quas
3008 2841 3109 2898 ego
3160 2824 3420 2897 praecipio
3467 2824 3777 2901 tibhhodie

2178 2922 2364 2996 [Vulg.
2398 2932 2500 2977 tac.
2539 2922 2744 2995 hodie].
2802 2922 2885 2994 [Ο.
2941 2919 3125 2993 CXL.]
3169 2920 3544 2991 Prmcepitque
3594 2918 3776 2974 Moses

2175 3015 2378 3086 papnio
2409 3015 2463 3070 in
2487 3013 2578 3069 die
2610 3014 2726 3079 illo,
2758 3014 2953 3069 dicens
2983 3032 2997 3068 :
3037 3014 3104 3069 Hi
3150 3014 3369 3069 stabunt
3416 3012 3482 3068 ad
3540 3011 3774 3068 benedi-

2175 3104 2407 3160 cendum
2450 3105 2651 3176 populo
2706 3118 2872 3175 super
2919 3114 3158 3160 montem
3212 3104 3476 3173 Garizim,
3532 3103 3771 3160 Iordane

486 3190 640 3246 circo
670 3189 997 3246 nuncoﬂ‘ero
1031 3191 1296 3259 primitias
1332 3190 1543 3262 frugum
1577 3203 1935 3261 terrac,quam
1969 3191 2070 3244 D0-

2180 3199 2497 3254 transmisso
2530 3218 2543 3253 :
2568 3199 2818 3267 Simeon,
2845 3198 2998 3269 Levi,
3028 3198 3219 3264 ludas,
3239 3197 3508 3267 Issachar,
3538 3197 3769 3269 Joseph,

475 3282 657 3337 minus
686 3282 836 3337 dedit
864 3282 1018 3338 mihi.
1056 3284 1118 3337 Et
1145 3282 1391 3339 dimittes
1420 3298 1514 3339 eas
1546 3285 1596 3338 in
1628 3293 1925 3354 conspectu
1964 3283 2071 3338 Do-

485 3374 615 3428 mini
649 3374 746 3428 Dei
780 3375 891 3440 tui;
922 3383 977 3430 et
1002 3374 1230 3431 adorato
1270 3376 1498 3431 Domino
1527 3376 1638 3431 Deo
1676 3388 1791 3442 tuo,
1816 3374 2073 3446 epulabe-

479 3467 558 3522 ris
581 3466 634 3521 in
667 3468 919 3523 omnibus
956 3468 1135 3533 bonis,
1165 3484 1286 3539 quae
1308 3469 1571 3524 Dominus
1593 3470 1743 3525 Deus
1769 3478 1894 3523 tuus
1916 3468 2075 3523 dede-

475 3559 549 3615 rit
580 3560 698 3624 tibi,
720 3568 776 3614 et
816 3559 1004 3615 domui
1036 3570 1162 3630 tuae,
1194 3570 1250 3615 tu
1277 3571 1332 3616 et
1354 3561 1596 3631 Levites,
1641 3570 1695 3616 et
1742 3560 1954 3616 advena
1980 3562 2072 3629 qui

479 3664 658 3711 tecum
690 3664 793 3710 est.
819 3654 1049 3723 Quando
1078 3654 1442 3726 compleveris
1469 3654 1738 3711 decimam
1757 3664 2073 3709 cunctarum

476 3746 688 3819 frugum
727 3757 968 3818 tuarum,
1001 3764 1145 3804 anno
1175 3750 1511 3805 decimarum
1555 3750 1736 3816 tertio,
1769 3748 1923 3804 dabis
1971 3747 2075 3802 Lc-

473 3842 621 3911 vitae,
655 3852 709 3898 et
753 3842 1002 3911 advenae,
1032 3851 1089 3897 ct
1131 3842 1336 3913 pupillo
1364 3849 1421 3897 et
1456 3841 1663 3908 viduae,
1694 3850 1751 3896 ut
1781 3839 2077 3895 comedunt

476 3934 618 3991 intra
644 3944 828 4006 portas
856 3944 996 4001 tuas,
1026 3945 1081 3992 et
1106 3944 1424 3993 saturentur
1453 3954 1467 3991 :
1491 3935 1838 4007 loquerisque
1867 3936 1919 3990 in
1948 3950 2077 3989 con-

477 4038 665 4096 spectu
706 4028 921 4083 Domini
958 4028 1051 4083 Dei
1081 4030 1196 4084 tui:
1229 4029 1440 4084 Abstuli
1479 4028 1621 4099 quod
1675 4027 2076 4083 sanctiﬁcatum

482 4120 656 4176 estde
685 4120 847 4176 domo
894 4137 1031 4188 mea,
1064 4130 1119 4178 ct
1162 4120 1284 4177 dedi
1317 4120 1447 4175 illud
1501 4121 1700 4176 Levitas
1729 4129 1787 4175 et
1829 4119 2074 4186 advenae,

478 4211 683 4281 pupillo
710 4227 774 4268 ac
803 4212 1003 4277 viduae,
1034 4214 1177 4269 sicut
1222 4213 1433 4285 jnssisti
1457 4212 1628 4278 mihi;
1663 4228 1769 4267 non
1800 4211 2077 4281 praeterivi

484 4304 742 4360 mandata
776 4314 889 4372 tua,
920 4320 1020 4362 nec
1058 4321 1177 4362 sum
1222 4305 1423 4362 oblitus
1471 4304 1686 4376 imperii
1731 4302 1918 4376 [Vulg.
1946 4302 2075 4358 add.

483 4398 605 4469 tui].
640 4398 760 4455 Non
790 4399 1005 4455 comedi
1036 4415 1102 4454 ex
1135 4399 1220 4455 his
1264 4400 1319 4455 in
1346 4399 1495 4456 luctu
1522 4414 1666 4463 meo,
1703 4413 1804 4455 nec
1830 4396 2080 4467 separavi

481 4505 545 4545 ea
574 4490 626 4545 in
656 4490 898 4561 qualibet
941 4490 1310 4557 immunditia,
1344 4506 1446 4547 nec
1472 4489 1705 4562 expendi
1726 4505 1791 4545 ex
1816 4489 1900 4544 his
1923 4487 2081 4559 quid-

2175 3296 2557 3365 etBenjamin.
2590 3297 2961 3369 Eteregione
3018 3299 3107 3354 isti
3151 3298 3377 3354 stabunt
3422 3298 3490 3353 ad
3546 3298 3777 3355 maledi-

2176 3388 2409 3444 cendum
2432 3391 2483 3444 in
2518 3399 2705 3446 monte
2739 3391 2905 3447 llebal
2934 3410 2946 3445 :
2977 3391 3190 3457 Ruben,
3237 3392 3373 3455 Gad,
3400 3400 3455 3447 et
3485 3390 3646 3459 Aser,
3677 3392 3782 3446 Za-

2175 3480 2365 3547 bulon,
2400 3482 2533 3549 Dan,
2571 3490 2624 3538 et
2651 3482 2960 3552 Nephthali.
2992 3480 3071 3554 [Ο.
3103 3480 3311 3554 CXLI.]
3360 3482 3429 3538 Et
3458 3484 3782 3553 pronuntia-

2176 3574 2312 3630 bunt
2338 3574 2561 3642 Levitae,
2578 3576 2868 3644 dicentqne
2891 3576 2956 3631 ad
2983 3591 3175 3632 omnes
3196 3578 3343 3632 viros
3364 3577 3530 3634 Israel
3551 3578 3780 3633 excelsa

2174 3681 2356 3722 voce:
2414 3660 2499 3737 [Β.
2560 3666 2849 3739 CXXXII.]
2901 3668 3227 3725 Maledictus
3274 3668 3439 3725 homo
3501 3670 3593 3738 qui
3646 3668 3783 3725 facit

2177 3758 2431 3827 sculptile
2455 3767 2511 3813 et
2536 3758 2836 3827 conﬂatile,
2866 3760 3335 3816 abominationem
3372 3760 3608 3829 Domini,
3636 3776 3777 3832 opus

2178 3866 2434 3906 manuum
2485 3852 2781 3916 artificum,
2838 3865 3109 3924 ponetque
3150 3854 3281 3909 illud
3325 3853 3378 3909 in
3429 3854 3778 3910 abscondito.

2178 3943 2249 3998 Et
2272 3943 2627 4013 respondebit
2649 3945 2825 4001 omnis
2849 3946 3096 4016 populus,
3120 3946 3367 4002 etdicet:
3400 3947 3593 4002 Amen.
3619 3948 3789 4003 Male-

2179 4036 2359 4093 dictus
2390 4039 2481 4109 qui
2514 4052 2616 4093 non
2651 4038 2973 4093 honorificat
3002 4048 3211 4109 patrem
3236 4056 3417 4107 suum,
3444 4050 3499 4095 et
3529 4049 3781 4096 matrem.

2181 4129 2247 4184 Et
2300 4128 2446 4184 dicct
2496 4129 2673 4184 omnis
2727 4130 2960 4200 p0pulus
3004 4146 3019 4185 :
3075 4130 3272 4186 Amen.
3324 4131 3645 4187 Maledictus
3686 4133 3783 4203 qui

2182 4221 2444 4278 transfert
2478 4223 2738 4278 terminos
2763 4222 3000 4292 proximi
3030 4223 3133 4281 sui.
3192 4224 3262 4279 Et
3309 4224 3456 4281 dicet
3478 4225 3655 4281 omnis
3686 4240 3791 4295 po-

2180 4317 2342 4389 pulus
2376 4335 2388 4371 :
2423 4318 2620 4372 Amen.
2654 4315 2970 4373 Maledictus
3027 4316 3119 4387 qui
3166 4330 3354 4372 errare
3400 4316 3537 4372 facit
3578 4331 3787 4372 mecum

2187 4408 2241 4462 in
2295 4409 2511 4463 itinere.
2556 4408 2624 4463 Et
2666 4407 2811 4462 dicet
2859 4408 3038 4463 omnis
3067 4408 3341 4479 populus:
3375 4411 3570 4463 Amen.
3615 4408 3791 4464 Male-

2182 4499 2361 4555 dictus
2386 4500 2480 4570 qui
2509 4500 2773 4569 pervertit
2795 4498 3062 4569 judicium
3102 4500 3350 4567 advenae,
3400 4499 3589 4570 pupilli
3619 4508 3675 4555 et
3706 4501 3790 4555 vi-

481 4596 641 4654 qnam
672 4583 723 4637 in
756 4597 816 4638 re
846 4582 1325 4639 t‘unebri.0bedivi
1352 4584 1469 4638 voci
1506 4583 1719 4638 Domini
1755 4581 1850 4638 Dei
1879 4581 2082 4647 mei,et
2108 4578 2163 4639 D
2187 4591 2327 4647 dum.
2355 4592 2424 4647 Et
2449 4593 2595 4647 dicet
2619 4592 2801 4647 omnis
2834 4593 3107 4662 populus:
3133 4595 3331 4648 Amen.
3355 4592 3673 4648 Maledictus
3696 4594 3790 4664 qui

480 4683 584 4740 feci
607 4686 788 4741 omnia
816 4686 953 4742 sicut
978 4687 1281 4758 praecepisti
1298 4685 1450 4741 mihi.
1470 4686 1703 4757 Respice
1725 4686 1793 4741 de
1817 4694 2078 4741 sanctua-

483 4789 568 4843 rio
598 4798 709 4855 tuo,
734 4795 791 4845 et
811 4788 880 4845 de
911 4789 1131 4846 excelso
1160 4788 1421 4845 caelorum
1470 4788 1800 4859 habitaculo,
1828 4798 1882 4845 et
1912 4789 2082 4845 bene-

487 4892 575 4949 dic
606 4894 801 4964 populo
833 4903 925 4949 tuo
962 4894 1151 4963 Israel,
1177 4903 1231 4951 et
1257 4902 1419 4950 terra:
1466 4910 1627 4965 quam
1656 4893 1853 4950 dedisti
1891 4891 2075 4961 nobis,

484 4997 624 5052 sicut
639 4995 840 5065 jurasti
866 4997 1114 5067 patribus
1131 4997 1355 5061 nostris,
1375 5005 1532 5051 terra:
1550 4996 1688 5053 lacte
1710 5007 1765 5052 et
1792 4996 1953 5053 melle
1971 5011 2083 5051 ma-

488 5095 662 5149 nanti.
681 5093 853 5149 llodie
878 5094 1139 5151 Dominus
1162 5095 1307 5152 Deus
1336 5102 1459 5151 tuus
1487 5095 1749 5165 praecepit
1781 5096 1901 5161 tibi,
1920 5105 1977 5151 ut
1997 5094 2080 5149 fa-

486 5195 600 5250 cias
658 5195 913 5251 mandata
961 5198 1077 5253 haec
1121 5205 1286 5269 atque
1330 5196 1576 5268 judicia;
1624 5205 1681 5252 et
1724 5196 2002 5253 custodias
2028 5204 2085 5253 et

489 5294 715 5365 impleas
737 5311 805 5352 ex
850 5304 962 5351 toto
1018 5296 1185 5353 corde
1215 5305 1313 5353 tuo
1336 5339 1353 5365 ,
1395 5305 1450 5353 et
1489 5312 1560 5353 ex
1593 5304 1704 5352 tota
1752 5297 1933 5351 anima
1968 5286 2080 5351 tua.

492 5396 823 5471 [B.CXXX.]
852 5398 1137 5456 Dominum
1162 5399 1379 5473 elegisti
1406 5399 1590 5469 hodie,
1611 5409 1670 5456 ut
1694 5399 1767 5457 sit
1789 5401 1886 5456 tibi
1916 5400 2081 5469 Deus,

490 5511 547 5559 et
570 5501 821 5558 ambules
847 5503 900 5559 in
924 5504 1025 5560 viis
1055 5505 1196 5576 ejus,
1227 5514 1282 5561 et
1310 5505 1588 5561 custodias
1634 5505 1997 5561 caeremonias
2023 5505 2085 5561 il-

492 5605 623 5675 lius,
648 5614 704 5662 et
723 5605 982 5663 mandata
1004 5615 1165 5677 atque
1182 5606 1411 5677 judicia,
1442 5615 1497 5664 et
1521 5607 1746 5665 obedias
1776 5606 1894 5679 ejus
1918 5609 2088 5679 impe-

491 5708 684 5773 rio.Et
704 5708 965 5765 Dominus
992 5708 1157 5780 elegit
1178 5715 1232 5765 te
1260 5708 1439 5777 hodie,
1468 5718 1524 5765 ut
1545 5710 1622 5767 sis
1650 5710 1703 5767 ei
1731 5712 1964 5782 populus
1987 5725 2083 5782 pe-

494 5799 718 5871 cularis,
764 5800 906 5860 sicut
956 5801 1168 5860 locutus
1212 5811 1296 5861 est
1333 5803 1453 5873 tibi,
1487 5813 1544 5861 et
1591 5804 1868 5864 custodias
1897 5804 2079 5863 omnia

2188 4694 2531 4751 dormitcum
2564 4709 2736 4751 uxore
2762 4694 2934 4763 patris
2960 4694 3064 4759 sui,
3114 4704 3169 4750 et
3222 4695 3429 4751 revelat
3471 4696 3787 4766 operimcn-

2190 4804 2303 4850 tum
2337 4795 2519 4851 lectuli
2549 4793 2688 4864 ejus.
2734 4793 2805 4849 Et
2852 4793 2999 4849 dicet
3046 4794 3225 4849 omnis
3276 4795 3507 4865 populus
3541 4811 3555 4848 :
3586 4794 3790 4852 Amen.

2189 4896 2508 4952 Maledictus
2538 4895 2630 4965 qui
2660 4894 2863 4950 dormit
2888 4910 3013 4950 cum
3038 4896 3187 4951 omni
3210 4898 3483 4965 jumento.
3546 4896 3614 4952 Et
3643 4897 3794 4953 dicet

2190 4996 2371 5052 omnis
2394 4995 2625 5066 populus
2660 5011 2675 5049 :
2707 4993 2905 5049 Amen.
2938 4993 3267 5052 Maledictus
3294 4997 3384 5063 qui
3412 4995 3620 5052 dormit
3663 5011 3792 5052 cum

2186 5112 2377 5155 sorore
2419 5111 2539 5164 sua,
2568 5095 2676 5151 ﬁlia
2704 5095 2879 5166 patris
2907 5096 3014 5160 sui,
3046 5096 3131 5152 vel
3155 5097 3348 5152 matris
3372 5112 3508 5153 suae.
3550 5097 3618 5152 Et
3645 5097 3797 5154 dicet

2185 5201 2362 5257 omnis
2385 5198 2619 5270 populus
2650 5214 2665 5251 :
2694 5197 2892 5254 Amen.
2919 5197 3239 5254 Maledictus
3273 5200 3369 5269 qui
3413 5199 3621 5256 dormit
3662 5215 3790 5255 cum

2185 5313 2346 5357 socru
2378 5313 2475 5353 sua
2508 5297 2587 5369 [h.
2616 5311 2739 5353 cum
2771 5311 2956 5363 socru,
3000 5296 3097 5353 hoc
3130 5307 3228 5363 est,
3252 5308 3482 5368 cognata
3525 5298 3666 5372 sua].
3719 5298 3795 5357 Et

2187 5402 2331 5459 dicet
2350 5399 2530 5459 omnis
2578 5398 2861 5469 populus:
2907 5399 3105 5453 Amen.
3167 5398 3491 5456 Maledictus
3530 5400 3792 5472 quiclam

2188 5505 2526 5578 percusserit
2546 5502 2854 5575 proximum
2887 5517 3069 5559 suum.
3101 5500 3171 5557 Et
3194 5501 3341 5558 dicet
3393 5504 3573 5559 omnis
3620 5518 3797 5575 popu-

2189 5609 2276 5666 lus
2299 5627 2315 5666 :
2342 5609 2537 5665 Amen.
2572 5604 2890 5661 Maledictus
2913 5602 3011 5673 qui
3049 5604 3248 5674 accipit
3278 5618 3532 5671 munera,
3576 5612 3633 5660 ut
3663 5618 3801 5676 per-

2194 5713 2361 5771 cutiat
2389 5712 2623 5769 animam
2655 5706 2934 5779 sanguinis
2974 5705 3309 5762 innocentis.
3343 5706 3409 5763 Et
3442 5706 3591 5763 dicet
3611 5707 3798 5764 omnis

2196 5805 2428 5881 populus
2470 5820 2484 5859 :
2527 5803 2722 5863 Amen.
2758 5798 3079 5859 Maledictus
3116 5798 3213 5874 qui
3260 5814 3369 5859 non
3407 5809 3697 5872 permanet
3736 5798 3794 5857 in‘
