4098 6366
275 302 379 358 ιιι)

1528 299 1732 359 LIBER
1775 297 2311 361 DEUTEBONOMII.

3422 303 3431 317 '
3450 303 3556 363 450

276 414 621 471 sermonibus
668 414 806 487 legis
854 414 1035 487 hujus,
1070 429 1172 473 nec
1196 429 1292 474 eos
1327 429 1499 488 opere
1528 416 1763 487 perﬁcit.
1797 415 1864 471 Et
1890 422 1933 479 Α
1967 416 2142 472 donec
2189 425 2478 473 consumat
2521 424 2573 473 te
2621 414 2689 472 de
2738 423 2903 484 terra,
2937 418 3003 473 ad
3031 430 3190 489 qnam
3250 416 3555 490 ingrederis

276 506 417 562 dicet
441 512 623 562 omnis
653 508 881 577 papulus
909 525 923 563 :
956 509 1149 566 Amen.
1184 518 1211 547 α

344 603 425 673 [ιι.
457 601 744 671 cxxxm,
773 603 838 658 c.
864 603 1071 671 cxur,
1108 603 1238 674 Cap.
1262 602 1524 676 xxvm.]
1575 603 1632 660 Si
1679 611 1862 659 autem

274 696 513 751 audieris
543 712 729 752 vocem
759 696 975 753 Domini
997 697 1088 753 Dei
1117 697 1216 763 tui,
1238 707 1298 752 ut
1315 698 1482 753 facias
1500 706 1663 768 atque
1682 704 1867 752 custo-

274 789 388 846 dias
414 790 600 846 omnia
629 790 884 846 mandata
915 790 1055 861 ejus,
1087 806 1207 862 qua:
1231 806 1331 862 ego
1357 791 1613 860 prmcipio
1637 789 1731 845 tibi
1766 788 1865 842 ho-

260 884 382 949 die,
408 883 569 940 t‘aciet
586 892 641 940 te
660 883 922 940 Dominus
950 883 1099 939 Deus
1121 892 1245 939 tuus
1263 883 1625 939 excelsiorem
1653 880 1863 937 cunctis

272 975 547 1049 gentibus,
571 992 692 1048 quae
721 984 1011 1032 versantur
1034 976 1086 1030 in
1115 986 1284 1031 terra.
1327 974 1672 1045 Venientque
1698 987 1862 1043 super

273 1082 326 1130 te
358 1074 628 1129 universa:
652 1070 1069 1128 benedicuones
1097 1070 1237 1136 istte,
1260 1078 1316 1125 et
1335 1068 1750 1139 apprehendent
1777 1076 1860 1123 te:

270 1167 319 1220 si
355 1177 531 1221 tamen
563 1172 833 1235 prmcepta
881 1163 1000 1233 ejus
1044 1161 1309 1218 audieris.
1358 1160 1684 1215 Benedictus
1719 1166 1778 1213 tu
1808 1157 1863 1213 in

270 1258 510 1324 civitate,
540 1267 597 1313 et
623 1256 948 1313 benedictus
994 1255 1049 1310 in
1077 1268 1231 1324 agro.
1288 1253 1610 1308 Benedictus
1656 1251 1864 1307 fructus

269 1352 481 1408 ventris
512 1352 609 1418 tui,
641 1359 695 1405 et
717 1349 925 1405 fructus
950 1357 1110 1404 terrae
1151 1354 1279 1413 tuae,
1307 1344 1622 1415 fructusque
1645 1343 1863 1415 jumen-

274 1454 457 1500 torum
478 1452 713 1508 tuorum,
739 1456 932 1513 greges
959 1449 1329 1496 armentorum
1360 1446 1597 1507 tuorum,
1615 1446 1670 1493 et
1692 1436 1865 1492 caulae

274 1538 461 1594 ovium
488 1546 724 1593 tuarum.
753 1534 1043 1591 Benedicta
1083 1533 1281 1589 horrea
1312 1540 1424 1599 tua,
1465 1542 1519 1587 et
1558 1530 1865 1586 benedictae

272 1628 525 1701 reliquiae
547 1638 673 1684 tuae.
708 1627 1034 1683 Benedictus
1067 1626 1178 1681 eris
1214 1632 1271 1681 et
1296 1622 1605 1695 ingrediens
1632 1630 1687 1678 et
1712 1635 1862 1691 egre-

268 1725 453 1780 diens.
485 1724 645 1778 Dabit
674 1722 934 1777 Dominus
978 1720 1234 1775 inimicos
1286 1727 1432 1785 tuos,
1489 1716 1581 1785 qui
1632 1728 1862 1771 consur-

1965 504 2153 580 [Vulg.
2183 507 2531 581 ingredieris]
2563 507 2967 579 possidendam.
2998 509 3271 566 Percutiat
3293 520 3345 567 te
3370 510 3558 567 Domi-

1964 614 2067 654 nus
2097 609 2366 671 egestate,
2394 600 2535 657 febri
2579 611 2637 658 et
2689 600 2913 681 frigore,
2960 603 3161 660 ardore
3208 613 3262 660 et
3300 614 3456 670 aestu,
3504 610 3561 660 et

1964 706 2091 748 aere
2110 700 2370 763 corrupto
2399 708 2462 749 ac
2490 693 2763 764 rubigine,
2796 701 2855 750 et
2878 704 3242 767 persequatur
3268 694 3444 753 donec
3465 710 3560 765 pe-

1964 796 2107 838 reas.
2154 782 2238 839 Sit
2283 783 2503 850 cudum,
2546 785 2693 855 quod
2746 799 2913 855 supra
2961 795 3015 842 te
3042 796 3147 854 est,
3209 801 3464 842 aeneum:
3507 795 3566 843 et

1964 882 2133 943 terra,
2164 891 2328 948 quam
2358 878 2557 948 calcas,
2608 877 2807 935 ferrea.
2859 879 2963 936 Det
3010 880 3273 937 Dominus
3324 881 3559 939 imbrem

1964 976 2128 1024 terrae
2152 978 2255 1023 tuac
2282 969 2590 1040 pulverem,
2622 980 2677 1027 et
2704 971 2773 1027 de
2801 971 2941 1028 caelo
2964 971 3267 1029 descendat
3319 988 3485 1044 super
3505 984 3558 1031 te

1962 1060 2121 1129 cinis,
2146 1062 2323 1117 donec
2351 1063 2656 1118 conteraris
2680 1063 2758 1136 [h.
2794 1063 3086 1122 Pulverem
3120 1074 3176 1122 et
3225 1068 3470 1123 cinerem
3495 1068 3565 1124 de

1964 1155 2144 1211 coelo:
2202 1155 2541 1211 descendant
2598 1171 2763 1227 super
2822 1166 2899 1224 te,
2961 1158 3137 1215 donec
3215 1162 3562 1235 conteraris].

1965 1245 2166 1301 Tradet
2199 1255 2249 1301 te
2273 1247 2543 1303 Dominus
2588 1258 2938 1305 corruentem
2995 1258 3125 1308 ante
3177 1251 3367 1309 hostes
3418 1262 3563 1311 tuos.

1963 1336 2067 1392 Per
2095 1353 2252 1393 unam
2279 1340 2421 1405 viam
2449 1340 2753 1410 egrediaris
2776 1350 2965 1397 contra
2994 1358 3113 1411 eos,
3136 1352 3190 1399 et
3220 1359 3318 1415 per
3347 1353 3557 1416 septem

1964 1429 2161 1502 fugias,
2192 1442 2248 1488 et
2279 1433 2616 1505 diSpergaris
2640 1452 2733 1506 per
2759 1438 2941 1493 omnia
2967 1454 3131 1510 regna
3162 1449 3343 1497 terrae.
3372 1440 3564 1514 Sitque

1964 1527 2201 1583 cadaver
2238 1537 2388 1584 tuum
2441 1530 2495 1585 in
2543 1545 2722 1587 escam
2748 1533 2963 1589 cunctis
2992 1534 3310 1591 volatilibus
3331 1536 3476 1603 cceli,
3509 1545 3569 1594 et

1966 1620 2157 1677 bestiis
2184 1631 2363 1688 terrae,
2396 1632 2449 1678 et
2477 1640 2583 1679 non
2612 1625 2680 1679 sit
2705 1628 2796 1696 qui
2820 1626 3022 1697 abigat.
3049 1628 3326 1684 Percutiat
3355 1639 3407 1685 te
3451 1629 3567 1687 Do-

1965 1713 2148 1767 minus
2178 1714 2359 1770 ulcere
2378 1714 2623 1788 Egypti,
2649 1724 2705 1771 ct
2730 1728 2941 1789 partem
2967 1722 3238 1791 corporis,
3272 1738 3369 1791 per
3394 1738 3558 1794 quam

267 1826 406 1889 gunt
433 1815 720 1871 adversum
753 1823 827 1880 te,
859 1820 1178 1868 corruentes
1205 1811 1259 1865 in
1283 1817 1583 1880 conspectu
1609 1815 1739 1863 tuo:
1771 1821 1867 1876 per
1894 1809 1943 1871 Β
1971 1812 2213 1860 stercora
2238 1816 2553 1877 egeruntur,
2594 1810 2778 1864 scabie
2799 1825 3020 1881 quoque
3046 1820 3102 1867 et
3124 1812 3406 1883 prurigine
3438 1830 3453 1868 :
3488 1816 3563 1872 ita

268 1924 435 1965 unam
459 1909 601 1964 viam
628 1908 847 1964 venient
867 1913 1055 1962 contra
1088 1912 1165 1969 te,
1195 1914 1251 1960 et
1273 1917 1371 1973 per
1393 1910 1601 1972 septem
1656 1898 1866 1971 fugient

268 2019 297 2059 a
334 2004 478 2060 facie
517 2013 631 2058 tua.
658 2002 882 2058 Emittet
913 2001 1179 2057 Dominus
1223 1998 1659 2055 benedictionem
1700 2012 1867 2066 super

269 2094 502 2151 cellaria
528 2105 641 2161 tua,
672 2104 723 2150 et
754 2109 921 2166 super
953 2095 1137 2149 omnia
1164 2106 1331 2163 opera
1362 2106 1617 2147 manuum
1650 2099 1863 2145 tuarum

268 2186 353 2259 [h.
379 2196 435 2244 et
451 2202 617 2258 super
644 2187 828 2242 omnia
857 2186 924 2242 ad
965 2201 1090 2256 quae
1132 2200 1353 2241 manum
1384 2184 1621 2255 miseris]
1653 2201 1666 2238 :
1701 2184 1867 2239 bene-

267 2278 531 2348 dicetque
560 2277 656 2334 tibi
686 2278 741 2332 in
775 2284 920 2332 terra
951 2291 1113 2347 quam
1139 2274 1439 2347 acceperis.
1474 2274 1768 2331 Suscitabit
1814 2282 1866 2329 te

267 2369 537 2424 Dominus
559 2367 663 2423 sibi
686 2368 743 2423 in
766 2367 1030 2439 populum
1055 2367 1483 2435 sanctum,sicut
1508 2365 1821 2437 juravittibi
1848 2382 1861 2419 :

268 2461 316 2516 si
348 2460 677 2517 custodieris
705 2461 961 2517 mandata
1001 2460 1218 2517 Domini
1268 2461 1363 2517 Dei
1394 2460 1494 2529 tui,
1521 2470 1577 2516 et
1624 2460 1867 2515 ambula-

268 2557 421 2610 veris
451 2555 503 2611 in
523 2555 628 2612 viis
654 2557 793 2627 ejus.
828 2555 1214 2626 Videbuntque
1260 2570 1451 2613 omnes
1479 2564 1748 2612 terrarum
1772 2571 1868 2626 po-

270 2650 385 2719 puli
416 2648 562 2719 quod
586 2665 781 2704 nomen
816 2650 1027 2705 Domini
1061 2650 1368 2705 invocatum
1400 2649 1472 2703 sit
1502 2664 1667 2719 super
1691 2658 1764 2716 te,
1813 2655 1871 2705 et

269 2743 637 2798 timebuntte.
674 2742 971 2800 Abundare
1002 2750 1055 2798 te
1096 2742 1258 2798 faciet
1304 2741 1568 2798 Dominus
1611 2741 1868 2816 omnibus

268 2832 452 2901 bonis,
485 2835 659 2891 fructu
707 2836 847 2892 uteri
872 2836 985 2903 ιιιιῑ,
1019 2844 1076 2891 et
1113 2835 1295 2891 fructu
1329 2835 1700 2906 jumentorum
1747 2844 1869 2891 tuo-

269 2941 423 2993 rum,
458 2925 637 2982 fructu
670 2937 829 2983 terrae
871 2935 999 2996 tuae,
1033 2942 1193 2998 quam
1234 2926 1442 2997 juravit
1484 2928 1745 2983 Dominus
1773 2942 1868 2998 pa-

267 3016 451 3072 tribus
476 3017 605 3082 tuis,
631 3026 689 3073 ut
721 3017 875 3075 daret
922 3017 1040 3073 tibi.
1073 3017 1298 3088 Aperiet
1340 3018 1603 3073 Dominus
1652 3017 1867 3074 thesau-

268 3125 396 3166 rum
449 3124 608 3166 suum
657 3111 957 3182 optimum,
1011 3113 1233 3179 cwlum,
1279 3118 1341 3167 ut
1378 3112 1579 3169 tribuat
1626 3112 1865 3184 pluviam

1967 1902 2224 1955 utcurari
2255 1917 2521 1973 nequeas.
2553 1902 2830 1959 Percutiat
2850 1914 2902 1961 te
2930 1906 3194 1962 Dominus
3215 1910 3452 1964 amentia
3498 1917 3557 1965 et

1969 1992 2216 2049 caecitate
2242 2007 2305 2050 ac
2334 1994 2523 2051 furore
2548 1998 2773 2063 mentis,
2798 2008 2852 2052 et
2879 1999 3066 2069 palpes
3086 2000 3139 2054 in
3168 2001 3395 2056 meridie
3420 2000 3564 2057 sicut

1968 2084 2189 2154 palpare
2242 2086 2382 2142 solet
2403 2102 2581 2143 caecus
2609 2089 2664 2143 in
2701 2089 2968 2155 tenebris,
2992 2100 3045 2146 et
3074 2106 3184 2147 non
3212 2092 3412 2164 dirigas
3442 2094 3563 2151 vias

1971 2186 2112 2231 tuas.
2136 2177 2403 2250 Omnique
2435 2189 2680 2251 tempore
2700 2180 3030 2237 calumniam
3060 2184 3358 2253 suStineas,
3382 2194 3435 2241 et
3465 2200 3565 2257 op-

1969 2270 2225 2338 primaris
2242 2269 2523 2339 violentia,
2557 2288 2659 2328 nec
2690 2272 2893 2330 habeas
2921 2275 3015 2346 qui
3046 2275 3244 2331 liberet
3291 2284 3367 2333 te.
3415 2276 3563 2333 Uxo-

1967 2377 2083 2418 rem
2117 2364 2380 2434 accipias,
2414 2373 2467 2420 et
2493 2365 2631 2423 alius
2660 2366 2893 2423 dormiat
2923 2383 3044 2424 cum
3075 2368 3407 2427 ea.Domum
3432 2372 3566 2426 ειεᾱί-

1969 2456 2118 2525 fices,
2143 2467 2197 2514 et
2214 2474 2332 2517 non
2357 2458 2570 2516 habites
2594 2462 2647 2516 in
2674 2476 2759 2517 ea.
2805 2461 3034 2519 Plantes
3062 2464 3301 2532 vineam,
3347 2475 3401 2520 et
3452 2479 3563 2523 non

1967 2546 2267 2605 vindemies
2289 2564 2433 2605 eam.
2460 2550 2565 2605 Bos
2591 2561 2713 2607 tuus
2744 2552 3055 2608 immoletur
3074 2568 3259 2610 coram
3283 2562 3356 2621 te,
3371 2563 3426 2610 et
3452 2570 3563 2611 non

1967 2640 2222 2696 comedas
2252 2656 2322 2697 ex
2349 2656 2436 2697 eo.
2471 2640 2676 2700 Asinus
2716 2652 2841 2700 tuus
2888 2646 3130 2716 rapiatur
3159 2648 3213 2702 in
3260 2657 3562 2718 conspectu

1971 2741 2085 2799 tuo,
2120 2740 2175 2787 et
2203 2747 2312 2788 non
2344 2733 2604 2790 reddatur
2631 2735 2751 2791 tibi.
2776 2736 2916 2793 Oves
2943 2745 3051 2801 tua:
3074 2738 3271 2794 dentur
3328 2739 3566 2794 inimicis

1972 2829 2097 2895 tuis,
2131 2834 2187 2881 et
2214 2842 2322 2883 non
2340 2829 2420 2907 ‘sit
2449 2828 2542 2899 qui
2568 2837 2621 2885 te
2651 2829 2893 2899 adjuvet.
2923 2830 3049 2887 Filii
3074 2832 3153 2887 tui
3180 2842 3236 2888 et
3281 2832 3409 2888 filiae
3459 2843 3566 2889 tuae

1970 2920 2250 2975 tradantur
2275 2920 2431 2977 alteri
2451 2923 2674 2993 populo,
2698 2922 3009 2981 videntibus
3034 2925 3208 2981 oculis
3228 2926 3359 2993 tuis,
3390 2935 3446 2982 et
3470 2925 3567 2982 de-

1967 3010 2278 3069 ﬁcientibus
2306 3013 2373 3068 ad
2402 3022 2755 3084 conspectum
2773 3030 2961 3073 eorum
2991 3027 3099 3073 tota
3129 3017 3242 3087 die,
3272 3028 3327 3074 ct
3352 3033 3461 3076 non
3492 3018 3565 3073 sit

1969 3102 2231 3160 fortitudo
2264 3106 2316 3160 in
2340 3120 2502 3162 manu
2526 3117 2633 3162 tua.
2660 3107 2892 3164 Fructus
2921 3119 3081 3165 terrae
3109 3117 3237 3179 tute,
3261 3120 3319 3166 et
3370 3123 3568 3166 omnes

270 3211 437 3260 terra:
470 3211 575 3258 tuae
628 3203 684 3259 in
736 3215 978 3274 [empore
1022 3217 1123 3259 suo
1154 3221 1168 3258 :
1227 3213 1282 3259 et
1325 3203 1613 3260 benedicat
1657 3206 1867 3260 cunctis
1893 3202 1940 3268 (ζ
1973 3196 2192 3254 labores
2225 3208 2368 3266 tuos,
2400 3200 2652 3257 comedat
2675 3204 2909 3272 populus
2936 3218 3096 3273 quem
3120 3204 3338 3274 ignoras
3368 3219 3384 3270 ;
3409 3211 3467 3259 et
3490 3203 3567 3260 sis

267 3297 535 3372 operibus
565 3312 820 3353 manuum
844 3307 1085 3353 tuarum.
1118 3296 1414 3352 Fenerabis
1440 3297 1694 3368 gentibus
1720 3298 1863 3353 mul-

270 3385 367 3450 lis,
400 3396 456 3441 et
484 3388 600 3458 ipse
622 3403 653 3442 a
684 3387 836 3444 nullo
867 3388 1021 3445 fenus
1045 3387 1305 3458 accipies.
1335 3386 1646 3444 Constituet
1676 3399 1729 3444 te
1758 3388 1867 3444 Do—

269 3480 457 3534 minus
488 3478 541 3534 in
563 3488 745 3549 caput,
776 3489 831 3535 et
879 3494 988 3535 non
1039 3479 1097 3535 in
1149 3480 1399 3547 caudam,
1429 3488 1485 3535 et
1513 3480 1625 3536 eris
1653 3495 1868 3551 semper

270 3581 544 3641 supra,et
573 3588 684 3628 non
733 3573 955 3629 subter:
1004 3573 1051 3628 si
1103 3572 1343 3629 audieris
1364 3572 1619 3629 mandata
1650 3573 1867 3629 Domini

270 3664 369 3719 Dei
398 3665 497 3731 tui,
530 3680 651 3736 qua:
669 3679 770 3737 ego
798 3666 1055 3736 praecipio
1106 3665 1200 3722 tibi
1242 3666 1424 3735 hodie,
1453 3678 1512 3722 et
1540 3667 1868 3725 custodieris

270 3767 323 3813 et
348 3757 570 3826 feceris,
595 3774 659 3814 ac
690 3774 796 3814 non
820 3760 1187 3817 declinaveris
1217 3760 1284 3816 ab
1322 3762 1424 3828 eis,
1453 3776 1551 3817 nec
1578 3760 1646 3816 ad
1677 3761 1868 3818 dexte-

269 3865 412 3917 ram,
450 3865 552 3905 nec
579 3849 648 3905 ad
677 3851 979 3918 sinistram,
1010 3867 1112 3909 nec
1136 3860 1357 3908 secutus
1385 3851 1552 3908 fueris
1573 3854 1705 3909 deos
1736 3853 1867 3909 alie-

269 3959 395 4005 nos,
428 3959 605 4015 neque
634 3944 872 4001 colueris
923 3958 1023 4001 eos
1052 3945 1132 4017 [h.
1164 3951 1222 4000 et
1251 3959 1359 4001 non
1390 3944 1633 4001 declines
1670 3960 1699 3999 a
1728 3960 1866 4015 prae-

269 4036 448 4106 ceptis
478 4050 600 4106 qua:
629 4051 733 4108 ego
763 4037 1017 4108 praecipio
1040 4036 1134 4093 tibi
1166 4035 1348 4103 hodie,
1380 4051 1480 4092 nec
1504 4036 1570 4091 ad
1619 4036 1865 4092 dextram

272 4144 378 4186 nec
406 4129 474 4185 ad
524 4130 806 4186 sinistram
838 4130 992 4197 ieris,
1024 4138 1248 4187 secutus
1279 4130 1410 4185 deos
1439 4129 1668 4197 alienos,
1690 4145 1867 4201 neque

267 4222 427 4278 colas
454 4222 596 4294 eos].
633 4223 716 4296 [0.
742 4222 995 4296 CXLIII.]
1026 4224 1182 4293 Quod
1212 4224 1258 4279 si
1280 4223 1469 4281 audire
1497 4224 1737 4281 nolueris
1766 4242 1866 4281 vo-

267 4330 392 4372 cem
422 4317 641 4373 Domini
668 4318 765 4373 Dei
793 4318 891 4386 tui,
919 4327 979 4374 ut
1007 4318 1309 4386 custodias,
1362 4328 1419 4375 et
1469 4320 1632 4377 facias
1682 4320 1866 4378 omnia

268 4408 529 4463 mandata
562 4400 681 4480 ejus
710 4418 765 4465 et
792 4410 1168 4478 ca-remonias,
1195 4426 1329 4482 quas
1354 4426 1455 4483 ego
1483 4413 1742 4485 praecipio
1771 4414 1867 4470 tibi

268 4501 467 4568 hodie,
500 4510 914 4573 venientsuper
950 4514 1002 4559 te
1026 4518 1216 4561 omnes
1265 4504 1681 4561 maledictiones
1721 4506 1865 4573 istae,

1973 3307 2193 3365 semper
2216 3295 2550 3351 calumniam
2583 3297 2884 3367 susrinens,
2917 3308 2975 3355 et
3002 3312 3297 3369 oppressus
3354 3296 3566 3354 cunctis

1972 3383 2184 3450 diebus,
2214 3393 2270 3440 et
2298 3394 2525 3457 stupens
2550 3387 2617 3443 ad
2652 3397 2914 3445 terrorem
2936 3406 3147 3457 eorum,
3166 3406 3285 3461 qua:
3297 3390 3567 3447 videbunt

1968 3477 2114 3533 oculi
2143 3478 2545 3535 tui.Percutiat
2594 3488 2646 3536 te
2692 3482 2952 3538 Dominus
2997 3483 3184 3539 ulcere
3229 3483 3472 3554 pessimo
3502 3484 3559 3541 in

1969 3569 2200 3640 genibus
2231 3577 2287 3625 et
2316 3572 2369 3627 in
2399 3570 2563 3639 suris,
2596 3573 2889 3645 sanarique
2918 3590 3025 3630 non
3060 3576 3242 3645 possis
3298 3591 3328 3631 a
3383 3577 3565 3646 planta

1972 3662 2126 3734 pedis
2147 3677 2320 3735 usque
2341 3663 2411 3719 ad
2436 3666 2694 3721 verticem
2746 3675 2923 3722 tuum.
2955 3667 3124 3724 Ducet
3167 3677 3223 3724 te
3278 3668 3569 3736 Dominus,

1971 3765 2026 3811 et
2051 3772 2236 3827 regem
2267 3766 2439 3823 tuum,
2465 3773 2629 3829 quem
2653 3762 3007 3818 constitueris
3036 3776 3200 3834 super
3226 3771 3299 3830 te,
3349 3764 3402 3819 in
3437 3778 3573 3834 gen-

1972 3858 2106 3917 tem,
2138 3866 2302 3921 quam
2334 3852 2552 3922 ignoras
2593 3861 2648 3909 tu
2692 3863 2748 3910 et
2800 3865 2984 3924 patres
3023 3858 3141 3915 tui:
3173 3865 3231 3915 et
3256 3859 3463 3915 servies
3494 3858 3569 3917 ibi

1971 3941 2077 3997 diis
2102 3943 2315 4012 alienis,
2343 3943 2515 4017 ligno,
2549 3954 2605 4002 ct
2634 3946 2821 4018 lapidi.
2850 3948 2916 4005 Et
2941 3950 3047 4006 eris
3079 3950 3324 4021 perditus
3362 3952 3415 4007 in
3438 3967 3569 4022 pro-.

1970 4034 2224 4091 verbium
2274 4052 2339 4094 ac
2360 4037 2597 4095 fabulam
2626 4040 2879 4097 omnibus
2934 4043 3169 4114 populis,
3218 4044 3287 4100 ad
3328 4061 3469 4116 quos
3518 4056 3572 4104 te

1973 4132 2341 4191 introduxerit
2380 4136 2666 4193 Doruinus.
2690 4138 3001 4195 Sementem
3048 4140 3277 4196 multam
3313 4140 3484 4212 jacies
3514 4143 3570 4200 in

1973 4235 2197 4296 terram,
2225 4238 2279 4285 et
2305 4231 2579 4286 modicum
2610 4234 3009 4304 congregabis:
3040 4236 3167 4307 quia
3195 4235 3421 4292 locustte
3451 4251 3570 4293 om-

1972 4321 2061 4376 nia
2089 4322 2452 4379 devorabunt.
2481 4324 2707 4382 Vineam
2740 4327 3011 4397 plantabis
3038 4337 3094 4384 et
3142 4328 3334 4398 fodies,
3380 4338 3437 4386 et
3485 4329 3569 4387 vi-

1972 4430 2100 4471 num
2129 4430 2237 4472 non
2270 4417 2448 4485 bibes,
2474 4432 2576 4475 nec
2598 4420 2821 4491 colliges
2876 4435 2942 4476 ex
2989 4434 3051 4477 ea
3093 4421 3405 4492 quidpiam:
3430 4435 3570 4493 quo-

1973 4508 2119 4564 niam
2151 4511 2456 4567 vastabitur
2479 4512 2774 4569 vermibus.
2817 4512 3000 4570 Olivas
3032 4512 3263 4569 habebis
3316 4514 3370 4569 in
3393 4514 3569 4569 omni-

268 4593 755 4664 etapprehendent
780 4604 852 4651 te.
873 4595 1190 4652 Maledictus
1215 4596 1327 4652 eris
1351 4596 1404 4652 in
1434 4597 1675 4667 civitate,
1701 4598 1874 4655 male-
1897 4592 1952 4655 D
1976 4603 2078 4660 bus
2104 4606 2355 4663 terminis
2380 4606 2508 4674 tuis,
2526 4616 2581 4663 et
2610 4621 2718 4662 non
2742 4608 2962 4678 ungeris
2981 4606 3107 4663 oleo
3132 4606 3282 4678 :quia
3304 4605 3568 4676 defluent,

269 4687 450 4743 dictus
478 4689 533 4742 in
563 4702 717 4759 agro.
740 4688 1087 4746 Maledictum
1120 4690 1372 4747 horreum
1420 4701 1595 4761 tuum,
1620 4702 1672 4747 et
1694 4693 1867 4750 male-

270 4780 436 4837 dictte
462 4781 715 4852 reliquiae
740 4791 866 4839 tute.
899 4782 1217 4838 Maledictus
1252 4782 1460 4840 fructus
1510 4784 1720 4841 ventris
1767 4785 1865 4853 tui,

270 4884 329 4930 et
350 4876 561 4931 fructus
595 4885 758 4931 terrae
776 4884 905 4943 tute,
935 4884 1179 4933 armenta
1215 4876 1379 4932 boum
1410 4884 1655 4945 tuorum,
1676 4886 1730 4934 et
1745 4893 1868 4949 gre-

266 4982 369 5038 ges
395 4967 585 5023 ovium
608 4975 843 5023 tuarum.
906 4967 1224 5024 Maledictus
1265 4967 1374 5025 eris
1427 4968 1760 5039 ingrediens,
1813 4978 1868 5026 et

266 5060 607 5116 maledictus
630 5059 936 5132 egrediens.
964 5061 1140 5117 Mittet
1168 5060 1429 5117 Dominus
1474 5077 1639 5133 super
1696 5069 1751 5118 te
1785 5062 1865 5118 fa-

264 5166 417 5208 mem
456 5161 515 5208 et
540 5152 801 5223 esuriem,
833 5160 892 5209 et
920 5152 1351 5224 increpationem
1380 5155 1437 5209 in
1486 5155 1671 5211 omnia
1702 5170 1865 5227 opera

267 5251 388 5311 tua,
422 5257 548 5315 quae
578 5241 746 5299 facies
775 5260 791 5297 :
821 5243 995 5300 donec
1020 5253 1273 5301 conterat
1295 5253 1370 5311 te,
1395 5253 1453 5302 et
1477 5245 1669 5316 perdat
1720 5247 1869 5303 velo-

264 5335 434 5403 citer,
462 5344 689 5402 propter
713 5335 1129 5393 adinventiones
1158 5346 1278 5393 tuas
1308 5338 1574 5408 pessimas
1597 5339 1649 5394 in
1674 5339 1867 5410 quibus

263 5428 543 5499 reliquisti
575 5442 683 5486 me.
708 5427 981 5501 Adjungat
1037 5428 1303 5487 Dominus
1350 5430 1446 5485 tibi
1472 5428 1863 5501 pestilentiam,

352 5599 382 5664 ιξ
406 5589 487 5647 De
515 5588 856 5647 variantibus
894 5590 1056 5662 hujus
1084 5589 1336 5649 versiculi
1364 5589 1691 5664 lectionibus
1719 5594 1864 5664 apud

268 5658 565 5734 Hebraeos,
609 5658 1003 5729 Samaritanos,
1051 5678 1116 5719 ac
1165 5664 1389 5720 Graecos
1440 5662 1562 5718 fuse
1625 5658 1869 5734 disputat

268 5733 334 5789 S.
376 5734 740 5803 Hieronymus
762 5734 861 5791 lib.
888 5750 926 5790 ιι
976 5734 1284 5791 Comment.
1332 5734 1388 5789 in
1424 5734 1596 5803 Epist.
1630 5733 1862 5792 ad’Gal.

264 5819 403 5876 cap.
433 5819 516 5875 ιιι,
550 5805 683 5862 illuc
712 5820 774 5863 se
821 5820 852 5862 a
898 5806 1057 5863 nobis
1104 5805 1384 5864 amandari
1436 5805 1671 5878 patietur
1698 5804 1868 5866 lector

1971 4708 2025 4754 et
2053 4699 2329 4769 peribunt.
2361 4699 2530 4755 Filios
2555 4700 2839 4770 generabis
2867 4708 2924 4757 et
2952 4701 3113 4768 ﬁlias,
3135 4710 3191 4758 et
3223 4716 3329 4757 non
3362 4701 3562 4758 frueris

1972 4792 2053 4848 eis
2088 4792 2386 4862 :quoniam
2415 4792 2680 4850 ducentur
2701 4794 2756 4850 in
2782 4793 3176 4867 captivitatem.
3235 4794 3442 4852 Omnes
3479 4810 3569 4852 ar-

1970 4881 2134 4938 bores
2186 4892 2304 4938 tuas
2354 4892 2409 4940 et
2462 4885 2642 4956 fruges
2693 4893 2857 4942 terra:
2883 4894 2989 4942 tute
3037 4886 3227 4958 rubigo
3257 4897 3564 4946 consumet.

1969 4974 2217 5044 Advena,
2246 4977 2341 5048 qui
2362 4988 2541 5035 tecum
2564 4990 2819 5037 versatur
2841 4982 2897 5037 in
2926 4990 3095 5050 terra,
3118 4981 3379 5039 ascendet
3400 4997 3566 5055 super

1969 5075 2046 5135 te,
2098 5070 2310 5140 eritque
2332 5070 2663 5128 sublimior:
2704 5081 2760 5128 ιιι
2802 5083 2984 5129 autem
3024 5073 3325 5132 descendes
3363 5085 3419 5132 et
3458 5076 3575 5132 eris

1968 5160 2221 5218 inferior.
2246 5163 2368 5236 lpse
2399 5164 2669 5222 fenerabit
2718 5167 2917 5235 tibi,et
2947 5177 3002 5224 tu
3043 5183 3151 5226 non
3185 5168 3465 5227 fenerabis
3493 5171 3568 5226 ei.

1971 5254 2092 5326 Ipse
2114 5258 2218 5313 erit
2246 5257 2300 5313 in
2322 5268 2507 5331 caput,
2538 5269 2595 5317 et
2616 5269 2672 5318 tu
2700 5262 2810 5319 eris
2836 5263 2890 5318 in
2939 5262 3192 5320 caudam.
3245 5263 3315 5321 Et
3349 5265 3573 5321 venient

1967 5362 2135 5419 super
2161 5358 2213 5406 te
2241 5366 2433 5409 omnes
2463 5353 2881 5412 maledictiones
2902 5354 3024 5412 istae
3055 5354 3242 5429 [Vulg.
3268 5364 3372 5412 tac.
3403 5356 3567 5429 istae],

1969 5451 2025 5499 et
2045 5454 2437 5517 persequentes
2482 5448 2898 5520 apprehendent
2944 5458 3019 5521 te,
3066 5450 3244 5508 donec
3283 5450 3564 5507 intereas:

1974 5602 2244 5661 curiosus.
2285 5604 2463 5662 ΜΑιιτ.

2043 5674 2472 5734 —-Recolendus
2520 5677 2701 5737 denuo
2744 5687 2831 5738 est
2876 5680 2937 5739 S.
2995 5680 3158 5739 Pater
3183 5680 3467 5738 Commen.
3512 5680 3569 5741 in

1974 5744 2147 5821 Epist.
2176 5749 2249 5805 ad
2270 5749 2451 5808 Galat.
2481 5765 2604 5824 cap.
2629 5767 2711 5822 ιιι,
2737 5752 2884 5826 quod
2907 5759 2964 5812 et
2986 5753 3237 5813 Martiae.
3259 5751 3436 5825 jubet.
3458 5826 3463 5830 ι
