3956 6338
490 297 590 356 J5!

1484 295 1544 353 s.
1585 289 1970 369 ιιιειιοιιγιιι
2010 290 2240 353 DlVINA
2286 293 2768 356 BIBLIOTHECA.
3646 298 3734 362 ιω

490 415 614 485 quia
646 425 756 468 non
784 409 984 466 audisti
1012 421 1201 466 vocem
1232 408 1444 466 Domini
1479 407 1574 465 Dei
1598 409 1696 476 tui,
1733 423 1835 465 nec
1860 409 2084 464 servasti
2115 419 2165 474 Α
2191 412 2313 468 coeli
2350 427 2456 481 pne
2508 407 2874 474 multitudine,
2922 405 3178 477 quoniam
3214 421 3320 462 non
3363 407 3546 466 audisti
3573 426 3734 470 νοεριη

493 505 748 562 mandata
779 507 898 575 ejus
938 512 992 560 et
1016 503 1395 566 caeremonias,
1425 515 1559 574 quas
1589 502 1850 574 praecepit
1880 504 1994 559 tibi.
2028 504 2093 558 Et

490 609 654 656 erunt
678 600 735 654 in
769 607 823 654 te
854 599 1005 669 signa
1039 609 1202 668 atque
1245 596 1511 668 prodigia,
1546 607 1598 652 et
1644 598 1697 652 in
1746 598 1956 653 semine
2000 606 2092 652 tuo

500 704 673 761 usque
704 691 757 746 in
790 691 1188 760 sempiternum
1216 705 1230 739 :
1262 705 1328 744 eo
1358 687 1501 760 quod
1548 704 1653 744 non
1701 688 1962 744 servieris
1989 688 2094 744 Do-

491 783 644 838 mino
673 782 781 837 Deo
811 793 904 836 tuo
930 781 984 835 in
1014 779 1235 851 gaudio,
1281 779 1569 849 cordisque
1633 779 1838 846 ltetltia,
1871 792 2094 850 prop'er

493 889 680 931 rerum
710 875 950 930 omnium
981 871 1370 927 abundantiam
1416 890 1430 927 :
1477 872 1684 928 servies
1727 871 1950 928 inimico
1978 881 2091 940 luo,

491 981 654 1038 quem
705 967 959 1022 immittet
1001 966 1264 1021 Dominus
1320 966 1438 1034 tibi,
1492 965 1547 1020 in
1580 967 1740 1032 iame,
1775 976 1828 1020 et
1878 965 1986 1027 siti,
2041 973 2096 1020 et

493 1060 768 1124 nuditate,
816 1070 872 1115 et
915 1061 1156 1115 omnium
1187 1059 1410 1130 penuria
1465 1077 1476 1111 :
1531 1066 1590 1113 et
1639 1059 1882 1129 imponet
1903 1057 2092 1128 jugum

492 1151 731 1209 ferreum
763 1166 927 1222 super
956 1151 1226 1206 cervicem
1280 1158 1446 1216 tuam,
1495 1134 1675 1206 donec
1733 1157 1787 1205 te
1829 1157 2087 1205 conterat.

493 1242 740 1300 Adducet
773 1242 1034 1297 Dominus
1056 1257 1219 1311 super
1245 1251 1299 1297 te
1324 1250 1542 1313 gentem
1574 1241 1644 1296 de
1690 1241 2004 1312 longinquo,
2047 1250 2095 1296 et

494 1333 577 1409 [h.
610 1352 720 1392 non
746 1335 929 1407 habet]
963 1336 1034 1391 de
1072 1336 1332 1413 extremis
1359 1343 1521 1390 terra:
1554 1333 1771 1399 ﬁnibus,
1801 1343 1856 1390 et
1876 1334 1928 1389 in
1952 1333 2098 1390 simi-

491 1427 785 1485 litudinem
837 1427 1036 1497 aquilae
1063 1427 1298 1483 volantis
1345 1441 1466 1484 cum
1497 1425 1738 1496 impetu:
1788 1427 1945 1495 cujus
1995 1425 2098 1481 lin-

493 1534 654 1592 guam
677 1519 992 1589 intelligere
1019 1534 1128 1572 non
1156 1519 1356 1588 possis,
1378 1528 1594 1588 gentem
1629 1517 2094 1588 procacissimam,

493 1627 619 1684 quae
649 1629 755 1667 non
779 1612 995 1668 deierat
1023 1613 1162 1676 seni,
1190 1626 1290 1666 nec
1322 1612 1648 1666 misereatur
1679 1610 1983 1680 parvuli,et
2003 1609 2100 1665 de-

496 1715 660 1761 voret
689 1704 927 1761 fructum
950 1704 1320 1774 jmnentorum
1355 1713 1596 1768 tuorum,
1633 1718 1698 1757 ac
1731 1703 1915 1769 iruges
1938 1710 2101 1756 terra:

2195 503 2411 559 Domini
2444 502 2538 559 Dei
2571 502 2666 557 tui.
2695 502 2762 556 Et
2786 502 2926 555 sicut
2968 508 3097 556 ante
3143 501 3360 556 laetatus
3407 511 3484 558 est
3513 503 3741 562 Dominus

2195 613 2360 669 super
2378 611 2498 665 vos,
2522 597 2659 652 bene
2685 595 2842 651 vobis
2865 594 3090 662 faciens,
3121 609 3326 667 vosque
3367 596 3701 668 multiplicans
3729 620 3740 654 :

2196 693 2277 748 sic
2299 691 2571 746 ltetabitur
2593 688 2916 761 disperdens
2973 704 3069 743 vos
3121 697 3286 759 atque
3338 688 3654 758 subvertens,
3697 701 3748 748 ut

2196 785 2518 841 auferamini
2548 784 2616 839 de
2645 794 2806 848 terra,
2830 782 2897 838 ad
2929 797 3091 853 quam
3125 779 3453 852 ingredierls
3481 781 3649 856 (Vulg.
3680 786 3750 841 in-

2196 877 2488 949 gredieris)
2538 875 2945 948 possidendam.
2983 875 3271 945 Disperget
3321 884 3374 930 te
3425 876 3661 932 Dominus
3705 879 3750 934 in

2199 985 2390 1027 omnes
2414 971 2666 1041 pepulos,
2698 985 2727 1024 a
2750 970 3062 1025 summitate
3093 979 3254 1025 terrae
3295 984 3464 1038 usque
3502 968 3563 1025 ad
3595 971 3758 1027 termi-

2197 1077 2297 1118 nos
2328 1063 2470 1133 ejus,
2504 1073 2556 1118 et
2579 1060 2785 1117 servies
2815 1062 2892 1116 ibi
2921 1061 3028 1116 diis
3063 1061 3281 1128 alienis,
3316 1076 3452 1131 quos
3477 1070 3529 1118 et
3554 1061 3754 1132 tuigno-

2198 1170 2289 1212 ras
2318 1165 2374 1210 et
2421 1164 2602 1224 patres
2651 1156 2750 1218 tui,
2803 1153 2968 1224 lignis
3013 1162 3070 1210 et
3116 1153 3410 1225 lapidibus.
3444 1152 3498 1208 In
3537 1156 3764 1224 gentibus

2200 1263 2417 1319 quoque
2446 1247 2553 1302 illis
2584 1262 2692 1303 non
2716 1251 2987 1319 quiesces,
3011 1261 3189 1317 neque
3206 1245 3312 1302 erit
3332 1243 3537 1315 requies
3557 1245 3764 1318 vestigio

2202 1341 2357 1414 pedis
2380 1341 2475 1397 tui.
2515 1341 2670 1396 Dabit
2697 1344 2842 1396 enim
2878 1339 2975 1395 tibi
3001 1340 3260 1395 Dominus
3283 1339 3357 1394 ibi
3386 1353 3482 1394 cor
3511 1338 3764 1408 pavidum,

2203 1441 2258 1489 et
2315 1432 2633 1488 deﬁcientes
2689 1430 2904 1496 oculos,
2965 1441 3019 1486 et
3071 1431 3310 1486 animam
3365 1443 3591 1485 maerore
3651 1445 3766 1486 con-

2204 1531 2500 1594 sumptam.
2523 1523 2606 1592 (Β.
2639 1521 2956 1596 CXXXIV.)
2979 1523 3056 1577 'Et.
3095 1523 3199 1576 erit
3230 1521 3339 1575 vita
3371 1529 3460 1576 tua
3486 1519 3636 1592 quasi
3663 1536 3775 1592 pcn-

2205 1615 2340 1670 dens
2371 1625 2498 1670 ante
2529 1623 2553 1650 ε
2577 1615 2764 1669 oculos
2788 1625 2908 1669 tuos
2940 1614 3020 1682 (h.
3050 1625 3180 1669 ante
3233 1612 3329 1685 te).
3369 1612 3604 1669 'I‘imehis
3635 1625 3776 1670 nocte

2205 1716 2262 1762 et
2288 1706 2394 1771 die,
2423 1717 2477 1760 et
2505 1722 2609 1761 non
2639 1705 2834 1761 credes
2881 1705 3004 1761 vita:
3060 1715 3187 1761 tute.
3243 1705 3403 1760 Mane
3448 1705 3592 1761 dices
3620 1726 3633 1762 :
3662 1706 3779 1773 Quis

499 1809 606 1857 tua:
637 1818 652 1856 :
686 1801 866 1855 donec
890 1801 1153 1869 intereas,
1179 1809 1232 1853 et
1261 1814 1366 1854 non
1397 1798 1672 1866 relinquat
1695 1797 1791 1851 tibi
1837 1795 2098 1861 triticum,
2131 1805 2179 1867 Β
2207 1797 2336 1852 mihi
2366 1798 2459 1853 det
2480 1799 2870 1867 vesperum?et
2889 1814 3118 1870 vespere
3144 1815 3157 1852 :
3185 1797 3318 1866 Quis
3343 1796 3472 1852 mihi
3503 1797 3591 1854 det
3610 1799 3780 1854 mane?

498 1895 687 1951 vinum
719 1905 776 1950 et
806 1895 1016 1957 oleum,
1051 1901 1298 1947 armenta
1355 1891 1518 1946 boum
1570 1898 1625 1946 et
1652 1905 1850 1961 greges
1872 1889 2050 1944 ovium
2085 1905 2099 1943 :

497 1987 676 2043 donec
735 1996 789 2041 te
818 1985 1098 2056 disperdat
1154 1995 1211 2038 et
1260 1991 1509 2038 conterat
1535 1982 1590 2036 in
1618 1982 1829 2037 cunctis
1879 1981 2102 2035 urbihns

498 2079 606 2135 tuis
630 2119 644 2143 ,
675 2086 731 2134 et
757 2077 1106 2133 destruantur
1137 2078 1277 2131 muri
1318 2078 1395 2129 ιιιί
1436 2076 1574 2129 ﬁrmi
1629 2075 1707 2147 [h.
1741 2073 2100 2138 Obsideberis,

500 2168 558 2226 in
609 2170 841 2226 omnibus
883 2171 1049 2241 portis
1092 2171 1196 2223 tuis
1238 2168 1414 2224 donec
1444 2167 1790 2224 destruantur
1829 2168 1966 2222 muri
2003 2165 2103 2238 tui]

502 2275 667 2335 atque
695 2264 986 2331 sublimes,
1018 2264 1071 2317 in
1102 2263 1301 2334 quibus
1328 2263 1566 2318 habebas
1597 2261 1849 2317 fiduciam
1882 2261 1935 2314 in
1957 2261 2103 2314 otnni

501 2364 648 2412 terra
676 2365 791 2412 tua.
821 2354 1175 2412 Obsideberis
1233 2354 1372 2409 intra
1417 2362 1604 2424 portas
1651 2355 1705 2408 in
1751 2355 1897 2408 omni
1955 2362 2102 2408 terra

503 2449 708 2522 [Vulg.'
729 2448 860 2503 add.
888 2447 1201 2521 tua],qnam
1216 2445 1370 2502 dabit
1391 2447 1490 2502 tibi
1518 2448 1779 2499 Dominus
1804 2446 2102 2508 Deustuus,

505 2553 561 2598 et
583 2541 842 2598 comedes
864 2541 1097 2596 fructum
1125 2541 1338 2596 ventris
1361 2540 1461 2605 tui,
1481 2538 1620 2610 et[h.
1643 2553 1750 2592 non
1781 2535 1967 2606 habet]
1988 2550 2108 2590 car-

511 2648 612 2690 nes
642 2632 877 2687 ﬁliorum
909 2631 1098 2705 |Vulg.
1133 2631 1260 2685 add.
1287 2629 1525 2702 tuorum]
1556 2639 1600 2683 et
1621 2629 1848 2699 ﬁliarum
1869 2636 2106 2692 tuarum,

513 2741 652 2798 quas
682 2727 899 2782 dederit
921 2726 1017 2782 tibi
1053 2725 1318 2779 Dominus
1346 2724 1491 2778 Deus
1514 2733 1656 2783 tuus.
1701 2725 1754 2775 in
1779 2720 2027 2790 angustia
2053 2727 2110 2774 et

506 2820 787 2884 vastitate,
821 2832 928 2887 qua
950 2820 1223 2885 opprimet
1254 2825 1305 2869 te
1329 2815 1498 2868 hostis
1523 2824 1667 2867 tuus.
1709 2813 1886 2867 Homo
1908 2810 2110 2865 delica-

507 2919 597 2966 tus
624 2910 678 2964 in
711 2918 784 2976 te,
817 2919 873 2964 et
905 2910 1215 2963 luxuriosus
1243 2907 1321 2978 [h.
1357 2906 1422 2959 Et
1447 2904 1611 2976 tener]
1643 2904 1816 2972 valde,
1844 2903 2111 2957 invidebit

512 3003 667 3060 fratri
691 3018 816 3071 suo,
846 3012 900 3058 et
930 3002 1112 3065 uxori,
1164 3017 1287 3071 quae
1319 3000 1481 3052 cubat
1513 3001 1566 3052 in
1610 2999 1732 3052 sinu
1765 3012 1885 3061 suo,
1920 3011 1988 3051 ne
2018 2996 2110 3049 det

508 3098 594 3152 eis
618 3096 690 3152 de
709 3095 967 3152 carnibus
992 3095 1226 3148 ﬁliorum
1253 3107 1475 3147 suorum
1496 3090 1680 3162 [Vulg].
1707 3099 1808 3143 (ac.
1834 3086 2106 3159 suorum],

2208 1903 2438 1960 propter
2467 1891 2650 1946 cordis
2700 1893 2774 1945 tui
2804 1889 3170 1962 formidinem,
3221 1906 3328 1962 qua
3382 1891 3692 1958 terreberis,
3736 1900 3785 1946 et

2209 1993 2431 2053 promer
2461 1999 2520 2037 ea
2553 1999 2675 2054 qua:
2721 1985 2830 2037 tuis
2853 1983 3066 2038 videbis
3093 1983 3288 2038 oculis.
3321 1983 3568 2040 Reducet
3605 1993 3654 2037 te
3695 1983 3788 2037 Do-

2208 2077 2390 2130 minus
2410 2076 2684 2130 classibus
2716 2076 2768 2129 in
2801 2073 3120 2146 Egyptnm,
3151 2091 3247 2144 per
3273 2075 3415 2128 viam
3449 2073 3518 2130 de
3547 2089 3648 2144 qua
3671 2075 3792 2128 dixit

2209 2169 2328 2232 tibi,
2352 2179 2412 2223 ut
2433 2183 2550 2222 eam
2577 2168 2815 2237 amplius
2842 2184 2948 2223 non
2982 2168 3217 2223 videres.
3245 2167 3326 2222 Ibi
3352 2166 3604 2222 venderis
3631 2165 3791 2220 inimi-

2209 2259 2288 2315 cis
2316 2263 2419 2314 tuis
2449 2262 2499 2314 in
2531 2275 2722 2315 servos
2748 2271 2804 2315 et
2836 2260 3084 2323 ancillas,
3118 2269 3308 2314 etnon
3339 2261 3447 2314 erit
3472 2259 3562 2328 qui
3585 2267 3736 2314 emat.

2283 2351 2369 2425 [T.
2415 2353 2554 2420 XVI,
2587 2352 2714 2425 Cap.
2745 2351 2967 2425 XXIX]
3002 2354 3124 2407 Ilaac
3153 2362 3282 2408 sunt
3343 2350 3513 2406 verba
3569 2349 3796 2415 fmderis,

2209 2446 2357 2516 quod
2419 2449 2679 2515 praecepit
2727 2446 2984 2498 Dominus
3016 2444 3149 2498 Mosi
3205 2453 3263 2498 ιιι
3317 2442 3509 2497 feriret
3538 2456 3656 2496 cum
3687 2439 3802 2493 ﬁliis

2209 2538 2376 2592 Israel
2401 2539 2454 2591 in
2485 2547 2629 2593 terra
2657 2539 2814 2593 Moab
2843 2555 2854 2592 :
2888 2545 3088 2606 praeter
3116 2536 3243 2590 illud
3273 2534 3484 2600 fmilus,
3516 2533 3660 2602 quod
3688 2545 3798 2586 cum

2199 2632 2295 2690 .eis
2327 2629 2532 2700 pepigit
2567 2632 2620 2683 in
2650 2629 2847 2683 lloreb.
2904 2627 2982 2700 [ϐ.
3020 2626 3276 2698 CXLIV.]
3333 2625 3671 2695 Vocavilque
3698 2622 3801 2678 Mo-

2211 2735 2300 2775 ses
2349 2737 2566 2775 omnem
2631 2721 2821 2786 Israel,
2869 2729 2924 2775 et
2971 2720 3108 2774 dixit
3147 2719 3213 2774 ad
3265 2734 3368 2774 eos
3406 2737 3420 2773 :
3457 2718 3566 2772 Vos
3616 2715 3809 2771 vidistis

2215 2815 2494 2882 universa,
2525 2831 2647 2886 qua:
2695 2815 2825 2870 fecit
2875 2815 3139 2870 Dominus
3168 2830 3358 2868 coram
3395 2814 3554 2868 vobis
3587 2812 3640 2867 in
3682 2821 3811 2864 terra

2213 2906 2435 2978 Egypti
2486 2907 2777 2973 Pharaoni,
2813 2916 2869 2961 et
2901 2909 3154 2962 omnibus
3183 2907 3369 2962 servis
3413 2905 3554 2976 ejus,
3613 2904 3813 2959 univcr-

2215 3015 2398 3070 saéque
2426 3008 2589 3055 terra:
2618 3001 2788 3066 illius,
2824 3002 3154 3054 tentatioues
3183 3013 3444 3070 magnas,
3498 3013 3633 3069 quas
3676 2995 3814 3050 vide-

2216 3103 2346 3147 runt
2393 3092 2536 3146 oeuli
2594 3094 2708 3160 tui,
2764 3095 2919 3162 signa
2972 3092 3060 3146 illa
3122 3100 3502 3162 portentaque
3574 3087 3818 3160 ingentia.

508 3204 647 3259 quas
669 3188 922 3244 comedet
954 3205 967 3242 :
1001 3201 1068 3242 eo
1103 3185 1245 3256 quod
1295 3184 1430 3238 nihil
1477 3181 1675 3237 habeat
1699 3181 1844 3236 aliud
1877 3185 1928 3234 in
1959 3181 2110 3234 obsi-
2137 3192 2182 3254 ρ
2218 3181 2317 3255 [Β.
2368 3181 2653 3255 CXXXV]
2696 3183 2761 3238 Et
2795 3200 2904 3237 non
2934 3183 3085 3238 dedit
3113 3182 3270 3237 vobis
3304 3182 3583 3238 Dominus
3629 3196 3722 3237 cor
3748 3181 3819 3233 in-

509 3278 679 3335 dione
707 3289 761 3334 et
791 3275 1044 3347 penuria,
1069 3291 1173 3344 qua
1211 3273 1551 3328 vastaverint
1595 3281 1648 3326 te
1690 3269 1897 3325 inimici
1929 3270 2003 3323 tui
2031 3271 2114 3323 in-

513 3377 595 3426 tra
613 3383 805 3425 omnes
853 3376 1037 3437 portas
1071 3375 1208 3420 tuas.
1249 3365 1461 3420 Tenera
1514 3362 1710 3417 mulier
1748 3372 1805 3416 et
1854 3361 2112 3423 delicata,

516 3479 639 3535 quae
689 3478 854 3529 super
885 3473 1083 3516 terram
1120 3459 1331 3528 ingredi
1378 3472 1484 3511 non
1520 3456 1760 3521 valebat,
1813 3469 1911 3508 nec
1963 3453 2113 3523 pedis

511 3556 798 3624 vestigium
845 3552 1013 3623 ﬁgere
1041 3591 1056 3618 ,
1099 3557 1320 3621 prepter
1359 3548 1646 3602 mollitiem
1696 3556 1752 3600 et
1797 3544 2116 3600 teneritudi-

515 3660 640 3702 nem
672 3645 917 3706 nimiam,
954 3641 1220 3698 invidebit
1257 3641 1372 3694 viro
1399 3653 1521 3704 suo,
1553 3639 1645 3702 qui
1677 3638 1839 3691 cubat
1884 3637 1937 3690 in
1992 3637 2114 3690 sinu

509 3740 664 3809 ejus,
688 3754 854 3810 super
911 3737 1007 3792 ﬁlii
1034 3746 1089 3792 et
1128 3735 1251 3789 ﬁlim
1282 3733 1564 3800 carnibus,
1597 3741 1653 3786 et
1698 3730 1884 3784 illuvie
1922 3745 2117 3784 secun-

516 3835 734 3900 darum,
766 3848 888 3902 quas
915 3830 1270 3900 egrediuntur
1300 3828 1368 3884 de
1399 3827 1579 3882 medio
1608 3825 1868 3880 feminum
1897 3825 2037 3893 ejus,
2063 3832 2118 3878 et

517 3941 685 3997 super
713 3926 924 3992 liberis,
955 3925 1049 3994 qui
1073 3923 1263 3978 eadem
1309 3921 1441 3976 hora
1493 3921 1603 3975 nati
1640 3929 1786 3974 sunt.
1811 3916 2118 3974 Comedent

515 4019 663 4075 ettim
685 4033 782 4074 eos
803 4017 948 4073 clam
977 4024 1201 4086 propter
1230 4029 1410 4069 rerum
1465 4012 1706 4067 omnium
1751 4011 2034 4081 penuriam
2063 4011 2115 4064 in

516 4110 805 4166 obsidione
853 4119 910 4166 et
955 4109 1232 4173 vastitate,
1273 4121 1377 4175 qua
1434 4108 1707 4175 opprimet
1758 4113 1810 4159 te
1861 4104 2118 4160 inimicus

517 4215 646 4262 tuus
675 4205 814 4259 intra
845 4212 1030 4272 portas
1073 4211 1216 4256 tuas.
1268 4199 1381 4255 Nisi
1431 4197 1758 4254 custodieris
1807 4208 1862 4252 et
1921 4197 2118 4252 feceris

519 4299 700 4356 omnia
730 4298 892 4353 verba
924 4296 1058 4367 legis
1089 4293 1270 4364 hujus,
1304 4308 1425 4364 quae
1475 4291 1676 4362 scripta
1729 4300 1857 4346 sunt
1914 4290 1965 4342 in
2016 4292 2117 4344 hoc

521 4389 823 4455 volumine,
854 4398 910 4443 et
937 4387 1187 4442 timueris
1226 4400 1421 4439 nomen
1449 4383 1568 4452 ejus
1603 4384 1898 4453 gloriosum
1927 4390 1981 4436 et
2012 4391 2119 4436 ter-

517 4482 701 4551 ribile,
736 4481 839 4536 hoc
865 4489 970 4549 est,
1008 4479 1299 4533 Dominum
1335 4477 1502 4533 Deum
1536 4482 1722 4529 tuum:
1757 4475 1980 4544 augebit
2010 4474 2115 4528 Do-

2217 3277 2487 3345 telligens,
2546 3284 2603 3330 et
2633 3276 2820 3331 oculos
2850 3275 3118 3340 videntes,
3148 3282 3205 3330 et
3231 3291 3406 3332 aures
3459 3292 3584 3345 qua:
3633 3274 3826 3346 possint

2216 3368 2429 3435 audire,
2486 3384 2659 3439 usque
2715 3371 2768 3422 in
2817 3380 3145 3439 prmrzentem
3197 3369 3374 3424 diem.
3441 3369 3684 3424 Adduxit
3740 3381 3824 3420 vos

2216 3463 2574 3533 quadraginta
2622 3465 2780 3518 annis
2810 3479 2906 3534 per
2935 3465 3217 3520 desertum
3253 3479 3271 3518 :
3309 3479 3425 3518 non
3481 3473 3616 3518 sunt
3662 3459 3830 3515 attrita

2217 3557 2542 3610 vestimenta
2570 3567 2770 3622 vestra,
2798 3572 2897 3612 nec
2921 3558 3302 3612 calceamenta
3332 3557 3545 3628 pedum
3573 3555 3603 3594 δ
3629 3568 3829 3611 tuorum

2218 3659 2491 3704 vetustate
2517 3659 2836 3720 consumpta
2870 3659 3016 3705 sunt.
3074 3650 3283 3705 Panem
3339 3666 3453 3705 non
3505 3647 3834 3710 comedistis,

2220 3743 2404 3796 vinum
2459 3754 2513 3796 et
2562 3743 2791 3797 siceram
2827 3758 2931 3797 non
2986 3743 3246 3797 bibistis:
3298 3753 3356 3797 ut
3411 3742 3661 3808 sciretis,
3723 3737 3833 3810 quia

2219 3849 2321 3903 ego
2367 3849 2485 3888 sum
2519 3834 2778 3887 Dominus
2804 3833 2950 3888 Deus
2971 3845 3170 3889 vester.
3208 3833 3281 3889 Et
3309 3833 3556 3890 venistis
3581 3833 3649 3888 ad
3675 3833 3839 3885 locum

2225 3925 2370 3980 hunc
2403 3945 2414 3978 :
2450 3940 2808 3995 egressusque
2836 3939 2920 3980 est
2951 3926 3218 3981 Scon'rex
3251 3926 3520 3992 Escbon,
3553 3935 3608 3981 et
3646 3923 3725 3994 0g
3753 3935 3839 3975 rex

2221 4001 2416 4084 Basan,
2451 4028 2809 4072 occurrentes
2848 4017 3006 4071 nobis
3049 4018 3114 4071 ad
3167 4033 3448 4090 pugnant.
3514 4018 3582 4072 Et
3634 4026 3848 4086 percus-

2219 4113 2395 4165 simus
2423 4125 2538 4176 eos,
2579 4123 2631 4164 et
2660 4112 2879 4165 tulimus
2923 4121 3120 4166 terram
3152 4126 3382 4175 eorum,
3433 4127 3503 4166 ac
3533 4107 3849 4164 tradidimus

2221 4203 2607 4274 possidendam
2645 4204 2833 4259 Ruben
2867 4213 2921 4260 et
2973 4202 3112 4269 Gad,
3143 4211 3197 4257 et
3229 4202 3503 4258 dimittite
3552 4201 3719 4258 tribui
3745 4197 3853 4252 Ma-

2221 4313 2406 4354 nasse.
2434 4298 2718 4352 Custodite
2750 4314 2878 4368 ergo
2903 4297 3068 4351 verba
3098 4295 3245 4366 pacti
3301 4296 3481 4365 hujus
3539 4306 3595 4350 et
3639 4292 3854 4361 implete

2220 4408 2307 4461 ea,
2342 4403 2400 4448 ut
2433 4395 2748 4461 intelligatis
2795 4393 3044 4447 universa
3093 4406 3212 4462 quae
3265 4390 3488 4446 facitis.
3552 4389 3667 4443 Vos
3712 4384 3859 4442 statis

2225 4484 2386 4539 hodie
2444 4487 2623 4538 cuncti
2666 4499 2853 4539 coram
2905 4483 3138 4537 Domino
3187 4481 3307 4537 Deo
3345 4493 3553 4538 vestro
3588 4478 3856 4551 principes

520 4575 703 4632 minus
762 4575 946 4646 plagas
993 4581 1134 4635 tuas,
1178 4580 1234 4627 et
1267 4571 1453 4640 plagas
1512 4569 1737 4624 seminis
1787 4570 1884 4634 tui,
1933 4568 2118 4638 plagas
2147 4571 2195 4632 Ι)
2224 4579 2417 4637 vestri,
2469 4591 2531 4631 ac
2564 4578 2760 4643 tribus,
2793 4586 2845 4632 ei
2873 4576 3112 4645 majores
3145 4587 3306 4641 natu,
3354 4585 3541 4648 atque
3591 4575 3862 4636 doctores,

518 4683 744 4740 magnas
774 4676 830 4723 et
878 4676 1300 4736 perseverantes
1344 4663 1422 4734 [h.
1481 4659 1718 4730 ﬁdeles],
1772 4661 2119 4715 inﬁrmitates

521 4761 790 4832 pessimas
812 4766 868 4813 et
891 4766 1185 4827 perpetuas
1206 4754 1284 4826 [h.
1322 4751 1546 4822 ﬁdeles].
1584 4753 1649 4806 Et
1679 4761 1961 4808 convertet
1986 4755 2038 4805 in
2071 4762 2121 4807 te

519 4866 712 4906 omnes
734 4849 1067 4904 aiﬁictiones
1100 4845 1347 4918 Egypti,
1378 4861 1515 4914 quas
1546 4845 1794 4911 timuisti,
1851 4855 1907 4900 et
1930 4843 2119 4898 adiim-

522 4943 722 5001 rebunt
749 4943 866 4998 tibi.
899 4941 1130 5011 Insuper
1161 4934 1217 4993 et
1259 4939 1543 4994 universos
1592 4936 1908 5006 languores,
1934 4944 1988 4990 et
2011 4936 2126 5005 pla-

520 5053 639 5109 gas,
667 5051 786 5107 qua:
815 5051 927 5094 non
949 5043 1078 5090 sunt
1099 5034 1318 5103 scriptze
1361 5033 1416 5086 in
1442 5030 1727 5084 volumine
1758 5030 1895 5098 legis
1938 5029 2123 5097 hujus,

524 5132 747 5189 inducet
772 5132 1036 5188 Dominus
1062 5145 1226 5200 super
1257 5138 1332 5194 te,
1377 5127 1556 5182 donec
1579 5136 1630 5179 te
1655 5134 1932 5189 conterat,
1959 5135 2014 5178 et
2039 5139 2126 5179 re-

525 5227 817 5286 manebitis
847 5226 1003 5297 pauci
1026 5238 1274 5289 numero,
1309 5222 1398 5294 qui
1433 5221 1584 5292 prius
1614 5219 1782 5274 eratis
1812 5219 1952 5274 sicut
1978 5228 2126 5273 astra

604 5377 630 5406 ι
660 5366 901 5422 Primum
943 5377 975 5418 e
1020 5361 1370 5432 Septuaginta
1435 5357 1830 5432 interpretibus
1888 5354 2120 5432 mutuati

533 5447 664 5497 sunt
682 5437 888 5502 Latini,
920 5445 1039 5491 ante
1067 5427 1253 5489 oculos
1268 5442 1404 5497 tuos,
1435 5428 1578 5502 quod
1612 5429 1874 5502 scriptum
1916 5427 2123 5497 reperi-

531 5520 620 5567 tur
650 5513 702 5566 in
737 5500 959 5564 Cantiae
989 5518 1044 5563 ct
1083 5504 1266 5573 paucis
1294 5503 1413 5555 aliis
1445 5500 1843 5573 antiquioribus
1857 5514 2002 5573 Amss.
2024 5513 2124 5573 co-

532 5584 749 5638 dicibus
783 5599 796 5634 :
830 5569 1238 5634 successu'vero
1267 5582 1574 5642 temporum
1603 5588 1635 5626 e
1663 5571 1898 5628 Canonis
1927 5569 2121 5639 margi-

534 5656 646 5708 nali
674 5652 884 5710 scholio
915 5649 1136 5704 [luxisse
1162 5645 1380 5700 videtur
1421 5645 1472 5697 in
1508 5643 1695 5712 plures
1719 5643 1942 5700 Latinos
1972 5644 2127 5696 codi-

533 5739 662 5788 ces,
693 5733 812 5780 ante
865 5733 910 5778 ιο
961 5736 978 5774 :
1035 5734 1158 5776 nam
1204 5730 1330 5772 eum
1382 5713 1541 5772 editis
1597 5716 1668 5771 ita
1729 5715 1965 5770 inanima
2007 5723 2131 5781 pars

548 5793 813 5851 librorum
844 5807 976 5848 mss.
1005 5791 1182 5848 Μλιιτ.

2223 4668 2405 4724 omnis
2436 4668 2664 4738 populus
2711 4667 2904 4730 lsrel,
2937 4665 3092 4721 liberi
3141 4674 3196 4721 et
3245 4682 3482 4722 uxores
3531 4675 3764 4725 vestrae,
3816 4669 3865 4714 et

2226 4761 2437 4816 advena
2481 4761 2569 4830 qui
2605 4769 2782 4815 terum
2813 4765 3056 4813 moratur
3087 4760 3138 4811 in
3183 4760 3435 4825 castris,
3497 4757 3763 4826 exceptis
3808 4751 3869 4807 ii-

2227 4871 2455 4925 gnorum
2496 4855 2817 4918 emsoribus,
2880 4862 2932 4907 et
2992 4852 3076 4906 his
3130 4852 3223 4922 qui
3291 4859 3684 4922 comportant
3710 4860 3869 4918 aquas

2229 4945 2325 5019 [h.
2372 4947 2774 5016 Lignorumque
2818 4958 3074 5007 (δείξεσι-οε,
3131 4953 3185 4996 et
3236 4943 3300 4997 lii
3355 4945 3462 5010 qui
3525 4947 3874 5015 comportant

2229 5039 2450 5110 aquas],
2482 5047 2541 5092 ut
2587 5048 2832 5092 transeas
2878 5038 2930 5091 in
2971 5035 3184 5092 findere
3230 5035 3482 5093 Domini
3537 5039 3644 5094 Dei
3695 5036 3796 5098 tui,
3828 5040 3877 5087 et

2233 5131 2288 5185 in
2315 5129 2672 5200 jurejurando
2698 5129 2846 5200 quod
2891 5128 3058 5184 hodie
3084 5125 3375 5185 Dominus
3402 5129 3570 5187 Deus
3601 5139 3736 5185 tuus
3767 5141 3882 5197 per-

2233 5224 2372 5277 cutit
2403 5232 2608 5287 tecum,
2651 5230 2712 5277 ut
2736 5222 2963 5277 suscitet
2995 5230 3046 5276 te
3070 5219 3172 5275 sibi
3205 5219 3265 5273 in
3307 5222 3634 5292 populum,
3678 5228 3734 5276 et
3775 5220 3883 5287 ipse

2298 5355 2325 5394 ι)
2359 5357 2508 5413 Unus
2537 5356 2722 5414 Canon
2759 5358 3039 5414 Hebraicat
3068 5359 3333 5415 veritatis
3388 5377 3599 5418 veram
3639 5363 3731 5417 hic
3764 5358 3888 5414 reti-

2227 5438 2320 5485 net
2349 5445 2378 5484 e
2418 5444 2516 5484 suo
2565 5430 2719 5484 fonte
2769 5431 3057 5483 lectionem
3087 5448 3099 5481 ε
3127 5432 3333 5484 caeteri
3397 5441 3526 5487 tum
3585 5433 3751 5499 editi,
3780 5441 3885 5483 tum

2233 5516 2366 5556 mss.
2396 5502 2596 5556 habent
2627 5502 2814 5564 pedum
2837 5511 3163 5568 vestrorum,
3189 5500 3398 5559 MART.

2304 5572 2491 5646 —-‘Hic
2519 5587 2732 5644 quoque
2779 5573 2947 5646 nostri
3002 5571 3131 5646 mss.
3165 5579 3219 5624 et
3279 5573 3567 5646 plerique
3617 5575 3712 5632 alii
3756 5571 3891 5642 apud

2235 5643 2604 5720 Martianaettm
2664 5659 2794 5720 cum]
2841 5643 3081 5720 Vulgatis
3109 5643 3483 5720 vestrorum'
3527 5647 3734 5720 legunt
3797 5659 3889 5720 pro

2239 5723 2467 5770 tuorum.
2486 5715 2648 5770 Hebr.
2669 5716 2735 5770 ad
2765 5715 3022 5781 litteram,
3039 5715 3483 5771 calciamentum
3510 5715 3674 5773 imim
3696 5719 3752 5772 in
3777 5715 3897 5784 pede

2243 5795 2351 5852 tuo,
2385 5792 2494 5840 etc.
