4098 6366
305 299 415 356 455

1560 293 1765 351 LIBER
1808 289 2343 350 DEUTERONOMII.

3487 290 3604 350 '45‘

302 414 377 466 sit
409 411 552 465 Deus
577 414 726 473 tuus,
760 408 900 462 sicut
925 407 1138 460 locutus
1165 380 1247 460 est
1297 405 1416 473 tibi,
1447 413 1504 461 et
1531 405 1670 460 sicut
1702 405 1908 474 joravit
1933 407 1980 466 Α
2013 413 2099 460 tua
2132 422 2144 458 :
2172 405 2396 461 reducet
2421 404 2681 460 Dominus
2708 403 2847 459 Deus
2879 412 3004 458 tuus
3033 403 3402 474 captivitatem
3431 412 3600 472 tuam,

305 503 555 572 patribus
608 500 740 565 tuis,
769 497 1069 564 Abraham,
1104 497 1254 553 Isaae
1298 508 1351 554 et
1396 497 1585 554 Jacob.
1616 497 1727 553 Nec
1758 496 1910 553 vobis

307 593 448 650 solis
478 607 609 663 ergo
656 591 760 645 hoc
807 589 990 646 foedus
1021 587 1180 655 ferio,
1207 595 1264 643 et
1290 588 1406 643 haec
1438 587 1744 657 juramenla
1773 602 1906 642 con-

308 685 491 750 ftrmo,
529 683 626 738 sed
658 681 872 736 cunctis
919 680 1277 752 praesentibus
1324 689 1375 734 et
1427 677 1764 734 absentibus.
1803 677 1910 732 Vos

305 776 451 832 enim
481 775 657 830 nostis
678 774 954 846 quomodo
979 773 1404 828 habitaverimtts
1425 773 1475 826 in
1501 781 1641 826 terra
1661 768 1906 842 Egypti,

307 879 363 925 et
393 867 678 939 quomodo
730 867 1110 922 transierimus
1158 880 1253 934 per
1313 863 1551 920 medium
1603 863 1906 927 nationum,

310 977 453 1033 quas
500 969 875 1025 transeuntes,
904 958 1121 1015 vidistis
1144 958 1585 1013 abominatioues
1613 966 1669 1010 et
1696 955 1906 1020 sordes,

313 1053 367 1110 id
409 1063 519 1120 est,
551 1053 700 1109 idola
742 1067 956 1116 eorum,
1003 1051 1206 1121 lignum
1251 1060 1305 1106 et
1333 1050 1587 1120 lapidem,
1621 1057 1906 1121 argentum

307 1159 365 1204 et
386 1163 604 1215 aurum,
635 1163 754 1217 qua:
779 1146 1057 1202 colebant.
1093 1145 1170 1200 Ne
1201 1145 1342 1201 forte
1397 1145 1468 1200 sit
1511 1145 1654 1200 inter
1699 1158 1799 1200 vos
1825 1143 1908 1199 vir

310 1250 406 1294 aut
437 1240 654 1304 mulier,
698 1237 904 1292 familia
944 1246 1036 1291 ant
1080 1237 1274 1299 tribus,
1317 1235 1471 1305 cujus
1510 1250 1606 1291 cor
1655 1250 1906 1290 aversum

308 1343 395 1388 est
427 1333 589 1388 hodie
619 1347 650 1386 a
676 1332 911 1386 Domino
943 1331 1054 1386 Deo
1084 1339 1297 1396 nostro,
1334 1337 1390 1384 ut
1414 1328 1575 1384 vadat
1607 1339 1661 1383 et
1707 1329 1910 1384 serviat

307 1425 418 1481 diis
459 1424 679 1480 illarum
718 1424 982 1501 gentium,
1028 1432 1078 1478 et
1109 1424 1181 1477 sit
1209 1422 1350 1477 inter
1374 1435 1476 1476 vos
1504 1421 1658 1476 radix
1699 1419 1904 1491 germi-

312 1533 454 1573 nans
500 1516 576 1572 fel
623 1526 677 1571 et
708 1514 1150 1571 amaritudinem.
1181 1512 1426 1584 Cumque
1473 1511 1705 1567 audierit
1737 1511 1902 1566 verba

303 1611 606 1681 juramemi
639 1611 822 1688 hujus,
871 1608 1159 1665 benedicat
1206 1608 1312 1662 sibi
1359 1607 1413 1662 in
1464 1606 1629 1662 corde
1674 1621 1796 1672 suo,
1823 1605 1907 1660 di-

314 1721 448 1763 cens
481 1725 492 1758 :
525 1706 632 1761 Pax
666 1706 772 1761 erit
801 1704 954 1767 mihi,
986 1713 1041 1758 et
1071 1703 1366 1758 ambulabo
1399 1703 1453 1756 in
1485 1701 1749 1772 pravitate
1777 1715 1903 1754 cor-

2011 511 2076 552 ac
2124 496 2474 551 miserebitur
2522 495 2621 559 tui,
2669 505 2723 549 et
2779 509 2997 549 rursum
3050 495 3397 565 congregabit
3457 505 3508 549 te
3537 495 3607 550 de

2009 587 2217 642 cunctis
2261 587 2492 655 pupulis,
2527 586 2580 640 in
2604 602 2742 656 quos
2768 594 2820 641 te
2849 598 2974 640 ante
3000 585 3276 656 dispersit.
3303 586 3358 642 Si
3391 585 3455 639 ad
3487 599 3608 640 car-

2010 677 2167 732 dines
2195 677 2318 733 coeli
2350 676 2517 732 fueris
2561 676 2880 746 dissipatus,
2932 677 3059 733 inde
3110 687 3163 734 te
3212 675 3454 733 retrahet
3501 676 3607 732 Do-

2022 770 2200 825 minus
2245 769 2387 826 Deus
2421 778 2562 835 tuus,
2595 782 2647 825 et
2679 779 2938 834 assumet.
2991 779 3154 840 atque
3199 769 3504 826 introdueet
3552 769 3604 826 in

2013 873 2236 929 terram,
2291 879 2448 931 quam
2475 863 2836 934 possederunt
2862 874 3042 934 patres
3074 865 3172 932 tui,
3229 873 3284 920 et
3332 863 3608 920 obtinebis

2011 972 2153 1021 eam,
2186 965 2242 1013 et
2262 956 2594 1013 benedicens
2625 958 2744 1028 tibi,
2774 958 2996 1030 majoris
3027 958 3242 1016 numeri
3281 966 3337 1016 te
3373 974 3498 1015 esse
3525 958 3605 1014 fa-

2009 1049 2119 1104 ciet
2148 1063 2309 1119 quam
2341 1047 2560 1103 fuerunt
2587 1059 2766 1118 patres
2796 1049 2897 1105 toi.
2931 1050 3305 1106 Circumcidet
3345 1050 3607 1106 Dominus

2010 1141 2154 1198 Deus
2205 1150 2329 1198 tuus
2357 1156 2450 1197 cor
2485 1151 2654 1206 tuum,
2684 1153 2738 1199 et
2776 1158 2873 1199 cor
2901 1146 3126 1201 seminis
3169 1145 3264 1212 tui,
3300 1153 3359 1201 ut
3409 1143 3606 1216 diligas

2011 1236 2297 1292 Dominum
2350 1236 2519 1292 Deum
2549 1245 2696 1292 tuum
2726 1237 2777 1291 itt
2811 1247 2925 1294 toto
2950 1237 3116 1294 corde
3145 1248 3260 1302 tuo,
3307 1248 3361 1294 et
3409 1237 3462 1294 in
3496 1246 3604 1294 tota

2007 1327 2186 1384 anima
2221 1339 2332 1394 tua,
2382 1337 2435 1384 et
2491 1331 2670 1400 possis
2702 1332 2905 1386 virere.
2955 1329 3158 1388 Omnes
3206 1340 3386 1385 autem
3441 1329 3609 1384 male-

2008 1420 2276 1476 dictiones
2309 1420 2406 1474 has
2434 1430 2715 1476 convertet
2744 1437 2912 1491 super
2942 1422 3193 1478 inimicos
3221 1432 3365 1492 tuos,
3415 1432 3469 1478 et
3513 1436 3608 1478 eos

2008 1514 2097 1582 qui
2127 1511 2363 1568 oderunt
2394 1523 2464 1577 te,
2500 1523 2552 1568 et
2607 1525 3028 1582 persequutitur.
3062 1513 3141 1568 Tn
3192 1523 3373 1571 autem
3425 1529 3608 1570 rever-

2013 1603 2168 1671 teris,
2223 1613 2275 1658 et
2321 1604 2512 1659 audies
2543 1618 2730 1660 vocem
2782 1605 2997 1661 Domini
3054 1605 3150 1662 Dei
3179 1606 3252 1661 tui
3282 1623 3298 1662 :
3331 1606 3607 1678 faciesque

2009 1700 2265 1755 universa
2323 1699 2574 1755 mandata
2611 1717 2733 1771 quae
2786 1716 2889 1771 ego
2921 1701 3176 1772 prmcipio
3207 1702 3306 1758 tibi
3336 1701 3522 1768 hodie,
3555 1711 3610 1758 et

308 1801 397 1856 dis
443 1799 572 1865 mei,
604 1807 660 1853 et
688 1806 714 1834 ⁸
743 1807 987 1852 assumat
1013 1796 1164 1851 ebria
1196 1796 1507 1860 sitientem,
1564 1803 1621 1850 et
1653 1794 1910 1848 Dominus
1941 1798 1987 1858 B
2013 1792 2291 1848 abundare
2325 1803 2376 1848 te
2407 1792 2566 1848 faciet
2621 1794 2884 1849 Dominus
2943 1795 3082 1850 Deus
3125 1806 3249 1850 tuus
3290 1796 3340 1850 in
3395 1797 3608 1851 cunctis

311 1907 422 1948 non
474 1890 722 1961 ignoscat
765 1889 813 1944 ei
841 1889 975 1944 :.sed
1007 1898 1134 1943 tunc
1159 1903 1318 1958 quam
1353 1887 1586 1942 maxime
1619 1886 1767 1941 furor
1793 1886 1910 1955 ejus

310 1997 514 2053 sumet,
542 1994 600 2042 et
648 1985 795 2041 zelus
841 1995 1031 2040 contra
1085 1985 1364 2039 hominem
1399 1983 1573 2046 illum,
1602 1992 1655 2037 et
1685 1982 1910 2035 sedeant

312 2080 330 2150 [
358 2079 412 2133 lt.
439 2077 510 2133 Et
538 2077 886 2149 recumbam]
909 2092 1072 2146 super
1099 2093 1222 2132 eum
1245 2078 1426 2131 omnia
1453 2075 1758 2140 maledicta,
1791 2089 1911 2144 qua:

313 2171 518 2240 scripta
549 2177 678 2224 sunt
698 2169 754 2223 in
784 2167 888 2224 hoc
910 2168 1204 2229 volumine.
1233 2179 1286 2222 et
1316 2166 1495 2221 deleat
1521 2166 1784 2220 Dominus
1814 2180 1910 2219 no-

309 2278 438 2318 men
467 2262 587 2332 ejus
603 2265 704 2316 sub
727 2261 891 2331 C(BIO,
915 2271 971 2317 et
997 2270 1285 2316 consumat
1313 2275 1436 2315 eum
1469 2261 1521 2314 in
1548 2257 1909 2329 perditionem

309 2369 380 2409 ex
428 2354 683 2408 omnibus
725 2353 975 2409 tribubus
1036 2353 1243 2416 Israel,
1293 2351 1446 2422 juxta
1499 2351 1915 2407 maledictiones

307 2461 436 2516 qua:
470 2445 522 2499 in
566 2446 706 2500 libro
750 2447 881 2515 legis
937 2445 1094 2514 hujus
1141 2459 1205 2499 ac
1267 2443 1495 2500 foederis
1543 2445 1910 2498 continentur.

318 2536 586 2606 Dicetque
635 2551 874 2606 sequens
925 2538 1222 2606 generatio,
1255 2546 1310 2591 et
1356 2535 1447 2590 filii
1482 2535 1572 2604 qui
1621 2545 1912 2611 nascentur

321 2628 608 2700 deinceps,
661 2640 717 2683 et
748 2629 1043 2698 peregrini,
1093 2629 1183 2699 qui
1225 2629 1291 2683 de
1343 2627 1503 2696 longe
1533 2629 1798 2692 venerint,
1833 2628 1912 2682 vi-

314 2719 514 2774 dentes
542 2720 730 2790 plagas
777 2728 936 2774 terra:
991 2720 1158 2784 illius,
1211 2729 1264 2773 et
1304 2720 1670 2785 inﬁrmitates,
1713 2719 1912 2789 quibus

313 2827 439 2867 eam
495 2810 750 2867 afﬂixerit
803 2811 1087 2879 Dominus,
1148 2811 1410 2880 sulphure
1450 2822 1503 2866 et
1537 2810 1670 2866 salis
1715 2811 1912 2866 ardore

310 2907 664 2972 comburens,
726 2906 796 2960 ita
856 2917 912 2960 ut
966 2906 1106 2960 ultra
1153 2892 1262 2960 non
1294 2915 1531 2973 seratur,
1575 2921 1678 2960 nec
1728 2909 1911 2960 virens

307 2999 593 3070 quidpiam
624 2998 915 3069 germinet,
948 2999 1001 3054 in
1052 3000 1362 3070 exemplum
1399 2999 1774 3054 subversionis
1802 3000 1907 3054 So-

311 3094 497 3150 doma:
525 3101 582 3149 et
611 3093 913 3157 Gomorrae,
963 3092 1182 3147 Adamn:
1230 3104 1284 3148 et
1315 3091 1556 3157 Seboim,
1599 3105 1738 3161 quas
1781 3092 1910 3146 sub-

2011 1887 2268 1958 operibus
2292 1903 2546 1942 manuum
2583 1897 2816 1952 tuarum,
2873 1890 2924 1944 in
2951 1889 3142 1946 sobole
3165 1890 3300 1946 uteri
3335 1889 3414 1945 tui
3439 1889 3515 1963 1h.
3549 1890 3606 1946 In

1959 1968 1971 1980 ”
2011 1979 2192 2034 fructu
2226 1980 2435 2036 ventris
2458 1980 2579 2052 tui],
2604 1991 2658 2036 et
2687 1981 2737 2034 in
2772 1981 2947 2035 fructu
2971 1981 3344 2051 jumentorum
3372 1993 3605 2048 tuorum,

2012 2073 2065 2128 in
2096 2073 2341 2128 ubertate
2374 2081 2532 2128 terrae
2566 2082 2690 2140 tuae,
2724 2085 2774 2128 et
2811 2075 2860 2127 io
2913 2089 3094 2130 rerum
3153 2075 3397 2130 omnium
3450 2075 3611 2145 largi-

2013 2173 2143 2220 tate.
2177 2165 2508 2220 Revcrtetor
2533 2165 2675 2220 enim
2709 2165 2990 2231 Dominus,
3025 2177 3082 2222 ut
3107 2168 3526 2238 gaudeatsuper
3557 2177 3609 2225 te

2008 2260 2067 2322 in
2127 2259 2384 2314 omnibus
2438 2259 2616 2327 bonis,
2675 2260 2816 2314 sicut
2864 2259 3088 2330 gavisus
3139 2273 3221 2314 est
3260 2259 3313 2315 in
3366 2261 3610 2330 patribus

2013 2353 2118 2408 tuis
2147 2371 2161 2408 :
2200 2355 2244 2408 si
2279 2365 2459 2408 tamen
2508 2353 2747 2408 audieris
2780 2369 2965 2408 vocem
3026 2354 3239 2410 Domini
3295 2355 3392 2412 Dei
3424 2355 3523 2422 tui,
3555 2364 3612 2410 et

2013 2447 2348 2501 custodieris
2377 2455 2648 2516 praecepta
2673 2446 2790 2516 ejus
2841 2458 2899 2502 et
2948 2449 3330 2514 caeremonias,
3379 2464 3500 2518 qua:
3554 2451 3606 2503 iu

2015 2538 2114 2593 hac
2138 2539 2259 2609 lege
2287 2542 2611 2610 conscriptae
2640 2547 2791 2605 sunt,
2821 2548 2875 2594 et
2905 2541 3202 2595 revertaris
3227 2539 3293 2594 ad
3320 2541 3608 2596 Dominum

2014 2631 2183 2686 Deum
2217 2641 2368 2686 tuum
2401 2632 2453 2685 in
2485 2642 2598 2686 toto
2624 2633 2792 2686 corde
2826 2641 2938 2695 tuo,
2975 2642 3028 2686 et
3057 2633 3108 2685 in
3143 2642 3254 2686 tnta
3283 2632 3462 2686 anima
3499 2645 3610 2688 tua.

2011 2722 2094 2794 [(2.
2127 2721 2379 2793 CXLVH
2410 2721 2720 2777 Mandatum
2754 2723 2874 2785 hoc,
2908 2722 3052 2792 quod
3081 2738 3180 2793 ego
3216 2724 3477 2793 praecipio
3510 2724 3609 2778 tibi

2016 2813 2203 2880 hodie,
2238 2828 2345 2868 non
2373 2829 2538 2883 supra
2573 2823 2623 2869 te
2651 2823 2755 2880 est,
2787 2828 2964 2883 neque
2994 2803 3186 2883 procul
3218 2815 3478 2885 positum,
3511 2829 3614 2870 nec

2015 2908 2067 2962 in
2099 2907 2244 2964 calo
2270 2908 2457 2974 situm,
2491 2917 2548 2963 ut
2603 2908 2780 2977 possis
2810 2907 2993 2962 dicere
3024 2925 3037 2960 :
3067 2907 3204 2975 Quis
3255 2919 3500 2964 nostrum
3544 2909 3611 2966 ad

2015 2999 2216 3056 coelum
2263 3000 2824 3066 valeteonsceudere,
2859 3009 2916 3054 ut
2947 2999 3158 3055 deferat
3202 3000 3338 3056 illud
3393 3000 3459 3055 ad
3491 3015 3611 3065 nos,

2015 3103 2070 3149 et
2094 3094 2387 3149 audiamus
2412 3106 2575 3164 atque
2607 3109 2772 3164 opere
2799 3095 3217 3164 eompleamus?
3248 3093 3438 3166 Neque
3466 3105 3616 3150 trans

312 3186 481 3240 vertit
510 3184 769 3240 Dominus
793 3185 847 3239 in
873 3184 952 3240 ira
983 3195 1036 3239 et
1064 3184 1250 3239 furore
1279 3199 1398 3239 suo.
1421 3183 1492 3238 Et
1515 3183 1701 3238 dicent
1721 3197 1912 3238 omnes
1938 3180 1982 3242 C
2016 3203 2167 3244 mare
2195 3189 2455 3257 positum,
2494 3198 2550 3242 ut
2577 3189 2841 3257 causeris,
2871 3199 2925 3242 et
2953 3188 3142 3245 dicas:
3185 3188 3319 3255 Quis
3375 3204 3407 3243 e
3456 3188 3614 3244 nobis

319 3289 516 3350 gentes
545 3298 557 3332 ε
605 3280 784 3348 Quare
814 3279 893 3334 sic
931 3278 1062 3334 fecit
1096 3278 1357 3333 Dominus
1390 3287 1548 3333 terra:
1582 3275 1744 3331 huic?
1791 3290 1912 3346 qua:

323 3382 413 3427 est
442 3370 556 3426 1133c
581 3371 660 3425 ira
687 3371 886 3426 furoris
914 3372 1030 3440 ejus
1055 3371 1359 3427 immensa?
1382 3370 1452 3425 Et
1474 3369 1909 3440 respondebunt:

315 3463 456 3531 Quia
505 3463 914 3533 dereliquerunt
967 3471 1189 3533 paetum
1245 3463 1481 3528 Domini,
1514 3463 1658 3534 quod
1712 3461 1910 3531 pepigit

312 3571 443 3612 cum
489 3557 727 3626 patribus
775 3572 991 3624 eorum,
1019 3558 1237 3627 quando
1279 3557 1465 3612 eduxit
1515 3573 1609 3612 eos
1658 3557 1726 3610 de
1769 3567 1910 3612 terra

313 3649 564 3721 Egypti,
595 3661 650 3705 et
678 3651 987 3705 servierunt
1037 3651 1139 3706 diis
1191 3650 1402 3716 alienis,
1447 3660 1500 3704 et
1553 3649 1915 3705 atloraverunt

311 3757 438 3808 eos,
472 3758 608 3813 quos
664 3743 1008 3808 nesciebant,
1041 3753 1094 3797 et
1141 3742 1334 3812 quibus
1360 3755 1467 3796 non
1519 3741 1732 3796 fuerant
1761 3740 1915 3796 attri-

313 3837 438 3894 buti
464 3856 475 3890 ;
511 3836 715 3892 idcirco
745 3837 913 3892 iratus
938 3846 1020 3891 est
1050 3835 1202 3890 furor
1233 3835 1449 3890 Domini
1478 3846 1666 3890 contra
1712 3844 1911 3888 terram

315 3927 504 3994 istam,
539 3939 596 3982 ut
647 3929 935 3983 induceret
990 3943 1154 3999 super
1200 3943 1318 3981 eam
1371 3928 1553 3981 omnia
1606 3926 1911 3990 maledicta,

316 4037 440 4092 quae
464 4021 519 4074 in
560 4021 665 4075 hoc
708 4021 983 4076 volumine
1015 4021 1215 4089 scripta
1249 4029 1401 4087 sunt,
1428 4027 1482 4073 et
1525 4019 1685 4088 ejecit
1722 4033 1817 4074 eos
1848 4019 1915 4073 de

319 4123 462 4167 terra
503 4127 600 4165 sua
653 4113 705 4164 in
746 4112 822 4165 ira
857 4121 911 4166 et
961 4111 1013 4165 in
1061 4110 1269 4177 furore,
1329 4121 1381 4164 ct
1437 4112 1488 4163 in
1542 4109 1914 4178 indignatione

313 4207 577 4261 maxima.
629 4204 720 4277 [Β.
755 4205 1044 4272 CXXXVI,
1085 4205 1147 4260 C.
1191 4203 1420 4275 CXLV.]
1470 4203 1814 4274 Projeeitque
1860 4201 1913 4256 in

315 4307 522 4354 terrain
564 4300 822 4366 alienam,
857 4298 996 4354 sicut
1029 4297 1194 4354 hodie
1217 4297 1631 4368 comprobatur.
1665 4296 1915 4351 Abscon-

316 4393 433 4449 dita
457 4395 688 4450 Domino
720 4395 831 4450 Deo
856 4405 1044 4450 nostro
1075 4411 1090 4448 :
1124 4410 1244 4464 quae
1278 4394 1560 4449 manifesta
1603 4403 1729 4448 sunt
1757 4392 1913 4448 nobis

317 4500 376 4544 et
404 4490 530 4544 filiis
562 4490 764 4545 neStris
795 4505 963 4560 usque
992 4490 1044 4543 in
1074 4497 1364 4554 aeternum,
1399 4497 1458 4542 ut
1499 4487 1763 4543 faciamus
1797 4487 1916 4541 uni-

317 4597 482 4638 versa
512 4583 679 4637 verba
717 4584 850 4652 legis
882 4582 1059 4652 hujus.

395 4673 559 4746 [Cap.
595 4673 788 4745 XXX]
821 4673 954 4730 Cum
986 4690 1115 4744 ergo
1156 4674 1408 4729 venerint
1436 4687 1599 4743 super
1632 4680 1685 4728 te
1725 4685 1915 4727 omnes

320 4767 729 4833 sermonesisti,
758 4767 1094 4832 benedictio,
1120 4767 1234 4821 sive
1252 4767 1580 4828 maledictio,
1607 4780 1764 4835 quam
1795 4781 1919 4833 pro-

321 4859 481 4929 posui
508 4861 560 4912 in
593 4867 886 4929 conspectu
919 4868 1031 4923 tuo,
1065 4868 1122 4915 et
1151 4859 1344 4916 ductus
1370 4858 1710 4929 paenitudine
1737 4856 1916 4913 cordis

321 4956 399 5008 tui
435 4955 487 5008 in
518 4953 789 5009 universis
815 4955 1088 5025 gentibus,
1121 4957 1174 5010 in
1205 4970 1342 5025 quas
1371 4954 1692 5025 diSperserit
1724 4964 1774 5008 te
1811 4954 1914 5008 Do-

319 5048 502 5102 minus
536 5049 676 5102 Beus
703 5057 843 5113 tuus,
869 5058 925 5103 et
956 5063 1205 5104 reversus
1233 5048 1402 5103 fueris
1429 5048 1500 5102 ad
1529 5064 1675 5114 eum,
1705 5059 1759 5103 et
1781 5049 1913 5102 obe-

321 5137 489 5194 dieris
518 5142 638 5209 ejus
668 5141 934 5211 imperiis,
968 5141 1113 5196 sicut
1141 5156 1241 5210 ego
1292 5140 1456 5195 hodie
1486 5141 1741 5210 praecipio
1795 5141 1910 5209 tibi,

324 5247 447 5287 cum
482 5229 608 5285 [iliis
637 5233 761 5298 tuis,
798 5232 851 5286 in
881 5241 992 5286 toto
1019 5232 1182 5287 cordo
1217 5243 1327 5298 tuo,
1383 5244 1438 5287 et
1474 5230 1526 5285 io
1577 5239 1685 5286 tota
1734 5233 1912 5287 anima

395 5428 525 5502 alla
572 5428 758 5485 Canon
793 5431 925 5485 Heh.
977 5433 1132 5486 verit.
1169 5447 1230 5487 ac
1288 5431 1644 5502 manuscripti
1703 5448 1915 5496 omnes.

321 5501 521 5572 quibus
549 5504 851 5555 concinuot
873 5503 998 5572 Syr.
1021 5502 1214 5557 Chald.
1239 5514 1294 5558 et
1317 5503 1494 5560 Arabs
1513 5518 1635 5557 cum
1669 5503 1920 5558 versione

318 5573 682 5629 Samaritana.
716 5573 922 5628 Sensus
953 5575 1240 5629 obscurior
1265 5585 1349 5628 est
1378 5575 1428 5628 in
1459 5575 1619 5628 editis
1649 5589 1713 5628 ex
1747 5583 1920 5628 muta-

321 5644 478 5698 tione
507 5648 667 5697 unius
699 5644 974 5711 litterular,
1001 5662 1024 5698 δ
1053 5661 1246 5710 nempe
1277 5648 1327 5699 in
1365 5646 1415 5705 ὁ,
1449 5645 1708 5699 absumat.
1741 5646 1917 5700 MART.

395 5743 468 5754 —
485 5712 718 5770 Urbittas
742 5731 870 5780 ms.,
897 5727 1126 5770 (irrumat
1153 5715 1322 5771 ebrius
1340 5718 1617 5770 sitientem.
1645 5718 1794 5771 llaud
1819 5732 1914 5770 au-

327 5794 438 5841 tem
465 5786 600 5853 scio,
630 5801 756 5841 num
785 5791 990 5843 rectius
1014 5785 1231 5858 Vulgati
1253 5786 1920 5858 habeantabsumat,quod

2013 3278 2369 3334 transfretare
2425 3279 2622 3348 poterit
2686 3294 2859 3343 mare,
2905 3291 2959 3334 et
2999 3279 3133 3334 illud
3180 3280 3246 3334 ad
3286 3294 3387 3335 nos
3441 3294 3613 3348 usque

2011 3374 2251 3438 deferre,
2305 3385 2361 3428 ut
2401 3374 2673 3444 possimus
2715 3373 2906 3428 audire
2949 3381 3004 3429 et
3058 3372 3238 3432 facere
3284 3373 3430 3444 quod
3473 3388 3615 3446 prae-

2012 3479 2231 3540 ceptum
2256 3467 2521 3524 est?Sed
2548 3468 2700 3538 juxta
2734 3481 2790 3524 te
2848 3477 2930 3521 est
2978 3481 3160 3522 sermo
3204 3466 3361 3522 valde
3410 3467 3464 3521 iu
3516 3483 3614 3524 ore

2014 3571 2130 3632 tuo,
2171 3574 2228 3618 et
2274 3565 2326 3617 iu
2351 3563 2518 3617 corde
2547 3571 2660 3627 tuo,
2696 3571 2751 3616 ut
2783 3560 2950 3616 facias
2979 3561 3154 3616 illum.
3186 3560 3272 3633 [Β.
3299 3559 3613 3628 CXXXVII,

2013 3655 2074 3711 C.
2157 3655 2432 3726 CXLVIL]
2479 3654 2780 3710 Considera
2824 3657 2967 3725 quod
3021 3654 3185 3710 hodie
3235 3656 3613 3726 preposuerim

2013 3750 2069 3804 in
2123 3758 2424 3820 conspectu
2478 3759 2569 3804 tuo
2601 3749 2768 3804 vitam
2814 3757 2870 3804 et
2913 3749 3139 3816 bonum,
3200 3758 3254 3804 et
3307 3750 3617 3806 econtrario

2016 3853 2254 3899 mortem
2320 3850 2376 3898 et
2430 3843 2654 3909 malum,
2722 3851 2781 3897 ut
2845 3842 3042 3914 diligas
3099 3843 3388 3898 Dominum
3445 3843 3614 3901 Deum

2016 3943 2196 4000 tuum,
2244 3944 2300 3990 et
2329 3935 2577 3990 ambules
2617 3935 2674 3990 in
2706 3935 2805 3990 viis
2856 3934 3002 4005 ejus,
3035 3941 3094 3988 et
3139 3935 3416 3990 custodias
3461 3951 3618 3991 man-

2015 4027 2137 4081 data
2176 4025 2324 4082 illius
2347 4035 2402 4082 et
2427 4026 2788 4083 caeremonias
2816 4035 2980 4097 atque
3005 4025 3233 4096 judicia,
3265 4035 3319 4081 et
3351 4028 3525 4094 vivas,
3553 4041 3618 4082 ac

2015 4116 2342 4188 multiplicet
2375 4127 2451 4183 te,
2481 4117 2881 4188 benedicatque
2913 4118 3008 4174 tibi
3043 4117 3096 4173 in
3131 4127 3303 4185 terra,
3337 4117 3405 4182 ad
3453 4133 3615 4189 quam

2016 4211 2321 4282 ingrederis
2373 4210 2782 4280 possidendam.
2815 4213 2910 4267 Sin
2955 4222 3138 4267 autem
3169 4227 3424 4267 aversum
3452 4209 3622 4266 fuerit

2015 4319 2113 4359 cor
2146 4316 2322 4369 tuum,
2355 4313 2409 4359 et
2435 4303 2626 4360 audire
2657 4305 2924 4371 nolueris,
2954 4314 3117 4374 atque
3136 4319 3328 4360 errore
3358 4302 3619 4371 deceptus

2015 4394 2330 4452 adoraveris
2372 4394 2504 4451 deos
2535 4395 2768 4462 alienos,
2802 4403 2858 4452 et
2902 4395 3160 4450 servieris
3209 4395 3331 4450 eis:
3379 4393 3616 4464 praedico

2017 4489 2112 4544 tibi
2143 4489 2304 4544 hodie
2353 4488 2496 4559 quod
2551 4503 2767 4558 pereas,
2801 4497 2858 4544 et
2908 4503 3078 4560 parvo
3110 4498 3354 4558 tempore
3381 4485 3618 4542 moreris

1944 4571 1995 4634 D
2022 4580 2073 4636 in
2109 4590 2276 4648 terra,
2306 4580 2373 4635 ad
2400 4595 2584 4651 quam,
2614 4579 2854 4634 .lordane
2913 4579 3252 4644 transmisso,
3310 4576 3615 4648 ingrederis

2021 4672 2428 4745 possidendam.
2463 4670 2554 4742 [Β.
2585 4668 2946 4743 CXXXVIII.]
2976 4669 3173 4726 Testes
3222 4670 3416 4725 invoco
3455 4667 3621 4724 hodie

2019 4764 2216 4818 cmlum
2265 4773 2318 4817 et
2352 4773 2552 4817 terram
2587 4779 2601 4816 :
2633 4763 2776 4832 quod
2821 4765 3197 4834 proposuerim
3245 4761 3402 4816 vobis
3448 4761 3614 4820 vitam

2019 4871 2074 4914 et
2097 4869 2352 4926 mortem,
2385 4857 2832 4915 benedictionem
2859 4869 2911 4914 et
2961 4857 3427 4916 maledictionem.
3463 4852 3620 4927 Elige

2020 4967 2151 5022 ergo
2180 4953 2369 5018 vitam,
2407 4960 2464 5007 ut
2489 4961 2545 5008 et
2577 4961 2630 5008 tu
2653 4950 2830 5018 vivas,
2862 4963 2915 5006 et
2943 4966 3128 5006 semen
3163 4959 3340 5015 tuum,
3394 4956 3450 5007 et
3493 4948 3621 5004 dili-

2019 5060 2116 5118 gas
2145 5047 2439 5101 Dominum
2474 5046 2646 5100 Deum
2677 5054 2849 5110 tuum,
2879 5053 3041 5113 atque
3070 5042 3295 5099 obedias
3324 5043 3440 5098 voci
3475 5041 3618 5112 ejus,

2022 5150 2078 5194 et
2132 5136 2211 5192 illi
2240 5137 2524 5192 adhtereas
2551 5137 2706 5208 (ipse
2738 5146 2821 5191 est
2844 5135 2989 5190 enim
3020 5134 3129 5189 vita
3162 5143 3275 5197 tua.
3329 5142 3387 5189 et
3437 5133 3615 5202 longi-

2023 5230 2152 5286 tudo
2177 5230 2393 5286 dierum
2426 5229 2692 5299 tuorum),
2727 5235 2787 5282 ut
2833 5226 3044 5282 habites
3070 5227 3122 5281 in
3165 5236 3332 5294 terra,
3363 5241 3463 5300 pro
3513 5239 3617 5297 qua

2023 5432 2216 5487 Sixtus
2243 5432 2287 5487 V
2309 5431 2497 5499 reponi
2517 5430 2674 5498 jussit
2705 5431 2755 5483 in
2788 5428 2996 5485 Latinis
3028 5429 3237 5497 Bibliis,
3258 5437 3314 5484 et
3333 5427 3616 5482 commode

2024 5511 2202 5573 potest
2229 5504 2297 5557 ab
2327 5513 2444 5563 ηῠκ
2479 5503 2706 5557 llebrzeo
2726 5501 2984 5556 derivari.
3007 5500 3170 5556 Certe
3193 5501 3462 5573 obscurus
3483 5512 3614 5551 suo-

2021 5569 2114 5641 pte
2141 5575 2358 5643 ingenio
2387 5574 2538 5628 locus
2585 5573 2809 5628 minime
2838 5573 2927 5638 fit,
2965 5582 3024 5628 ut
3056 5580 3205 5643 putat
3237 5569 3612 5643 Illartianacus,

2024 5638 2125 5701 hac
2163 5638 2401 5700 lectione
2425 5645 2729 5709 obscurior,
2759 5645 2886 5714 quin
2917 5644 3128 5717 planior
3163 5638 3493 5697 doctissimis
3525 5639 3608 5693 ln-

2027 5717 2357 5788 terpretihus
2390 5717 2537 5773 visus
2552 5727 2653 5774 est.
