3956 6338
423 277 533 337 455

1391 277 1451 336 s.
1493 251 1878 336 menoNvuI
1918 275 2156 338 omna
2194 278 2674 341 BIBLIOTHECA.

3620 290 3731 349 456

419 397 630 468 juravit
659 397 923 454 Dominus
949 397 1196 469 patribus
1235 396 1377 466 tuis,
1434 398 1737 469 Abraham,
1768 398 1920 456 Isaae
1972 408 2027 456 et
2051 405 2102 465 Α
2130 416 2228 466 eo,
2268 412 2325 459 et
2353 403 2457 457 erit
2497 403 2550 456 in
2581 396 2999 456 devorationem
3034 413 3047 454 :
3081 397 3359 457 invenient
3389 414 3512 458 eum
3541 407 3730 460 omnia

423 491 613 560 Jacoh,
643 501 705 546 ut
733 491 889 547 daret
919 507 1039 548 eam
1072 491 1202 546 illis.

520 581 608 656 [T.
638 582 895 649 δαημς.
937 581 1213 652 CXLVIII,
1247 582 1375 655 Cap.
1412 583 1632 656 XXXI]
1664 583 1812 640 Abiit
1841 583 2022 656 itaque

423 678 628 745 Moses,
653 686 711 736 et
732 680 944 736 locutus
969 690 1056 736 est
1079 680 1262 736 omnia
1283 681 1450 737 verba
1475 681 1592 737 haec
1612 682 1678 737 ad
1707 681 2020 739 universum

421 771 615 840 Israel,
649 782 705 830 et
761 774 903 829 dixit
951 772 1018 829 ad
1055 788 1155 831 eos
1186 791 1199 829 :
1230 773 1458 830 Centum
1518 773 1712 847 viginti
1755 790 2018 830 annorum

422 881 543 922 sum
598 865 786 934 hodie,
837 880 944 922 non
1006 880 1227 936 possum
1257 867 1398 922 ultra
1446 867 1636 938 egredi
1684 876 1739 923 et
1785 867 2016 938 ingredi,

420 957 728 1028 praesertim
756 971 880 1012 cum
902 967 957 1013 et
981 957 1253 1013 Dominus
1272 959 1472 1014 dixerit
1498 957 1631 1013 mihi
1659 957 1809 1013 :Non
1844 972 2020 1014 trans-

421 1049 526 1106 ibis
583 1049 878 1106 Jordanem
940 1049 1128 1106 istum.
1183 1049 1452 1106 Dominus
1506 1065 1639 1121 ergo
1691 1050 1836 1106 Deus
1892 1059 2017 1105 tuus

421 1144 676 1200 transibit
705 1152 833 1200 ante
865 1152 936 1212 te,
972 1144 1089 1216 ipse
1117 1143 1322 1200 delebit
1359 1159 1552 1201 omnes
1596 1154 1791 1215 gentes
1841 1143 1936 1198 has
1960 1142 2017 1198 in

421 1248 723 1307 conspectu
773 1246 888 1304 tuo,
944 1244 1000 1292 et
1050 1237 1357 1308 possidebis
1411 1252 1524 1305 eas,
1575 1247 1630 1292 et
1677 1237 1844 1292 Josue
1897 1237 2016 1306 ipse

418 1331 675 1387 transibit
704 1340 833 1387 ante
866 1340 939 1398 te,
967 1331 1110 1386 sicut
1134 1331 1346 1387 locutus
1375 1339 1461 1387 est
1490 1331 1774 1387 Dominus.
1800 1330 2012 1386 Faciet-

417 1441 523 1497 que
568 1424 835 1481 Dominus
884 1426 966 1482 eis
1007 1429 1150 1481 sicut
1190 1425 1322 1481 fecit
1369 1425 1512 1482 Seon
1557 1434 1614 1481 et
1661 1423 1741 1496 0g
1789 1424 2012 1495 regibus

415 1517 888 1584 Amorrhteorum,
904 1527 959 1573 et
981 1528 1140 1573 terra:
1163 1517 1707 1588 eorum,delebitque
1736 1532 1853 1573 eos.
1875 1515 2009 1572 Cum

414 1624 548 1682 ergo
573 1620 624 1667 et
650 1610 750 1667 hos
776 1611 1066 1668 tradiderit
1092 1610 1267 1678 vobis,
1293 1611 1544 1667 similiter
1570 1611 1782 1668 facietis
1803 1615 1882 1666 eis
1904 1611 2009 1667 sic-

412 1710 474 1758 ut
504 1703 739 1774 prazeepi
766 1702 942 1759 vobis.
982 1701 1226 1758 Viriliter
1265 1702 1441 1773 agite,
1477 1711 1535 1758 et
1575 1702 1954 1758 contortamiui
1990 1717 2004 1755 :

2127 496 2265 549 mala
2301 493 2380 570 [h.
2414 494 2551 550 Mala
2590 491 2782 565 multa]
2813 501 2868 548 et
2898 493 3255 563 al‘ﬁictiones,
3303 495 3380 550 ita
3411 505 3470 551 ut
3497 497 3643 553 dicat
3670 496 3730 552 in

2122 588 2216 643 illo
2243 588 2333 644 die
2366 606 2380 641 :
2409 588 2544 644 Vere
2576 588 2697 659 quia
2745 603 2852 642 non
2897 597 2983 643 est
3025 586 3172 645 Deus
3211 603 3426 646 mecum
3456 589 3545 663 [h.
3582 591 3729 647 Deus

2122 695 2277 735 meus
2305 679 2358 735 in
2389 681 2568 735 medio
2598 680 2766 752 mei],
2806 680 3132 738 invenerunt
3159 697 3248 739 me
3271 684 3390 739 haec
3415 684 3579 740 mala.
3610 685 3726 756 Ego

2121 782 2300 828 autem
2323 772 2678 841 abscondam,
2702 782 2758 829 et
2777 774 2972 829 celabo
2995 774 3185 831 faciem
3209 789 3384 831 meam
3409 768 3579 831 in'die
3601 777 3721 844 illo,

2120 873 2343 935 propter
2367 866 2546 920 omnia
2581 867 2720 920 mala
2747 881 2867 937 qua:
2894 865 3052 934 fecit,
3086 867 3211 938 quia
3239 877 3457 923 secutus
3479 877 3562 924 est
3588 869 3726 924 deos

2118 957 2350 1012 alienos.
2383 956 2538 1012 Nune
2565 959 2750 1028 itaque
2779 959 3000 1014 scribite
3039 960 3194 1015 vobis
3231 961 3506 1021 canticum
3539 961 3720 1029 istud,

2118 1058 2174 1106 et
2195 1049 2388 1105 docete
2410 1050 2552 1105 lilios
2577 1049 2778 1116 Israel,
2805 1059 2862 1106 ut
2896 1053 3215 1128 memoriter
3243 1063 3504 1123 teneant,
3537 1061 3594 1110 et
3624 1068 3725 1109 ore

2117 1139 2440 1210 deeautent,
2472 1153 2526 1197 et
2562 1143 2634 1197 sit
2673 1142 2806 1198 mihi
2847 1158 3067 1200 carmen
3100 1145 3244 1201 istud
3275 1161 3374 1216 pro
3403 1146 3723 1203 testimonio

2117 1237 2261 1293 inter
2284 1237 2430 1293 ﬁlios
2459 1237 2648 1294 Israel.
2683 1238 3025 1296 Introducam
3054 1242 3200 1297 enim
3231 1257 3354 1298 eum
3396 1242 3448 1298 in
3477 1254 3718 1310 terram,

2114 1347 2213 1404 pro
2251 1349 2351 1404 qua
2379 1333 2558 1403 juravi
2589 1335 2831 1406 patribus
2861 1335 3000 1406 ejus,
3041 1337 3180 1392 lacte
3212 1347 3266 1394 et
3295 1337 3456 1393 melle
3488 1353 3725 1392 manau-

2116 1436 2246 1480 tem.
2302 1424 2545 1497 Cumque
2592 1427 2969 1493 comederint,
3016 1437 3072 1485 et
3127 1429 3377 1496 saturati,
3437 1429 3721 1500 crassique

2111 1516 2348 1583 fuerint,
2404 1528 2718 1576 avertentur
2775 1520 2842 1575 ad
2899 1520 3034 1576 deos
3086 1520 3314 1590 alienos,
3373 1529 3429 1576 et
3477 1524 3720 1577 servient

2112 1613 2213 1679 eis,
2245 1623 2299 1669 et
2335 1613 2622 1670 detrahent
2678 1614 2830 1681 mihi,
2886 1623 2940 1670 et
2981 1615 3191 1670 irritqu
3248 1616 3448 1672 facient
3495 1624 3715 1686 paetum

2117 1721 2322 1761 meum.
2380 1705 2675 1777 Postquam
2750 1706 3057 1762 invenerint
3131 1722 3251 1763 eum
3323 1707 3464 1762 mala
3543 1708 3718 1765 multa

414 1795 584 1852 nolite
612 1796 827 1862 timere,
862 1810 964 1852 nec
996 1796 1236 1866 paventis
1262 1809 1294 1849 a
1323 1804 1624 1864 conspectu
1645 1810 1858 1862 eorum,
1884 1795 2009 1866 quia
2039 1795 2088 1857 B
2114 1807 2168 1853 et
2196 1798 2542 1868 afﬁictioues,
2569 1799 2922 1870 respondebit
2951 1799 2999 1855 ei
3029 1801 3296 1856 canticum
3329 1801 3468 1856 istud
3502 1818 3601 1871 pro
3632 1811 3715 1858 te-

413 1894 680 1952 Dominus
709 1896 858 1952 Deus
887 1905 1012 1951 tuus
1039 1895 1156 1966 ipse
1181 1903 1266 1952 est
1293 1895 1488 1951 ductor
1511 1905 1657 1962 tuus,
1689 1905 1744 1950 et
1789 1909 1895 1949 non
1927 1893 2010 1948 di-

410 1991 617 2058 mittet,
649 2006 749 2047 nee
777 1991 1118 2061 derelinquet
1144 1999 1221 2046 te.
1252 1988 1344 2062 [C.
1378 1987 1645 2061 CXLIX]
1673 1989 2008 2060 Voravitque

411 2085 590 2141 Moses
618 2083 785 2141 Josue
812 2126 826 2152 ,
857 2092 912 2140 et
957 2082 1095 2140 dixit
1126 2083 1173 2138 ei
1205 2097 1392 2138 coram
1438 2082 1584 2138 omni
1630 2080 1798 2136 Israel
1825 2099 1837 2135 :
1867 2082 2008 2136 Con-

407 2175 616 2233 fortare
665 2185 721 2232 et
746 2184 862 2234 esto
890 2175 1145 2232 robustus
1173 2190 1188 2230 :
1227 2183 1280 2230 tu
1309 2175 1455 2231 enim
1487 2173 1808 2230 introduces
1838 2189 2008 2244 popu-

407 2269 521 2326 lum
551 2271 713 2326 istum
744 2270 797 2326 in
828 2278 1028 2326 terram
1056 2310 1072 2338 ,
1103 2285 1265 2340 quam
1297 2269 1552 2325 daturum
1585 2283 1646 2324 se
1679 2267 1886 2339 juravit
1912 2283 2006 2338 pa-

409 2363 583 2419 tribus
606 2378 798 2420 eorum
832 2363 1121 2433 Dominus,
1148 2373 1204 2419 et
1233 2372 1289 2418 tu
1315 2378 1436 2419 eam
1480 2362 1625 2418 forte
1661 2362 1892 2418 divides.
1937 2362 2007 2417 Et

409 2456 672 2514 Dominus
693 2460 786 2531 qui
816 2459 1120 2515 conductor
1147 2466 1335 2514 vester
1366 2465 1471 2524 est,
1506 2455 1623 2528 ipse
1653 2457 1758 2512 erit
1781 2466 1958 2512 tecum
1987 2472 2001 2510 :

409 2567 521 2607 non
554 2549 818 2620 dimittet,
841 2565 945 2607 nec
972 2549 1319 2621 derelinquet
1343 2557 1396 2606 te
1431 2567 1442 2602 :
1489 2547 1600 2603 noli
1627 2550 1852 2614 timere,
1900 2562 2004 2604 nec

409 2659 633 2716 paveas.
663 2644 901 2716 Scripsit
922 2645 1105 2714 itaque
1134 2643 1316 2700 Moses
1349 2643 1523 2713 legem
1557 2641 1717 2705 hanc,
1751 2651 1808 2696 et
1834 2639 2002 2695 tradi-

401 2736 483 2793 dit
510 2753 631 2794 eam
659 2737 1036 2794 sacerdotibus
1065 2736 1191 2791 ﬁliis
1218 2735 1386 2802 Levi,
1438 2734 1532 2805 qui
1577 2733 1870 2803 portabant
1914 2748 2002 2788 ar-

404 2843 525 2884 cam
567 2827 796 2884 fmderis
829 2827 1082 2895 Domini,
1133 2836 1189 2882 et
1223 2825 1436 2882 cunctis
1465 2823 1776 2880 senioribus
1807 2825 1995 2879 Israel.

402 2918 784 2989 Prreeepitque
835 2917 944 2986 eis,
973 2917 1164 2973 dicens
1191 2935 1202 2970 :
1229 2916 1363 2972 Post
1393 2925 1602 2985 septem
1632 2931 1825 2981 annos,
1857 2930 2000 2971 anno

401 3010 767 3072 remissionis.
800 3009 855 3064 in
879 3008 1226 3065 solemnitate
1254 3008 1730 3064 tabernaculorum
1758 3049 1779 3077 ,.
1800 3022 2001 3064 conve-

401 3104 682 3160 nientibus
732 3103 944 3160 cunctis
973 3119 1042 3160 ex
1086 3101 1298 3168 Israel,
1347 3111 1406 3159 ut
1431 3112 1736 3174 appareant
1766 3103 1820 3157 in
1865 3118 1997 3159 con-

2115 1891 2395 1958 stimonio,
2448 1891 2593 1962 quod
2629 1892 2777 1947 nulla
2812 1892 3012 1948 delebit
3030 1892 3233 1948 oblivio
3258 1908 3328 1949 ex
3354 1909 3451 1949 ore
3482 1894 3717 1951 seminis

2111 1985 2350 2041 sui.Scio
2374 1985 2518 2040 enim
2542 1984 2643 2056 [h.]
2661 1986 3020 2056 cogitationes
3054 1986 3194 2056 ejus,
3229 2001 3349 2056 qua:
3369 1986 3615 2043 facturus
3641 1987 3716 2043 sit

2113 2075 2294 2142 hodie,
2327 2084 2616 2146 antequam
2646 2076 2985 2132 introducam
3015 2091 3138 2132 eum
3168 2074 3221 2132 in
3266 2085 3492 2144 terram,
3539 2093 3705 2150 quam

2109 2170 2157 2226 ei
2183 2170 2452 2240 pollicitus
2481 2185 2624 2226 sum.
2659 2169 2740 2243 [Ο.
2764 2169 2918 2243 CLI.]
2941 2171 3171 2242 Scripsit
3202 2188 3334 2244 ergo
3373 2174 3555 2230 Moses
3584 2190 3714 2230 cau-

2107 2265 2274 2320 ticum
2305 2264 2379 2334 [h.
2409 2263 2692 2322 Canticum
2721 2265 2816 2319 hoc
2860 2267 2914 2319 in
2945 2267 3034 2321 die
3077 2266 3214 2338 illo],
3245 2276 3302 2324 et
3351 2267 3539 2324 docuit
3568 2269 3713 2326 ﬁlios

2108 2358 2290 2414 Israel.
2326 2357 2698 2429 Przrcepitque
2719 2360 2884 2414 Josue
2913 2358 3026 2413 ﬁlio
3049 2357 3190 2428 Nun,
3234 2369 3288 2416 et
3312 2361 3388 2415 ait
3419 2379 3430 2413 :
3462 2361 3716 2419 'Confor-

2105 2463 2264 2522 tare,
2320 2463 2376 2512 et
2403 2463 2534 2510 gesto
2583 2454 2964 2510 robustus:tu
3006 2457 3149 2510 enim
3203 2456 3515 2513 introduces
3563 2456 3712 2514 ﬁlios

2106 2543 2272 2601 Israel
2301 2545 2355 2600 in
2386 2557 2608 2615 terram,
2631 2561 2793 2618 quam
2817 2545 3094 2616 pollicitus
3120 2562 3263 2614 sum,
3296 2556 3354 2604 et
3383 2564 3484 2620 ego
3510 2565 3606 2605 ero
3629 2557 3711 2604 te-

2105 2653 2250 2695 cum.
2282 2640 2574 2710 Postquam
2602 2655 2731 2712 ergo
2761 2641 2981 2709 scripsit
3028 2640 3207 2696 Moses
3239 2640 3404 2696 verba
3442 2641 3576 2711 legis
3605 2641 3712 2698 hu-

2099 2731 2191 2803 jus
2219 2733 2271 2788 in
2292 2732 2592 2799 volumine,
2618 2744 2779 2804 atque
2806 2732 3104 2804 complevit
3132 2750 3146 2787 :
3177 2733 3436 2805 percepit
3474 2733 3705 2805 Levitis,

2104 2826 2192 2896 qui
2228 2827 2714 2895 portahantarcam
2744 2826 2964 2882 foederis
2992 2825 3231 2894 Domini,
3260 2826 3482 2882 dicens:
3505 2826 3709 2883 Tollite

2105 2928 2131 2957 α
2163 2919 2356 2976 librum
2387 2921 2546 2976 istum
2574 2921 2648 2994 [h.
2679 2921 2898 2978 Librum
2930 2921 3065 2993 legis
3094 2921 3350 2992 hunc],et
3373 2922 3558 2991 ponite
3577 2935 3706 2977 eum

2101 3009 2154 3065 in
2184 3011 2351 3068 latere
2385 3027 2525 3068 areae
2556 3013 2774 3070 fmderis
2805 3015 3015 3070 Domini
3076 3015 3173 3070 Dei
3201 3016 3366 3071 vestri
3399 3035 3410 3070 :
3445 3026 3503 3071 ut
3528 3015 3598 3071 sit
3627 3016 3707 3072 ibi

2101 3114 2289 3161 contra
2315 3117 2366 3162 te
2391 3107 2441 3161 in
2459 3108 2853 3164 testimonium.
2879 3109 2990 3178 Ego
3004 3110 3147 3165 enim
3167 3110 3280 3166 scio
3291 3111 3706 3168 contentionem

399 3205 590 3267 speetu
621 3196 836 3252 Domini
860 3197 960 3252 Dei
991 3197 1098 3264 tui,
1126 3196 1178 3251 in
1213 3198 1332 3252 loco
1358 3211 1521 3267 quem
1553 3194 1783 3265 elegerit
1811 3196 1995 3250 Domi-
2021 3191 2064 3253 C
2101 3205 2336 3263 tuam,et
2352 3197 2615 3254 cervicem
2630 3199 3153 3256 tuamdurissimam.
3173 3200 3366 3258 Adhuc
3381 3202 3707 3260 viventeme

398 3306 532 3356 nus,
575 3291 724 3361 leges
762 3291 933 3346 verba
982 3288 1117 3361 legis
1165 3287 1327 3360 hujus
1358 3304 1546 3345 coram
1598 3288 1746 3342 omni
1797 3287 1989 3354 Israel,

396 3384 745 3441 audientibus
773 3384 859 3440 eis
881 3424 898 3451 ,
948 3391 1004 3439 et
1032 3381 1085 3438 in
1115 3398 1285 3439 unum
1317 3383 1465 3439 omni
1514 3381 1718 3453 populo
1761 3397 1997 3452 congre-

396 3487 546 3548 gato,
604 3487 714 3533 tam
745 3476 879 3533 viris
905 3492 1065 3548 quam
1102 3476 1458 3546 mulieribus,
1505 3476 1750 3548 parvulis
1797 3484 1851 3530 et
1897 3475 1997 3530 ad-

396 3573 580 3642 venis,
620 3571 711 3643 qui
750 3579 879 3627 sunt
916 3573 1056 3626 intra
1094 3581 1282 3642 portas
1312 3580 1432 3626 tuas
1462 3586 1478 3624 :
1513 3581 1572 3625 ut
1601 3569 1881 3626 audientes
1917 3567 2000 3624 di-

394 3674 571 3730 scant,
595 3673 653 3720 et
681 3665 914 3720 timeant
937 3664 1225 3720 Dominum
1257 3665 1426 3720 Deum
1447 3673 1709 3730 vestrum,
1734 3671 1790 3719 et
1815 3673 1996 3720 custo-

394 3758 570 3828 diant,
589 3759 956 3831 impleantque
982 3774 1176 3816 omnes
1198 3773 1482 3815 sermones
1511 3758 1648 3829 legis
1670 3758 1851 3828 hujus.
1874 3757 1997 3813 Filii

393 3866 613 3922 quoque
633 3865 823 3907 eorum
853 3852 945 3922 qui
977 3867 1124 3908 nunc
1151 3851 1432 3923 ignorant,
1461 3861 1517 3907 ut
1543 3850 1733 3906 audire
1764 3853 1992 3920 possint,

392 3954 448 4002 et
472 3946 698 4001 timeant
725 3943 806 4018 [h.
836 3943 1076 4000 Audiant
1095 3954 1153 4002 et
1176 3944 1415 4015 discant,
1440 3953 1502 4000 ut
1525 3942 1776 4016 timeant]
1806 3943 1993 3998 Domi-

393 4053 524 4095 num
559 4038 729 4095 Deum
761 4049 1001 4096 vestrum
1024 4039 1239 4096 cunctis
1265 4038 1462 4094 diebus
1490 4039 1686 4110 quibus
1707 4045 1996 4094 versantur

389 4129 445 4185 in
475 4139 644 4198 terra,
677 4130 744 4187 ad
776 4147 938 4201 quam
968 4146 1089 4199 vos,
1124 4129 1363 4187 Iordane
1393 4134 1736 4200 transmisso,
1771 4131 1993 4201 pergitis

388 4219 764 4278 obtinendam.
799 4222 887 4295 [Τ.
911 4221 1117 4290 XVIII,
1153 4221 1216 4278 Β.
1249 4221 1568 4296 CXXXIX.]
1601 4224 1668 4278 Et
1703 4223 1780 4276 ait
1811 4222 1994 4278 Domi-

387 4329 489 4369 nus
523 4313 589 4369 ad
622 4313 810 4370 Mosen
847 4331 864 4372 :
897 4313 1039 4371 Ecce
1080 4328 1253 4384 prope
1295 4323 1423 4369 sunt
1457 4313 1574 4370 dies
1613 4313 1805 4369 mortis
1836 4321 1943 4368 tuae
1975 4330 1986 4368 :

384 4420 518 4463 voca
539 4405 728 4474 Josue,
747 4415 804 4462 et
823 4414 967 4464 state
988 4407 1042 4462 in
1062 4405 1419 4462 tabernaculo
1438 4405 1759 4474 testimonii,
1777 4415 1833 4461 ut
1852 4421 1991 4476 prte-

383 4501 579 4572 eipiam
601 4499 674 4557 ei.
692 4499 962 4556 Abieruut
987 4516 1117 4573 ergo
1139 4499 1319 4556 Moses
1347 4509 1404 4556 et
1422 4500 1586 4556 Josue
1603 4539 1618 4565 ,
1644 4508 1698 4553 et
1719 4507 1990 4554 steterunt

2103 3288 2594 3361 etingrediente[h.
2620 3307 2725 3345 nou
2757 3291 2917 3347 habet
2939 3301 2994 3346 et
3009 3291 3369 3365 ingrediente]
3390 3293 3695 3365 vobiscum,

2102 3395 2318 3452 semper
2339 3383 2678 3439 contentiose
2707 3383 2893 3454 egistis
2922 3393 3111 3440 contra
3136 3385 3423 3441 Dominum
3451 3403 3464 3440 ε
3497 3396 3706 3458 quanto

2102 3473 2272 3540 magis
2291 3489 2413 3528 cum
2441 3483 2684 3530 mortuus
2708 3475 2893 3530 luero!
2927 3475 3264 3547 Congregate
3290 3477 3355 3531 ad
3387 3493 3473 3533 me
3501 3492 3698 3535 omnes

2101 3578 2278 3620 mares
2310 3575 2436 3621 natu
2462 3581 2558 3636 per
2579 3565 2749 3623 tribus
2777 3577 3011 3633 vestras,
3041 3577 3205 3638 atque
3225 3567 3502 3635 doctores,
3535 3580 3588 3624 et
3614 3569 3702 3626 Io-

2099 3672 2233 3729 quar
2256 3660 2598 3716 audientibus
2627 3663 2710 3718 eis
2738 3675 3020 3718 sermones
3048 3663 3203 3729 istos,
3237 3674 3292 3720 et
3319 3665 3582 3720 invocabo
3613 3665 3700 3738 [h.

2101 3758 2269 3807 testes
2307 3753 2576 3826 invocabo]
2603 3762 2790 3810 contra
2821 3769 2916 3811 eos
2967 3755 3163 3812 coelum
3195 3766 3251 3812 et
3281 3766 3503 3815 terram.
3552 3758 3697 3815 Novi

2099 3844 2240 3898 enim
2272 3845 2414 3916 quod
2444 3856 2564 3916 post
2593 3858 2825 3905 mortem
2853 3864 3028 3905 meam
3076 3850 3262 3922 inique
3289 3853 3484 3922 agetis,
3515 3862 3570 3908 et
3601 3852 3702 3910 de-

2097 3937 2368 3993 elinabitis
2389 3941 2496 3995 cito
2525 3941 2594 3996 de
2622 3941 2731 4009 via,
2760 3957 2919 4012 quam
2935 3943 3169 4013 praacepi
3196 3945 3350 4001 vobis
3378 3963 3392 4003 :
3421 3956 3476 4002 et
3499 3960 3700 4002 occur-

2097 4042 2219 4087 rent
2244 4033 2396 4088 vobis
2427 4034 2566 4088 mala
2591 4035 2642 4089 iu
2672 4043 2916 4092 extremo
2939 4044 3202 4107 tempore,
3236 4038 3453 4109 quando
3496 4040 3701 4096 feceri-

2097 4126 2165 4180 tis
2210 4127 2407 4182 malum
2436 4129 2489 4183 in
2519 4137 2815 4200 conspectu
2842 4130 3075 4198 Domini,
3109 4141 3167 4187 ut
3194 4132 3417 4189 irritetis
3437 4149 3561 4190 eum
3595 4149 3700 4205 per

2095 4232 2261 4298 opera
2314 4236 2569 4278 manuum
2618 4229 2946 4278 vestrarum.
2991 4223 3073 4295 [Β.
3104 4223 3285 4297 (ΣΧῐμι
3314 4224 3559 4283 Locutus
3607 4235 3699 4284 est

2094 4327 2224 4383 ergo
2267 4313 2468 4381 Moses,
2507 4314 2761 4372 audiente
2802 4317 3061 4372 universo
3112 4325 3255 4374 coetu
3285 4317 3476 4387 Israel,
3521 4320 3698 4377 verba

2094 4403 2352 4460 carminis
2381 4404 2564 4475 bujus,
2597 4415 2651 4462 et
2676 4407 2741 4462 ad
2774 4408 2935 4463 ﬁnem
2970 4423 3142 4480 usque
3168 4410 3484 4478 complevit.

2166 4497 2317 4570 [ϐαρ.
2347 4498 2587 4572 XXXII.]
2618 4500 2837 4567 Audite,
2867 4501 3012 4570 cteli,
3044 4517 3165 4574 qua:
3194 4501 3388 4574 loquor
3415 4521 3428 4558 :

382 4593 438 4650 in
469 4593 823 4650 tabernacqu
854 4592 1152 4650 testimonii
1186 4609 1200 4646 :
1231 4591 1592 4663 apparuitque
1616 4591 1877 4646 Dominus
1906 4590 1978 4646 ibi
2004 4597 2060 4660 1)
2154 4592 2341 4648 audiat
2371 4601 2514 4649 terra
2544 4594 2708 4650 verba
2739 4595 2849 4650 oris
2879 4595 3005 4651 mei.

387 4685 440 4742 in
471 4686 724 4743 columna
748 4683 930 4751 nubis,
956 4699 1079 4755 quae
1101 4685 1254 4740 stetit
1282 4681 1339 4738 in
1369 4682 1591 4738 introitu
1623 4681 1982 4737 tabernaculi.

387 4777 473 4854 [Ο.
503 4779 641 4855 CL.]
665 4781 812 4836 Dixit
843 4779 1108 4835 Dominus
1129 4779 1194 4834 ad
1219 4777 1404 4835 Mosen
1439 4795 1452 4833 :
1486 4777 1626 4834 Ecce
1661 4787 1716 4833 tu
1748 4777 1984 4833 dormies

380 4885 504 4928 cum
538 4872 784 4941 patribus
813 4873 944 4940 tuis,
974 4881 1030 4928 et
1051 4872 1286 4942 populus
1317 4872 1418 4927 iste
1439 4885 1776 4941 consurgens
1805 4869 1984 4928 forni-

383 4962 596 5019 cabitur
621 4971 745 5033 post
771 4962 908 5020 deos
937 4963 1145 5020 alienos
1176 4963 1230 5018 in
1263 4972 1432 5031 terra,
1460 4962 1526 5018 ad
1555 4977 1716 5032 quam
1750 4961 1986 5032 ingredi-

380 5066 490 5128 tur,
518 5067 568 5115 et
597 5059 846 5117 habitabit
873 5063 929 5118 in
971 5077 1035 5117 ea
1059 5076 1078 5118 :
1104 5061 1174 5116 ibi
1204 5060 1286 5135 [h.
1328 5076 1435 5117 non
1467 5060 1632 5117 habet
1667 5059 1796 5134 hoc]
1824 5060 1984 5118 dere-

377 5151 590 5224 linquet
612 5167 722 5222 me,
747 5163 803 5208 et
822 5152 1036 5209 irritum
1069 5152 1230 5209 faciet
1260 5151 1462 5218 foedus,
1487 5153 1630 5224 quod
1661 5153 1837 5224 pepigi
1857 5168 1979 5209 cum

376 5257 467 5301 eo.
501 5243 567 5300 Et
598 5244 865 5301 irascetur
906 5245 1058 5302 furor
1089 5262 1244 5303 meus
1270 5254 1458 5302 contra
1489 5260 1614 5301 eum
1655 5245 1708 5300 in
1739 5245 1830 5301 die
1859 5245 1977 5314 illo,

375 5348 432 5399 et
461 5339 838 5412 derelinquam
858 5355 1004 5408 eum,
1033 5349 1089 5398 et
1113 5341 1451 5399 abscondam
1483 5338 1676 5398 faciem
1710 5354 1884 5397 meam
1907 5341 1977 5398 ab

412 5453 872 5535 “‘Samaritanus
921 5483 1102 5533 textus
1138 5476 1282 5536 bene
1326 5478 1458 5550 legit
1505 5478 1612 5534 hoc
1640 5477 1763 5534 loco
1825 5459 1981 5563 mp5,

373 5571 573 5647 ticbhu,
606 5570 663 5628 id
695 5581 801 5642 est,
832 5571 1159 5647 _tollite,__seu
1209 5573 1399 5647 capite.
1439 5572 1748 5647 Hodiernus
1771 5582 1979 5647 autem

374 5643 636 5702 Hebraeus
674 5659 782 5700 non
831 5643 998 5700 habet
1035 5643 1282 5700 litteram
1343 5661 1442 5699 vau
1481 5645 1735 5701 servilem
1769 5645 1820 5699 iu
1849 5644 1976 5712 ﬁne,

373 5735 470 5790 sed
517 5745 627 5792 tres
685 5735 1067 5793 tantummodo
1105 5734 1374 5792 radicales
1401 5720 1535 5825 ΠΡΒ,
1565 5735 1808 5804 ιαεοαΙιΙι,
1829 5735 1976 5808 quod

373 5828 673 5906 signiﬁcat,
693 5832 970 5906 capiendo,
988 5832 1132 5907 sive,
1167 5830 1419 5904 tollendo,
1441 5833 1547 5890 hoc
1592 5839 1699 5904 est,
1742 5830 1970 5889 tollendo

2085 4683 2415 4741 Conerescat
2438 4694 2495 4740 ut
2525 4685 2701 4755 pluvia
2723 4686 2971 4743 doctrina
3002 4703 3161 4747 mea:

2157 4774 2289 4833 ﬁuat
2310 4787 2370 4833 ut
2402 4793 2492 4834 ros
2514 4778 2788 4849 eloquium
2824 4795 3004 4837 meum
3039 4798 3054 4836 :

2088 4869 2250 4938 Quasi
2277 4870 2456 4927 imber
2484 4886 2645 4941 supra
2670 4870 2895 4927 herbam
2912 4913 2930 4940 ,

2158 4975 2213 5022 et
2233 4967 2384 5036 quasi
2414 4965 2575 5022 stilla:
2599 4981 2764 5037 super
2786 4965 3031 5037 gramina
3061 4985 3073 5020 :

2158 5056 2281 5128 quia
2306 5073 2502 5114 nomen
2533 5058 2744 5113 Domini
2777 5058 3063 5115 invocabo.

2085 5150 2220 5207 Date
2243 5151 2696 5223 magniﬁcentiam
2728 5153 2842 5209 Deo
2867 5161 3094 5210 nostro:

2154 5244 2252 5302 Dei
2282 5245 2516 5316 perfecta
2540 5253 2666 5301 sunt
2689 5261 2853 5316 opera
2885 5262 2899 5312 ;

2154 5347 2208 5394 et
2234 5351 2424 5394 omnes
2453 5337 2555 5394 viae
2582 5337 2702 5410 ejus
2723 5337 2949 5410 judicia.

2094 5477 2282 5550 librum
2304 5476 2432 5550 legis
2458 5477 2636 5542 istum,
2665 5478 2858 5550 ponite,
2888 5487 3005 5550 etc.
3041 5477 3176 5535 llinc
3205 5477 3384 5550 liquet,
3416 5481 3684 5540 nonnulla

2091 5549 2365 5623 excidisse
2401 5567 2434 5605 e
2466 5559 2613 5623 textu
2642 5549 2872 5623 Hebraeo
2902 5549 3168 5608 hodierno
3202 5549 3398 5623 :quod‘
3412 5552 3518 5609 etsi
3560 5558 3687 5623 plu-

2087 5620 2242 5676 rimis
2263 5620 2537 5691 exemplis
2557 5621 2668 5692 jam
2717 5622 3154 5690 probaverimus,
3180 5620 3357 5678 adhuc
3407 5620 3589 5680 tamen
3627 5627 3684 5681 in

2081 5693 2548 5820 Ifdonsequentibus
2602 5692 2838 5764 idipsum
2902 5693 3203 5753 observare
3267 5709 3376 5751 non
3447 5695 3682 5768 pigebit.

2132 5779 2260 5820 aur.

2132 5779 2260 5823 ART-
