4098 6366
348 335 454 392 Δ57

346 446 489 501 Deus
516 442 713 510 ﬁdelis,
744 450 799 497 et
825 442 1031 513 absque
1058 440 1169 497 ulla
1201 439 1509 513 iniquitate,

416 538 597 608 justus
624 547 678 592 ct
704 545 887 593 rectus
918 555 929 590 :

420 639 784 701 peccaverunt
821 631 893 695 ei,
929 644 1036 684 non
1061 629 1190 686 ﬁliis
1211 629 1327 700 ejus
1352 628 1407 684 in
1441 628 1734 685 sordibus:

345 726 640 783 Generatio
670 741 833 797 prava
867 733 1028 795 atque
1062 738 1357 794 perversa:

418 821 659 875 ltzeccine
685 819 867 875 reddis
896 819 1149 887 Domino,
1174 819 1372 890 popule
1392 822 1557 876 stulte
1586 828 1640 875 et
1660 818 1947 889 insipiens?

341 914 610 986 Numquid
646 929 754 970 non
786 914 903 985 ipse
929 922 1013 969 est
1042 922 1195 983 pater
1224 924 1368 984 tuus,
1399 915 1487 987 qui
1527 913 1771 986 possedit
1802 921 1871 979 te,

415 1015 468 1062 et
498 1006 647 1074 fecit,
679 1016 735 1061 et
759 1005 965 1062 creavit
991 1006 1080 1061 te?

341 1100 613 1157 Memento
643 1100 853 1156 dierum
882 1101 1255 1172 antiquorum,

413 1194 591 1264 cogita
619 1194 1003 1264 generationes
1047 1194 1289 1264 singulas
1322 1211 1335 1247 :

340 1284 617 1355 Interroga
644 1295 851 1354 patrem
885 1294 1058 1353 tuum,
1095 1294 1148 1342 et
1185 1286 1529 1343 annuntiabit
1566 1285 1692 1355 tibi;

413 1379 649 1446 majores
681 1387 826 1445 tuos,
859 1387 913 1433 et
945 1378 1132 1433 dicent
1160 1379 1254 1433 tibi
1292 1397 1303 1432 :

339 1469 567 1537 Quando
596 1470 873 1525 dividebat
895 1471 1207 1526 Altissimus
1237 1478 1428 1541 gentes
1453 1489 1466 1537 ;

418 1562 637 1633 quando
665 1564 954 1633 separabat
988 1564 1124 1619 ﬁlios
1146 1562 1341 1633 Adam,

339 1654 639 1710 Constituit
671 1656 931 1712 terminos
975 1657 1300 1727 populorum

407 1751 560 1819 juxta
588 1767 873 1807 numerum
902 1751 1139 1808 ﬁliorum
1164 1752 1351 1809 Israel.

339 1842 477 1899 Pars
506 1854 693 1899 autem
729 1846 967 1911 Domini,
999 1847 1229 1917 populus
1252 1848 1371 1917 ejus
1406 1865 1418 1900 :

408 1936 575 1991 Iacob
595 1936 873 1994 funiculus
902 1938 1239 1995 haereditatis
1269 1940 1409 2011 ejus.

336 2028 551 2085 Invenit
582 2044 705 2085 eum
729 2031 783 2085 in
813 2040 961 2087 terra
992 2031 1231 2098 deserta,

411 2122 468 2177 in
496 2124 613 2177 loco
641 2124 892 2179 horroris
919 2133 974 2181 et
993 2133 1165 2180 vastae
1198 2125 1533 2183 solitudinis.

337 2213 723 2271 Circumduxit
746 2232 893 2285 eum,
927 2228 983 2274 et
1005 2219 1189 2274 docuit
1215 2236 1228 2271 :

418 2320 474 2365 et
504 2311 795 2366 custodivit
818 2313 968 2383 quasi
1000 2313 1258 2384 pupillam
1283 2312 1426 2369 oculi
1456 2314 1559 2368 sui.

341 2403 496 2461 Sicut
526 2405 710 2475 aquila
737 2421 1041 2476 provocans
1066 2406 1133 2462 ad
1158 2406 1448 2463 volandum
1491 2406 1667 2477 pullos
1692 2422 1841 2476 suos,

415 2510 470 2554 et
493 2514 658 2569 super
687 2514 782 2554 eos
808 2500 1063 2556 volitans.

345 2591 620 2662 Expendit
648 2592 761 2649 alas
792 2609 941 2661 suas,
970 2603 1025 2649 et
1055 2594 1354 2664 assumpsit
1385 2601 1411 2632 ³
1438 2609 1584 2661 eum,

419 2694 583 2755 atque
610 2686 844 2757 portavit
869 2689 921 2742 in
946 2688 1190 2743 humeris
1219 2689 1356 2744 suis.

346 2777 614 2835 Dominus
645 2782 794 2835 solus
826 2780 939 2839 dux
970 2781 1091 2851 ejus
1121 2780 1221 2837 fuit
1257 2798 1273 2841 ξ

422 2883 475 2930 et
497 2891 603 2929 non
628 2884 746 2931 erat
773 2892 893 2932 cum
920 2892 986 2932 eo
1014 2876 1157 2932 Deus
1189 2876 1421 2933 alienus.

348 2969 643 3024 Constituit
672 2986 795 3025 eum
827 2986 997 3041 super
1021 2971 1295 3026 excelsam
1319 2980 1518 3025 terram
1551 2984 1566 3023 :

422 3072 483 3118 ut
503 3066 816 3121 comederet
838 3064 864 3119 Γ
866 3075 1051 3121 ructus
1082 3080 1363 3137 agrorum,

353 3156 421 3212 Et
451 3167 668 3227 sugeret
696 3158 803 3213 mel
827 3158 895 3213 de
926 3168 1101 3229 petra,

425 3252 714 3323 oleumque
742 3251 810 3307 de
828 3266 960 3307 saxo
980 3251 1298 3307 durissimo.

356 3344 451 3400 But
463 3362 621 3417 yrum
645 3347 714 3402 de
744 3354 1016 3415 armento,
1049 3356 1102 3401 et
1132 3346 1219 3400 lac
1240 3346 1307 3400 de
1331 3344 1526 3401 ovibus

429 3454 549 3492 cum
601 3438 763 3509 adipe
794 3454 1054 3510 agnorum
1079 3448 1133 3493 et
1164 3438 1420 3507 arietum,
1456 3437 1693 3492 ﬁliorum
1725 3435 1904 3492 Basan
1942 3452 1956 3492 :

357 3536 425 3592 Et
454 3535 640 3592 hircos
670 3552 793 3592 cum
828 3536 1065 3592 medulla
1095 3534 1291 3602 tritici,

427 3640 482 3686 ct
511 3631 826 3701 sanguinem
851 3647 966 3687 uva:
986 3631 1197 3686 biberet
1226 3627 1673 3685 meracissimum.

358 3722 695 3779 Incrassatus
724 3733 807 3780 est
846 3724 1077 3779 dilectus
1100 3722 1178 3796 [h.
1210 3722 1440 3793 rectus],
1472 3731 1527 3779 et
1554 3722 1960 3780 recalcitravit:

430 3819 785 3884 incrassatus,
820 3819 1208 3889 impinguatus,
1236 3816 1512 3873 dilatatus.

361 3908 657 3982 Dereliquit
686 3912 856 3967 Deum
882 3910 1148 3966 factorem
1174 3925 1357 3977 suum,

430 4012 485 4059 et
504 4004 729 4060 recessit
756 4020 786 4059 a
816 4004 927 4059 Deo
956 4004 1178 4059 salutari
1222 4019 1321 4059 suo
1350 4019 1366 4057 :

362 4095 807 4153 Provocaverunt
828 4112 951 4152 eum
974 4096 1028 4152 in
1061 4096 1168 4152 diis
1189 4096 1406 4162 alienis,

434 4204 491 4251 et
518 4197 572 4251 in
612 4196 1117 4254 abominationibus
1140 4196 1168 4236 ι)
1193 4197 1263 4254 ad
1294 4197 1626 4255 iracundiam
1662 4196 1971 4254 concitave-

438 4299 585 4345 flllll.

367 4381 795 4440 Immolaverunt
819 4384 1109 4441 dzemoniis
1139 4394 1197 4442 et
1223 4402 1330 4442 non
1360 4386 1492 4456 Deo,

438 4475 542 4530 diis
572 4491 710 4546 quos
738 4478 1062 4548 ignorabant
1086 4497 1100 4534 :

365 4567 502 4623 Novi
532 4579 893 4642 recentesque
923 4580 1196 4629 venerunt
1228 4584 1278 4640 ε,

440 4678 572 4731 quos
592 4679 700 4718 non
729 4663 1016 4720 coluerunt
1039 4674 1223 4734 patres
1253 4680 1464 4721 eorum.

369 4752 536 4809 Deum
568 4756 657 4827 qui
684 4764 736 4811 te
762 4758 973 4825 genuit,
1008 4755 1367 4826 dereliquisti,

444 4857 494 4902 et
527 4848 729 4904 oblitus
758 4864 816 4903 es
850 4849 1063 4904 Domini
1087 4850 1352 4905 creatoris
1376 4849 1471 4905 tui.

377 4939 525 4996 Vidit
556 4942 847 5011 Dominus,
876 4952 932 4999 et
958 4944 1025 4999 ad
1054 4944 1388 4999 iracundiam
1419 4945 1724 5001 concitatus
1746 4953 1831 5002 est
1855 4962 1869 4999 :

450 5035 574 5105 quia
602 5047 1034 5107 provocaverunt
1057 5052 1182 5093 eum
1207 5037 1303 5093 ﬁlii
1331 5039 1415 5093 sui
1439 5048 1494 5094 et
1524 5038 1670 5094 ﬁliae.

380 5123 452 5181 Et
476 5128 553 5181 ait
584 5145 597 5181 :
631 5127 972 5184 Abscondam
1005 5129 1195 5185 faciem
1229 5146 1405 5186 meam
1437 5132 1506 5189 ab
1536 5132 1637 5201 eis,

454 5228 509 5273 et
533 5220 891 5276 considerabo
914 5222 1204 5277 novissima
1234 5238 1427 5279 eorum
1457 5241 1471 5277 :

382 5309 684 5368 Generatio
714 5313 857 5369 enim
895 5329 1153 5385 perversa
1177 5323 1281 5384 est,

456 5412 512 5460 et
541 5405 788 5461 inﬁdeles
817 5406 936 5462 ﬁlii.

385 5496 494 5568 Ipsi
521 5514 609 5555 me
633 5513 1072 5571 provocaverunt
1096 5504 1148 5559 in
1174 5519 1265 5575 eo,
1295 5505 1385 5576 qui
1406 5518 1513 5561 non
1534 5512 1658 5561 erat
1673 5503 1838 5573 Deus,

460 5602 512 5647 et
544 5594 975 5651 irritaveruntin
1008 5597 1342 5655 vanitatibus
1372 5599 1485 5654 suis
1516 5616 1528 5652 :

465 5739 489 5808 ξι
514 5730 744 5808 ξθὶθὶὶη.
778 5748 883 5787 ms.
913 5742 958 5808 et
981 5736 1255 5808 assumpsit
1279 5752 1384 5793 eos.

464 5800 492 5840 δ
522 5803 863 5859 Interserunt
888 5805 980 5861 alii
1011 5800 1167 5871 libri,
1184 5810 1316 5861 suis.

472 5883 495 5911 ο
522 5874 618 5932 Hic
644 5892 861 5948 quoque
888 5876 1096 5933 addunt
1123 5880 1213 5934 alii
1247 5879 1391 5948 libri,
1424 5879 1491 5935 ad
1509 5896 1617 5937 eos.

718 5971 995 6034 Parnm"
1043 5970 1339 6034 XXVIII.

1607 323 1809 383 LIBER
1848 322 2385 386 DEU'I'ERONOMII.

1974 458 2025 518 Α
2057 444 2120 499 Et
2148 460 2248 514 ego
2277 446 2582 515 provocabo
2605 458 2699 500 eos
2731 444 2781 498 in
2817 458 2883 500 eo
2914 446 3003 515 qui
3029 460 3135 501 non
3161 454 3237 502 est
3274 446 3523 517 populus,

1988 3261 2036 3326 C

3544 332 3649 391 458

2128 549 2180 591 ct
2206 538 2260 591 in
2288 549 2446 608 gente
2474 539 2636 592 stulta
2668 537 2892 592 irritabn
2924 539 3064 594 illos.

2052 629 2197 700 Ignis
2228 644 2530 685 succensus
2561 641 2643 686 est
2674 631 2726 685 in
2754 631 2940 687 furore
2967 648 3112 701 meo,

2123 735 2178 779 et
2203 724 2414 779 ardebit
2441 725 2695 793 usquead
2726 725 2923 782 inferni
2952 727 3245 783 novissima
3279 745 3293 782 :

2051 820 2453 891 Devorabitque
2476 820 2504 857 ἀ
2538 832 2741 877 terram
2772 840 2895 879 cum
2928 826 3171 896 germine
3201 842 3325 894 suo,

2124 923 2179 969 et
2211 917 2474 970 utentium
2500 914 2852 974 Iuridamenta
2882 919 3186 976 eomburct.

2054 1006 2409 1078 Congregabo
2439 1023 2605 1079 super
2633 1025 2729 1065 eos
2761 1010 2927 1077 mala,

2123 1109 2176 1154 et
2198 1101 2421 1171 sagittas
2450 1116 2595 1157 meas
2620 1102 2907 1174 complebo
2932 1104 2984 1159 in
3008 1104 3109 1161 eis.

2050 1194 2451 1251 Consumentur
2485 1198 2646 1263 fame,

2122 1300 2177 1347 ct
2197 1291 2533 1347 devorabunt
2561 1307 2656 1348 eos
2682 1308 2811 1349 aves
2836 1308 3019 1349 morsu
3050 1295 3414 1355 amarissimo.

2052 1384 2252 1439 Dentes
2283 1386 2579 1441 bestiarum
2608 1387 2896 1443 immittam
2925 1390 2974 1443 in
3008 1404 3127 1456 eos,

2121 1490 2241 1531 cum
2276 1476 2458 1534 furore
2512 1479 2847 1535 trahentium
2878 1494 3042 1551 super
3074 1490 3300 1554 terram,
3344 1492 3507 1555 atque
3538 1501 3654 1541 ser-

2122 1572 2388 1639 pentium.

2052 1665 2208 1721 Foris
2235 1667 2469 1723 vastabit
2494 1669 2847 1740 eos'gladius,
2868 1679 2924 1727 et
2952 1672 3095 1728 intus
3126 1687 3293 1743 pavor
3318 1693 3331 1729 :

2117 1762 2373 1831 juvenem
2421 1762 2581 1817 simul
2626 1777 2689 1819 ac
2713 1764 3000 1835 virginem,
3051 1766 3344 1825 lactentem
3383 1783 3504 1825 cum
3559 1770 3658 1825 bo-

1978 1860 2027 1921 B
2123 1857 2272 1911 mine
2295 1872 2448 1912 sene.

2055 1950 2175 2005 Dixi
2211 1969 2223 2005 :
2257 1950 2487 2006 Ubinam
2516 1954 2692 2008 sunt?

2125 2060 2348 2102 cessare
2378 2046 2569 2103 faciam
2598 2047 2674 2119 [h.
2710 2046 3098 2106 Exterminabo
3124 2064 3221 2107 eos
3247 2049 3301 2105 in
3333 2050 3517 2107 furore
3542 2066 3663 2106 meo

2128 2147 2184 2193 et
2223 2153 2441 2195 cessare
2486 2139 2702 2212 faciam]
2748 2157 2818 2197 ex
2857 2142 3165 2201 hominibus
3205 2145 3525 2201 memoriam
3568 2160 3663 2201 eo-

2130 2248 2269 2287 rum.

2059 2321 2165 2379 Sed
2192 2332 2416 2395 pr0pter
2444 2325 2581 2381 iram
2620 2326 2963 2383 inimicorum
2991 2328 3177 2385 distuli
3214 2349 3227 2385 :

2131 2432 2199 2473 ne
2230 2416 2368 2472 forte
2398 2419 2744 2487 superbirent
2771 2422 2959 2476 hostes
2986 2436 3199 2488 eorum,

2062 2509 2132 2565 Et
2154 2510 2400 2567 dicerent
2424 2530 2435 2564 :
2463 2513 2653 2567 Manus
2683 2523 2868 2568 nostra
2890 2516 3128 2578 excelsa.

2131 2612 2185 2658 et
2212 2618 2317 2657 non
2349 2604 2628 2671 Dominus,
2658 2603 2787 2660 fecit
2810 2605 2925 2660 haec
2957 2607 3157 2661 omnia.

2064 2696 2209 2751 Gens
2236 2695 2441 2765 absque
2465 2696 2697 2752 consilio
2724 2706 2830 2763 est,
2864 2708 2918 2753 et
2941 2697 3061 2754 sine
3083 2697 3392 2769 prudentia.

2064 2790 2281 2847 Utinam
2305 2801 2585 2861 saperent,
2620 2801 2673 2847 et
2700 2792 3093 2863 intelligerent,

2138 2898 2200 2938 ac
2229 2884 2522 2939 novissima
2552 2884 2922 2955 providerent.

2066 2976 2184 3044 Quo
2207 2976 2367 3031 modo
2393 2987 2415 3014 ο
2442 2989 2799 3047 persequatur
2829 2994 2964 3033 untts
2990 2979 3163 3049 mille,

2140 3077 2196 3123 et
2225 3068 2330 3124 duo
2362 3069 2611 3138 Iugarent
2636 3069 2825 3125 decem
2859 3071 3074 3125 millia?
3355 3138 3361 3145 θ

2069 3159 2259 3216 Nonne
2286 3160 2430 3227 ideo,
2463 3162 2590 3232 quia
2616 3162 2757 3217 Deus
2780 3178 2910 3217 suus
2932 3164 3176 3221 vendidit
3203 3181 3319 3236 eos,

2138 3264 2191 3309 et
2217 3254 2474 3309 Dominus
2500 3256 2769 3310 conclusit
2798 3256 2967 3312 illos?

2064 3344 2184 3401 Non
2202 3347 2347 3402 enim
2374 3357 2457 3402 est
2479 3347 2621 3402 Deus
2645 3358 2832 3403 noster
2851 3358 2912 3403 ut
2937 3350 3077 3406 Deus
3102 3350 3287 3425 [Vulg.
3312 3353 3382 3411 dii
3390 3355 3407 3427 j
3428 3372 3614 3414 eorum
3647 3377 3660 3413 :

2136 3448 2191 3495 et
2220 3440 2423 3495 inimici
2446 3440 2620 3495 nostri
2646 3440 3019 3511 suntjudices.

2068 3532 2145 3588 De
2176 3532 2336 3589 vinea
2367 3532 2753 3602 Sodomorum,
2785 3534 2945 3589 vinea
2979 3551 3192 3607 eorum,

2139 3627 2278 3683 etde
2306 3627 2636 3683 suburbanis
2666 3626 3007 3684 Gomorrhae.

2068 3720 2179 3778 Uva
2208 3737 2395 3777 eorum
2428 3737 2528 3776 uva
2554 3722 2713 3789 fellis,

2140 3824 2195 3872 et
2219 3816 2363 3872 botri
2386 3815 2735 3872 amarissimi.

2068 3909 2163 3966 Fel
2194 3910 2497 3966 draconum
2530 3910 2719 3965 vinum
2743 3925 2958 3978 eorum,

2142 4011 2196 4057 et
2218 4018 2487 4058 venenum
2514 4002 2763 4073 aspidum
2798 4004 3123 4062 insanabile.

2070 4096 2261 4154 Nonne
2283 4097 2401 4153 haec
2421 4097 2639 4153 condita
2668 4106 2794 4153 sunt
2822 4099 2966 4165 apud
2994 4116 3101 4169 me,

2144 4200 2199 4247 et
2222 4193 2429 4263 signata
2458 4191 2513 4246 in
2543 4193 2813 4248 thesauris
2838 4194 3009 4249 meis?

2072 4282 2188 4339 Mea
2217 4293 2301 4339 est
2325 4284 2483 4350 ultio,
2516 4292 2571 4339 et
2596 4299 2696 4355 ego
2730 4286 3028 4341 retribuam
3061 4286 3114 4341 in
3146 4293 3414 4359 tempore,

2144 4377 2432 4431 utlabatur
2463 4391 2558 4445 pes
2589 4391 2784 4431 eorum
2820 4395 2833 4431 :

2072 4468 2230 4525 Juxta
2249 4478 2333 4524 est
2353 4468 2473 4525 dies
2503 4468 2831 4539 perditionis
2873 4470 2949 4542 [h.
2984 4470 3299 4541 perditionis
3325 4476 3561 4550 eorum],

2145 4571 2201 4617 et
2231 4561 2422 4617 adesse
2446 4561 2706 4617 festinant
2730 4571 2995 4632 tempora.

1993 4666 2046 4728 D
2072 4653 2342 4710 Judicabit
2368 4652 2627 4709 Dominus
2652 4652 2905 4723 populum
2928 4669 3106 4723 suum,

2148 4753 2203 4799 et
2227 4747 2280 4799 in
2303 4746 2474 4801 servis
2494 4745 2608 4799 suis
2634 4746 2997 4801 miserebitur.

2080 4837 2297 4897 Videbit
2321 4838 2462 4908 quod
2491 4837 2763 4893 infirmata
2787 4838 2860 4893 sit
2882 4855 3099 4906 manus,

2152 4938 2208 4986 et
2227 4930 2398 4985 clausi
2420 4944 2635 5001 quoque
2664 4931 3002 5001 defecerunt,

2157 5023 2469 5093 residuique
2490 5023 2799 5095 consumpti
2831 5031 2977 5079 sunt.

2086 5122 2156 5179 Et
2180 5123 2367 5179 dicent
2400 5140 2410 5175 :
2447 5121 2545 5178 Ubi
2572 5132 2700 5177 sunt
2720 5121 2796 5178 dii
2820 5137 3031 5190 eorum,

2160 5220 2213 5273 in
2234 5219 2431 5290 quibus
2452 5216 2723 5273 habebant
2746 5216 3035 5272 ﬁduciam?

2091 5314 2169 5369 De
2190 5328 2418 5385 quorum
2441 5312 2679 5367 victimis
2700 5311 3062 5367 comedebant
3091 5312 3302 5384 adipes,

2165 5413 2221 5462 et
2250 5404 2512 5461 bibebant
2532 5404 2716 5460 vinum
2748 5403 3089 5461 libaminum.

2098 5499 2357 5572 Surgam,
2390 5507 2448 5555 et
2472 5497 2812 5567 opitulentur
2830 5498 3007 5565 vobis,

2167 5603 2223 5649 et
2246 5594 2299 5649 in
2332 5592 2662 5650 necessitate
2693 5606 2793 5648 vos
2813 5601 3122 5664 protegant.

2170 5736 2197 5773 ά
2218 5730 2511 5807 Babbanus
2539 5730 2696 5800 legit,
2721 5730 2959 5785 Comedis
2987 5739 3176 5807 t_e_r_r_a_m
3195 5739 3243 5807 et
3266 5733 3532 5807 nascentia
3560 5739 3695 5807 ejus.

2174 5814 2199 5843 ε
2228 5803 2328 5859 Ms.
2354 5804 2548 5870 Palat.,
2578 5813 2939 5874 persequetur;
2971 5802 3229 5871 aliilibri,
3261 5802 3601 5877 persequitur,
3645 5817 3706 5866 et

2102 5891 2229 5934 mox
2256 5880 2437 5949 fugant
2458 5891 2557 5947 pro
2586 5879 2843 5947 fugerent.

3128 5963 3205 6025 15
