3956 6338
426 429 625 487 Videte
654 422 798 497 quod
827 434 928 496 ego
955 417 1038 497 [h.
1066 428 1190 491 ego,
1228 412 1351 486 ego]
1374 412 1477 469 sim
1505 407 1677 474 solus,

500 527 554 577 et
582 531 689 574 non
713 514 785 573 sit
803 514 945 570 alius
969 513 1111 569 Deus
1143 514 1347 580 praeter
1374 518 1462 560 me
1492 518 1507 558 :

426 614 541 686 Ego
563 609 829 679 occidam,
860 616 918 665 et
939 619 1042 678 ego
1063 604 1249 658 vivere
1279 596 1518 653 faciam:

492 705 818 779 percutiam,
840 704 898 758 et
922 713 1025 771 ego
1046 694 1275 760 sanabo,

492 777 549 858 et
577 813 684 855 non
715 804 802 854 est
822 793 916 866 qui
943 791 1014 848 de
1046 801 1210 845 manu
1236 798 1359 841 mea
1385 777 1561 852 possit
1589 787 1808 833 eruere.

421 892 644 952 Levabo
664 890 730 947 ad
752 888 952 947 cmium
976 894 1196 941 manum
1218 892 1418 936 meam.

494 997 549 1043 et
577 986 754 1044 dicam
788 1002 801 1037 :
826 981 965 1040 Vivo
995 993 1097 1050 ego
1124 976 1180 1033 in
1206 982 1496 1031 aeternum.

421 1079 484 1138 Si
512 1092 713 1136 acuero
742 1085 800 1131 ut
822 1073 1004 1145 fulgur
1027 1067 1273 1143 gladium
1298 1076 1506 1129 meum,

499 1183 557 1231 et
574 1169 868 1242 arripuerit
884 1165 1155 1240 judicium
1186 1173 1384 1217 manus
1411 1170 1533 1214 mea
1562 1171 1577 1210 :

420 1269 669 1329 Reddam
693 1265 956 1322 ultionem
989 1257 1240 1315 hostibus
1271 1253 1413 1312 meis
1444 1269 1459 1306 :

492 1374 549 1423 et
576 1363 665 1419 his
689 1359 782 1432 qui
803 1358 1041 1415 oderunt
1064 1367 1178 1422 me,
1206 1347 1508 1407 retribuam
1537 1360 1554 1401 :

418 1455 712 1517 Inebriabo
740 1452 971 1523 sagittas
999 1458 1153 1503 meas
1175 1440 1465 1514 sanguine,

488 1558 546 1608 et
568 1547 781 1622 gladius
803 1557 958 1600 meus
984 1537 1274 1597 devorabit
1291 1547 1505 1599 carnes,

418 1645 499 1704 De
521 1656 717 1701 cruore
738 1638 1070 1703 occisorum,

489 1744 546 1794 et
571 1735 640 1793 de
668 1731 988 1804 captivitate
1017 1724 1202 1782 nudati
1231 1720 1579 1778 inimicorum
1614 1710 1831 1783 capitis.

419 1829 684 1892 Laudate,
713 1832 924 1897 gentes,
954 1817 1217 1893 p0pulum
1237 1812 1377 1883 ejus,

489 1924 619 1996 quia
644 1918 965 1990 sanguinem
996 1923 1280 1968 servorum
1313 1916 1535 1963 suorum
1563 1899 1877 1955 ulciscetur.

423 2019 498 2077 Et
515 2014 816 2073 vindictam
851 2006 1126 2065 retribuet
1156 2003 1211 2058 in
1239 2001 1430 2056 hostes
1458 2006 1671 2058 eorum.

487 2119 547 2167 et
584 2105 856 2179 propitius
884 2100 994 2157 erit
1015 2106 1042 2136 ι
1077 2107 1237 2153 terrae
1263 2089 1451 2164 pepuli
1479 2087 1589 2143 sui.

491 2168 819 2273 [BICX'LL]
848 2191 1011 2249 Venit
1028 2203 1159 2259 ergo
1179 2185 1380 2250 Moses,
1409 2189 1465 2237 et
1494 2179 1714 2235 locutus
1739 2180 1825 2230 est
1848 2168 2028 2227 omnia

410 2264 580 2352 verba
604 2264 817 2348 Cantici
840 2286 1010 2356 hujus
1039 2284 1093 2338 in
1121 2278 1347 2337 auribus
1374 2272 1585 2347 populi,
1604 2272 1723 2341 ipse
1746 2277 1801 2325 et
1817 2264 1848 2306 ι’
1868 2264 2033 2321 Iosue

415 2387 508 2461 [h.
534 2382 709 2455 Osee]
733 2381 877 2437 ﬁlius
903 2377 1046 2434 Nun.
1078 2371 1491 2443 Complevitque
1521 2378 1713 2420 omnes
1752 2370 2032 2416 sermones

419 2448 581 2545 istos,
596 2477 828 2546 loquens
846 2470 912 2527 ad
928 2469 1244 2525 universum
1262 2461 1454 2518 Israel.
1469 2458 1537 2515 Et
1552 2454 1686 2512 dixit
1703 2453 1768 2508 ad
1783 2465 1877 2506 eos
1892 2467 1904 2503 ε
1924 2448 2003 2503 Po
2017 2476 2031 2485 -

421 2573 538 2630 nite
550 2571 714 2627 corda
730 2576 911 2623 vestra
928 2562 983 2618 in
999 2560 1184 2616 omnia
1197 2555 1389 2623 verba,
1408 2567 1529 2624 quae
1540 2563 1644 2620 ego
1661 2545 1926 2603 testificor
1942 2554 2039 2596 vo-

417 2667 504 2723 bis
519 2662 679 2720 hodie
700 2655 1075 2717 :utmandetis
1094 2666 1157 2707 ea
1176 2650 1301 2705 ﬁliis
1319 2644 1514 2703 vestris
1525 2640 1803 2698 custodire
1825 2644 1882 2690 et
1899 2633 2032 2688 face-

420 2777 507 2828 re,
526 2756 825 2826 etimplere
847 2751 926 2826 [h.
948 2765 1058 2806 non
1077 2747 1242 2802 habet
1260 2752 1316 2799 et
1338 2735 1589 2810 implere]
1611 2733 1890 2797 universa,
1916 2740 2036 2798 qua;

421 2852 621 2921 scripta
654 2856 776 2903 sunt
806 2843 939 2912 legis
972 2839 1133 2909 hujus
1176 2853 1190 2889 :
1221 2834 1348 2905 quia
1392 2845 1501 2885 non
1525 2828 1800 2882 incassum
1834 2833 2037 2891 praece-

425 2952 519 3014 pta
536 2917 672 2996 sunt
721 2934 895 2998 vobis,
949 2931 1048 2988 sed
1073 2938 1130 2984 ut
1157 2924 1355 2995 singuli
1387 2922 1442 2978 in
1464 2920 1550 2976 eis
1592 2917 1844 2972 viverent
1873 2929 1885 2966 :
1917 2925 2037 2981 qua:

424 3034 695 3091 facientes
746 3030 916 3099 longo
963 3020 1329 3096 perseveretis
1358 3023 1607 3084 tempore
1654 3008 1707 3064 in
1760 3018 1928 3069 terra,
1970 3000 2035 3056 ad

430 3141 616 3199 quam,
672 3096 913 3179 Iordane
957 3114 1302 3177 transmisso,
1357 3100 1708 3179 ingredimini
1747 3096 2038 3171 possiden-

427 3176 888 3291 ἇξιῐὶΤΪΧΙΧ,
950 3211 1011 3266 c.
1058 3203 1234 3277 cur]
1262 3176 1613 3270 Locutusque
1643 3204 1727 3251 est
1773 3176 2105 3248 DominusC

424 3316 495 3372 ad
518 3289 705 3369 liosen
736 3310 789 3365 in
821 3307 1016 3362 eadem
1041 3303 1151 3368 die,
1200 3299 1391 3355 dicens
1423 3314 1437 3349 :
1470 3290 1720 3349 Ascende
1769 3289 1822 3342 in
1868 3300 2030 3340 mon-

424 3416 534 3465 tem
565 3407 728 3461 istum
779 3399 1024 3465 Abarim,

426 3497 581 3554 Nebo
613 3495 691 3567 [h.
715 3493 879 3547 istum
913 3487 1161 3552 Abarim,
1216 3491 1456 3539 montem
1508 3473 1706 3546 Nebo],
1739 3471 1832 3543 qui
1864 3475 1950 3525 est
1980 3469 2032 3521 in

429 3603 578 3650 terra
598 3590 753 3646 Moab
774 3595 969 3641 contra
997 3580 1222 3638 Iericho
1248 3596 1260 3631 ι
1295 3583 1352 3631 et
1375 3572 1500 3629 vide
1529 3581 1728 3627 terram
1750 3565 2031 3627 Chanaan,

430 3699 594 3757 quam
625 3696 726 3751 ego
758 3677 969 3734 tradam
996 3674 1120 3730 ﬁliis
1138 3670 1308 3726 Israel
1338 3663 1716 3724 obtinendam,
1747 3668 1800 3713 et
1822 3668 2035 3711 morere

435 3779 493 3835 in
522 3786 726 3833 monte.
760 3773 934 3841 Quem
963 3763 1345 3824 conscendens
1362 3758 1610 3830 jungeris
1641 3752 1856 3826 populis
1906 3749 2032 3813 tuis,

436 3873 580 3929 sicut
611 3876 859 3925 mortuus
883 3870 968 3919 est
1008 3863 1185 3916 Aaron
1234 3855 1402 3909 frater
1450 3860 1573 3906 tuus
1600 3848 1654 3902 in
1687 3852 1870 3901 monte
1900 3841 2031 3903 llor,

439 3974 498 4022 et
524 3960 808 4035 appositus
828 3953 1039 4027 populis
1067 3950 1214 4006 suis:
1238 3948 1362 4017 quin
1391 3939 1735 4014 prazvaricati
1754 3936 1887 3994 estis
1906 3949 2037 3990 con-

437 4068 518 4113 tra
549 4027 660 4121 me,
686 4052 738 4107 in
772 4048 952 4105 medio
975 4046 1209 4101 ﬁliorum
1235 4038 1426 4104 Israel,
1451 4036 1519 4093 ad
1551 4049 1720 4105 aquas
1754 4027 2039 4087 contradi-

437 4149 637 4209 ctionis
658 4147 712 4202 in
735 4143 912 4200 Cades
935 4137 1138 4196 deserti
1157 4136 1251 4192 Sin
1285 4150 1298 4187 :
1325 4141 1380 4187 et
1410 4145 1520 4186 non
1542 4122 1925 4182 sanctiﬁcastis
1953 4133 2041 4174 me

442 4244 583 4301 inter
614 4239 758 4295 filios
799 4232 987 4290 Israel.
1019 4230 1060 4286 E
1110 4236 1301 4283 contra
1333 4224 1412 4297 [h.
1447 4221 1745 4289 Propterea
1786 4209 2038 4282 econtra]

444 4334 658 4392 videbis
683 4340 910 4391 terram,
934 4333 991 4381 et
1016 4337 1123 4379 non
1148 4316 1474 4391 ingrediaris
1501 4313 1557 4369 in
1582 4326 1727 4378 eam,
1749 4322 1918 4379 quam
1940 4319 2039 4375 ego

447 4428 593 4485 dabo
624 4424 752 4480 ﬁliis
776 4417 971 4476 Israel.

523 4519 609 4592 [Β.
638 4512 847 4581 CXLII,
870 4512 930 4567 c.
956 4506 1136 4573 CLIII,
1166 4504 1295 4577 Cap.
1326 4497 1594 4568 xxxuu
1619 4496 1745 4551 haec
1767 4501 1849 4550 est
1871 4493 2039 4547 bene-

452 4583 642 4679 dictio,
666 4624 769 4682 qua
792 4602 1074 4662 benedixit
1094 4602 1296 4665 Moses,
1320 4608 1341 4636 ο
1368 4595 1533 4651 homo
1562 4591 1658 4647 Dei
1682 4589 1759 4663 [h.
1790 4589 1874 4645 vir
1904 4583 2045 4656 Dei],

452 4704 580 4760 ﬁliis
606 4676 774 4758 Israel
811 4705 937 4752 ante
966 4700 1196 4749 mortem
1227 4702 1415 4753 suam,
1451 4694 1509 4741 et
1533 4684 1607 4739 ait
1639 4700 1653 4739 :
1685 4679 1948 4737 Dominus
1975 4676 2043 4730 de

456 4793 609 4852 Sinai
630 4791 797 4859 venit,
828 4799 881 4843 et
907 4786 975 4841 de
1000 4783 1124 4841 Seir
1152 4789 1306 4835 ortus
1335 4789 1426 4835 est
1454 4776 1635 4833 nobis.
1671 4771 1936 4844 Apparuit
1976 4767 2044 4825 de

457 4895 643 4943 monte
663 4883 893 4947 Pharan,
907 4888 1101 4935 etcum
1123 4890 1190 4932 eo
1202 4881 1515 4928 sanctorum
1536 4867 1723 4923 millia.
1743 4865 1803 4920 In
1821 4863 2042 4920 dextra

456 4981 576 5052 ejus
591 4977 750 5049 ignea
770 4974 878 5030 lex.
906 4968 1110 5026 Dilexit
1136 4965 1383 5039 populos,
1401 4975 1593 5018 omnes
1612 4957 1789 5016 sancti
1811 4958 1866 5013 in
1884 4971 2045 5012 manu

460 5051 609 5130 illius
636 5078 764 5125 sunt
794 5086 807 5122 :
841 5076 896 5122 et
923 5068 1013 5135 qui
1046 5060 1488 5132 appropinquant
1513 5053 1745 5128 pedibus
1785 5051 1924 5120 ejus,
1956 5064 2048 5105 ac-

518 5239 544 5267 ⁸
574 5229 912 5283 lnterscrnnt
933 5232 1146 5276 veteres
1178 5216 1298 5273 libri
1320 5215 1408 5270 hic
1438 5206 1712 5267 Dominus.

456 5306 465 5309 '
523 5300 553 5339 ι’
574 5278 844 5355 Hebraeus
869 5302 916 5349 et
950 5290 1236 5346 Chaldmus
1265 5289 1459 5359 legunt
1494 5288 1667 5350 πωτι,
1700 5281 1754 5337 id
1794 5288 1896 5347 est,
1919 5278 2035 5335 Ho-

453 5391 561 5437 sea,
584 5354 669 5426 vel
695 5367 825 5422 Osee
850 5379 1001 5437 more
1023 5354 1362 5437 antiquorum
1382 5375 1400 5437 ξ
1427 5354 1807 5437 Samaritanus
1831 5362 2035 5437 autem,

454 5422 607 5501 ῘΕίΧ
628 5422 685 5495 et
711 5439 878 5511 Syrus
907 5435 1103 5489 habent
1132 5422 1237 5486 Iod
1273 5430 1342 5485 ab
1382 5428 1559 5494 initio,
1590 5435 1788 5494 vim-tv,
1816 5422 2038 5479 Jehosea

450 5516 537 5574 vel
562 5508 954 5570 ΙοειιείΜΑιιτ.

521 5621 543 5649 ε
575 5607 937 5666 Hieronymus
968 5598 1019 5652 in
1063 5588 1290 5666 epistola
1324 5588 1389 5649 ad
1431 5590 1761 5666 Cyprianum
1777 5587 2038 5666 Ascltolion

442 5660 916 5737 istndmmaniieste
944 5660 1138 5742 probat
1163 5666 1278 5721 :‘ibi
1309 5660 1700 5742 Aenimjisalmi
1734 5660 1816 5742 89‘
1852 5661 2040 5742 espla-

439 5730 1074 5818 statioﬁniﬁaggres'sus,
1108 5738 1225 5818 haec
1270 5736 1404 5818 ait':
1465 5732 1701 5818 Primum.
1742 5730 2028 5818 sciendum,

441 5800 584 5895 ἦιῐὸρὶ
594 5800 979 5877 Famae...
995 5800 1152 5885 jam
1176 5804 1559 5867 Hebraicorum
1583 5802 1765 5860 titulus
1783 5800 1873 5871 sit,
1899 5802 2032 5861 Ora-

1425 297 1484 355 S.
1528 283 1907 351 HIERONYMI
1943 277 2175 341 DIVINA
2215 268 2691 337 BIBLIOTIIECA.

2053 402 2103 461 Α
2130 394 2336 466 cipient
2358 391 2427 447 de
2443 387 2693 444 doctrina
2717 382 2889 441 illius.
2913 379 3114 450 Legem
3141 375 3403 448 praecepit
3428 375 3577 435 nobis
3595 377 3696 435 hic.

2135 3552 2279 3621 ejus,
2324 3564 2529 3605 cornua
2578 3545 2941 3602 rhinocerotis
2985 3557 3193 3598 cornua
3245 3540 3407 3597 illius
3452 3556 3465 3592 :

3598 264 3729 324 ιω.

2128 503 2239 552 ses,
2280 484 2657 542 haereditatem
2697 474 3063 536 multitudinis
3094 471 3289 528 Iacob.
3319 470 3434 526 Erit
3457 472 3591 542 apud
3620 488 3699 528 re-

2127 580 2437 638 ctissimum
2481 590 2603 643 rex,
2640 569 2986 643 congregatis
3018 566 3358 639 principibus
3384 567 3559 637 populi
3585 582 3698 621 cum

2130 672 2389 729 tribubus
2418 667 2609 725 Israel.

2202 766 2362 822 Vivat
2400 761 2624 829 Ruben,
2665 769 2723 817 et
2769 771 2879 814 non
2921 754 3213 823 moriatur,
3258 760 3315 809 et
3337 751 3405 808 sit
3434 766 3623 822 parvus
3651 752 3701 807 in

2130 873 2383 917 numero.

2204 952 2333 1009 Haec
2358 960 2444 1007 est
2469 948 2624 1006 Iudae
2654 942 2969 1002 benedictio
2999 959 3014 997 :
3042 940 3206 1008 Audi,
3252 938 3498 1005 Domine,
3524 952 3704 994 vocem

2129 1045 2307 1111 Iudas,
2330 1052 2387 1101 et
2425 1042 2494 1097 ad
2524 1040 2784 1111 populum
2832 1050 2989 1093 suum
3036 1033 3294 1091 introduc
3320 1046 3443 1088 eum
3473 1045 3488 1086 :
3525 1045 3707 1087 manus

2131 1141 2253 1211 ejus
2274 1136 2592 1211 pugnabunt
2619 1148 2721 1204 pro
2747 1146 2836 1197 eo,
2874 1142 2930 1187 et
2966 1128 3191 1199 adjutor
3230 1126 3378 1183 illius
3405 1133 3590 1182 contra
3624 1123 3709 1179 ad-

2132 1230 2409 1288 versarios
2435 1228 2556 1300 ejus
2584 1227 2708 1283 erit.

2205 1324 2335 1382 Levi
2367 1336 2585 1395 quoque
2622 1320 2697 1375 ait
2732 1336 2747 1375 :
2793 1315 3065 1374 Perfectin
3108 1327 3198 1369 tua
3252 1320 3310 1368 et
3350 1309 3586 1368 doctrina
3628 1320 3710 1364 tua

2132 1422 2254 1476 viro
2279 1427 2471 1475 sancto
2497 1424 2613 1482 tuo,
2646 1426 2811 1484 quem
2838 1408 3085 1481 probasti
3112 1412 3170 1463 in
3200 1404 3531 1471 tentatione,
3560 1400 3712 1471 ctjuo

2133 1511 2326 1568 dicasti
2355 1508 2425 1565 ad
2451 1522 2617 1579 aquas
2645 1501 3122 1561 contradictionis.
3147 1498 3252 1566 Qui
3298 1496 3435 1553 dixit
3459 1495 3595 1567 patri
3621 1507 3712 1550 suo

2134 1614 2191 1663 et
2218 1602 2380 1660 matri
2406 1616 2518 1657 sua:
2544 1617 2560 1654 :
2593 1598 2789 1654 Nescio
2814 1608 2944 1661 vos;
2978 1601 3036 1650 et
3054 1591 3325 1649 fratribus
3345 1589 3464 1646 suis
3492 1605 3505 1642 :
3533 1586 3717 1658 Ignoro

2136 1693 2164 1734 ἀ
2191 1710 2290 1753 vos
2323 1712 2338 1749 :
2384 1703 2437 1750 et
2499 1692 2817 1748 nescierunt
2860 1686 2958 1759 [h.
2984 1682 3263 1756 nescivit]
3296 1681 3440 1738 ﬁlios
3471 1693 3614 1735 suos.
3659 1677 3717 1732 lli

2058 1795 2107 1856 Β
2133 1786 2513 1845 custodierunt
2540 1781 2819 1853 eloquium
2855 1789 3030 1843 tuum,
3075 1786 3130 1833 et
3171 1782 3394 1846 pactum
3433 1780 3579 1828 tuum
3607 1782 3714 1825 ser-

2132 1889 2417 1946 vaverunt,
2451 1875 2658 1949 judicia
2689 1883 2818 1940 tua,
2858 1887 2892 1927 o
2934 1864 3133 1936 Iacob,
3181 1877 3240 1924 et
3284 1866 3462 1938 legem
3504 1873 3665 1927 tuam,
3690 1876 3721 1915 ο

2132 1975 2301 2033 Israel
2329 1974 2409 2047 [h.
2446 1970 2763 2027 illuminent
2786 1966 2995 2039 judicia
3027 1973 3117 2020 tua
3162 1963 3218 2019 in
3252 1960 3448 2028 Iacob,
3477 1964 3533 2015 et
3558 1957 3721 2027 legent

2133 2079 2282 2125 tuam
2309 2070 2365 2122 in
2386 2063 2579 2135 lsrael]
2610 2080 2626 2119 :
2660 2067 2866 2130 ponent
2894 2057 3197 2130 thymiama
3234 2056 3291 2111 in
3318 2053 3506 2109 furore
3534 2058 3644 2117 tuo,
3674 2059 3724 2103 et

2133 2162 2521 2219 holocaustum
2557 2170 2724 2227 super
2752 2153 2928 2209 altare
2970 2162 3144 2206 tuum.
3184 2147 3451 2212 Benedic,
3481 2142 3721 2207 Domine,

2134 2253 2441 2312 fortitudini
2456 2252 2600 2323 ejus,
2621 2261 2677 2305 et
2696 2261 2864 2316 opera
2889 2258 3150 2300 manuum
3174 2241 3331 2297 illius
3348 2238 3581 2307 suscipe.
3604 2234 3723 2290 Per-

2134 2359 2260 2406 cute
2280 2348 2442 2403 dorsa
2467 2342 2810 2400 inimicorum
2828 2338 2972 2409 ejus,
2994 2346 3053 2393 et
3067 2337 3157 2408 qui
3187 2332 3430 2390 oderunt
3458 2344 3601 2394 eum,
3624 2340 3723 2382 non

2135 2448 2489 2511 consurgant.

2222 2534 2286 2588 Et
2319 2530 2601 2602 Benjamin
2632 2529 2711 2583 ait
2741 2546 2755 2583 :
2786 2524 3210 2582 Amantissimus
3241 2518 3468 2577 Domini
3489 2514 3734 2573 habitabit

2136 2626 2478 2683 conﬁdenter
2506 2625 2671 2689 ineo,
2696 2621 2849 2693 quasi
2882 2622 2939 2676 in
2969 2618 3210 2674 thalamo
3239 2624 3359 2671 tota
3389 2613 3479 2670 die
3510 2609 3730 2667 morabi-

2138 2728 2247 2783 tur,
2285 2727 2342 2775 et
2370 2719 2509 2773 inter
2538 2716 2802 2771 humeros
2824 2711 2969 2768 illius
2998 2710 3333 2782 requiescet.

2208 2813 2415 2885 Ioseph
2436 2826 2653 2884 quoque
2673 2810 2750 2865 ait
2781 2826 2796 2864 :
2833 2808 2907 2863 De
2934 2805 3325 2862 benedictione
3354 2799 3571 2858 Domini
3599 2808 3733 2853 terra

2136 2907 2378 2978 ejus;de
2408 2905 2584 2976 pomis
2605 2903 2755 2970 cteli,
2801 2911 2855 2956 et
2902 2915 3051 2967 rore,
3098 2906 3260 2969 atque
3313 2896 3515 2969 abysso
3560 2891 3735 2962 suhja-

2137 3006 2320 3054 cente.
2348 2996 2426 3051 De
2457 2994 2632 3065 pomis
2660 2995 2937 3048 fructuum
2970 2990 3103 3045 solis
3134 3003 3198 3044 ac
3226 2988 3403 3043 lunae.
3443 2986 3518 3041 De
3543 2983 3737 3039 vertice

2139 3090 2488 3160 antiquorum
2518 3086 2810 3146 montium.
2837 3084 2904 3139 de
2932 3083 3108 3153 pomis
3124 3080 3355 3136 collium
3377 3088 3695 3134 aeternorum
3719 3088 3733 3126 :

2139 3192 2196 3239 et
2216 3182 2286 3237 de
2316 3181 2561 3252 frugibus
2594 3190 2773 3240 terrae.
2799 3188 2855 3233 et
2888 3175 3227 3245 plenitudine
3255 3174 3404 3243 ejus.
3433 3166 3735 3227 Benedictio

2134 3275 2279 3330 illius
2307 3270 2386 3346 [h.
2421 3273 2672 3329 voluntas
2700 3268 2868 3341 illius]
2897 3268 2988 3339 qui
3012 3268 3265 3337 apparuit
3287 3265 3349 3321 in
3383 3265 3543 3328 rubo,
3565 3259 3736 3316 veniat

1073 3395 1127 3450 id
1149 3402 1253 3458 est,
1289 3389 1579 3445 transitum
1613 3428 1628 3455 ,
1682 3383 1740 3437 in
1790 3387 2033 3434 montem
2133 3382 2307 3439 super
2334 3375 2495 3433 caput
2524 3364 2750 3433 Ioseph,
2782 3372 2836 3417 et
2866 3375 3031 3430 super
3050 3359 3319 3415 verticem
3340 3353 3579 3413 Nazartei
3609 3352 3741 3407 inter

2136 3458 2339 3514 fratres
2387 3471 2535 3512 suos.
2584 3456 2746 3522 Quasi
2799 3450 3151 3523 primogeniti
3201 3450 3349 3505 lauri
3405 3440 3741 3519 pulchritudo

3518 3537 3570 3592 in
3614 3531 3735 3605 ipsis

2139 3642 2426 3699 ventilabit
2461 3652 2649 3711 gentes
2680 3654 2854 3709 usque
2882 3637 2948 3692 ad
2979 3636 3249 3693 terminos
3283 3643 3474 3690 terrae.
3511 3624 3603 3686 lia:
3626 3635 3743 3684 sunt

2138 3736 2517 3793 multitudines
2553 3733 2810 3805 Ephraitn
2841 3751 2855 3787 :
2890 3744 2940 3787 et
2978 3729 3093 3786 haec
3118 3725 3289 3784 millia
3325 3724 3597 3783 Manasse.

2208 3830 2275 3885 Et
2304 3828 2549 3885 Zabulon
2579 3831 2659 3882 ait
2688 3846 2699 3881 :
2728 3824 2959 3891 Laetare,
2993 3820 3265 3889 Zahulon,
3298 3822 3353 3878 in
3385 3818 3533 3876 exitu
3563 3826 3671 3883 tuo,
3697 3821 3747 3867 et

2141 3925 2390 3982 lssachar
2421 3926 2473 3980 in
2530 3922 2899 3981 tabernaculis
2953 3921 3083 3976 tuis.
3134 3910 3384 3987 Populos
3414 3908 3484 3968 ad
3512 3915 3744 3967 montem

2140 4028 2412 4083 vocabunt
2455 4044 2468 4080 :
2516 4025 2589 4082 ibi
2638 4024 2999 4081 immolabunt
3054 4021 3309 4078 victimas
3347 4013 3603 4088 justitite.
3650 4008 3747 4079 Qui

2126 4128 2551 4191 .inundationem
2580 4128 2746 4183 maris
2776 4126 2933 4198 quasi
2989 4124 3073 4180 lae
3116 4132 3341 4194 sugent,
3372 4128 3431 4175 et
3472 4117 3749 4173 thesauros

2141 4228 2489 4287 absconditos
2514 4243 2826 4285 arenarum.

2188 4310 2285 4387 'Et
2308 4331 2424 4389 Gad
2456 4331 2571 4385 ait:
2601 4328 2932 4386 Benedictus
2981 4325 3035 4382 in
3083 4321 3376 4379 latitudine
3400 4318 3524 4378 Gad
3555 4335 3570 4373 :
3600 4311 3750 4387 quasi

2144 4434 2231 4489 leo
2252 4431 2538 4502 requievit,
2553 4429 2803 4499 cepitque
2833 4424 3118 4482 brachium
3137 4432 3191 4479 et
3213 4423 3510 4480 verticem.
3536 4418 3606 4475 Et
3626 4414 3751 4472 vidit

2078 4570 2128 4631 ο
2156 4534 2516 4606 principatum
2543 4545 2725 4596 suum,
2776 4527 2919 4599 quod
2946 4527 3001 4583 in
3035 4535 3188 4598 parte
3232 4540 3333 4583 sua
3384 4524 3587 4580 doctor
3616 4522 3753 4575 esset

2157 4635 2427 4707 repositus
2460 4652 2473 4687 :
2523 4633 2615 4704 qui
2644 4631 2743 4687 fuit
2766 4632 2897 4686 cum
2926 4627 3265 4700 principibus
3299 4626 3517 4698 pepuli,
3548 4628 3606 4678 et
3633 4617 3753 4675 fecit

2141 4740 2381 4812 justiti.ts
2413 4735 2648 4806 Domini,
2680 4746 2735 4791 et
2759 4733 3020 4806 judicium
3047 4736 3204 4790 suum
3234 4745 3362 4788 cum
3401 4726 3598 4785 Israel.

2221 4842 2335 4898 Dan
2379 4854 2596 4911 quoque
2636 4837 2748 4894 ait:
2794 4837 2909 4892 Dan
2939 4834 3151 4893 catulus
3182 4832 3388 4900 leonis,
3415 4829 3555 4886 liuet
3585 4824 3745 4896 largi-

2147 4956 2229 5002 ter
2257 4944 2326 5001 de
2351 4942 2547 4999 Basan.

2220 5047 2286 5103 Et
2311 5040 2603 5116 Nephthali
2652 5042 2785 5098 dicit
2836 5060 2847 5095 :
2897 5036 3189 5111 Nephthali
3237 5032 3590 5094 abundantia
3640 5039 3755 5097 per-

2148 5208 2223 5263 tio
2249 5207 2382 5263 Mosi
2413 5205 2519 5260 viri
2559 5204 2652 5259 Dei
2689 5217 2708 5257 :
2734 5206 2893 5276 juxta
2940 5200 3308 5273 Septuaginta,
3343 5197 3541 5252 Oratio
3587 5186 3755 5261 Moysi

2147 5301 2383 5383 hominis
2411 5299 2526 5383 Dei.
2556 5298 2611 5352 In
2635 5296 2866 5383 ῃςυεεξο
2883 5278 3107 5383 mssa
3131 5289 3271 5383 iam,
3302 5292 3351 5375 is
3378 5287 3649 5345 haclohim
3679 5285 3756 5338 le-

2144 5372 2341 5461 gimus,
2370 5370 2676 5459 qttmiaptttl
2696 5367 3018 5461 LLXXeti'am
3046 5367 3146 5420 huc
3176 5362 3745 5461 Loe‘ol‘itﬁ'erprctatur,

2554 5451 2587 5461 Α
2652 5447 2675 5458 ι-
2771 5455 2877 5461 -.μ-
2970 5439 3005 5461 .1
3037 5454 3049 5461 .
3074 5453 3173 5461 -..η-
3331 5450 3356 5461 Α
3434 5448 3573 5461 mum
3604 5439 3730 5461 dnl‘ll

2146 5433 2411 5520 ‘atvepm';
2437 5448 2529 5520 εοῆ
2550 5433 2702 5520 emi,
2725 5439 2880 5520 homo
2911 5437 3005 5520 Dej
3032 5437 3213 5520 :apud
3240 5433 3574 5520 Chaldaeum
3604 5439 3751 5520 very,

2147 5490 2399 5596 pro‘pltela
2428 5502 2622 5596 ὓεὶειι)
2656 5490 2935 5596 versione
2961 5490 3184 5596 Syriaca
3226 5522 3408 5596 sensus
3462 5503 3582 5570 Dei,
3615 5507 3671 5557 et
3697 5490 3750 5552 ili

2148 5574 2376 5657 'Ara'hira
2409 5584 2676 5657 apostolus
2705 5580 2800 5635 Dei
2828 5574 3032 5657 dicitur
3061 5579 3255 5657 Moses.
3285 5574 3481 5657 Maur.

2215 5653 2240 5693 ι’
2273 5642 2530 5713 Undeéim
2564 5670 2694 5710 mss.
2724 5654 2894 5708 nostri
2913 5652 3133 5706 codices
3155 5651 3365 5721 legunt,
3378 5648 3575 5721 ignoro
3601 5642 3752 5721 illos:

2141 5712 2409 5784 editorum
2460 5728 2812 5783 nihilominus
2861 5720 3023 5779 lectio
3080 5712 3431 5792 praférehdé
3487 5724 3595 5783 est,
3629 5714 3753 5784 quia

2142 5798 2314 5855 textui
2343 5796 2611 5857 Hebraico
2639 5800 2922 5852 consonat.
2956 5792 3138 5850 Mur.
