4098 6366
434 316 528 373 861

1566 324 1936 384 ΡΒιΕΡΑΤΙΟ
1976 325 2068 385 AD
2109 328 2370 392 LIBRUM
2409 335 2639 396 JOSUE.

3620 344 3726 403 462

428 424 675 492 fruetur,
730 431 785 481 et
841 426 1032 497 plenus
1081 428 1185 485 erit
1232 430 1704 493 benedictionibus
1757 440 1970 496 Domini
2007 459 2020 495 :
2054 454 2100 511 Α
2130 449 2419 505 australem
2455 460 2698 521 partem,
2730 462 2786 509 et
2818 452 3158 508 latitudinem
3191 455 3369 525 campi
3400 455 3621 512 Iericho
3649 463 3729 514 ci-

430 534 580 574 mare
606 530 659 576 et
683 521 968 578 meridiem
1003 524 1323 592 possidebit.

501 612 641 666 Aser
682 627 899 683 quoque
950 616 1028 671 ait
1062 617 1426 676 :Benedictus
1483 623 1535 676 in
1587 623 1712 679 ﬁliis
1759 626 1921 695 Aser,
1960 629 2030 683 sit

429 703 654 774 placens
677 703 937 761 fratribus
967 709 1103 776 suis,
1128 720 1181 764 et
1206 712 1377 781 tingat
1404 714 1455 768 in
1478 716 1602 771 oleo
1633 718 1821 786 pedem
1846 736 2024 778 suum.

429 795 658 852 Ferrum
685 806 742 853 et
767 812 844 853 tes
873 800 1309 857 calceamentum
1339 805 1479 873 ejus.
1511 808 1666 864 Sicut
1688 810 1805 866 dies
1834 812 2030 881 juven-

431 889 564 945 tutis
604 898 734 958 tuae,
768 894 839 947 ita
871 903 927 948 et
961 905 1215 952 senectus
1258 907 1368 953 tua.
1402 899 1520 957 Non
1570 912 1654 959 est
1712 905 1855 960 Deus
1887 906 2031 964 alius

429 993 491 1039 ut
539 985 683 1041 Deus
714 988 1026 1057 rectissimi,
1066 1006 1329 1047 ascensor
1370 995 1493 1050 cceli
1542 997 1839 1052 auxiliator
1882 1009 2026 1057 tuus.

432 1078 830 1149 Magniﬁcentia
871 1084 986 1152 ejus
1012 1083 1091 1155 [h.
1125 1085 1189 1139 Et
1218 1086 1412 1157 judicia
1444 1089 1584 1162 ejus]
1607 1090 1919 1147 discurrunt
1949 1095 2026 1167 [h.

427 1171 550 1229 Non
572 1174 760 1241 habet,
787 1175 1124 1250 discurrunt]
1151 1180 1321 1235 nubes
1347 1180 1423 1253 [h.
1459 1183 1527 1236 Et
1550 1185 1600 1237 in
1633 1186 2027 1256 magniﬁcentia

427 1267 550 1337 ejus
574 1269 792 1341 nubes].
818 1270 1184 1327 habitaculum
1212 1273 1329 1343 ejus
1352 1289 1586 1343 sursum,
1620 1285 1674 1333 et
1705 1279 1890 1333 subter
1910 1279 2031 1334 bra-

429 1360 551 1416 chia
579 1364 907 1432 sempiterna
934 1382 947 1418 :
978 1364 1157 1435 ejiciet
1186 1382 1216 1421 a
1249 1367 1384 1424 facie
1409 1375 1495 1425 tua
1525 1370 1829 1438 inimicum,
1862 1374 2030 1428 dicet-

427 1470 537 1525 que
566 1471 579 1509 :
606 1456 924 1512 Conterere.

501 1546 783 1603 Habitabit
820 1548 988 1605 Israel
1028 1551 1387 1621 conﬁdenter,
1420 1565 1474 1609 et
1512 1556 1685 1611 solus.
1712 1555 1913 1612 Oculus
1940 1558 2034 1613 .Ia-

426 1640 533 1696 cob
556 1640 635 1713 [h.
663 1641 785 1697 fons
813 1641 1004 1716 Iacob]
1032 1644 1085 1699 in
1118 1653 1263 1700 terra
1300 1648 1567 1704 frumenti
1610 1658 1664 1703 et
1708 1651 1842 1718 vini,
1883 1651 2035 1706 caeli-

426 1750 536 1807 que
584 1736 661 1808 [h.
703 1738 936 1808 cmlique
976 1739 1115 1811 ejus]
1157 1741 1468 1811 caligabunt
1509 1758 1652 1798 rore.
1708 1744 1902 1799 Beatus
1955 1756 2030 1809 tu,

2132 541 2314 595 vitatis
2364 543 2662 611 palmarum
2715 558 2885 616 usque
2925 544 3118 615 Segor.
3168 546 3418 617 Dixitque
3465 549 3731 605 Dominus

2134 632 2200 685 ad
2224 648 2344 687 eum
2392 652 2401 685 :
2460 636 2583 689 Haec
2629 646 2712 691 est
2756 645 2924 705 terra,
2957 652 3056 707 pro
3078 653 3179 709 qua
3224 639 3400 708 juravi
3430 641 3725 709 Abraham,

2132 726 2305 793 Isaac,
2339 736 2394 785 et
2419 728 2586 785 Jacob
2621 731 2846 787 :diceus
2876 751 2888 787 :
2925 733 3130 789 Semini
3164 743 3254 790 tuo
3284 736 3425 791 dabo
3451 752 3595 791 eam.
3643 738 3731 792 Vi-

2132 816 2258 872 disti
2292 834 2411 875 eam
2438 822 2613 877 oculis
2646 824 2774 891 tuis,
2808 833 2861 879 et
2886 841 2991 880 non
3027 826 3289 882 transibis
3332 829 3398 883 ad
3435 830 3605 885 illam.
3641 828 3725 902 [C.

2133 908 2335 984 CLIV.]
2368 913 2720 986 Mortuusque
2743 926 2825 973 est
2855 917 2928 972 ibi
2958 919 3136 974 Moses
3168 934 3360 976 servus
3388 921 3629 988 Domini,
3674 923 3726 977 in

2136 1014 2283 1062 terra
2316 1008 2493 1079 Moab,
2526 1010 2753 1077 jubente
2800 1012 3045 1078 Domino,
3099 1022 3155 1069 et
3202 1015 3455 1085 sepelivit
3499 1032 3623 1072 eum
3676 1018 3729 1071 in

2134 1100 2277 1155 valle
2312 1110 2471 1157 terra:
2500 1103 2661 1158 Moab
2689 1116 2881 1160 contra
2925 1106 3167 1175 Pbohor,
3216 1117 3269 1163 et
3315 1122 3422 1163 non
3470 1111 3732 1180 cognovit

2136 1192 2298 1247 homo
2350 1194 2660 1264 sepulcrum
2712 1197 2831 1267 ejus
2880 1212 3052 1267 usijue
3097 1200 3148 1253 in
3198 1212 3523 1270 praesentem
3556 1202 3726 1257 diem.

2132 1286 2311 1341 Moses
2332 1298 2550 1343 centum
2583 1299 2637 1343 et
2672 1290 2863 1359 Viginti
2896 1306 3167 1347 annorum
3192 1303 3313 1349 erat
3342 1293 3559 1364 quando
3589 1308 3736 1348 mor-

2137 1386 2259 1434 tuus
2288 1389 2373 1435 est
2401 1398 2414 1434 :
2448 1397 2554 1435 non
2583 1381 2833 1451 caligarit
2856 1382 3043 1437 oculus
3066 1383 3206 1452 ejus,
3240 1399 3340 1439 nec
3365 1386 3559 1440 dentes
3587 1384 3735 1441 illius

2134 1476 2267 1528 moti
2298 1484 2428 1529 sunt
2467 1475 2545 1547 [h.
2576 1491 2675 1530 nec
2704 1490 2855 1546 gente
2905 1476 3049 1531 illius
3097 1489 3301 1548 rugata:
3329 1478 3496 1551 sunt].
3544 1478 3737 1535 Fleve-

2137 1575 2372 1638 runtque
2399 1583 2523 1623 eum
2567 1570 2659 1623 ﬁlii
2708 1569 2873 1625 Israel
2923 1570 2977 1624 in
3024 1572 3419 1640 campestribus
3445 1573 3602 1628 Moab
3642 1573 3739 1627 tri-

2137 1663 2284 1729 ginta
2314 1661 2507 1717 diebus
2543 1680 2553 1715 :
2588 1673 2641 1716 et
2672 1664 2931 1732 completi
2963 1674 3086 1717 sunt
3112 1664 3231 1720 dies
3271 1664 3522 1734 planctus
3553 1665 3739 1736 lugen-

2140 1753 2272 1807 tium
2305 1752 2513 1808 Mosen.
2562 1755 2729 1810 Josue
2774 1770 2904 1809 vero
2938 1755 3081 1810 ﬁlius
3107 1756 3223 1811 Nun
3256 1757 3496 1827 repletus
3521 1766 3605 1813 est
3630 1758 3744 1826 Spi-

422 1826 597 1885 Israel
632 1847 644 1882 :
674 1832 800 1901 quis
829 1831 1022 1886 similis
1058 1833 1158 1898 tui,
1195 1835 1413 1903 populo,
1463 1838 1552 1904 qui
1591 1836 1819 1891 salvaris
1848 1837 1900 1891 in
1927 1838 2034 1893 Do-
2068 1846 2111 1906 Β
2140 1844 2244 1898 ritu
2271 1845 2573 1914 sapientiae,
2609 1847 2735 1915 quia
2766 1844 2944 1901 Moses
2979 1848 3156 1915 posuit
3183 1863 3350 1918 super
3396 1863 3519 1903 eum
3550 1863 3741 1902 manus

425 1922 610 1977 mino?
639 1932 850 1979 scutum
874 1927 1061 1981 auxilii
1093 1932 1194 1993 tui,
1220 1938 1274 1982 et
1294 1929 1507 1998 gladius
1534 1930 1726 2000 glorise
1756 1938 1864 1985 tuac
1890 1950 1901 1984 ς
1936 1950 2028 1989 ne-

426 2013 638 2085 gabunt
672 2023 723 2072 te
748 2016 951 2074 inimici
981 2021 1079 2085 tui,
1110 2030 1167 2075 et
1194 2032 1249 2076 tu
1282 2038 1476 2078 eorum
1506 2023 1649 2077 colla
1680 2025 1935 2079 calcabis.

506 2108 639 2181 [Cap
696 2109 959 2185 XXXIV.]
1014 2114 1269 2169 Ascendit
1320 2132 1451 2187 ergo
1484 2116 1661 2172 Moses
1697 2117 1767 2173 de
1811 2133 2031 2188 campe-

429 2203 639 2259 stribus
686 2204 844 2261 Moab
903 2224 1066 2277 super
1117 2218 1358 2264 montem
1410 2210 1589 2273 Nebo,
1653 2212 1703 2265 in
1772 2212 2030 2264 verticem

432 2294 683 2367 Phasgha
735 2307 929 2353 contra
979 2301 1243 2355 Jericho:
1289 2302 1637 2373 ostenditque
1677 2303 1723 2356 ei
1774 2302 2035 2358 Dominus

431 2403 654 2445 omnem
684 2400 885 2447 terram
921 2402 947 2431 α
979 2393 1188 2450 Galaad
1247 2412 1415 2468 usque
1447 2396 1581 2450 Dan.
1623 2398 1686 2450 Et
1717 2398 2032 2452 universum

426 2483 748 2555 Nephthali,
785 2498 1096 2561 terramque
1129 2489 1392 2559 Ephraim
1424 2500 1478 2545 et
1528 2490 1799 2556 Manasse,
1834 2502 1887 2545 et
1913 2508 2032 2545 (lm-

430 2592 558 2632 nem
588 2587 790 2635 terram
840 2579 976 2636 Juda
1021 2596 1199 2651 usque
1246 2583 1313 2638 ad
1365 2598 1517 2638 mare
1568 2585 1945 2647 novissimum,
1981 2594 2035 2639 et

2139 1952 2285 1991 suas.
2318 1938 2384 1991 Et
2406 1937 2727 1993 obedierunt
2752 1938 2802 1993 ei
2838 1939 2927 1994 ﬁlii
2963 1940 3150 2006 Israel,
3200 1941 3557 2011 feceruntque
3603 1943 3746 1997 sicut

2144 2031 2405 2099 praecepit
2455 2030 2714 2085 Dominus
2744 2031 2896 2086 Mosi.
2933 2032 3017 2104 [C.
3043 2032 3221 2105 CLV.]
3262 2034 3331 2089 Et
3355 2050 3461 2089 non
3506 2035 3741 2090 surrexit

2143 2121 2407 2189 propheta
2455 2122 2595 2177 ultra
2632 2122 2682 2177 in
2716 2121 2883 2178 Israel
2929 2125 3069 2180 sicut
3110 2125 3304 2195 Moses,
3349 2141 3508 2197 quem
3559 2136 3744 2182 nosset

2148 2213 2407 2269 Dominus
2439 2213 2574 2271 l‘acie
2610 2214 2677 2270 ad
2732 2216 2950 2283 faciem,
3008 2218 3058 2271 in
3090 2216 3347 2273 omnibus
3376 2218 3547 2289 signis
3579 2228 3746 2287 atque

2143 2307 2432 2374 portentis,
2486 2323 2608 2378 qua:
2640 2310 2789 2363 misit
2833 2325 2929 2379 per
2971 2326 3120 2376 eum,
3170 2323 3227 2367 ut
3277 2312 3485 2367 faceret
3510 2313 3561 2365 in
3595 2319 3741 2367 terra

2145 2400 2361 2470 {Egypti
2388 2401 2680 2468 Pharaoni,
2711 2412 2766 2457 et
2792 2404 3045 2458 omnibus
3078 2404 3252 2460 servis
3277 2406 3417 2475 ejus,
3454 2407 3750 2461 universzc-

2141 2507 2245 2562 que
2261 2501 2421 2546 terrae
2436 2493 2605 2561 illius,
2623 2504 2674 2548 et
2690 2505 2942 2550 cunctam
2964 2513 3181 2551 manuni
3201 2500 3505 2565 robustam,
3526 2513 3745 2568 magna-

2141 2600 2247 2655 que
2276 2587 2568 2654 mirabilia,
2588 2603 2712 2660 quae
2736 2589 2863 2646 fecit
2884 2590 3060 2646 Moses
3085 2607 3264 2647 coram
3283 2592 3541 2648 universo
3556 2591 3743 2647 Israel.

1660 2675 1890 2747 Explicit
1926 2678 2057 2733 liber
2084 2678 2501 2736 Deutet'onomii.

507 2819 532 2849 ⁸
564 2814 751 2888 Canon
785 2811 969 2888 habet,
1003 2816 1067 2888 de
1096 2813 1300 2869 Galaad
1345 2832 1504 2888 usque
1536 2814 1673 2880 Dan,
1700 2818 1845 2888 quod
1900 2817 2032 2873 satis

428 2885 901 2956 accommodatum
934 2886 1232 2956 Scripturm
1264 2885 1440 2941 reddit
1467 2885 1921 2943 sensum—Mam.

506 2952 753 3012 ——Minus
774 2966 923 3013 recte
942 2956 1006 3013 ad
1042 2952 1326 3013 llebruzum
1356 2966 1585 3029 textum,
1618 2959 1878 3031 quidquid
1906 2960 2044 3015 Mar—

2138 2822 2336 2878 tianaeo
2364 2824 2634 2891 videatur,
2668 2824 2829 2879 habet
2855 2824 3041 2880 Canon
3076 2826 3361 2890 Hebraeus,
3409 2827 3471 2881 de
3496 2825 3750 2895 Galaad;

2070 2946 2117 3008 Ο
2149 2928 2326 2985 neque
2354 2916 2497 2971 enim
2529 2921 2669 2983 nm
2694 2918 2955 2987 scriptum
2983 2928 3088 2984 est,
3122 2917 3215 2973 sed
3247 2903 3607 2983 mima-ns.

432 3129 3736 3171 Μ

1046 3259 1189 3376 S.
1262 3260 1985 3376 EUSEBII
2059 3258 3143 3375 HIEBONYMI

1532 3428 2098 3493 STRIDONENSIS
2133 3424 2658 3504 PRESBYTER],

697 3573 1607 3737 DlVleE
1740 3564 3488 3735 BIBLIOTHECKE

1511 3814 2662 4023 PARSEIMA.

694 4156 1125 4262 onoo
1258 4151 2121 4284 SECUNDUS,

2262 4148 3500 4268 PROPHETARUM.

1926 4352 2268 4369 *—

444 4480 1065 4567 PREFATIO
1142 4479 1820 4563 HIERONYMI
1895 4479 2016 4561 IN
2092 4478 2549 4561 LIBRUM
2621 4478 2998 4563 JOSUE
3075 4480 3299 4565 BEN
3376 4484 3625 4569 NUN
3663 4496 3735 4566 ³.

511 4645 757 4702 Tandem
810 4643 962 4698 ﬁnito
1021 4642 1393 4697 Pentateucho
1448 4639 1611 4709 Mosi,
1662 4638 1813 4693 velut
1850 4636 2041 4707 grandi

439 4741 631 4799 fenore
670 4740 920 4803 liberati,
955 4738 1021 4793 ad
1050 4740 1235 4795 Jesum
1270 4736 1436 4790 lilium
1495 4733 1643 4789 Nave
1671 4748 1888 4787 manum
1918 4731 2041 4786 mit-

442 4837 629 4901 timus,
663 4849 824 4904 quem
882 4833 1096 4888 Hebraci
1167 4846 1325 4886 rosus:
1382 4846 1482 4885 BEN
1534 4845 1634 4884 non
1698 4837 1765 4916 Tt:
1812 4836 1871 4887 τε.
1907 4868 1921 4890 ,
1984 4827 2033 4880 id

452 4939 563 4991 est,
593 4929 759 4983 Josue
795 4926 963 4980 ﬁlium
1011 4924 1160 4991 Nun,
1213 4931 1438 4987 vocant,
1480 4932 1534 4977 et
1579 4922 1641 4975 ad
1685 4920 1931 4975 .ludicum
1975 4919 2037 4973 li-

439 5022 624 5089 brum,
646 5036 807 5093 quem
836 5035 1066 5075 sorumt
1096 5027 1306 5079 ωηεεω
1335 5017 1633 5087 appellant,
1661 5013 1726 5069 ad
1760 5030 1904 5069 sum
1929 5022 2037 5073 ma

2149 4650 2363 4706 quoque
2413 4646 2466 4690 et
2497 4634 2523 4674 δ
2556 4650 2764 4691 ss'rusn
2801 4648 2984 4705 'IPDN,
3018 4653 3153 4707 quos
3197 4640 3386 4696 iisdem
3428 4647 3743 4703 nominibus

2150 4729 2406 4785 elI‘erunt.
2436 4730 2825 4801 Monemusque
2856 4732 3141 4797 lectorem,
3192 4744 3251 4789 ut
3287 4736 3479 4793 silvam
3518 4740 3741 4797 Hebrai-

2150 4838 2339 4877 corum
2397 4823 2718 4889 nominum,
2796 4832 2851 4877 et
2908 4824 3287 4882 distinctiones
3341 4844 3436 4897 per
3487 4835 3731 4888 membra

2149 4928 2171 4957 ε
2205 4919 2408 4972 divisas
2442 4917 2672 4986 diligens
2717 4919 2952 4987 scriptor
3000 4930 3307 4987 consvrvet,
3360 4938 3427 4978 ne
3455 4926 3511 4978 e't
3554 4936 3738 4983 noster

2147 5011 2301 5066 labor
2352 5022 2405 5065 et
2459 5011 2606 5065 illius
2648 5010 2883 5065 studium
2934 5020 3136 5081 pereat.
3197 5013 3263 5067 Et
3316 5026 3373 5068 ut
3416 5017 3470 5071 in
3524 5020 3731 5088 primis,

514 5186 543 5217 ⁸
576 5177 767 5233 Plures
819 5190 946 5231 mss.
997 5176 1204 5245 legunt,
1239 5174 1493 5245 Praefatio
1544 5176 1603 5228 S.
1658 5170 1960 5242 Hieronymi
1993 5173 2045 5224 in
2077 5176 2127 5236 D
2159 5242 2169 5245 _
2198 5168 2249 5245 _I’
2282 5169 2378 5245 llic
2402 5180 2580 5245 autem
2614 5171 2748 5245 liber
2774 5172 2821 5224 in
2850 5174 2996 5245 nulla
3026 5174 3166 5245 quod
3191 5176 3355 5230 sciam
3410 5183 3734 5240 recensione

439 5251 633 5309 librum
662 5249 823 5304 Josue
852 5257 899 5302 et
929 5247 1192 5302 Iudicum.
1228 5248 1293 5301 Et
1324 5262 1513 5302 revera
1546 5247 1719 5299 nullus
1742 5251 1923 5299 exsmt
1951 5259 2047 5313 pe-

436 5322 667 5378 culiaris
719 5321 1033 5392 Hieronymi
1078 5320 1336 5392 prologus
1392 5318 1445 5373 in
1498 5318 1707 5392 librum
1744 5314 2043 5392 Jmlicum_:

439 5394 641 5450 horum
666 5393 850 5462 itaque
881 5388 1111 5447 duorum
1156 5388 1412 5445 librorum
1438 5390 1740 5443 communis
1773 5388 2039 5442 censenda

440 5474 530 5521 est
562 5466 659 5519 ista
692 5461 966 5519 Praelatio.
1003 5461 1182 5517 Man'r.

519 5536 824 5590 ~Addunt
856 5532 1100 5589 nonnulli
1130 5549 1263 5588 mss.
1286 5542 1333 5587 et
1357 5531 1625 5588 Judirum.
1654 5537 1786 5583 utet
1813 5528 2032 5582 Martia-

445 5608 684 5682 nmusin
708 5610 824 5682 suis
854 5608 1080 5682 reperit.
1111 5606 1217 5662 Sed
1247 5615 1301 5660 et
1340 5605 1505 5682 Ruth,
1534 5605 1858 5682 quipar‘vus.
1878 5600 2036 5682 libel-

448 5679 540 5732 lus
562 5680 687 5734 olim
707 5680 757 5732 in
779 5672 1008 5733 Hebrive
1030 5693 1237 5731 eamme
1263 5678 1415 5747 quasi
1442 5673 1713 5744 appendix
1738 5672 1859 5747 libri
1888 5672 2011 5725 .ludi

451 5749 715 5819 cumjsub
748 5750 867 5819 ejus
898 5749 1048 5803 unica
1098 5744 1377 5804 notatione
1407 5748 1640 5801 nominis
1668 5744 1993 5798 censebatur
2018 5784 2031 5807 ,

454 5817 709 5875 Prmfatio
734 5817 849 5876 haec
880 5835 981 5875 una
1012 5819 1441 5890 eontprehendit.

2158 5242 2245 5296 hic
2300 5242 2691 5321 liabetur__l_oci.
2721 5254 2810 5296 aut
2847 5247 2897 5297 in
2931 5242 3321 5313 Prophetarum
3348 5250 3565 5321 ordine.
3596 5254 3733 5321 Quin

2154 5316 2296 5394 ipse.
2330 5313 2495 5394 idem_
2523 5314 2880 5395 Hieronymus
2908 5331 3028 5395 eum
3088 5320 3237 5384 ponit
3260 5321 3315 5395 _in
3344 5313 3736 5395 Ilagiographis

2154 5395 2263 5439 tum
2283 5384 2346 5462 in.
2364 5390 2470 5462 hac
2486 5385 2598 5462 ipsa
2616 5384 2915 5462 Scriptura}
2939 5387 3382 5462 interpretatione
3395 5384 3458 5446 ei
3483 5384 3735 5462 Ηνθὴίειξω,

2150 5472 2273 5510 cum
2336 5456 2386 5509 in
2435 5455 2667 5534 P_t'ologo
2716 5455 2963 5522 Galeato,
2988 5455 3094 5514 ubi
3129 5463 3372 5533 singulos
3396 5464 3549 5534 juxta
3577 5455 3732 5523 suam

2148 5542 2416 5595 quemque
2439 5526 2667 5581 classem
2700 5537 3000 5584 enumerat.

2222 5608 2243 5636 c
2263 5597 2520 5678 Intellige
2549 5599 2667 5678 cola
2690 5615 2942 5678 versuum
2963 5611 3017 5678 et
3042 5613 3329 5669 commata,
3365 5607 3439 5660 uti
3471 5607 3641 5678 liquet
3665 5626 3730 5665 ex

2145 5669 2460 5749 pra-latione
2502 5672 2552 5724 in
2595 5670 2787 5725 librum
2820 5673 3292 5749 Paralipomenon.
3327 5679 3379 5731 in
3428 5669 3541 5748 qua.
3566 5682 3731 5749 proﬁ-

2148 5750 2295 5795 tetur
2334 5740 2693 5814 Hieronymus
2748 5740 3020 5799 versionis
3060 5764 3123 5800 ex
3168 5747 3395 5803 Hebraeo
3443 5740 3626 5806 curam
3678 5754 3729 5806 in

2149 5828 2207 5868 se
2248 5812 2590 5885 suscepisse;
2654 5823 2708 5869 ut
2766 5814 3141 5871 inextricabile:
3188 5834 3358 5874 moras
3394 5862 3407 5887 ,
3470 5834 3515 5877 et
3548 5823 3731 5880 silvam
