4098 6366
380 326 490 388 ‘63

1398 318 1457 377 S.
1498 313 1878 375 HIERONYMI
1916 311 2145 372 DIVINA
2184 311 2658 371 BIBLIOTHECA.

3558 306 3675 367 ,ιϐι

377 441 531 516 quod
560 452 707 512 saepe
738 443 972 496 testatus
1002 449 1148 505 sum,
1170 435 1310 493 sciat
1338 450 1424 490 me
1450 450 1561 491 non
1595 434 1651 489 in
1678 433 1978 503 reprehen-
2000 432 2055 494 Α
2081 432 2275 489 dolere
2319 431 2541 488 Judaeos
2583 426 2729 501 quod
2778 421 3149 483 calumniandi
3178 421 3260 516 eis
3310 430 3369 479 et
3410 419 3675 516 irridendi

375 536 585 593 sionem
616 540 861 588 veterum
892 545 1035 586 nova
1061 529 1284 597 cudere,
1320 527 1461 589 sicut
1488 535 1515 563 ιι
1536 525 1694 581 amici
1727 525 1835 581 mei
1864 524 1973 581 cri-

378 630 695 694 minantur;
729 626 825 682 sed
857 640 955 697 pro
986 623 1126 679 virili
1149 631 1301 695 parte
1318 621 1521 677 offerre
1547 619 1574 659 δ
1608 620 1806 692 lingua:
1838 634 1974 680 niese

372 723 696 780 hominibus
736 722 900 793 (quos
958 729 1141 775 tamen
1190 725 1376 773 nostra
1405 714 1739 786 delectant),
1787 722 1848 770 ut
1872 728 1972 785 pro

375 816 699 873 Graecorum
730 814 995 881 ἑξαπλοῖς,
1036 826 1159 882 quae
1190 818 1247 866 et
1288 816 1509 878 sumptu
1537 818 1595 865 et
1635 808 1822 863 labore
1859 822 1973 862 ma-

374 909 526 964 ximo
548 907 820 978 indigent,
846 903 1144 961 editionem
1168 910 1412 958 nostram
1431 901 1688 958 habeant.
1713 902 1781 957 Et
1799 902 1971 958 sicubi

376 1000 433 1057 in
464 1002 818 1071 antiquorum
850 997 1190 1053 voluminum
1219 998 1456 1053 lectione
1502 995 1822 1066 dubitarint,
1853 996 1973 1051 hazc

371 1094 485 1151 illis
510 1093 876 1158 conferentes,
906 1090 1190 1146 inveniant
1206 1089 1351 1160 quod
1373 1090 1659 1160 requirunt
1685 1105 1699 1143 :
1732 1089 1972 1144 maxime

373 1201 497 1242 cum
519 1184 663 1253 apud
689 1184 915 1239 Latinos
943 1190 1021 1237 tot
1048 1181 1533 1253 sintexemplaria,
1565 1188 1696 1251 quot
1715 1180 1967 1247 codices;

375 1287 434 1334 et
487 1275 860 1347 unusquisque
908 1289 1009 1347 pro
1034 1274 1270 1329 arbitrio
1313 1289 1414 1330 suo
1440 1275 1527 1329 vel
1554 1272 1843 1340 addiderit,
1883 1274 1971 1329 vel

376 1370 712 1427 subtraxerit
740 1369 882 1441 quod
909 1370 959 1425 ei
987 1369 1162 1425 visum
1191 1377 1277 1424 est
1310 1384 1325 1421 :
1357 1376 1411 1424 et
1439 1367 1625 1438 utique
1658 1382 1765 1423 non
1799 1368 1971 1438 possit

376 1479 566 1521 verum
594 1477 717 1520 esse
742 1462 889 1534 quod
917 1461 1370 1541 dissonatjUnde
1410 1471 1591 1518 cesset
1612 1470 1833 1517 arcuato
1854 1460 1987 1516 vulc

374 1569 510 1612 nere
538 1563 730 1610 contra
752 1569 852 1611 nos
881 1554 1166 1625 insurgere
1191 1554 1463 1624 scorpius,
1487 1564 1541 1609 et
1564 1561 1809 1608 sanctum
1834 1566 1970 1623 opus

370 1656 644 1704 venenata
687 1662 914 1718 carpere
957 1646 1139 1719 lingua
1161 1647 1415 1713 desistat,
1444 1648 1533 1704 vel
1573 1646 1897 1718 suscipiens,
1921 1646 1968 1703 si

366 1742 567 1814 placet,
600 1741 689 1797 vel
720 1750 1098 1805 contemnens,
1132 1741 1180 1795 si
1219 1740 1512 1811 displicet:
1552 1740 1967 1812 memineritque

362 1834 583 1892 illorum
609 1849 864 1890 versuum
894 1831 1011 1905 (Ps.
1042 1848 1225 1899 xxxrx,
1257 1832 1326 1889 i9
1355 1832 1493 1903 seq.)
1525 1850 1541 1889 :

439 1950 511 2005 Os
538 1960 682 2005 tuum
709 1948 991 2004 abundavit
1020 1948 1277 2017 nequitia,

508 2030 555 2076 et
583 2022 761 2092 lingua
790 2030 881 2074 tua
908 2019 1247 2092 concinnabat
1271 2020 1441 2075 dolos.

436 2092 635 2149 Sedens
662 2090 914 2147 adversus
944 2090 1158 2161 fratrem
1188 2100 1336 2145 tuum
1357 2091 1669 2161 loquebaris,

508 2174 554 2218 et
577 2163 826 2235 adversus
844 2161 1012 2225 ﬁlium
1033 2163 1212 2235 matris
1236 2172 1343 2217 tute
1361 2164 1588 2235 ponebas
1611 2162 1919 2219 scandalum
1939 2179 1958 2220 :

509 2235 619 2289 hmc
641 2234 812 2305 fecisti
837 2244 883 2287 et
905 2233 1067 2287 tacui.

439 2304 788 2370 Existimasti,
821 2305 1015 2376 inique,
1046 2304 1185 2373 quod
1212 2321 1299 2360 ero
1327 2307 1406 2360 tui
1427 2305 1616 2361 similis
1648 2323 1668 2361 :

516 2393 736 2449 arguam
754 2386 822 2445 te,
851 2386 899 2430 et
920 2385 1155 2431 statuam
1181 2387 1202 2416 ο
1236 2387 1416 2432 contra
1446 2378 1633 2449 faciem
1653 2387 1817 2433 tuum.

350 2474 495 2554 .Quze
538 2472 682 2527 enim
732 2470 1013 2527 audientis
1067 2471 1155 2528 vel
1197 2472 1430 2544 legentis
1478 2473 1680 2529 utilitas
1710 2483 1816 2540 est,
1866 2490 1966 2533 nos

364 2562 678 2621 laborando
724 2562 951 2631 sudare,
998 2571 1054 2620 et
1100 2564 1238 2620 alios
1289 2564 1631 2621 detrahendo
1680 2566 1967 2625 laborare?

359 2675 649 2735 nominum,
674 2688 790 2745 quia
801 2674 1109 2742 scriptorum
1123 2674 1343 2745 confusa
1359 2683 1507 2730 erant
1526 2677 1669 2744 vitio,
1699 2694 1970 2735 sensuum-

357 2762 458 2820 que
488 2745 793 2820 barbariem,
826 2749 1055 2820 apgrtius
1081 2757 1136 2820 et
1159 2763 1249 2817 per
1274 2763 1513 2801 versuum
1545 2749 1657 2801 cola
1687 2749 1962 2820 digereret.

365 2815 468 2890 llic
495 2817 548 2870 in
572 2818 858 2890 Allugonem
890 2815 1232 2890 Cardinalem
1264 2827 1488 2890 propter
1515 2820 1714 2873 multas
1742 2815 1859 2890 ejus
1890 2826 1969 2878 al-

360 2887 721 2965 hicinationes
772 2887 969 2965 acerbe
1019 2886 1290 2965 invehitur
1342 2889 1604 2965 Erasmus
1652 2886 1971 2965 Hieronymi

363 2957 736 3033 _Scholiastes_:
765 2952 860 3011 sed
905 2960 1155 3033 acerbius
1185 2959 1361 3033 adhuc
1391 2959 1666 3016 Marianas
1696 2963 1749 3016 in
1782 2952 1971 3033 repre-

362 3028 990 3109 hensoremErasmum,
1024 3030 1151 3099 quia
1180 3045 1281 3109 nec
1307 3030 1421 3109 ipse
1451 3046 1668 3109 samum
1704 3028 1970 3109 Hierony-

359 3099 437 3171 mi
469 3108 861 3171 assecutusest
886 3114 1072 3171 supra,
1097 3115 1219 3157 cum
1249 3100 1316 3156 de
1345 3101 1496 3159 libris
1524 3102 1667 3158 Ruth
1693 3113 1750 3160 et
1770 3099 1968 3165 Emhér
1995 3101 2041 3166 C

359 3169 694 3241 loqueretur.
724 3169 906 3224 Msn'r.

429 3240 501 3320 ἑτ-
532 3240 765 3320 Urbinas
799 3254 904 3295 ms.
933 3240 1507 3320 jacentem‘virgulam
1533 3245 1621 3312 hic
1661 3246 1966 3320 interponit

360 3312 429 3366 ad
462 3313 605 3390 hunc
643 3310 862 3390 modum
883 3352 897 3377 ,
931 3314 1124 3367 divisas
1154 3310 1647 3390 diligeusscriptor,
1679 3310 1965 3390 etc.,'qu:n

363 3398 535 3453 porro
562 3383 630 3437 sit
650 3381 842 3454 istheec
862 3397 1125 3454 versuum
1153 3381 1458 3454 distinctio,
1512 3381 1642 3443 cum
1669 3381 1807 3446 alibi
1825 3381 1963 3449 dixi-

364 3452 522 3533 ἰιιιις-ξ
553 3463 666 3533 tgm
697 3452 1019 3533 ex_inl‘e_rius
1076 3452 1724 3533 proponendoexemplo
1770 3463 1960 3533 liquet.

434 3537 457 3563 υ
485 3525 738 3601 Rufinum
766 3524 1018 3601 intelligit
1045 3541 1109 3601 ac
1145 3524 1495 3601 socios_ejus,
1529 3524 1716 3601 qui'ad
1750 3524 1961 3590 calum-

359 3596 509 3652 niam
540 3596 856 3677 llieronymi
885 3596 1295 3677 conspirabant.
1317 3596 1397 3677 _Id‘
1418 3596 1763 3677 manifestum
1792 3620 1962 3677 appa»

361 3677 507 3722 rete
543 3666 682 3722 libro
724 3666 963 3721 secundo
1007 3666 1283 3738 Apologia:
1315 3670 1375 3725 S.
1419 3671 1671 3727 Doctoris
1701 3666 1964 3734 adversus

361 3738 762 3817 Rulinum,_ubi
797 3739 913 3817 hagc
939 3738 1009 3792 ab
1037 3755 1104 3817 e_o
1132 3742 1331 3810 scripta
1362 3742 1649 3817 leguntur:
1683 3743 1826 3817 Ergo
1849 3750 1961 3816 ille,

360 3811 451 3880 qui
481 3809 774 3887 episto_lan_t_
796 3808 891 3887 sub
936 3811 1142 3887 nomine
1172 3808 1309 3887 ‘meo
1353 3808 1666 3887 ptinitentiw
1714 3808 1958 3887 ﬁnxerat,

359 3878 517 3957 quod
543 3881 692 3957 male
720 3878 946 3957 Hebrum
990 3882 1280 3957 volumina
1301 3878 1725 3952 transtulissem.
1745 3878 1965 3957 objicere

359 3951 554 4033 dicitur
572 3951 729 4033 mein
760 3950 1105 4033 Septuaginta
1129 3954 1626 4033 condemnationem
1657 3950 1963 4033 .Scr'ipturas

361 4030 568 4077 sanctas
594 4023 1014 4091 interpretatum.
1036 4025 1101 4078 Et
1128 4024 1180 4077 in
1210 4027 1317 4081 line
1364 4028 1612 4096 ejusdem
1657 4023 1821 4086 libri':
1856 4032 1964 4089 Pro

2044 539 2048 543 τ
2078 522 2424 579 Christianos
2455 524 2532 578 sit
2557 521 2736 576 ablata
2766 519 3006 589 occasio,
3036 527 3090 574 et
3116 515 3375 573 Ecclesiae
3422 514 3676 571 homines

2075 615 2129 672 id
2174 615 2482 686 despicere,
2533 613 2701 670 immo
2740 612 3011 679 lacerare,
3036 609 3182 665 unde
3222 607 3529 664 adversarii
3563 614 3676 661 tor-

2076 700 2384 779 queantur?
2429 707 2587 775 Quod
2622 709 2667 763 si
2715 715 2875 762 vetus
2902 706 2983 761 eis
3037 712 3247 760 tantum
3293 700 3675 771 interpretatio

2074 802 2278 872 placet,
2302 817 2423 873 quae
2447 810 2504 857 et
2520 800 2653 856 mihi
2678 814 2786 855 non
2816 798 3089 869 displicet,
3110 805 3166 852 et
3188 794 3325 850 nihil
3352 801 3508 850 extra
3531 791 3676 848 reci-

2073 895 2330 967 piendum
2351 901 2577 964 putant:
2609 908 2707 947 cur
2733 906 2799 947 ea
2824 904 2947 961 quae
2969 889 3071 945 sub
3089 885 3365 944 asteriscis
3390 894 3447 941 et
3473 883 3673 950 obelis,

2072 986 2356 1044 veladdita
2371 992 2515 1051 sunt,
2543 984 2634 1040 vel
2665 989 2964 1053 amputata,
2992 978 3247 1051 dlegunt,
3271 989 3328 1034 et
3357 975 3675 1046 negligant?

2072 1080 2255 1150 Quare
2284 1078 2564 1134 Dauielem
2604 1077 2759 1148 juxta
2790 1072 3193 1131 Thcodotionis
3231 1069 3672 1132 translationem,

2073 1175 2334 1230 Ecclesiae
2372 1171 2781 1243 susceperunt?
2812 1170 2920 1226 Cur
2955 1168 3247 1240 Origenem
3299 1165 3594 1230 mirantur,
3619 1170 3677 1219 et

2073 1264 2369 1321 Eusebium
2396 1262 2699 1335 Pamphili,
2726 1272 2953 1318 cunctas
2978 1259 3245 1317 editiones
3274 1257 3530 1314 similiter
3558 1255 3673 1312 dis-

2072 1358 2362 1415 serentes?
2384 1361 2494 1412 Aut
2513 1370 2638 1427 qua:
2662 1355 2766 1410 fuit
2792 1354 3043 1422 stultitia,
3066 1359 3350 1423 postquam
3370 1346 3498 1407 vera
3521 1347 3676 1405 dixe-

2071 1454 2203 1517 rint,
2239 1454 2486 1523 proterre
2516 1466 2637 1522 quae
2666 1448 2801 1504 falsa
2833 1447 3000 1503 sunt?
3030 1445 3188 1503 Unde
3227 1455 3411 1501 autem
3441 1443 3495 1498 in
3529 1455 3674 1498 novo

2070 1542 2424 1603 Testamento
2473 1544 2709 1615 probare
2736 1550 2993 1614 poterunt
3021 1545 3302 1610 assumpta
3335 1536 3673 1603 testimonia,

2070 1653 2193 1708 quae
2224 1639 2279 1693 in
2309 1638 2466 1693 libris
2493 1636 2774 1697 veteribus
2796 1650 2904 1691 non
2930 1633 3235 1690 habentur?
3256 1632 3386 1689 Haec
3412 1630 3673 1699 dicimus,

2069 1747 2142 1787 ne
2190 1732 2414 1787 omnino
2443 1730 2904 1787 calumniantibus
2951 1741 3135 1785 tacere
3158 1726 3460 1784 videamur.
3494 1723 3675 1782 Caete-

1998 1829 2048 1892 B
2072 1842 2196 1883 rum
2233 1833 2358 1895 post
2403 1832 2610 1881 sanctae
2655 1824 2837 1880 Paulae
2889 1822 3277 1879 dormitionem
3306 1863 3323 1890 ,
3364 1821 3521 1891 cujus
3557 1818 3674 1876 vita

2071 1921 2287 1975 virtutis
2317 1918 2635 1989 exemplum
2666 1925 2772 1986 est,
2799 1916 2969 1973 ethos
2992 1915 3183 1984 libros,
3210 1927 3356 1986 quos
3376 1912 3675 1969 Eustochio

2064 2010 2266 2083 virgini
2313 2010 2517 2066 Christi
2546 2025 2745 2082 negare
2772 2025 2879 2065 non
2912 2010 3087 2081 potui,
3138 2008 3507 2074 decrevimus,
3534 2007 3667 2062 dum

2066 2105 2294 2176 spiritus
2325 2104 2430 2160 hos
2473 2105 2615 2176 regit
2657 2114 2833 2173 artus,
2864 2103 3259 2174 Prophetarum
3302 2101 3674 2174 explanationi

2068 2197 2410 2264 incumbere,
2436 2206 2488 2253 et
2523 2197 2788 2253 omissum
2801 2195 3010 2267 jamdiu
3039 2210 3210 2266 Opus,
3249 2195 3487 2266 quodam
3517 2203 3671 2267 post-

2071 2291 2283 2348 liminio
2334 2297 2586 2361 repetere
2628 2305 2644 2343 :
2697 2290 3006 2361 praesertim
3060 2303 3186 2345 cum
3233 2295 3293 2344 et
3334 2287 3673 2345 admirabilis

2074 2396 2408 2457 sanctusque
2434 2386 2518 2441 vir
2548 2385 2937 2442 Pammachius
2975 2385 3083 2443 hoc
3117 2386 3260 2443 idem
3295 2385 3496 2444 litteris
3524 2385 3676 2458 ﬂagi-

2076 2489 2173 2545 tet.
2206 2488 2263 2535 ct
2302 2494 2401 2533 nos
2427 2478 2494 2534 ad
2527 2479 2758 2549 patriam
2801 2478 3145 2549 festinantes,
3177 2478 3495 2536 mortiferos
3524 2479 3674 2537 Sire-

2076 2587 2270 2629 narum
2302 2581 2498 2628 cantus
2518 2571 2685 2627 surda
2716 2571 3013 2630 debeamus
3039 2587 3171 2628 aure
3200 2572 3453 2628 transire.

2073 2702 2174 2759 me,
2204 2686 2399 2759 inquit,
2428 2688 2740 2756 respondere
2765 2689 3061 2759 compulsus
3081 2705 3215 2752 sum,
3239 2697 3545 2758 exspectans
3571 2689 3674 2744 tria

2073 2758 2227 2810 amici
2250 2756 2532 2825 volumina,
2565 2761 2717 2834 etAad
2757 2756 3046 2833 congeriem
3090 2756 3369 2815 criminum
3408 2764 3521 2834 ejus
3563 2768 3673 2816 tota

2075 2836 2245 2901 mente
2269 2845 2567 2901 suspensus.
2594 2830 2772 2887 MART.

2144 2899 2571 2977 —_-Pcr.~pi_cuum
2598 2903 2982 2977 estRutinum,
3020 2903 3518 2977 ejusquegasseclas
3542 2904 3674 2961 κατὰ

2074 2971 2377 3053 ἁντὶθφρασιν
2406 2970 2481 3026 ita
2510 2975 2805 3053 appellari,
2833 2970 3029 3046 quibus
3047 2970 3117 3053 ζει
3133 2970 3275 3053 alibi
3302 2976 3398 3044 ait,
3436 2975 3491 3032 in
3518 2990 3672 3032 more

2078 3045 2312 3112 positum
2339 3052 2563 3098 arcuato
2593 3045 2809 3112 Scorpii
2835 3062 3018 3103 morsu
3046 3048 3266 3104 laedere.
3545 3079 3550 3085 ε

2143 3111 2170 3150 ι)
2200 3113 2356 3196 l_3eue_
2395 3126 2580 3196 mon_et
2610 3117 2697 3196 hic
2730 3111 3023 3186 Marianas,
3049 3119 3435 3196 ﬂierpnymum
3473 3118 3673 3196 lingua:

2070 3186 2481 3259 sumhomines,
2514 3186 2738 3243 Latinos
2773 3205 2991 3258 vocare,
3023 3205 3131 3247 non
3167 3186 3468 3259 Dalmatas,
3493 3186 3674 3246 ut'fal-

2070 3269 2134 3311 so
2159 3256 2325 3327 aliqui
2358 3266 2567 3327 putant.
2596 3259 2773 3316 MART.

2140 3328 2434 3404 τ-Ιιτιιίηίε
2452 3330 2684 3401 scilicet,
2706 3348 2843 3404 quos
2868 3334 3069 3404 passim
3093 3333 3198 3393 hoc
3224 3334 3494 3391 vocabulo
3521 3348 3672 3391 com—

2072 3399 2263 3475 pella_t,
2293 3412 2354 3475 et
2374 3416 2549 3475 nemo
2580 3418 2687 3458 non
2718 3399 2989 3475 intelligit.

2156 3481 2177 3509 ο
2212 3470 2450 3526 Palatin.
2480 3488 2584 3528 ms.
2614 3475 2702 3531 hic
2732 3470 3011 3533 interserit
3035 3478 3152 3533 illa.

2150 3539 2176 3578 ά
2206 3542 2410 3625 Locum
2456 3543 2602 3625 hunc
2621 3561 2961 3625 nequaquam
2989 3549 3571 3625 assecutpsyalesins
3598 3550 3671 3605 ita

2074 3616 2420 3694 corrigi‘vult
2450 3616 2680 3684 epistola
2709 3616 2777 3694 ad
2818 3619 3100 3694 Usserium
3127 3621 3195 3677 de
3223 3621 3371 3677 LXX
3398 3623 3675 3694 interpre-g

2072 3683 2246 3753 tibus,
2275 3683 2584 3765 legunt,n_ec
2600 3692 2894 3765 negligant.
2921 3693 2990 3748 At
3018 3709 3149 3765 vero
3176 3695 3316 3749 alius
3347 3683 3669 3765 Hieronymi

2073 3769 2268 3834 sensus
2300 3765 2404 3834 cst,
2437 3759 2529 3834 qui
2561 3758 2613 3834 id
2646 3758 2941 3818 sibi"unum
2974 3764 3190 3831 vult,ut
3224 3779 3320 3820 eos
3347 3765 3517 3830 dicat,
3549 3758 3672 3834 qua:

2072 3827 2174 3881 sub
2220 3829 2504 3884 asteriscis
2546 3833 2728 3907 addita
2752 3846 2924 3907 _sunt,
2955 3827 3123 3907 tegere
3142 3882 3161 3907 ,ν
3190 3851 3312 3907 qua:
3339 3827 3513 3893 obelis
3544 3827 3675 3892 s'unt

2073 3909 2404 3981 praenotata,
2436 3906 2716 3981 negligere.
2750 3905 3078 3981 Paulopost
3116 3905 3313 3965 vitiose
3353 3916 3474 3965 erat
3502 3922 3672 3979 penes

2069 3967 2322 4028 Martian.
2356 3967 2599 4030 Danielis'
2627 3991 2725 4047 pro
2755 3967 3049 4033 Danielem.

1611 4175 1885 4239 TITULI
1926 4180 2144 4246 LIBRI
2185 4185 2469 4268 JOSUE.)

358 4266 405 4324 l.
439 4264 567 4323 Post
596 4276 812 4323 mortem
839 4268 1002 4337 Mosi.
1034 4268 1198 4369 osus
1220 4269 1476 4330 Dominus
1500 4276 1748 4369 loquitur,
1784 4288 1828 4333 et
1849 4280 1969 4336 hor-
1994 4286 2051 4349 D
2148 4264 2495 4347 consistebant
2534 4294 2690 4363 mole,
2747 4295 3021 4369 inferiores
3048 4315 3170 4355 vero
3205 4300 3478 4356 desiccalte
3504 4308 3668 4356 sunt:

439 4370 603 4430 tatur,
656 4369 714 4416 ut
766 4379 1004 4435 surgens,
1035 4363 1271 4421 Iordane
1305 4368 1622 4436 transmisso,
1679 4370 1751 4425 ad
1777 4383 1964 4430 terram

432 4472 594 4527 quam
625 4458 937 4527 promiserat
967 4469 1202 4530 pergeret
1234 4460 1585 4517 obtinendam.
1630 4461 1825 4520 Tecum
1850 4484 1957 4538 ero,

433 4546 527 4615 ait,
580 4550 874 4620 confortare
900 4562 947 4604 et
974 4560 1084 4605 esto
1120 4551 1379 4607 robustus.
1433 4552 1692 4611 Volumen
1744 4555 1871 4629 legis
1900 4559 1965 4616 de

2141 4395 2299 4453 super
2339 4383 2529 4439 siccam
2578 4388 2793 4443 humum
2824 4390 2990 4446 omnis
3031 4396 3259 4464 populus
3311 4383 3668 4464 p'ertransivit.

2139 4469 2232 4527 Bis
2279 4474 2547 4533 duodenos
2597 4495 2695 4550 pro
2721 4482 3014 4538 testimonio
3035 4483 3235 4555 lapides
3265 4483 3331 4539 de
3361 4487 3475 4558 ejus
3495 4482 3668 4539 medio

2136 4575 2506 4637 apportarunt.

430 4641 589 4740 corde
615 4650 706 4740 tuo
722 4658 828 4740 non
856 4642 1087 4740 recedat,
1120 4652 1167 4698 et
1198 4652 1415 4740 cratera.
1440 4643 1541 4700 Ubi
1568 4645 1731 4702 Iosue
1766 4666 1965 4721 prwce-
2064 4654 2155 4712 IlI.
2216 4657 2667 4719 Castrametantur
2708 4666 2763 4719 in
2808 4665 3043 4740 Galgalis
3073 4684 3092 4722 :
3123 4667 3381 4725 Dominus
3406 4669 3477 4724 ad
3503 4668 3668 4726 Iosue

433 4733 513 4801 pit
528 4732 725 4804 papula
744 4736 799 4788 in
820 4736 1127 4806 crastinum,
1153 4746 1231 4803 ut,
1256 4738 1464 4794 cibariis
1492 4742 1959 4811 prtcparatisJor-

433 4823 617 4879 donem
646 4838 916 4897 pergerent
947 4829 1250 4884 transituri.
1286 4829 1429 4885 Duos
1459 4832 1791 4889 absconditos
1822 4837 1957 4892 viros

434 4917 793 4985 exploratores
815 4919 883 4972 ad
924 4917 1140 4974 Iericho
1164 4921 1356 4994 dirigit
1378 4924 1656 4995 civitatem,
1680 4928 1772 4995 qui
1797 4944 1960 4982 mere-

427 5008 571 5062 tricis
614 5008 798 5063 Rahab
833 5011 1044 5066 domum
1082 5012 1325 5085 ingressi,
1358 5023 1514 5085 atque
1542 5034 1575 5069 a
1613 5034 1732 5089 rege
1755 5021 1960 5087 qua’siti

439 5101 727 5157 absconditi
766 5113 908 5171 sunt,
951 5115 1204 5176 pactoque
1232 5108 1366 5162 inito
1396 5124 1495 5180 per
1519 5126 1723 5164 murum
1750 5112 1961 5167 demissi

430 5205 681 5250 montana
700 5198 1071 5265 conscendunt,
1107 5198 1177 5253 ad
1197 5198 1359 5256 Iosue
1384 5203 1612 5270 veniunt,
1642 5215 1689 5258 et
1715 5220 1831 5273 quae
1858 5205 1956 5260 sibi

435 5292 754 5361 contigerant
782 5290 1038 5360 pandunt.

358 5381 428 5441 ll.
465 5381 626 5437 Motis
665 5385 871 5449 castris,
905 5380 1067 5439 Iosue
1089 5388 1226 5441 venit
1265 5391 1335 5441 ad
1361 5388 1673 5460 Iordanem,
1709 5389 1957 5462 populum

433 5475 610 5532 triduo
630 5473 921 5544 sanctiﬁcat
952 5473 1230 5546 Dominus,
1256 5490 1305 5534 et
1324 5478 1484 5536 Iosue
1513 5480 1640 5536 dicit
1664 5498 1683 5536 :
1708 5480 1884 5536 Hodie
1906 5494 1955 5538 te

432 5567 685 5639 incipiam
723 5567 954 5623 exaltare
983 5583 1158 5622 coram
1204 5571 1330 5638 ﬁliis
1371 5570 1565 5639 Israel,
1608 5573 1692 5627 dic
1740 5571 1951 5641 Levitis,

436 5674 555 5714 cum
602 5659 826 5731 ingressi
875 5660 1071 5731 fuerint
1100 5677 1262 5730 aquas
1289 5661 1565 5731 Iordanis,
1598 5675 1654 5719 ut
1682 5676 1813 5721 stent
1843 5682 1863 5721 :
1891 5682 1952 5720 ac

431 5752 620 5810 deinde
641 5755 1069 5813 descendentibus
1090 5758 1444 5815 sacerdotibus
1457 5761 1511 5814 in
1532 5777 1743 5832 aquam,
1764 5777 1951 5833 super—

426 5851 685 5908 venientes
707 5867 857 5926 aqua:
878 5853 1044 5909 instar
1068 5853 1324 5911 montium
1345 5856 1738 5916 intumescentes
1764 5856 1821 5912 in
1847 5872 1952 5913 una

2139 4750 2267 4805 dicit
2310 4762 2366 4805 ut
2408 4752 2646 4823 lapideos
2676 4757 2837 4828 faciat
2857 4760 3073 4826 cultros,
3100 4771 3147 4816 et
3174 4777 3388 4817 causam
3424 4761 3667 4817 secundm

2138 4844 2549 4902 circumcisionis
2567 4852 2808 4906 ostendit.
2834 4851 2861 4906 1
2870 4853 2919 4907 bi
2944 4852 3151 4910 Pascha
3171 4856 3433 4911 celebrant
3456 4872 3475 4911 :
3495 4871 3667 4911 come-

2135 4936 2326 4992 derunt
2351 4941 2416 4994 de
2444 4944 2675 5013 frugibus
2706 4955 2858 5000 terra:
2881 4950 3241 5019 promissionis
3285 4967 3470 5022 azyma
3506 4966 3661 5017 nova,

2135 5040 2181 5082 et
2226 5046 2327 5085 non
2359 5042 2435 5086 est
2474 5032 2614 5089 ultra
2644 5037 2718 5091 eis
2747 5038 2928 5093 datum
2954 5057 3168 5096 manna.
3204 5039 3290 5096 Ibi
3332 5040 3518 5109 Iosue,
3549 5042 3659 5098 elc-

2130 5123 2262 5176 vatis
2279 5122 2469 5191 oculis,
2502 5128 2705 5183 militia:
2730 5130 2950 5185 caelestis
2973 5133 3211 5206 gladium
3235 5142 3490 5190 tenentem
3510 5135 3661 5204 prin-

2131 5214 2297 5283 cipem
2320 5218 2502 5285 cernit,
2533 5227 2581 5273 et
2603 5221 2754 5274 audit
2778 5237 2798 5276 :
2819 5221 2975 5278 Solve
2999 5225 3409 5280 calceamentum
3432 5226 3496 5280 dc
3516 5225 3663 5297 pedi-

2137 5304 2230 5362 bus
2261 5308 2385 5375 tuis,
2420 5318 2468 5364 et
2519 5322 2726 5368 cratera.
2759 5313 2827 5368 Et
2854 5315 3042 5370 iterum
3071 5332 3091 5371 :
3123 5315 3348 5372 Tradidi
3375 5318 3589 5375 Iericho
3610 5326 3662 5374 et

2134 5414 2303 5469 regem
2355 5404 2470 5475 ejus
2491 5403 2545 5458 in
2575 5421 2732 5460 manu
2762 5417 2852 5462 tua
2885 5425 2904 5461 :
2933 5410 3000 5463 sit
3039 5411 3210 5465 omnis
3234 5412 3514 5466 anathema
3544 5428 3564 5467 :
3586 5413 3661 5467 sic

2131 5497 2182 5543 et
2222 5492 2296 5545 sic
2330 5491 2645 5563 clamabitis,
2682 5506 2732 5550 et
2778 5499 3093 5571 supradictae
3135 5503 3374 5574 sequitur
3417 5501 3660 5559 interitus

2129 5581 2377 5638 civitatis.
2420 5584 2608 5642 Rahab
2643 5589 2884 5645 educitur
2914 5606 2979 5646 ac
3022 5602 3279 5649 servatur.
3318 5590 3454 5649 Filii
3482 5592 3657 5650 Israel

2128 5676 2453 5745 prtevaricati
2480 5690 2624 5746 sunt,
2662 5682 2719 5735 id
2746 5692 2841 5749 est,
2895 5684 3077 5739 Achan
3121 5686 3265 5756 filius
3308 5684 3544 5742 Charmi.
3575 5684 3658 5741 Ad

2128 5764 2239 5821 Hui
2279 5770 2563 5826 exercitum
2610 5772 2825 5845 dirigit,
2874 5776 2965 5847 qui
3015 5786 3158 5850 terga
3201 5776 3433 5833 hostibus
3463 5778 3658 5835 dedit:

2125 5859 2256 5932 ipse,
2282 5863 2456 5920 scissis
2469 5865 2714 5936 vestibus,
2730 5865 3013 5925 Dominum
3037 5868 3367 5941 deprecatur,
3391 5879 3441 5926 et
3466 5869 3656 5926 Domi-
