4098 6366
407 317 516 376 465

1491 317 2088 378 CAPITULATIONES
2125 317 2308 376 LIBRI
2345 319 2580 378 IOSUE.

3587 323 3695 382 I66

472 456 572 495 nus
621 437 746 494 dicit
787 438 923 508 quod
971 437 1251 509 peccaverit
1291 435 1539 509 populus.
1591 434 1879 506 Inquisitus
1908 434 1995 506 qui
2023 435 2078 497 Α
2173 435 2334 504 deret,
2359 436 2490 489 sicut
2513 436 2744 505 jusserat
2769 432 3048 490 Dominus.
3078 433 3147 490 Et
3181 436 3410 507 sequitur
3437 453 3552 510 quw
3580 454 3693 494 sors

473 533 569 586 hoc
593 532 792 602 fecerit,
815 529 1163 599 deprehensus
1187 540 1232 584 et
1259 547 1290 582 a
1312 529 1506 601 populo
1537 529 1822 602 lapidatus.

399 624 492 681 IV.
548 624 803 695 Praecepit
854 623 1130 692 Dominus,
1162 632 1219 678 ut
1267 623 1337 677 ad
1368 623 1725 696 supradictam
1757 631 1992 694 pergeret

469 721 745 782 civitatem,
769 727 940 790 atque,
967 717 1146 788 clypeo
1171 716 1388 781 elevato,
1407 717 1559 770 sciret
1583 715 1681 769 sibi
1699 731 1809 769 eam
1835 715 1994 784 fuisse

469 813 812 867 contraditam
849 827 869 864 :
899 812 988 883 qui
1031 827 1247 883 pergens
1287 811 1418 880 cepit
1452 851 1466 876 ,
1507 811 1718 871 occidit,
1757 809 1941 862 delevit
1971 824 1990 863 :

2172 532 2451 602 unicuique
2479 531 2640 585 tribui
2668 531 2735 584 sit
2765 530 2982 585 tradita.

2097 625 2232 682 VIII.
2269 624 2334 678 In
2366 625 2479 679 Silo
2503 625 2729 693 ﬁxerunt
2752 623 3145 679 tabernaculum
3167 625 3461 690 testimonii,
3492 635 3542 679 et
3569 627 3694 682 inde

2172 721 2239 775 ad
2264 721 2541 792 reliquam,
2591 736 2706 788 qute
2729 718 2951 774 necdum
2993 720 3223 791 subjecta
3257 721 3451 790 fuerat,
3501 729 3693 775 terram

2171 813 2349 882 dirigit
2381 814 2715 884 inspectores.

458 909 709 980 jumenta
737 914 912 960 autem
935 915 984 959 et
1013 905 1242 975 praedam
1272 905 1494 958 civitatis
1524 902 1749 974 populus
1775 903 1995 956 invicem
2095 905 2191 961 ιχ.
2228 904 2481 974 Prcecepit
2533 902 2790 958 Dominus
2826 902 3011 970 Iosue,
3054 912 3110 958 ut
3148 903 3300 959 urbes
3343 905 3396 958 in
3450 906 3697 976 prcesidia

468 1001 566 1055 sibi
610 999 896 1066 distribuit,
950 1007 999 1052 et
1025 999 1284 1068 cediﬁcato
1310 998 1468 1051 altari
1520 996 1842 1064 sacrificium
1901 994 1993 1048 ob-

468 1094 607 1149 tulit.
644 1091 1101 1147 Deuteronomium
1151 1091 1378 1163 scripsit,
1433 1091 1585 1143 verba
1627 1088 1992 1143 benedictionis

467 1195 516 1241 et
537 1185 919 1240 maledictionis
950 1185 1092 1239 omni
1122 1185 1316 1254 populo
1343 1183 1490 1256 legit.
1534 1181 1634 1238 Ubi
1677 1198 1820 1254 reges
1849 1181 1990 1236 Cha-

467 1296 607 1335 naan
635 1279 934 1346 turbantur,
989 1277 1300 1333 Gabaonitte
1327 1278 1521 1348 legatos
1543 1277 1732 1332 callide
1752 1277 1988 1346 mittunt,

467 1373 632 1444 foedus
653 1373 859 1440 ineunt,
883 1379 932 1427 et
951 1372 1009 1426 in
1039 1372 1304 1427 servitium
1327 1372 1666 1443 deputantur.

406 1463 468 1520 V.
527 1463 627 1519 Ubi
675 1464 902 1535 quinque
949 1479 1093 1535 reges
1133 1462 1555 1518 Amorrhteorum
1613 1473 1994 1535 congregantur

472 1559 722 1613 adversus
771 1556 966 1622 Israel,
985 1564 1034 1612 et
1054 1555 1220 1612 Iosue
1252 1572 1339 1610 eos
1362 1557 1710 1628 persequitur,
1743 1567 1790 1611 et
1821 1557 1990 1612 dicit:

470 1650 584 1707 Stet
626 1651 706 1706 sol
757 1651 811 1706 in
851 1649 1066 1706 Gabaon
1089 1691 1104 1716 ,
1143 1658 1192 1704 et
1224 1657 1434 1714 caetera,
1468 1665 1701 1720 cwsoque
1738 1649 1990 1715 exercitu,

463 1743 689 1812 quinque
738 1758 882 1815 reges
930 1743 986 1796 in
1011 1740 1312 1810 speluncam
1335 1740 1582 1811 fugiunt,
1616 1750 1773 1812 atque
1793 1757 1987 1811 appre-

471 1836 619 1890 hensi
665 1836 974 1891 occiduntur
1007 1851 1024 1888 :
1054 1835 1231 1890 eodem
1260 1835 1344 1889 die
1395 1835 1613 1904 percutit
1665 1834 1891 1906 Mageda
1944 1845 1990 1889 et
2022 1835 2070 1895 B

464 1930 682 1995 Lemna,
705 1931 892 1985 deinde
936 1929 1126 1984 Lachis
1148 1939 1192 1982 et
1213 1927 1396 1994 Gaser,
1424 1945 1696 1997 omnesque
1720 1939 1992 1985 montanas

464 2033 511 2078 et
539 2025 695 2095 plano
728 2023 923 2093 positas
947 2023 1200 2085 civitates,
1224 2020 1716 2088 Dominotradente,
1741 2021 1986 2093 possedit.

388 2115 486 2173 VI.
515 2115 615 2172 Ubi
645 2115 868 2170 Enacim
903 2117 1208 2187 interfectos
1244 2131 1390 2187 reges
1405 2124 1683 2170 enumerat
1732 2115 1991 2186 singulos,

463 2207 517 2260 id
545 2215 644 2274 est,
675 2207 889 2278 triginta
927 2223 1109 2278 unum,
1156 2207 1341 2278 quibus
1389 2207 1652 2262 exstinctis
1699 2209 1990 2280 provincias

464 2319 642 2357 eorum
667 2302 917 2375 possedit.

390 2393 510 2450 VII.
535 2393 680 2450 Dixit
709 2394 968 2450 Dominus
988 2395 1057 2450 ad
1080 2395 1276 2450 Iosue:
1300 2395 1528 2451 Senuisti
1553 2405 1600 2450 et
1624 2393 1887 2467 lonngus
1911 2411 1986 2463 es,

467 2489 638 2543 divide
651 2498 842 2544 terram
867 2489 988 2549 ﬁliis
1011 2489 1202 2554 Israel,
1227 2500 1380 2559 atque
1395 2494 1579 2544 sedens
1602 2507 1719 2544 cum
1735 2489 1988 2544 Eleazaro

465 2583 735 2638 sacerdote
759 2584 1051 2638 universam
1091 2592 1284 2639 terram
1313 2584 1521 2638 dividit.
1553 2581 1746 2639 Chaleb
1777 2585 1848 2638 ad
1873 2601 1989 2638 eum

471 2675 700 2747 loquitur
721 2685 777 2730 ut
800 2674 1250 2749 Cariath-Sepher
1272 2677 1531 2732 civitatem
1552 2677 1600 2730 ei
1622 2686 1759 2730 sorte
1785 2688 1991 2730 contra-

2170 1000 2507 1073 fugitivorum
2522 1008 2853 1068 separentur,
2875 1000 3006 1053 sicut
3030 1001 3232 1054 locutus
3248 999 3404 1056 estad
3420 999 3622 1068 Mosen,
3647 1010 3697 1057 et

2169 1090 2332 1162 legem
2363 1091 2470 1158 dat,
2503 1091 2590 1160 qui
2615 1089 2825 1144 illarum
2848 1091 3110 1144 civitatum
3131 1091 3311 1145 debeat
3339 1093 3533 1145 intrare
3555 1109 3692 1163 pra:-

2168 1187 2324 1240 sidia.
2357 1183 2548 1238 Levitis
2577 1193 2623 1238 et
2651 1183 3002 1238 sacerdotibus
3033 1185 3268 1240 civitates
3307 1191 3355 1238 et
3383 1183 3683 1238 suburbana

2169 1277 2572 1332 distribuuntur.

2095 1373 2163 1431 X.
2198 1373 2359 1428 Iosue
2398 1374 2598 1427 vocavit
2634 1373 2942 1438 Rubenitas,
2992 1381 3044 1427 et
3092 1371 3332 1440 Gaditas,
3377 1381 3424 1427 et
3466 1372 3692 1427 mediam

2169 1480 2365 1538 partem
2403 1467 2568 1522 tribus
2597 1466 2865 1532 Manasse,
2905 1475 2956 1520 et
2982 1467 3117 1521 dixit
3141 1467 3213 1521 eis
3242 1482 3265 1522 :
3307 1465 3569 1535 Implestis
3594 1468 3693 1520 im-

2168 1559 2366 1627 perium
2394 1555 2632 1623 Dom-ini,
2660 1557 2728 1609 ite
2753 1557 2808 1609 in
2831 1555 3165 1610 tabernacula
3190 1564 3376 1619 vestra,
3406 1564 3452 1609 et
3477 1571 3696 1627 pergen-

2168 1661 2240 1706 tes
2261 1652 2327 1706 ad
2350 1651 2574 1705 tumulos
2600 1649 2853 1704 Iordanis
2874 1650 3262 1720 wdiﬁcaverunt
3286 1649 3452 1705 altare
3470 1651 3692 1718 infinita:

2169 1745 2566 1818 magnitudinis,
2615 1745 2754 1814 quod
2783 1743 2944 1799 Iosue
2983 1753 3030 1798 et
3063 1742 3231 1799 Israel
3252 1753 3558 1816 putaverunt
3581 1759 3692 1798 esse

2171 1837 2502 1910 sacrilegum,
2534 1846 2578 1890 et
2612 1838 2825 1891 nuntios
2853 1837 3111 1909 dirigunt,
3136 1837 3224 1907 qui
3250 1838 3454 1892 ratione
3481 1844 3694 1908 accepta

2170 1933 2315 1987 leniti
2341 1941 2478 1986 sunt.

2096 2023 2190 2080 XI.
2227 2023 2391 2078 Iosue
2419 2023 2613 2077 vocavit
2635 2038 2839 2076 onmem
2863 2020 3138 2089 Israelem,
3168 2032 3218 2076 et
3241 2022 3487 2076 admonet
3505 2029 3559 2075 ut
3586 2036 3695 2075 ser-

2169 2117 2310 2169 viant
2360 2114 2609 2169 Domino.
2640 2113 2931 2168 Enumerat
2969 2115 3154 2169 seriem
3185 2114 3534 2187 generationis
3553 2113 3697 2168 anti-

2165 2224 2303 2279 qua’,
2345 2217 2394 2262 et
2444 2208 2706 2278 quomodo
2762 2207 2825 2261 de
2852 2206 3086 2279 ngypto
3134 2209 3236 2262 sint
3276 2207 3479 2262 liberati
3509 2221 3528 2261 :
3558 2223 3693 2276 quo-

2166 2301 2316 2354 modo
2348 2299 2658 2368 Amorrhaei,
2684 2298 2967 2354 Chananati
3007 2309 3057 2354 et
3094 2302 3264 2354 caateri
3293 2299 3395 2352 sint
3425 2298 3608 2352 traditi
3635 2298 3690 2352 in

2169 2409 2352 2447 manus
2382 2409 2578 2446 eorum.
2606 2392 2768 2448 Iosue
2789 2393 3012 2464 lapidem
3041 2394 3213 2463 posuit
3235 2393 3288 2446 in
3315 2392 3689 2461 testimonium,

2130 2483 2138 2494 ’
2167 2498 2283 2558 post
2306 2489 2413 2543 hwc
2441 2495 2672 2542 mortuus
2700 2496 2773 2541 est
2796 2504 2859 2540 ac
2893 2488 3130 2556 sepultus
3167 2487 3222 2540 in
3255 2485 3690 2541 Thamnathsare.

2172 2583 2305 2638 Ossa
2330 2580 2527 2654 Ioseph
2554 2581 2877 2649 sepeliuntur
2903 2581 2960 2634 in
3001 2578 3230 2648 Sichem,
3281 2588 3329 2635 et
3352 2577 3577 2634 Eleazar
3604 2595 3693 2634 sa-

2169 2673 2353 2729 cerdos
2375 2682 2612 2728 mortuus
2641 2682 2736 2727 est.

1573 2934 1599 2964 ἰ
1635 2927 1944 2989 BREVES
1985 2924 2195 2987 LIBRI
2236 2923 2498 2987 JOSUE.

387 3071 432 3129 I.
460 3069 726 3126 Promittit
744 3068 886 3125 Deus
909 3069 1072 3126 Iosue
1099 3069 1276 3125 dicens
1307 3085 1325 3124 :
1352 3067 1502 3126 Sicut
1533 3070 1610 3141 fui
1630 3086 1746 3124 cum
1776 3069 1978 3140 Moyse,

463 3189 552 3228 8Υο
580 3180 630 3226 ει
659 3180 844 3226 tecum.

388 3272 459 3328 II.
486 3272 798 3345 Prteparare
827 3271 1027 3328 cibaria
1047 3273 1262 3346 jubetur
1289 3274 1502 3347 papula,
1531 3283 1587 3328 ut
1611 3282 1836 3329 transeat
1861 3273 1987 3328 Ior-

465 3378 674 3430 donem.

388 3473 479 3530 III.
509 3473 846 3530 Destinantur
875 3475 1228 3545 exploratores
1260 3493 1290 3528 a
1327 3475 1492 3531 Iosue
1508 3478 1561 3531 in
1592 3476 1826 3533 Iericho.

388 3577 483 3634 IV.
513 3576 782 3634 Promittit
809 3577 1065 3634 Dominus
1081 3578 1242 3634 Iosue
1271 3580 1444 3635 dicens
1472 3580 1686 3636 :Hodie
1735 3583 1988 3652 incipiam

465 3681 696 3736 exaltare
723 3692 770 3736 te
795 3698 972 3736 coram
1001 3682 1142 3736 omni
1173 3681 1366 3747 Israel,
1417 3690 1471 3736 ut
1498 3683 1663 3738 sciant
1691 3685 1813 3754 quia
1851 3685 1985 3739 sicut

466 3783 543 3853 fui
573 3799 690 3837 cum
718 3781 924 3854 Moyse,
950 3784 1024 3838 ita
1045 3792 1095 3839 et
1123 3793 1289 3838 tecum
1320 3800 1456 3838 sum.

391 3873 463 3930 V.
510 3873 732 3931 Iubente
775 3876 1024 3945 Domino,
1053 3877 1282 3932 siccatur
1333 3875 1508 3931 alveus
1536 3875 1787 3934 Iordanis
1817 3888 1988 3935 trans-

467 3986 616 4032 eunte
649 3976 838 4033 Israel.

395 4071 486 4128 VI.
523 4060 808 4128 Duodecim
827 4071 1028 4142 lapides
1063 4072 1213 4127 electi
1239 4071 1303 4125 de
1324 4071 1571 4126 Iordanis
1597 4073 1742 4127 alveo
1770 4072 1831 4127 ob
1845 4089 1988 4128 com-

469 4166 886 4220 memorationem
915 4165 1080 4234 futuri
1112 4165 1377 4234 temporis.

393 4255 506 4312 VII.
559 4257 862 4313 lntrocunte
893 4255 1065 4312 Israel
1107 4267 1296 4312 terram
1340 4256 1630 4324 (.‘hanaam,
1676 4258 1844 4312 territi
1869 4269 1992 4314 sunt

467 4354 636 4405 cuncti
664 4368 828 4422 reges.

397 4443 536 4499 VIII.
567 4443 691 4498 Ha’c
722 4454 892 4498 autem
917 4461 1075 4499 causa
1092 4453 1164 4499 est
1185 4444 1426 4500 secunda:
1457 4444 1888 4502 circumcisionis.

395 4535 490 4592 IX.
532 4534 807 4607 Hucusque
829 4535 1156 4590 comederunt
1186 4552 1397 4589 manna.

398 4626 469 4683 X.
496 4626 731 4682 Ostendit
762 4643 816 4682 se
839 4628 1053 4699 angelus
1080 4625 1487 4696 DominiIosue,
1507 4628 1596 4698 qui
1626 4628 1759 4683 dixit
1787 4647 1805 4684 :
1832 4628 1993 4685 Prin-

471 4739 590 4793 ceps
621 4722 874 4777 exercitus
905 4720 1118 4776 Domini
1146 4738 1280 4775 sum.

397 4823 491 4879 XI.
526 4820 604 4876 De
631 4823 898 4877 obsidione
921 4823 1000 4878 vel
1022 4822 1346 4878 subversione
1371 4822 1514 4878 urbis
1540 4823 1778 4879 Iericho.

396 4913 516 4971 XII.
549 4913 864 4984 Imprecatio
891 4912 1074 4969 Iosue.

393 5003 538 5059 XIII.
566 5003 941 5060 Prteva-ricatio
972 5006 1171 5076 populi.

395 5097 546 5153 XIV.
581 5098 852 5167 Confortat
873 5098 1130 5156 Dominus
1155 5100 1318 5158 Iosue
1342 5103 1412 5158 ad
1442 5106 1813 5175 praeliandum.

395 5191 496 5247 XV
509 5233 524 5246 .
557 5190 892 5248 Perturbatio
922 5209 1126 5266 regum.

393 5282 539 5339 XVI.
567 5283 852 5340 Simulatio
877 5287 1309 5345 Gabaonitarum.

394 5375 567 5432 XVII.
599 5375 906 5451 Conglobati
929 5381 1154 5452 quinque
1173 5398 1318 5455 reges
1343 5397 1522 5439 contra
1559 5383 1720 5440 Iosue
1745 5387 1995 5441 ascende-

469 5479 614 5524 runt.
643 5469 788 5526 Tunc
809 5473 1078 5545 imperavit
1098 5473 1221 5542 soli,
1254 5485 1300 5529 et
1326 5479 1464 5530 stetit
1492 5479 1664 5550 spatio
1687 5480 1790 5533 diei
1818 5482 1992 5536 unius.

393 5563 589 5620 XVIII.
610 5564 835 5622 Iuvante
851 5567 1100 5638 Domino,
1132 5569 1370 5625 exstincti
1403 5580 1523 5627 sunt
1544 5589 1688 5644 reges
1710 5590 1827 5630 cum
1847 5591 1997 5630 exer-

472 5661 578 5716 citu
609 5676 730 5718 suo.

475 5869 504 5901 ι
543 5861 604 5920 In
623 5861 814 5922 codice
845 5863 1071 5924 Palatia.
1103 5866 1335 5940 capitula
1360 5876 1758 5941 nuncupantur.

2086 3065 2229 3122 XIX.
2264 3067 2467 3134 Ruben,
2511 3063 2628 3121 Gad
2670 3075 2716 3120 et
2759 3065 2976 3120 dimidia
3009 3065 3172 3120 tribus
3213 3063 3459 3120 Manasse
3501 3072 3694 3119 terram

2013 3174 2060 3237 ρ
2163 3159 2259 3214 sibi
2281 3159 2396 3213 dari
2423 3161 2686 3231 postulant
2716 3176 2747 3212 ιι
2776 3157 2978 3230 Moyse.

2092 3253 2215 3311 XX.
2258 3254 2330 3308 Hi
2359 3262 2478 3309 sunt
2510 3270 2652 3325 rcges
2686 3260 2835 3308 terra:
2872 3268 2999 3323 quos
3024 3249 3276 3324 percussit
3314 3248 3478 3305 Iosue
3517 3257 3562 3304 et
3591 3247 3695 3320 ﬁlii

2163 3347 2357 3402 Israel.

2092 3439 2236 3496 XXI.
2267 3439 2504 3494 Dividere
2529 3448 2695 3493 terras
2715 3438 2926 3510 populis
2947 3438 3187 3493 hortatur
3219 3436 3479 3492 Dominus
3500 3434 3688 3492 Iosue.

2092 3531 2259 3588 XXII.
2292 3531 2618 3588 Promissum
2648 3533 2830 3602 repetit
2851 3529 3040 3586 Chaleb
3072 3540 3318 3599 montem,
3347 3531 3402 3584 in
3443 3545 3544 3601 quo
3574 3528 3689 3583 Ile-

2165 3629 2291 3681 bron
2314 3643 2330 3680 :
2363 3628 2446 3680 hic
2469 3627 2594 3697 legis
2619 3625 2784 3680 Adam
2812 3627 2988 3680 situm.

2093 3717 2285 3774 XXIII.
2322 3718 2447 3776 Sors
2477 3717 2654 3772 Iudte.

2093 3810 2287 3866 XXIV.
2343 3811 2469 3867 Sors
2509 3811 2738 3881 filiorum
2768 3808 2989 3883 Ioseph,
3037 3808 3313 3879 Ephraim,
3341 3817 3386 3862 et
3420 3807 3686 3862 Manasse.

2093 3902 2263 3958 XXV.
2305 3901 2435 3957 Filii
2456 3901 2652 3972 Ioseph
2681 3910 2856 3974 petunt
2879 3899 3316 3971 sibiaugmentari
3339 3899 3634 3970 funiculum
3659 3914 3695 3952 a

2163 3995 2343 4062 Iosue,
2363 3997 2548 4068 quibus
2569 3997 2640 4050 ait
2670 4013 2688 4051 :
2711 3995 2982 4050 Ascendite
3009 3996 3061 4048 in
3087 4001 3337 4060 montem,
3361 4001 3408 4046 et
3436 3992 3690 4047 succidite

2166 4091 2373 4158 silvam,
2406 4101 2454 4144 et
2475 4090 2718 4145 ntundate
2743 4090 2880 4144 vobis
2905 4089 2974 4142 ad
3001 4087 3346 4141 habitandum
3370 4087 3560 4158 spatia.

2092 4183 2285 4240 XXVI.
2313 4183 2725 4258 Congregatique
2761 4191 2883 4238 sunt
2910 4197 3088 4236 omnes
3126 4181 3224 4249 ﬁlii
3261 4178 3434 4234 Israel
3461 4181 3516 4233 in
3548 4179 3687 4234 Silo.

2093 4276 2312 4333 XXVII.
2359 4275 2700 4332 Destinantur
2721 4278 2818 4330 viri
2844 4276 2912 4328 ad
2938 4273 3333 4329 describendam
3364 4284 3578 4341 terram,
3605 4288 3687 4325 re-

2166 4370 2403 4440 versique
2431 4369 2828 4440 descriptionem
2858 4369 3071 4422 tradunt
3091 4364 3278 4431 Iosue,
3305 4365 3394 4432 qui
3413 4364 3552 4418 misit
3573 4379 3690 4416 sor-

2175 4470 2249 4514 tes
2283 4478 2456 4516 coram
2498 4460 2717 4516 Domino
2747 4463 2800 4515 in
2833 4459 2974 4525 Silo,
3015 4459 3296 4528 diuisitque
3335 4465 3526 4510 terram
3561 4454 3688 4524 ﬁliis

2015 4557 2072 4617 D
2169 4551 2338 4609 Israel
2364 4555 2419 4608 in
2442 4565 2639 4623 septem
2669 4564 2864 4624 partes.

2101 4645 2338 4701 XXVIII.
2386 4645 2549 4701 Urbes
2576 4647 2930 4718 fugitivorum.

2101 4740 2298 4795 XXIX.
2346 4739 2510 4794 Urbes
2547 4738 2868 4794 Levitarum.

2099 4834 2273 4890 XXX.
2319 4834 2442 4889 Post
2480 4832 2736 4889 bellorum
2765 4832 2992 4888 turbtncs
3023 4830 3149 4886 data
3173 4835 3246 4884 est
3269 4827 3470 4898 requies
3500 4843 3534 4881 a
3579 4824 3696 4882 Do-

2173 4945 2336 4983 mmo.

2103 5019 2298 5075 XXXI.
2341 5019 2647 5075 Inconsulta
2683 5036 2741 5075 re
2785 5020 2983 5091 factum
3028 5034 3060 5072 a
3096 5015 3235 5072 tribu
3287 5015 3471 5072 Ruben
3525 5015 3694 5072 altare

2172 5114 2438 5170 immensa:
2461 5113 2856 5187 magnitudinis.

2107 5203 2323 5260 XXXII.
2368 5205 2607 5278 Replicat
2632 5223 2663 5259 a
2685 5203 2940 5276 principio
2969 5201 3131 5258 Iosue
3153 5210 3338 5257 cuncta
3361 5199 3552 5255 Israeli
3575 5215 3698 5254 cum

2177 5299 2467 5364 testatione,
2485 5316 2548 5353 ne
2563 5298 2830 5353 discedant
2841 5315 2872 5351 a
2890 5295 3156 5370 prwceptis
3169 5293 3404 5363 Domini,
3419 5293 3707 5366 appropin-

2175 5398 2366 5462 quante
2393 5392 2478 5445 die
2505 5391 2672 5445 obitus
2696 5391 2798 5446 sui.

2105 5484 2349 5540 XXXIII.
2389 5483 2538 5540 Unde
2573 5496 2724 5540 natus
2759 5485 2829 5539 sit
2867 5483 3153 5550 Abraham,
3176 5483 3259 5539 vel
3272 5482 3360 5538 ubi
3401 5481 3700 5551 perductus.

2181 5577 2315 5632 Item
2340 5581 2662 5652 congregatis
2677 5595 2795 5635 cum
2820 5589 2972 5652 pacto
2997 5577 3378 5644 obtestationis,
3412 5573 3702 5646 alloquitur

2181 5687 2267 5727 eos
2287 5669 2466 5728 Iosue.
