  <div class='ocr_page' id='page_1' title='image "/cluster/home/n/w/nwhite01/storage/ocr_20150623/28/hvd.32044015471410/239.png"; bbox 0 0 4098 6366; ppageno 0'>
   <div class='ocr_carea' id='block_1_1' title="bbox 387 308 488 364">
    <p class='ocr_par' dir='ltr' id='par_1_1' title="bbox 387 308 488 364">
     <span class='ocr_line' id='line_1_1' title="bbox 387 308 488 364; baseline -0.04 0"><span class='ocrx_word' id='word_1_1' title='bbox 387 308 488 364; x_wconf 75' lang='grc' dir='ltr'><strong><em>ι167</em></strong></span> 
     </span>
    </p>
   </div>
   <div class='ocr_carea' id='block_1_2' title="bbox 1383 295 2651 363">
    <p class='ocr_par' dir='ltr' id='par_1_2' title="bbox 1383 295 2651 363">
     <span class='ocr_line' id='line_1_2' title="bbox 1383 295 2651 363; baseline -0.002 -6"><span class='ocrx_word' id='word_1_2' title='bbox 1383 300 1440 357; x_wconf 89' lang='lat' dir='ltr'><strong><em>S.</em></strong></span> <span class='ocrx_word' id='word_1_3' title='bbox 1486 297 1862 359; x_wconf 77' lang='lat' dir='ltr'><strong><em>HIEIIONVIII</em></strong></span> <span class='ocrx_word' id='word_1_4' title='bbox 1902 295 2132 363; x_wconf 73' lang='lat' dir='ltr'><strong>DIVINA</strong></span> <span class='ocrx_word' id='word_1_5' title='bbox 2174 295 2651 361; x_wconf 75' lang='lat' dir='ltr'><strong><em>BIBIJOTHECA.</em></strong></span> 
     </span>
    </p>
   </div>
   <div class='ocr_carea' id='block_1_3' title="bbox 3574 297 3685 359">
    <p class='ocr_par' dir='ltr' id='par_1_3' title="bbox 3574 297 3685 359">
     <span class='ocr_line' id='line_1_3' title="bbox 3574 297 3685 359; baseline 0.018 -3"><span class='ocrx_word' id='word_1_6' title='bbox 3574 297 3685 359; x_wconf 72' lang='lat' dir='ltr'><strong><em>I08</em></strong></span> 
     </span>
    </p>
   </div>
   <div class='ocr_carea' id='block_1_4' title="bbox 1448 509 2616 579">
    <p class='ocr_par' dir='ltr' id='par_1_4' title="bbox 1448 509 2616 579">
     <span class='ocr_line' id='line_1_4' title="bbox 1448 509 2616 579; baseline -0.003 -2"><span class='ocrx_word' id='word_1_7' title='bbox 1448 510 1848 579; x_wconf 73' lang='lat' dir='ltr'><strong>CAPITULA</strong></span> <span class='ocrx_word' id='word_1_8' title='bbox 1890 509 2106 575; x_wconf 85' lang='lat' dir='ltr'><strong>LIBRI</strong></span> <span class='ocrx_word' id='word_1_9' title='bbox 2147 509 2330 574; x_wconf 86' lang='lat' dir='ltr'><strong><em>JESU</em></strong></span> <span class='ocrx_word' id='word_1_10' title='bbox 2373 510 2616 574; x_wconf 82' lang='lat' dir='ltr'><strong><em>NAVE.</em></strong></span> 
     </span>
    </p>
   </div>
   <div class='ocr_carea' id='block_1_5' title="bbox 394 637 1247 715">
    <p class='ocr_par' dir='ltr' id='par_1_5' title="bbox 394 637 1247 715">
     <span class='ocr_line' id='line_1_5' title="bbox 394 637 1247 715; baseline -0.016 -14"><span class='ocrx_word' id='word_1_11' title='bbox 394 645 435 701; x_wconf 94' lang='lat' dir='ltr'><strong><em>I.</em></strong></span> <span class='ocrx_word' id='word_1_12' title='bbox 479 641 722 697; x_wconf 84' lang='lat' dir='ltr'><strong><em>Transite</em></strong></span> <span class='ocrx_word' id='word_1_13' title='bbox 745 654 837 711; x_wconf 83' lang='lat' dir='ltr'><strong><em>per</em></strong></span> <span class='ocrx_word' id='word_1_14' title='bbox 864 637 1033 693; x_wconf 86' lang='lat' dir='ltr'><strong><em>media</em></strong></span> <span class='ocrx_word' id='word_1_15' title='bbox 1055 644 1247 715; x_wconf 82' lang='lat' dir='ltr'><strong><em>castra.</em></strong></span> 
     </span>
    </p>
   </div>
   <div class='ocr_carea' id='block_1_6' title="bbox 385 727 1373 807">
    <p class='ocr_par' dir='ltr' id='par_1_6' title="bbox 385 727 1373 807">
     <span class='ocr_line' id='line_1_6' title="bbox 385 727 1373 807; baseline -0.015 -13"><span class='ocrx_word' id='word_1_16' title='bbox 385 739 450 795; x_wconf 89' lang='lat' dir='ltr'><strong><em>ll.</em></strong></span> <span class='ocrx_word' id='word_1_17' title='bbox 494 734 872 807; x_wconf 70' lang='lat' dir='ltr'><strong><em>Exploratores</em></strong></span> <span class='ocrx_word' id='word_1_18' title='bbox 898 731 1046 788; x_wconf 85' lang='lat' dir='ltr'><strong><em>missi</em></strong></span> <span class='ocrx_word' id='word_1_19' title='bbox 1074 731 1138 785; x_wconf 88' lang='lat' dir='ltr'><strong><em>de</em></strong></span> <span class='ocrx_word' id='word_1_20' title='bbox 1167 727 1373 784; x_wconf 80' lang='lat' dir='ltr'><strong><em>Settim.</em></strong></span> 
     </span>
    </p>
   </div>
   <div class='ocr_carea' id='block_1_7' title="bbox 382 823 1381 901">
    <p class='ocr_par' dir='ltr' id='par_1_7' title="bbox 382 823 1381 901">
     <span class='ocr_line' id='line_1_7' title="bbox 382 823 1381 901; baseline -0.012 -16"><span class='ocrx_word' id='word_1_21' title='bbox 382 830 472 885; x_wconf 91' lang='lat' dir='ltr'>III.</span> <span class='ocrx_word' id='word_1_22' title='bbox 518 828 887 901; x_wconf 72' lang='lat' dir='ltr'><strong><em>Exploratores</em></strong></span> <span class='ocrx_word' id='word_1_23' title='bbox 923 823 1104 879; x_wconf 82' lang='lat' dir='ltr'><strong><em>Rahab</em></strong></span> <span class='ocrx_word' id='word_1_24' title='bbox 1136 830 1381 875; x_wconf 86' lang='lat' dir='ltr'><strong><em>testatur.</em></strong></span> 
     </span>
    </p>
   </div>
   <div class='ocr_carea' id='block_1_8' title="bbox 385 912 1383 992">
    <p class='ocr_par' dir='ltr' id='par_1_8' title="bbox 385 912 1383 992">
     <span class='ocr_line' id='line_1_8' title="bbox 385 912 1383 992; baseline -0.012 -15"><span class='ocrx_word' id='word_1_25' title='bbox 385 922 478 977; x_wconf 89' lang='lat' dir='ltr'><strong>IV.</strong></span> <span class='ocrx_word' id='word_1_26' title='bbox 526 921 629 975; x_wconf 86' lang='lat' dir='ltr'><strong><em>Hic</em></strong></span> <span class='ocrx_word' id='word_1_27' title='bbox 657 917 852 992; x_wconf 90' lang='lat' dir='ltr'><strong><em>popqu</em></strong></span> <span class='ocrx_word' id='word_1_28' title='bbox 877 916 1003 970; x_wconf 89' lang='lat' dir='ltr'><strong><em>dicit</em></strong></span> <span class='ocrx_word' id='word_1_29' title='bbox 1030 930 1047 968; x_wconf 91' lang='lat'><strong><em>:</em></strong></span> <span class='ocrx_word' id='word_1_30' title='bbox 1078 912 1383 981; x_wconf 76' lang='lat' dir='ltr'><strong><em>Puriﬂcate.</em></strong></span> 
     </span>
    </p>
   </div>
   <div class='ocr_carea' id='block_1_9' title="bbox 385 1003 1988 1077">
    <p class='ocr_par' dir='ltr' id='par_1_9' title="bbox 385 1003 1988 1077">
     <span class='ocr_line' id='line_1_9' title="bbox 385 1003 1988 1077; baseline -0.007 -7"><span class='ocrx_word' id='word_1_31' title='bbox 385 1016 451 1072; x_wconf 89' lang='lat' dir='ltr'><strong><em>V.</em></strong></span> <span class='ocrx_word' id='word_1_32' title='bbox 498 1014 599 1072; x_wconf 87' lang='lat' dir='ltr'><strong><em>Ubi</em></strong></span> <span class='ocrx_word' id='word_1_33' title='bbox 644 1013 900 1068; x_wconf 88' lang='lat' dir='ltr'><strong><em>Dominus</em></strong></span> <span class='ocrx_word' id='word_1_34' title='bbox 934 1010 1060 1063; x_wconf 84' lang='lat' dir='ltr'><strong><em>dicit</em></strong></span> <span class='ocrx_word' id='word_1_35' title='bbox 1097 1009 1166 1063; x_wconf 89' lang='lat' dir='ltr'><strong><em>ad</em></strong></span> <span class='ocrx_word' id='word_1_36' title='bbox 1203 1007 1426 1063; x_wconf 87' lang='lat' dir='ltr'><strong><em>Iesum:</em></strong></span> <span class='ocrx_word' id='word_1_37' title='bbox 1461 1005 1725 1077; x_wconf 83' lang='lat' dir='ltr'><strong><em>Incipiam</em></strong></span> <span class='ocrx_word' id='word_1_38' title='bbox 1762 1015 1811 1061; x_wconf 89' lang='lat' dir='ltr'><strong><em>te</em></strong></span> <span class='ocrx_word' id='word_1_39' title='bbox 1838 1003 1988 1062; x_wconf 74' lang='lat' dir='ltr'><strong><em>exal-</em></strong></span> 
     </span>
    </p>
   </div>
   <div class='ocr_carea' id='block_1_10' title="bbox 464 1121 593 1165">
    <p class='ocr_par' dir='ltr' id='par_1_10' title="bbox 464 1121 593 1165">
     <span class='ocr_line' id='line_1_10' title="bbox 464 1121 593 1165; baseline -0.023 0"><span class='ocrx_word' id='word_1_40' title='bbox 464 1121 593 1165; x_wconf 65' lang='lat' dir='ltr'><strong><em>I078.</em></strong></span> 
     </span>
    </p>
   </div>
   <div class='ocr_carea' id='block_1_11' title="bbox 393 1198 1052 1259">
    <p class='ocr_par' dir='ltr' id='par_1_11' title="bbox 393 1198 1052 1259">
     <span class='ocr_line' id='line_1_11' title="bbox 393 1198 1052 1259; baseline -0.015 -1"><span class='ocrx_word' id='word_1_41' title='bbox 393 1202 483 1259; x_wconf 87' lang='lat' dir='ltr'><strong><em>VI.</em></strong></span> <span class='ocrx_word' id='word_1_42' title='bbox 523 1198 776 1255; x_wconf 89' lang='lat' dir='ltr'><strong><em>Iordanis</em></strong></span> <span class='ocrx_word' id='word_1_43' title='bbox 806 1199 1052 1252; x_wconf 85' lang='lat' dir='ltr'><strong><em>siccatus.</em></strong></span> 
     </span>
    </p>
   </div>
   <div class='ocr_carea' id='block_1_12' title="bbox 407 1285 1835 1359">
    <p class='ocr_par' dir='ltr' id='par_1_12' title="bbox 407 1285 1835 1359">
     <span class='ocr_line' id='line_1_12' title="bbox 407 1285 1835 1359; baseline -0.008 -9"><span class='ocrx_word' id='word_1_44' title='bbox 407 1294 508 1350; x_wconf 78' lang='lat' dir='ltr'><strong>VII.</strong></span> <span class='ocrx_word' id='word_1_45' title='bbox 551 1293 748 1347; x_wconf 89' lang='lat' dir='ltr'><strong><em>Parate</em></strong></span> <span class='ocrx_word' id='word_1_46' title='bbox 778 1290 1049 1344; x_wconf 78' lang='lat' dir='ltr'><strong><em>duodecim</em></strong></span> <span class='ocrx_word' id='word_1_47' title='bbox 1076 1289 1212 1343; x_wconf 87' lang='lat' dir='ltr'><strong><em>viros</em></strong></span> <span class='ocrx_word' id='word_1_48' title='bbox 1234 1287 1304 1342; x_wconf 91' lang='lat' dir='ltr'><strong><em>ad</em></strong></span> <span class='ocrx_word' id='word_1_49' title='bbox 1333 1286 1532 1359; x_wconf 77' lang='lat' dir='ltr'><strong><em>lapides</em></strong></span> <span class='ocrx_word' id='word_1_50' title='bbox 1558 1285 1835 1341; x_wconf 87' lang='lat' dir='ltr'><strong><em>tollendos.</em></strong></span> 
     </span>
    </p>
   </div>
   <div class='ocr_carea' id='block_1_13' title="bbox 406 1382 1047 1458">
    <p class='ocr_par' dir='ltr' id='par_1_13' title="bbox 406 1382 1047 1458">
     <span class='ocr_line' id='line_1_13' title="bbox 406 1382 1047 1458; baseline -0.011 -15"><span class='ocrx_word' id='word_1_51' title='bbox 406 1387 539 1443; x_wconf 92' lang='lat' dir='ltr'>VIII.</span> <span class='ocrx_word' id='word_1_52' title='bbox 582 1385 808 1458; x_wconf 80' lang='lat' dir='ltr'><strong><em>Lapides</em></strong></span> <span class='ocrx_word' id='word_1_53' title='bbox 834 1382 1047 1438; x_wconf 75' lang='lat' dir='ltr'><strong><em>sublati.</em></strong></span> 
     </span>
    </p>
   </div>
   <div class='ocr_carea' id='block_1_14' title="bbox 411 1475 1259 1544">
    <p class='ocr_par' dir='ltr' id='par_1_14' title="bbox 411 1475 1259 1544">
     <span class='ocr_line' id='line_1_14' title="bbox 411 1475 1259 1544; baseline -0.008 -9"><span class='ocrx_word' id='word_1_54' title='bbox 411 1480 502 1535; x_wconf 88' lang='lat' dir='ltr'><strong><em>IX.</em></strong></span> <span class='ocrx_word' id='word_1_55' title='bbox 546 1476 625 1533; x_wconf 93' lang='lat' dir='ltr'><strong><em>De</em></strong></span> <span class='ocrx_word' id='word_1_56' title='bbox 648 1477 985 1533; x_wconf 85' lang='lat' dir='ltr'><strong><em>instructione</em></strong></span> <span class='ocrx_word' id='word_1_57' title='bbox 1007 1475 1259 1544; x_wconf 72' lang='lat' dir='ltr'><strong><em>ﬁliorum.</em></strong></span> 
     </span>
    </p>
   </div>
   <div class='ocr_carea' id='block_1_15' title="bbox 401 1569 971 1631">
    <p class='ocr_par' dir='ltr' id='par_1_15' title="bbox 401 1569 971 1631">
     <span class='ocr_line' id='line_1_15' title="bbox 401 1569 971 1631; baseline -0.011 0"><span class='ocrx_word' id='word_1_58' title='bbox 401 1571 469 1631; x_wconf 74' lang='grc' dir='ltr'><strong>Χ.</strong></span> <span class='ocrx_word' id='word_1_59' title='bbox 508 1571 665 1627; x_wconf 88' lang='lat' dir='ltr'><strong><em>Iesus</em></strong></span> <span class='ocrx_word' id='word_1_60' title='bbox 690 1569 971 1625; x_wconf 67' lang='lat' dir='ltr'><strong><em>eualtotus.</em></strong></span> 
     </span>
    </p>
   </div>
   <div class='ocr_carea' id='block_1_16' title="bbox 398 1659 1558 1721">
    <p class='ocr_par' dir='ltr' id='par_1_16' title="bbox 398 1659 1558 1721">
     <span class='ocr_line' id='line_1_16' title="bbox 398 1659 1558 1721; baseline -0.007 -1"><span class='ocrx_word' id='word_1_61' title='bbox 398 1663 491 1721; x_wconf 87' lang='lat' dir='ltr'><strong><em>XI.</em></strong></span> <span class='ocrx_word' id='word_1_62' title='bbox 535 1662 842 1719; x_wconf 79' lang='lat' dir='ltr'><strong><em>Sacerdotes</em></strong></span> <span class='ocrx_word' id='word_1_63' title='bbox 864 1661 928 1715; x_wconf 91' lang='lat' dir='ltr'><strong><em>de</em></strong></span> <span class='ocrx_word' id='word_1_64' title='bbox 947 1659 1187 1716; x_wconf 79' lang='lat' dir='ltr'><strong><em>Iordane</em></strong></span> <span class='ocrx_word' id='word_1_65' title='bbox 1210 1668 1558 1715; x_wconf 71' lang='lat' dir='ltr'><strong><em>excesserunt.</em></strong></span> 
     </span>
    </p>
   </div>
   <div class='ocr_carea' id='block_1_17' title="bbox 408 1754 1156 1824">
    <p class='ocr_par' dir='ltr' id='par_1_17' title="bbox 408 1754 1156 1824">
     <span class='ocr_line' id='line_1_17' title="bbox 408 1754 1156 1824; baseline -0.009 -12"><span class='ocrx_word' id='word_1_66' title='bbox 408 1756 517 1812; x_wconf 82' lang='lat' dir='ltr'><strong>XII.</strong></span> <span class='ocrx_word' id='word_1_67' title='bbox 561 1754 695 1810; x_wconf 89' lang='lat' dir='ltr'><strong><em>Item</em></strong></span> <span class='ocrx_word' id='word_1_68' title='bbox 725 1755 820 1824; x_wconf 78' lang='lat' dir='ltr'><strong><em>filii</em></strong></span> <span class='ocrx_word' id='word_1_69' title='bbox 846 1754 1156 1809; x_wconf 77' lang='lat' dir='ltr'><strong><em>instruendi.</em></strong></span> 
     </span>
    </p>
   </div>
   <div class='ocr_carea' id='block_1_18' title="bbox 401 1847 1210 1918">
    <p class='ocr_par' dir='ltr' id='par_1_18' title="bbox 401 1847 1210 1918">
     <span class='ocr_line' id='line_1_18' title="bbox 401 1847 1210 1918; baseline -0.009 -12"><span class='ocrx_word' id='word_1_70' title='bbox 401 1848 542 1906; x_wconf 81' lang='lat' dir='ltr'>XIII.</span> <span class='ocrx_word' id='word_1_71' title='bbox 583 1847 828 1903; x_wconf 77' lang='lat' dir='ltr'><strong><em>Gentium</em></strong></span> <span class='ocrx_word' id='word_1_72' title='bbox 850 1863 992 1918; x_wconf 86' lang='lat' dir='ltr'><strong><em>reges</em></strong></span> <span class='ocrx_word' id='word_1_73' title='bbox 1022 1848 1210 1904; x_wconf 83' lang='lat' dir='ltr'><strong><em>territi.</em></strong></span> 
     </span>
    </p>
   </div>
   <div class='ocr_carea' id='block_1_19' title="bbox 404 1939 1169 2010">
    <p class='ocr_par' dir='ltr' id='par_1_19' title="bbox 404 1939 1169 2010">
     <span class='ocr_line' id='line_1_19' title="bbox 404 1939 1169 2010; baseline -0.008 -13"><span class='ocrx_word' id='word_1_74' title='bbox 404 1941 543 1999; x_wconf 86' lang='lat' dir='ltr'><strong>XIV.</strong></span> <span class='ocrx_word' id='word_1_75' title='bbox 586 1940 664 1995; x_wconf 89' lang='lat' dir='ltr'><strong><em>De</em></strong></span> <span class='ocrx_word' id='word_1_76' title='bbox 686 1939 910 1996; x_wconf 89' lang='lat' dir='ltr'><strong><em>cultellis</em></strong></span> <span class='ocrx_word' id='word_1_77' title='bbox 929 1939 1169 2010; x_wconf 88' lang='lat' dir='ltr'><strong><em>petrinis.</em></strong></span> 
     </span>
    </p>
   </div>
   <div class='ocr_carea' id='block_1_20' title="bbox 402 2033 925 2090">
    <p class='ocr_par' dir='ltr' id='par_1_20' title="bbox 402 2033 925 2090">
     <span class='ocr_line' id='line_1_20' title="bbox 402 2033 925 2090; baseline -0.008 0"><span class='ocrx_word' id='word_1_78' title='bbox 402 2033 518 2090; x_wconf 81' lang='lat' dir='ltr'><strong><em>XV.</em></strong></span> <span class='ocrx_word' id='word_1_79' title='bbox 562 2033 925 2088; x_wconf 86' lang='lat' dir='ltr'><strong><em>Circumcisio.</em></strong></span> 
     </span>
    </p>
   </div>
   <div class='ocr_carea' id='block_1_21' title="bbox 404 2125 1211 2183">
    <p class='ocr_par' dir='ltr' id='par_1_21' title="bbox 404 2125 1211 2183">
     <span class='ocr_line' id='line_1_21' title="bbox 404 2125 1211 2183; baseline -0.005 0"><span class='ocrx_word' id='word_1_80' title='bbox 404 2126 545 2183; x_wconf 89' lang='lat' dir='ltr'><strong>XVI.</strong></span> <span class='ocrx_word' id='word_1_81' title='bbox 589 2126 931 2181; x_wconf 79' lang='lat' dir='ltr'><strong><em>Maledictum</em></strong></span> <span class='ocrx_word' id='word_1_82' title='bbox 958 2125 1211 2180; x_wconf 90' lang='lat' dir='ltr'><strong><em>ablatum.</em></strong></span> 
     </span>
    </p>
   </div>
   <div class='ocr_carea' id='block_1_22' title="bbox 407 2219 849 2276">
    <p class='ocr_par' dir='ltr' id='par_1_22' title="bbox 407 2219 849 2276">
     <span class='ocr_line' id='line_1_22' title="bbox 407 2219 849 2276; baseline -0.005 0"><span class='ocrx_word' id='word_1_83' title='bbox 407 2220 567 2276; x_wconf 84' lang='lat' dir='ltr'>XVII.</span> <span class='ocrx_word' id='word_1_84' title='bbox 616 2219 849 2274; x_wconf 83' lang='lat' dir='ltr'><strong><em>Pascha.</em></strong></span> 
     </span>
    </p>
   </div>
   <div class='ocr_carea' id='block_1_23' title="bbox 402 2312 1077 2385">
    <p class='ocr_par' dir='ltr' id='par_1_23' title="bbox 402 2312 1077 2385">
     <span class='ocr_line' id='line_1_23' title="bbox 402 2312 1077 2385; baseline -0.001 -16"><span class='ocrx_word' id='word_1_85' title='bbox 402 2312 595 2369; x_wconf 84' lang='lat' dir='ltr'><strong>XVIII.</strong></span> <span class='ocrx_word' id='word_1_86' title='bbox 640 2312 838 2367; x_wconf 77' lang='lat' dir='ltr'><strong><em>Manna</em></strong></span> <span class='ocrx_word' id='word_1_87' title='bbox 870 2313 1077 2385; x_wconf 78' lang='lat' dir='ltr'><strong><em>defecit.</em></strong></span> 
     </span>
    </p>
   </div>
   <div class='ocr_carea' id='block_1_24' title="bbox 406 2404 999 2477">
    <p class='ocr_par' dir='ltr' id='par_1_24' title="bbox 406 2404 999 2477">
     <span class='ocr_line' id='line_1_24' title="bbox 406 2404 999 2477; baseline -0.003 -16"><span class='ocrx_word' id='word_1_88' title='bbox 406 2404 551 2461; x_wconf 88' lang='lat' dir='ltr'><strong>XIX.</strong></span> <span class='ocrx_word' id='word_1_89' title='bbox 587 2406 808 2477; x_wconf 78' lang='lat' dir='ltr'><strong><em>Angelus</em></strong></span> <span class='ocrx_word' id='word_1_90' title='bbox 838 2408 999 2460; x_wconf 88' lang='lat' dir='ltr'><strong><em>visus.</em></strong></span> 
     </span>
    </p>
   </div>
   <div class='ocr_carea' id='block_1_25' title="bbox 404 2497 1357 2572">
    <p class='ocr_par' dir='ltr' id='par_1_25' title="bbox 404 2497 1357 2572">
     <span class='ocr_line' id='line_1_25' title="bbox 404 2497 1357 2572; baseline -0.004 -17"><span class='ocrx_word' id='word_1_91' title='bbox 404 2498 523 2555; x_wconf 82' lang='lat' dir='ltr'><strong><em>XX.</em></strong></span> <span class='ocrx_word' id='word_1_92' title='bbox 560 2497 770 2553; x_wconf 81' lang='lat' dir='ltr'><strong><em>Iericho</em></strong></span> <span class='ocrx_word' id='word_1_93' title='bbox 796 2498 1111 2553; x_wconf 83' lang='lat' dir='ltr'><strong><em>circumdari</em></strong></span> <span class='ocrx_word' id='word_1_94' title='bbox 1123 2498 1357 2572; x_wconf 81' lang='lat' dir='ltr'><strong><em>jubetur.</em></strong></span> 
     </span>
    </p>
   </div>
   <div class='ocr_carea' id='block_1_26' title="bbox 407 2591 1705 2666">
    <p class='ocr_par' dir='ltr' id='par_1_26' title="bbox 407 2591 1705 2666">
     <span class='ocr_line' id='line_1_26' title="bbox 407 2591 1705 2666; baseline -0.001 -18"><span class='ocrx_word' id='word_1_95' title='bbox 407 2591 550 2650; x_wconf 88' lang='lat' dir='ltr'><strong>XXI.</strong></span> <span class='ocrx_word' id='word_1_96' title='bbox 588 2592 742 2649; x_wconf 83' lang='lat' dir='ltr'><strong><em>Iesus</em></strong></span> <span class='ocrx_word' id='word_1_97' title='bbox 767 2593 893 2648; x_wconf 83' lang='lat' dir='ltr'><strong><em>dicit</em></strong></span> <span class='ocrx_word' id='word_1_98' title='bbox 919 2592 1111 2666; x_wconf 87' lang='lat' dir='ltr'><strong><em>populo</em></strong></span> <span class='ocrx_word' id='word_1_99' title='bbox 1143 2609 1162 2648; x_wconf 90' lang='lat'><strong><em>:</em></strong></span> <span class='ocrx_word' id='word_1_100' title='bbox 1200 2592 1308 2648; x_wconf 91' lang='lat' dir='ltr'><strong><em>Nec</em></strong></span> <span class='ocrx_word' id='word_1_101' title='bbox 1329 2592 1705 2648; x_wconf 82' lang='lat' dir='ltr'><strong><em>clamaveritis.</em></strong></span> 
     </span>
    </p>
   </div>
   <div class='ocr_carea' id='block_1_27' title="bbox 408 2686 1072 2743">
    <p class='ocr_par' dir='ltr' id='par_1_27' title="bbox 408 2686 1072 2743">
     <span class='ocr_line' id='line_1_27' title="bbox 408 2686 1072 2743; baseline -0.008 1"><span class='ocrx_word' id='word_1_102' title='bbox 408 2687 576 2743; x_wconf 86' lang='lat' dir='ltr'><strong>XXII.</strong></span> <span class='ocrx_word' id='word_1_103' title='bbox 621 2686 695 2740; x_wconf 93' lang='lat' dir='ltr'><strong><em>De</em></strong></span> <span class='ocrx_word' id='word_1_104' title='bbox 723 2686 1072 2741; x_wconf 83' lang='lat' dir='ltr'><strong><em>anathemate.</em></strong></span> 
     </span>
    </p>
   </div>
   <div class='ocr_carea' id='block_1_28' title="bbox 407 2774 1375 2833">
    <p class='ocr_par' dir='ltr' id='par_1_28' title="bbox 407 2774 1375 2833">
     <span class='ocr_line' id='line_1_28' title="bbox 407 2774 1375 2833; baseline -0.003 0"><span class='ocrx_word' id='word_1_105' title='bbox 407 2774 598 2833; x_wconf 81' lang='lat' dir='ltr'>XXIII.</span> <span class='ocrx_word' id='word_1_106' title='bbox 642 2775 787 2831; x_wconf 79' lang='lat' dir='ltr'><strong><em>Muri</em></strong></span> <span class='ocrx_word' id='word_1_107' title='bbox 809 2774 1026 2831; x_wconf 79' lang='lat' dir='ltr'><strong><em>Iericho</em></strong></span> <span class='ocrx_word' id='word_1_108' title='bbox 1050 2775 1375 2831; x_wconf 87' lang='lat' dir='ltr'><strong><em>ceciderunt.</em></strong></span> 
     </span>
    </p>
   </div>
   <div class='ocr_carea' id='block_1_29' title="bbox 408 2867 1240 2924">
    <p class='ocr_par' dir='ltr' id='par_1_29' title="bbox 408 2867 1240 2924">
     <span class='ocr_line' id='line_1_29' title="bbox 408 2867 1240 2924; baseline -0.002 -1"><span class='ocrx_word' id='word_1_109' title='bbox 408 2868 603 2924; x_wconf 86' lang='lat' dir='ltr'><strong>XXIV.</strong></span> <span class='ocrx_word' id='word_1_110' title='bbox 645 2868 723 2922; x_wconf 90' lang='lat' dir='ltr'><strong><em>De</em></strong></span> <span class='ocrx_word' id='word_1_111' title='bbox 756 2867 940 2923; x_wconf 84' lang='lat' dir='ltr'><strong><em>Rahab</em></strong></span> <span class='ocrx_word' id='word_1_112' title='bbox 968 2869 1240 2922; x_wconf 89' lang='lat' dir='ltr'><strong><em>servanda.</em></strong></span> 
     </span>
    </p>
   </div>
   <div class='ocr_carea' id='block_1_30' title="bbox 409 2957 2002 3026">
    <p class='ocr_par' dir='ltr' id='par_1_30' title="bbox 409 2957 2002 3026">
     <span class='ocr_line' id='line_1_30' title="bbox 409 2957 2002 3026; baseline 0 -12"><span class='ocrx_word' id='word_1_113' title='bbox 409 2959 582 3014; x_wconf 78' lang='lat' dir='ltr'><strong>XXV.</strong></span> <span class='ocrx_word' id='word_1_114' title='bbox 625 2957 938 3012; x_wconf 83' lang='lat' dir='ltr'><strong><em>Maledictus</em></strong></span> <span class='ocrx_word' id='word_1_115' title='bbox 981 2959 1069 3024; x_wconf 86' lang='lat' dir='ltr'><strong><em>qui</em></strong></span> <span class='ocrx_word' id='word_1_116' title='bbox 1106 2959 1445 3026; x_wconf 77' lang='lat' dir='ltr'><strong><em>cedi/icaverit</em></strong></span> <span class='ocrx_word' id='word_1_117' title='bbox 1481 2960 1736 3014; x_wconf 88' lang='lat' dir='ltr'><strong><em>civitatem</em></strong></span> <span class='ocrx_word' id='word_1_118' title='bbox 1769 2958 2002 3014; x_wconf 79' lang='lat' dir='ltr'><strong><em>Iericho.</em></strong></span> 
     </span>
    </p>
   </div>
   <div class='ocr_carea' id='block_1_31' title="bbox 408 3048 1551 3123">
    <p class='ocr_par' dir='ltr' id='par_1_31' title="bbox 408 3048 1551 3123">
     <span class='ocr_line' id='line_1_31' title="bbox 408 3048 1551 3123; baseline 0.002 -16"><span class='ocrx_word' id='word_1_119' title='bbox 408 3049 602 3111; x_wconf 82' lang='lat' dir='ltr'><strong>XXVI.</strong></span> <span class='ocrx_word' id='word_1_120' title='bbox 634 3048 713 3105; x_wconf 77' lang='lat' dir='ltr'><strong><em>De</em></strong></span> <span class='ocrx_word' id='word_1_121' title='bbox 735 3050 1083 3117; x_wconf 84' lang='lat' dir='ltr'><strong><em>anathemate.</em></strong></span> <span class='ocrx_word' id='word_1_122' title='bbox 1120 3053 1210 3123; x_wconf 83' lang='lat' dir='ltr'><strong><em>qui</em></strong></span> <span class='ocrx_word' id='word_1_123' title='bbox 1239 3054 1551 3120; x_wconf 82' lang='lat' dir='ltr'><strong><em>concupivit.</em></strong></span> 
     </span>
    </p>
   </div>
   <div class='ocr_carea' id='block_1_32' title="bbox 412 3141 1168 3216">
    <p class='ocr_par' dir='ltr' id='par_1_32' title="bbox 412 3141 1168 3216">
     <span class='ocr_line' id='line_1_32' title="bbox 412 3141 1168 3216; baseline 0.001 -19"><span class='ocrx_word' id='word_1_124' title='bbox 412 3141 626 3198; x_wconf 81' lang='lat' dir='ltr'>XXVII.</span> <span class='ocrx_word' id='word_1_125' title='bbox 674 3142 910 3214; x_wconf 88' lang='lat' dir='ltr'><strong><em>Populus</em></strong></span> <span class='ocrx_word' id='word_1_126' title='bbox 932 3145 1144 3216; x_wconf 78' lang='lat' dir='ltr'><strong><em>fugatus</em></strong></span> <span class='ocrx_word' id='word_1_127' title='bbox 1156 3184 1168 3198; x_wconf 95' lang='lat'>.</span> 
     </span>
    </p>
   </div>
   <div class='ocr_carea' id='block_1_33' title="bbox 412 3232 1121 3306">
    <p class='ocr_par' dir='ltr' id='par_1_33' title="bbox 412 3232 1121 3306">
     <span class='ocr_line' id='line_1_33' title="bbox 412 3232 1121 3306; baseline 0.003 -17"><span class='ocrx_word' id='word_1_128' title='bbox 412 3232 649 3293; x_wconf 81' lang='lat' dir='ltr'><strong>XXVIII.</strong></span> <span class='ocrx_word' id='word_1_129' title='bbox 695 3232 933 3291; x_wconf 74' lang='lat' dir='ltr'><strong><em>Peccavit</em></strong></span> <span class='ocrx_word' id='word_1_130' title='bbox 959 3234 1121 3306; x_wconf 77' lang='lat' dir='ltr'><strong><em>plebs.</em></strong></span> 
     </span>
    </p>
   </div>
   <div class='ocr_carea' id='block_1_34' title="bbox 412 3324 1560 3385">
    <p class='ocr_par' dir='ltr' id='par_1_34' title="bbox 412 3324 1560 3385">
     <span class='ocr_line' id='line_1_34' title="bbox 412 3324 1560 3385; baseline 0.002 -2"><span class='ocrx_word' id='word_1_131' title='bbox 412 3326 609 3383; x_wconf 88' lang='lat' dir='ltr'><strong>XXIX.</strong></span> <span class='ocrx_word' id='word_1_132' title='bbox 648 3324 804 3381; x_wconf 87' lang='lat' dir='ltr'><strong><em>Iesus</em></strong></span> <span class='ocrx_word' id='word_1_133' title='bbox 835 3327 900 3381; x_wconf 89' lang='lat' dir='ltr'><strong><em>de</em></strong></span> <span class='ocrx_word' id='word_1_134' title='bbox 920 3329 1250 3382; x_wconf 79' lang='lat' dir='ltr'><strong><em>anathemate</em></strong></span> <span class='ocrx_word' id='word_1_135' title='bbox 1280 3338 1560 3385; x_wconf 89' lang='lat' dir='ltr'><strong><em>scrutatur.</em></strong></span> 
     </span>
    </p>
   </div>
   <div class='ocr_carea' id='block_1_35' title="bbox 414 3418 1538 3491">
    <p class='ocr_par' dir='ltr' id='par_1_35' title="bbox 414 3418 1538 3491">
     <span class='ocr_line' id='line_1_35' title="bbox 414 3418 1538 3491; baseline 0.001 -17"><span class='ocrx_word' id='word_1_136' title='bbox 414 3419 588 3477; x_wconf 87' lang='lat' dir='ltr'><strong>XXX.</strong></span> <span class='ocrx_word' id='word_1_137' title='bbox 628 3418 802 3477; x_wconf 78' lang='lat' dir='ltr'><strong><em>Achar</em></strong></span> <span class='ocrx_word' id='word_1_138' title='bbox 827 3420 892 3477; x_wconf 85' lang='lat' dir='ltr'><strong><em>de</em></strong></span> <span class='ocrx_word' id='word_1_139' title='bbox 913 3420 1245 3478; x_wconf 81' lang='lat' dir='ltr'><strong><em>anathemate</em></strong></span> <span class='ocrx_word' id='word_1_140' title='bbox 1264 3421 1538 3491; x_wconf 80' lang='lat' dir='ltr'><strong><em>confusus.</em></strong></span> 
     </span>
    </p>
   </div>
   <div class='ocr_carea' id='block_1_36' title="bbox 413 3509 2010 3587">
    <p class='ocr_par' dir='ltr' id='par_1_36' title="bbox 413 3509 2010 3587">
     <span class='ocr_line' id='line_1_36' title="bbox 413 3509 2010 3587; baseline 0.007 -19"><span class='ocrx_word' id='word_1_141' title='bbox 413 3510 608 3569; x_wconf 83' lang='lat' dir='ltr'><strong>XXXI.</strong></span> <span class='ocrx_word' id='word_1_142' title='bbox 641 3509 822 3569; x_wconf 86' lang='lat' dir='ltr'><strong><em>Prima</em></strong></span> <span class='ocrx_word' id='word_1_143' title='bbox 845 3529 1018 3583; x_wconf 80' lang='lat' dir='ltr'><strong><em>pugna</em></strong></span> <span class='ocrx_word' id='word_1_144' title='bbox 1040 3512 1215 3577; x_wconf 82' lang='lat' dir='ltr'><strong><em>Iesus.</em></strong></span> <span class='ocrx_word' id='word_1_145' title='bbox 1242 3513 1343 3573; x_wconf 75' lang='lat' dir='ltr'><strong><em>Ahi</em></strong></span> <span class='ocrx_word' id='word_1_146' title='bbox 1364 3515 1621 3573; x_wconf 81' lang='lat' dir='ltr'><strong><em>civitatem</em></strong></span> <span class='ocrx_word' id='word_1_147' title='bbox 1641 3532 1734 3587; x_wconf 89' lang='lat' dir='ltr'><strong><em>per</em></strong></span> <span class='ocrx_word' id='word_1_148' title='bbox 1762 3515 2010 3579; x_wconf 62' lang='lat' dir='ltr'><strong><em>insidiati!</em></strong></span> 
     </span>
    </p>
   </div>
   <div class='ocr_carea' id='block_1_37' title="bbox 489 3606 650 3671">
    <p class='ocr_par' dir='ltr' id='par_1_37' title="bbox 489 3606 650 3671">
     <span class='ocr_line' id='line_1_37' title="bbox 489 3606 650 3671; baseline 0.006 -14"><span class='ocrx_word' id='word_1_149' title='bbox 489 3606 650 3671; x_wconf 90' lang='lat' dir='ltr'><strong><em>capit.</em></strong></span> 
     </span>
    </p>
   </div>
   <div class='ocr_carea' id='block_1_38' title="bbox 414 3694 1659 3757">
    <p class='ocr_par' dir='ltr' id='par_1_38' title="bbox 414 3694 1659 3757">
     <span class='ocr_line' id='line_1_38' title="bbox 414 3694 1659 3757; baseline 0.004 -6"><span class='ocrx_word' id='word_1_150' title='bbox 414 3696 632 3752; x_wconf 83' lang='lat' dir='ltr'><strong>XXXII.</strong></span> <span class='ocrx_word' id='word_1_151' title='bbox 677 3694 865 3751; x_wconf 84' lang='lat' dir='ltr'><strong><em>Gentes</em></strong></span> <span class='ocrx_word' id='word_1_152' title='bbox 890 3696 1162 3751; x_wconf 89' lang='lat' dir='ltr'><strong><em>adversum</em></strong></span> <span class='ocrx_word' id='word_1_153' title='bbox 1186 3697 1373 3751; x_wconf 88' lang='lat' dir='ltr'><strong><em>Iesum</em></strong></span> <span class='ocrx_word' id='word_1_154' title='bbox 1408 3699 1659 3757; x_wconf 67' lang='lat' dir='ltr'><strong><em>collecta.</em></strong></span> 
     </span>
    </p>
   </div>
   <div class='ocr_carea' id='block_1_39' title="bbox 416 3787 2012 3861">
    <p class='ocr_par' dir='ltr' id='par_1_39' title="bbox 416 3787 2012 3861">
     <span class='ocr_line' id='line_1_39' title="bbox 416 3787 2012 3861; baseline 0.008 -16"><span class='ocrx_word' id='word_1_155' title='bbox 416 3788 663 3849; x_wconf 81' lang='lat' dir='ltr'><strong>XXXIII.</strong></span> <span class='ocrx_word' id='word_1_156' title='bbox 701 3787 857 3851; x_wconf 82' lang='lat' dir='ltr'><strong><em>Iesus</em></strong></span> <span class='ocrx_word' id='word_1_157' title='bbox 884 3788 1050 3851; x_wconf 81' lang='lat' dir='ltr'><strong><em>altare</em></strong></span> <span class='ocrx_word' id='word_1_158' title='bbox 1073 3790 1327 3861; x_wconf 65' lang='lat' dir='ltr'><strong><em>aediﬁcat.</em></strong></span> <span class='ocrx_word' id='word_1_159' title='bbox 1366 3803 1414 3849; x_wconf 86' lang='lat' dir='ltr'><strong><em>st</em></strong></span> <span class='ocrx_word' id='word_1_160' title='bbox 1447 3793 1518 3851; x_wconf 89' lang='lat' dir='ltr'><strong><em>ibi</em></strong></span> <span class='ocrx_word' id='word_1_161' title='bbox 1548 3793 2012 3857; x_wconf 81' lang='lat' dir='ltr'><strong><em>Deuteronomiutn</em></strong></span> 
     </span>
    </p>
   </div>
   <div class='ocr_carea' id='block_1_40' title="bbox 489 3881 689 3939">
    <p class='ocr_par' dir='ltr' id='par_1_40' title="bbox 489 3881 689 3939">
     <span class='ocr_line' id='line_1_40' title="bbox 489 3881 689 3939; baseline -0.005 0"><span class='ocrx_word' id='word_1_162' title='bbox 489 3881 689 3939; x_wconf 76' lang='lat' dir='ltr'><strong><em>scribit.</em></strong></span> 
     </span>
    </p>
   </div>
   <div class='ocr_carea' id='block_1_41' title="bbox 420 3972 2011 4047">
    <p class='ocr_par' dir='ltr' id='par_1_41' title="bbox 420 3972 2011 4047">
     <span class='ocr_line' id='line_1_41' title="bbox 420 3972 2011 4047; baseline 0.002 -14"><span class='ocrx_word' id='word_1_163' title='bbox 420 3973 665 4035; x_wconf 80' lang='lat' dir='ltr'><strong>XXXIV.</strong></span> <span class='ocrx_word' id='word_1_164' title='bbox 704 3972 858 4033; x_wconf 89' lang='lat' dir='ltr'><strong><em>Iesus</em></strong></span> <span class='ocrx_word' id='word_1_165' title='bbox 887 3978 1053 4047; x_wconf 78' lang='lat' dir='ltr'><strong><em>legem</em></strong></span> <span class='ocrx_word' id='word_1_166' title='bbox 1076 3974 1488 4035; x_wconf 87' lang='lat' dir='ltr'><strong><em>benedictionum</em></strong></span> <span class='ocrx_word' id='word_1_167' title='bbox 1517 3990 1565 4033; x_wconf 87' lang='lat' dir='ltr'><strong><em>et</em></strong></span> <span class='ocrx_word' id='word_1_168' title='bbox 1590 3980 2011 4041; x_wconf 86' lang='lat' dir='ltr'><strong><em>maledictionum</em></strong></span> 
     </span>
    </p>
   </div>
   <div class='ocr_carea' id='block_1_42' title="bbox 493 4067 1021 4141">
    <p class='ocr_par' dir='ltr' id='par_1_42' title="bbox 493 4067 1021 4141">
     <span class='ocr_line' id='line_1_42' title="bbox 493 4067 1021 4141; baseline 0.009 -19"><span class='ocrx_word' id='word_1_169' title='bbox 493 4067 633 4123; x_wconf 91' lang='lat' dir='ltr'><strong><em>omni</em></strong></span> <span class='ocrx_word' id='word_1_170' title='bbox 661 4068 855 4139; x_wconf 86' lang='lat' dir='ltr'><strong><em>papula</em></strong></span> <span class='ocrx_word' id='word_1_171' title='bbox 876 4067 1021 4141; x_wconf 80' lang='lat' dir='ltr'><strong><em>legit.</em></strong></span> 
     </span>
    </p>
   </div>
   <div class='ocr_carea' id='block_1_43' title="bbox 417 4158 1719 4233">
    <p class='ocr_par' dir='ltr' id='par_1_43' title="bbox 417 4158 1719 4233">
     <span class='ocr_line' id='line_1_43' title="bbox 417 4158 1719 4233; baseline 0.003 -17"><span class='ocrx_word' id='word_1_172' title='bbox 417 4158 640 4217; x_wconf 82' lang='lat' dir='ltr'><strong>XXXV.</strong></span> <span class='ocrx_word' id='word_1_173' title='bbox 680 4158 983 4217; x_wconf 78' lang='lat' dir='ltr'><strong><em>Gabaonitte</em></strong></span> <span class='ocrx_word' id='word_1_174' title='bbox 1007 4161 1278 4219; x_wconf 77' lang='lat' dir='ltr'><strong><em>audientes</em></strong></span> <span class='ocrx_word' id='word_1_175' title='bbox 1306 4163 1506 4233; x_wconf 76' lang='lat' dir='ltr'><strong><em>[autem</em></strong></span> <span class='ocrx_word' id='word_1_176' title='bbox 1533 4160 1719 4221; x_wconf 82' lang='lat' dir='ltr'><strong><em>Iosue.</em></strong></span> 
     </span>
    </p>
   </div>
   <div class='ocr_carea' id='block_1_44' title="bbox 419 4250 2013 4325">
    <p class='ocr_par' dir='ltr' id='par_1_44' title="bbox 419 4250 2013 4325">
     <span class='ocr_line' id='line_1_44' title="bbox 419 4250 2013 4325; baseline 0.003 -17"><span class='ocrx_word' id='word_1_177' title='bbox 419 4250 663 4315; x_wconf 80' lang='lat' dir='ltr'><strong>XXXVI.</strong></span> <span class='ocrx_word' id='word_1_178' title='bbox 708 4250 810 4311; x_wconf 83' lang='lat' dir='ltr'><strong><em>Ubi</em></strong></span> <span class='ocrx_word' id='word_1_179' title='bbox 841 4263 1150 4325; x_wconf 87' lang='lat' dir='ltr'><strong><em>occeperunt</em></strong></span> <span class='ocrx_word' id='word_1_180' title='bbox 1192 4251 1496 4311; x_wconf 78' lang='lat' dir='ltr'><strong><em>Gabaonin</em></strong></span> <span class='ocrx_word' id='word_1_181' title='bbox 1539 4271 1735 4325; x_wconf 85' lang='lat' dir='ltr'><strong><em>pacem,</em></strong></span> <span class='ocrx_word' id='word_1_182' title='bbox 1774 4264 1821 4311; x_wconf 91' lang='lat' dir='ltr'><strong><em>et</em></strong></span> <span class='ocrx_word' id='word_1_183' title='bbox 1845 4255 2013 4321; x_wconf 80' lang='lat' dir='ltr'><strong><em>Deum</em></strong></span> 
     </span>
    </p>
   </div>
   <div class='ocr_carea' id='block_1_45' title="bbox 492 4344 997 4401">
    <p class='ocr_par' dir='ltr' id='par_1_45' title="bbox 492 4344 997 4401">
     <span class='ocr_line' id='line_1_45' title="bbox 492 4344 997 4401; baseline 0 0"><span class='ocrx_word' id='word_1_184' title='bbox 492 4360 597 4401; x_wconf 89' lang='lat' dir='ltr'><strong><em>non</em></strong></span> <span class='ocrx_word' id='word_1_185' title='bbox 614 4344 997 4401; x_wconf 86' lang='lat' dir='ltr'><strong><em>invocaverunt.</em></strong></span> 
     </span>
    </p>
   </div>
   <div class='ocr_carea' id='block_1_46' title="bbox 420 4434 1598 4510">
    <p class='ocr_par' dir='ltr' id='par_1_46' title="bbox 420 4434 1598 4510">
     <span class='ocr_line' id='line_1_46' title="bbox 420 4434 1598 4510; baseline -0.003 -15"><span class='ocrx_word' id='word_1_186' title='bbox 420 4435 688 4498; x_wconf 82' lang='lat' dir='ltr'><strong>XXXVII.</strong></span> <span class='ocrx_word' id='word_1_187' title='bbox 717 4434 1020 4497; x_wconf 77' lang='lat' dir='ltr'><strong><em>Gabaonitte</em></strong></span> <span class='ocrx_word' id='word_1_188' title='bbox 1047 4438 1178 4510; x_wconf 85' lang='lat' dir='ltr'><strong><em>ligni</em></strong></span> <span class='ocrx_word' id='word_1_189' title='bbox 1202 4454 1421 4499; x_wconf 66' lang='lat' dir='ltr'><strong><em>cursores</em></strong></span> <span class='ocrx_word' id='word_1_190' title='bbox 1449 4439 1598 4510; x_wconf 75' lang='lat' dir='ltr'><strong><em>facti.</em></strong></span> 
     </span>
    </p>
   </div>
   <div class='ocr_carea' id='block_1_47' title="bbox 422 4527 2013 4597">
    <p class='ocr_par' dir='ltr' id='par_1_47' title="bbox 422 4527 2013 4597">
     <span class='ocr_line' id='line_1_47' title="bbox 422 4527 2013 4597; baseline 0.004 -14"><span class='ocrx_word' id='word_1_191' title='bbox 422 4527 712 4584; x_wconf 83' lang='lat' dir='ltr'><strong>XXXVIII.</strong></span> <span class='ocrx_word' id='word_1_192' title='bbox 746 4528 862 4584; x_wconf 80' lang='lat' dir='ltr'><strong><em>Rea:</em></strong></span> <span class='ocrx_word' id='word_1_193' title='bbox 904 4527 1196 4584; x_wconf 82' lang='lat' dir='ltr'><strong><em>Ierusalem</em></strong></span> <span class='ocrx_word' id='word_1_194' title='bbox 1243 4530 1489 4587; x_wconf 87' lang='lat' dir='ltr'><strong><em>adversus</em></strong></span> <span class='ocrx_word' id='word_1_195' title='bbox 1527 4529 1844 4595; x_wconf 82' lang='lat' dir='ltr'><strong><em>Gabaonitas</em></strong></span> <span class='ocrx_word' id='word_1_196' title='bbox 1891 4550 2013 4597; x_wconf 87' lang='lat' dir='ltr'><strong><em>cum</em></strong></span> 
     </span>
    </p>
   </div>
   <div class='ocr_carea' id='block_1_48' title="bbox 493 4621 1090 4694">
    <p class='ocr_par' dir='ltr' id='par_1_48' title="bbox 493 4621 1090 4694">
     <span class='ocr_line' id='line_1_48' title="bbox 493 4621 1090 4694; baseline 0 -18"><span class='ocrx_word' id='word_1_197' title='bbox 493 4622 612 4677; x_wconf 89' lang='lat' dir='ltr'><strong><em>aliis</em></strong></span> <span class='ocrx_word' id='word_1_198' title='bbox 640 4621 849 4694; x_wconf 86' lang='lat' dir='ltr'><strong><em>regibus</em></strong></span> <span class='ocrx_word' id='word_1_199' title='bbox 875 4631 1090 4693; x_wconf 81' lang='lat' dir='ltr'><strong><em>pugnat.</em></strong></span> 
     </span>
    </p>
   </div>
   <div class='ocr_carea' id='block_1_49' title="bbox 419 4714 1741 4789">
    <p class='ocr_par' dir='ltr' id='par_1_49' title="bbox 419 4714 1741 4789">
     <span class='ocr_line' id='line_1_49' title="bbox 419 4714 1741 4789; baseline -0.001 -16"><span class='ocrx_word' id='word_1_200' title='bbox 419 4716 669 4773; x_wconf 86' lang='lat' dir='ltr'><strong>XXXIX.</strong></span> <span class='ocrx_word' id='word_1_201' title='bbox 711 4715 1016 4772; x_wconf 71' lang='lat' dir='ltr'><strong><em>Gabaonitaz</em></strong></span> <span class='ocrx_word' id='word_1_202' title='bbox 1045 4715 1300 4775; x_wconf 68' lang='lat' dir='ltr'><strong><em>auxilium</em></strong></span> <span class='ocrx_word' id='word_1_203' title='bbox 1324 4724 1500 4789; x_wconf 83' lang='lat' dir='ltr'><strong><em>petunt</em></strong></span> <span class='ocrx_word' id='word_1_204' title='bbox 1530 4732 1562 4777; x_wconf 72' lang='grc' dir='ltr'><strong><em>ο</em></strong></span> <span class='ocrx_word' id='word_1_205' title='bbox 1590 4714 1741 4773; x_wconf 85' lang='lat' dir='ltr'><strong><em>Iesu.</em></strong></span> 
     </span>
    </p>
   </div>
   <div class='ocr_carea' id='block_1_50' title="bbox 415 4806 1738 4881">
    <p class='ocr_par' dir='ltr' id='par_1_50' title="bbox 415 4806 1738 4881">
     <span class='ocr_line' id='line_1_50' title="bbox 415 4806 1738 4881; baseline -0.003 -12"><span class='ocrx_word' id='word_1_206' title='bbox 415 4809 532 4871; x_wconf 82' lang='lat' dir='ltr'><strong><em>XL.</em></strong></span> <span class='ocrx_word' id='word_1_207' title='bbox 572 4808 864 4881; x_wconf 86' lang='lat' dir='ltr'><strong><em>Lapidibus</em></strong></span> <span class='ocrx_word' id='word_1_208' title='bbox 894 4806 1011 4867; x_wconf 70' lang='grc' dir='ltr'><strong><em>οωιὶ</em></strong></span> <span class='ocrx_word' id='word_1_209' title='bbox 1038 4824 1178 4879; x_wconf 84' lang='lat' dir='ltr'><strong><em>reges</em></strong></span> <span class='ocrx_word' id='word_1_210' title='bbox 1205 4809 1437 4880; x_wconf 84' lang='lat' dir='ltr'><strong><em>gentium</em></strong></span> <span class='ocrx_word' id='word_1_211' title='bbox 1457 4809 1738 4881; x_wconf 83' lang='lat' dir='ltr'><strong><em>interfecti.</em></strong></span> 
     </span>
    </p>
   </div>
   <div class='ocr_carea' id='block_1_51' title="bbox 418 4897 1877 4967">
    <p class='ocr_par' dir='ltr' id='par_1_51' title="bbox 418 4897 1877 4967">
     <span class='ocr_line' id='line_1_51' title="bbox 418 4897 1877 4967; baseline 0.001 -10"><span class='ocrx_word' id='word_1_212' title='bbox 418 4901 557 4957; x_wconf 86' lang='lat' dir='ltr'><strong>XLI.</strong></span> <span class='ocrx_word' id='word_1_213' title='bbox 600 4900 695 4957; x_wconf 92' lang='lat' dir='ltr'><strong><em>Sol</em></strong></span> <span class='ocrx_word' id='word_1_214' title='bbox 719 4910 819 4955; x_wconf 86' lang='lat' dir='ltr'><strong><em>stat</em></strong></span> <span class='ocrx_word' id='word_1_215' title='bbox 844 4903 901 4956; x_wconf 89' lang='lat' dir='ltr'><strong><em>in</em></strong></span> <span class='ocrx_word' id='word_1_216' title='bbox 926 4897 1169 4967; x_wconf 87' lang='lat' dir='ltr'><strong><em>Gabaon,</em></strong></span> <span class='ocrx_word' id='word_1_217' title='bbox 1194 4908 1242 4954; x_wconf 92' lang='lat' dir='ltr'><strong><em>et</em></strong></span> <span class='ocrx_word' id='word_1_218' title='bbox 1268 4899 1395 4955; x_wconf 91' lang='lat' dir='ltr'><strong><em>luna</em></strong></span> <span class='ocrx_word' id='word_1_219' title='bbox 1424 4900 1481 4955; x_wconf 90' lang='lat' dir='ltr'><strong><em>in</em></strong></span> <span class='ocrx_word' id='word_1_220' title='bbox 1508 4901 1642 4955; x_wconf 89' lang='lat' dir='ltr'><strong><em>valle</em></strong></span> <span class='ocrx_word' id='word_1_221' title='bbox 1665 4902 1877 4961; x_wconf 84' lang='lat' dir='ltr'><strong><em>Aialon.</em></strong></span> 
     </span>
    </p>
   </div>
   <div class='ocr_carea' id='block_1_52' title="bbox 419 4991 1159 5065">
    <p class='ocr_par' dir='ltr' id='par_1_52' title="bbox 419 4991 1159 5065">
     <span class='ocr_line' id='line_1_52' title="bbox 419 4991 1159 5065; baseline -0.004 -13"><span class='ocrx_word' id='word_1_222' title='bbox 419 4992 582 5051; x_wconf 86' lang='lat' dir='ltr'><strong>XLII.</strong></span> <span class='ocrx_word' id='word_1_223' title='bbox 616 4991 782 5065; x_wconf 85' lang='lat' dir='ltr'><strong><em>Reges</em></strong></span> <span class='ocrx_word' id='word_1_224' title='bbox 808 4994 864 5048; x_wconf 89' lang='lat' dir='ltr'><strong><em>in</em></strong></span> <span class='ocrx_word' id='word_1_225' title='bbox 891 4992 1159 5065; x_wconf 75' lang='lat' dir='ltr'><strong><em>spelunca.</em></strong></span> 
     </span>
    </p>
   </div>
   <div class='ocr_carea' id='block_1_53' title="bbox 418 5085 1909 5161">
    <p class='ocr_par' dir='ltr' id='par_1_53' title="bbox 418 5085 1909 5161">
     <span class='ocr_line' id='line_1_53' title="bbox 418 5085 1909 5161; baseline 0.001 -17"><span class='ocrx_word' id='word_1_226' title='bbox 418 5085 602 5144; x_wconf 84' lang='lat' dir='ltr'><strong>XLIII.</strong></span> <span class='ocrx_word' id='word_1_227' title='bbox 630 5085 795 5158; x_wconf 86' lang='lat' dir='ltr'><strong><em>Reges</em></strong></span> <span class='ocrx_word' id='word_1_228' title='bbox 825 5088 890 5141; x_wconf 91' lang='lat' dir='ltr'><strong><em>de</em></strong></span> <span class='ocrx_word' id='word_1_229' title='bbox 908 5087 1158 5153; x_wconf 88' lang='lat' dir='ltr'><strong><em>spelunca</em></strong></span> <span class='ocrx_word' id='word_1_230' title='bbox 1184 5085 1427 5157; x_wconf 83' lang='lat' dir='ltr'><strong><em>producti</em></strong></span> <span class='ocrx_word' id='word_1_231' title='bbox 1454 5095 1605 5161; x_wconf 78' lang='lat' dir='ltr'><strong><em>atque</em></strong></span> <span class='ocrx_word' id='word_1_232' title='bbox 1630 5087 1909 5159; x_wconf 78' lang='lat' dir='ltr'><strong><em>interfecti.</em></strong></span> 
     </span>
    </p>
   </div>
   <div class='ocr_carea' id='block_1_54' title="bbox 420 5176 1452 5253">
    <p class='ocr_par' dir='ltr' id='par_1_54' title="bbox 420 5176 1452 5253">
     <span class='ocr_line' id='line_1_54' title="bbox 420 5176 1452 5253; baseline -0.009 -12"><span class='ocrx_word' id='word_1_233' title='bbox 420 5178 606 5241; x_wconf 74' lang='grc' dir='ltr'><strong><em>ων.</em></strong></span> <span class='ocrx_word' id='word_1_234' title='bbox 647 5176 811 5237; x_wconf 80' lang='lat' dir='ltr'><strong><em>Sedes</em></strong></span> <span class='ocrx_word' id='word_1_235' title='bbox 831 5195 989 5251; x_wconf 86' lang='lat' dir='ltr'><strong><em>super</em></strong></span> <span class='ocrx_word' id='word_1_236' title='bbox 1009 5178 1225 5237; x_wconf 85' lang='lat' dir='ltr'><strong><em>cervices</em></strong></span> <span class='ocrx_word' id='word_1_237' title='bbox 1250 5193 1452 5253; x_wconf 86' lang='lat' dir='ltr'><strong><em>regum.</em></strong></span> 
     </span>
    </p>
   </div>
   <div class='ocr_carea' id='block_1_55' title="bbox 418 5268 2010 5347">
    <p class='ocr_par' dir='ltr' id='par_1_55' title="bbox 418 5268 2010 5347">
     <span class='ocr_line' id='line_1_55' title="bbox 418 5268 2010 5347; baseline 0 -19"><span class='ocrx_word' id='word_1_238' title='bbox 418 5270 581 5333; x_wconf 79' lang='lat' dir='ltr'><strong>XLV.</strong></span> <span class='ocrx_word' id='word_1_239' title='bbox 623 5269 875 5347; x_wconf 72' lang='lat' dir='ltr'><strong><em>Regiones</em></strong></span> <span class='ocrx_word' id='word_1_240' title='bbox 910 5286 1041 5345; x_wconf 73' lang='lat' dir='ltr'><strong><em>quas</em></strong></span> <span class='ocrx_word' id='word_1_241' title='bbox 1068 5271 1263 5345; x_wconf 86' lang='lat' dir='ltr'><strong><em>accepit</em></strong></span> <span class='ocrx_word' id='word_1_242' title='bbox 1290 5268 1449 5331; x_wconf 86' lang='lat' dir='ltr'><strong><em>Iesus</em></strong></span> <span class='ocrx_word' id='word_1_243' title='bbox 1483 5287 1605 5331; x_wconf 84' lang='lat' dir='ltr'><strong><em>cum</em></strong></span> <span class='ocrx_word' id='word_1_244' title='bbox 1644 5271 1754 5335; x_wconf 83' lang='lat' dir='ltr'><strong><em>suis</em></strong></span> <span class='ocrx_word' id='word_1_245' title='bbox 1787 5272 2010 5345; x_wconf 82' lang='lat' dir='ltr'><strong><em>regibus,</em></strong></span> 
     </span>
    </p>
   </div>
   <div class='ocr_carea' id='block_1_56' title="bbox 493 5364 1542 5439">
    <p class='ocr_par' dir='ltr' id='par_1_56' title="bbox 493 5364 1542 5439">
     <span class='ocr_line' id='line_1_56' title="bbox 493 5364 1542 5439; baseline 0 -16"><span class='ocrx_word' id='word_1_246' title='bbox 493 5365 770 5423; x_wconf 73' lang='lat' dir='ltr'><strong><em>Macedam</em></strong></span> <span class='ocrx_word' id='word_1_247' title='bbox 792 5374 837 5420; x_wconf 89' lang='lat' dir='ltr'><strong><em>et</em></strong></span> <span class='ocrx_word' id='word_1_248' title='bbox 864 5381 1040 5421; x_wconf 87' lang='lat' dir='ltr'><strong><em>omnes</em></strong></span> <span class='ocrx_word' id='word_1_249' title='bbox 1061 5364 1379 5429; x_wconf 77' lang='lat' dir='ltr'><strong><em>habitatores</em></strong></span> <span class='ocrx_word' id='word_1_250' title='bbox 1406 5368 1542 5439; x_wconf 84' lang='lat' dir='ltr'><strong><em>ejus.</em></strong></span> 
     </span>
    </p>
   </div>
   <div class='ocr_carea' id='block_1_57' title="bbox 417 5457 1363 5531">
    <p class='ocr_par' dir='ltr' id='par_1_57' title="bbox 417 5457 1363 5531">
     <span class='ocr_line' id='line_1_57' title="bbox 417 5457 1363 5531; baseline -0.012 -7"><span class='ocrx_word' id='word_1_251' title='bbox 417 5461 608 5531; x_wconf 79' lang='lat' dir='ltr'><strong>XLVI.</strong></span> <span class='ocrx_word' id='word_1_252' title='bbox 651 5460 730 5521; x_wconf 82' lang='lat' dir='ltr'><strong><em>De</em></strong></span> <span class='ocrx_word' id='word_1_253' title='bbox 754 5459 931 5521; x_wconf 82' lang='lat' dir='ltr'><strong><em>Lebna</em></strong></span> <span class='ocrx_word' id='word_1_254' title='bbox 954 5459 1010 5517; x_wconf 78' lang='lat' dir='ltr'><strong><em>in</em></strong></span> <span class='ocrx_word' id='word_1_255' title='bbox 1031 5457 1245 5521; x_wconf 66' lang='lat' dir='ltr'><strong><em>laeuis.</em></strong></span> <span class='ocrx_word' id='word_1_256' title='bbox 1358 5508 1363 5513; x_wconf 91' lang='lat'><strong><em>.</em></strong></span> 
     </span>
    </p>
   </div>
   <div class='ocr_carea' id='block_1_58' title="bbox 414 5548 1415 5617">
    <p class='ocr_par' dir='ltr' id='par_1_58' title="bbox 414 5548 1415 5617">
     <span class='ocr_line' id='line_1_58' title="bbox 414 5548 1415 5617; baseline -0.008 -2"><span class='ocrx_word' id='word_1_257' title='bbox 414 5551 620 5617; x_wconf 74' lang='lat' dir='ltr'><strong>XLVII.</strong></span> <span class='ocrx_word' id='word_1_258' title='bbox 668 5549 715 5611; x_wconf 85' lang='lat' dir='ltr'><strong><em>ll</em></strong></span> <span class='ocrx_word' id='word_1_259' title='bbox 724 5553 859 5611; x_wconf 86' lang='lat' dir='ltr'><strong><em>iram</em></strong></span> <span class='ocrx_word' id='word_1_260' title='bbox 886 5548 1173 5613; x_wconf 65' lang='lat' dir='ltr'><strong><em>auxiliator</em></strong></span> <span class='ocrx_word' id='word_1_261' title='bbox 1201 5548 1415 5611; x_wconf 83' lang='lat' dir='ltr'><strong><em>Lachis.</em></strong></span> 
     </span>
    </p>
   </div>
   <div class='ocr_carea' id='block_1_59' title="bbox 414 5643 1236 5718">
    <p class='ocr_par' dir='ltr' id='par_1_59' title="bbox 414 5643 1236 5718">
     <span class='ocr_line' id='line_1_59' title="bbox 414 5643 1236 5718; baseline -0.007 -14"><span class='ocrx_word' id='word_1_262' title='bbox 414 5646 648 5704; x_wconf 86' lang='lat' dir='ltr'><strong>XLVIII.</strong></span> <span class='ocrx_word' id='word_1_263' title='bbox 691 5643 867 5718; x_wconf 85' lang='lat' dir='ltr'><strong><em>Eglon</em></strong></span> <span class='ocrx_word' id='word_1_264' title='bbox 889 5654 1236 5716; x_wconf 69' lang='lat' dir='ltr'><strong><em>expugnatur.</em></strong></span> 
     </span>
    </p>
   </div>
   <div class='ocr_carea' id='block_1_60' title="bbox 418 5737 1057 5810">
    <p class='ocr_par' dir='ltr' id='par_1_60' title="bbox 418 5737 1057 5810">
     <span class='ocr_line' id='line_1_60' title="bbox 418 5737 1057 5810; baseline -0.008 -14"><span class='ocrx_word' id='word_1_265' title='bbox 418 5738 608 5796; x_wconf 86' lang='lat' dir='ltr'><strong>XLIX.</strong></span> <span class='ocrx_word' id='word_1_266' title='bbox 640 5737 856 5794; x_wconf 82' lang='lat' dir='ltr'><strong><em>Hebron</em></strong></span> <span class='ocrx_word' id='word_1_267' title='bbox 884 5744 1057 5810; x_wconf 89' lang='lat' dir='ltr'><strong><em>capta.</em></strong></span> 
     </span>
    </p>
   </div>
   <div class='ocr_carea' id='block_1_61' title="bbox 422 5833 1381 5907">
    <p class='ocr_par' dir='ltr' id='par_1_61' title="bbox 422 5833 1381 5907">
     <span class='ocr_line' id='line_1_61' title="bbox 422 5833 1381 5907; baseline -0.004 -16"><span class='ocrx_word' id='word_1_268' title='bbox 422 5834 486 5891; x_wconf 88' lang='lat' dir='ltr'><strong><em>L.</em></strong></span> <span class='ocrx_word' id='word_1_269' title='bbox 530 5834 778 5892; x_wconf 83' lang='lat' dir='ltr'><strong><em>Dabiram</em></strong></span> <span class='ocrx_word' id='word_1_270' title='bbox 808 5833 942 5906; x_wconf 84' lang='lat' dir='ltr'><strong><em>cepit</em></strong></span> <span class='ocrx_word' id='word_1_271' title='bbox 972 5842 1124 5907; x_wconf 78' lang='lat' dir='ltr'><strong><em>atque</em></strong></span> <span class='ocrx_word' id='word_1_272' title='bbox 1144 5833 1381 5889; x_wconf 76' lang='lat' dir='ltr'><strong><em>vastavit.</em></strong></span> 
     </span>
    </p>
   </div>
   <div class='ocr_carea' id='block_1_62' title="bbox 2013 628 3070 699">
    <p class='ocr_par' dir='ltr' id='par_1_62' title="bbox 2013 628 3070 699">
     <span class='ocr_line' id='line_1_62' title="bbox 2013 628 3070 699; baseline 0.002 -15"><span class='ocrx_word' id='word_1_273' title='bbox 2013 629 2066 691; x_wconf 79' lang='grc' dir='ltr'>Α</span> <span class='ocrx_word' id='word_1_274' title='bbox 2092 628 2178 684; x_wconf 88' lang='lat' dir='ltr'><strong>LI.</strong></span> <span class='ocrx_word' id='word_1_275' title='bbox 2207 628 2421 683; x_wconf 78' lang='lat' dir='ltr'><strong><em>Terram</em></strong></span> <span class='ocrx_word' id='word_1_276' title='bbox 2443 638 2769 685; x_wconf 87' lang='lat' dir='ltr'><strong><em>montuosam</em></strong></span> <span class='ocrx_word' id='word_1_277' title='bbox 2793 632 3070 699; x_wconf 87' lang='lat' dir='ltr'><strong><em>percussit.</em></strong></span> 
     </span>
    </p>
   </div>
   <div class='ocr_carea' id='block_1_63' title="bbox 2090 704 3560 796">
    <p class='ocr_par' dir='ltr' id='par_1_63' title="bbox 2090 704 3560 796">
     <span class='ocr_line' id='line_1_63' title="bbox 2090 704 3560 796; baseline 0.001 -19"><span class='ocrx_word' id='word_1_278' title='bbox 2090 722 2198 778; x_wconf 88' lang='lat' dir='ltr'><strong>LII.</strong></span> <span class='ocrx_word' id='word_1_279' title='bbox 2223 719 2381 776; x_wconf 88' lang='lat' dir='ltr'><strong><em>Iabin</em></strong></span> <span class='ocrx_word' id='word_1_280' title='bbox 2404 730 2681 794; x_wconf 90' lang='lat' dir='ltr'><strong><em>congregat</em></strong></span> <span class='ocrx_word' id='word_1_281' title='bbox 2713 738 2888 777; x_wconf 89' lang='lat' dir='ltr'><strong><em>omnes</em></strong></span> <span class='ocrx_word' id='word_1_282' title='bbox 2910 738 3055 796; x_wconf 81' lang='lat' dir='ltr'><strong><em>reges</em></strong></span> <span class='ocrx_word' id='word_1_283' title='bbox 3081 704 3329 779; x_wconf 75' lang='lat' dir='ltr'><strong><em>adversus</em></strong></span> <span class='ocrx_word' id='word_1_284' title='bbox 3355 722 3560 778; x_wconf 84' lang='lat' dir='ltr'><strong><em>Iesum.</em></strong></span> 
     </span>
    </p>
   </div>
   <div class='ocr_carea' id='block_1_64' title="bbox 2090 813 2987 886">
    <p class='ocr_par' dir='ltr' id='par_1_64' title="bbox 2090 813 2987 886">
     <span class='ocr_line' id='line_1_64' title="bbox 2090 813 2987 886; baseline 0 -17"><span class='ocrx_word' id='word_1_285' title='bbox 2090 814 2222 870; x_wconf 89' lang='lat' dir='ltr'><strong>LIII.</strong></span> <span class='ocrx_word' id='word_1_286' title='bbox 2254 814 2385 882; x_wconf 83' lang='lat' dir='ltr'><strong><em>Equi</em></strong></span> <span class='ocrx_word' id='word_1_287' title='bbox 2413 814 2643 886; x_wconf 86' lang='lat' dir='ltr'><strong><em>gentium</em></strong></span> <span class='ocrx_word' id='word_1_288' title='bbox 2672 813 2987 870; x_wconf 87' lang='lat' dir='ltr'><strong><em>subnervati.</em></strong></span> 
     </span>
    </p>
   </div>
   <div class='ocr_carea' id='block_1_65' title="bbox 2093 904 3228 964">
    <p class='ocr_par' dir='ltr' id='par_1_65' title="bbox 2093 904 3228 964">
     <span class='ocr_line' id='line_1_65' title="bbox 2093 904 3228 964; baseline 0.001 -2"><span class='ocrx_word' id='word_1_289' title='bbox 2093 906 2225 963; x_wconf 90' lang='lat' dir='ltr'><strong>LIV.</strong></span> <span class='ocrx_word' id='word_1_290' title='bbox 2269 904 2511 961; x_wconf 82' lang='lat' dir='ltr'><strong><em>Civitates</em></strong></span> <span class='ocrx_word' id='word_1_291' title='bbox 2535 916 2769 962; x_wconf 88' lang='lat' dir='ltr'><strong><em>muratas</em></strong></span> <span class='ocrx_word' id='word_1_292' title='bbox 2799 924 2902 963; x_wconf 87' lang='lat' dir='ltr'><strong><em>non</em></strong></span> <span class='ocrx_word' id='word_1_293' title='bbox 2932 908 3228 964; x_wconf 85' lang='lat' dir='ltr'><strong><em>succendit.</em></strong></span> 
     </span>
    </p>
   </div>
   <div class='ocr_carea' id='block_1_66' title="bbox 2093 996 3694 1074">
    <p class='ocr_par' dir='ltr' id='par_1_66' title="bbox 2093 996 3694 1074">
     <span class='ocr_line' id='line_1_66' title="bbox 2093 996 3694 1074; baseline 0.002 -19"><span class='ocrx_word' id='word_1_294' title='bbox 2093 998 2204 1055; x_wconf 88' lang='lat' dir='ltr'><strong><em>LV.</em></strong></span> <span class='ocrx_word' id='word_1_295' title='bbox 2246 996 2505 1054; x_wconf 89' lang='lat' dir='ltr'><strong><em>Dominus</em></strong></span> <span class='ocrx_word' id='word_1_296' title='bbox 2529 999 2673 1055; x_wconf 88' lang='lat' dir='ltr'><strong><em>dedit</em></strong></span> <span class='ocrx_word' id='word_1_297' title='bbox 2704 1001 2758 1055; x_wconf 89' lang='lat' dir='ltr'><strong><em>in</em></strong></span> <span class='ocrx_word' id='word_1_298' title='bbox 2784 1000 2868 1056; x_wconf 88' lang='lat' dir='ltr'><strong><em>his</em></strong></span> <span class='ocrx_word' id='word_1_299' title='bbox 2893 1002 3176 1074; x_wconf 85' lang='lat' dir='ltr'><strong><em>agendum,</em></strong></span> <span class='ocrx_word' id='word_1_300' title='bbox 3206 1010 3264 1057; x_wconf 91' lang='lat' dir='ltr'><strong><em>ut</em></strong></span> <span class='ocrx_word' id='word_1_301' title='bbox 3290 998 3567 1071; x_wconf 87' lang='lat' dir='ltr'><strong><em>bellarent,</em></strong></span> <span class='ocrx_word' id='word_1_302' title='bbox 3599 1018 3694 1058; x_wconf 86' lang='lat' dir='ltr'><strong><em>nec</em></strong></span> 
     </span>
    </p>
   </div>
   <div class='ocr_carea' id='block_1_67' title="bbox 2104 1082 2867 1150">
    <p class='ocr_par' dir='ltr' id='par_1_67' title="bbox 2104 1082 2867 1150">
     <span class='ocr_line' id='line_1_67' title="bbox 2104 1082 2867 1150; baseline 0.001 -4"><span class='ocrx_word' id='word_1_303' title='bbox 2104 1082 2107 1084; x_wconf 64' lang='grc'><em>’</em></span> <span class='ocrx_word' id='word_1_304' title='bbox 2163 1091 2867 1150; x_wconf 82' lang='lat' dir='ltr'><strong><em>haberentmisericordiam.</em></strong></span> 
     </span>
    </p>
   </div>
   <div class='ocr_carea' id='block_1_68' title="bbox 2094 1184 2867 1242">
    <p class='ocr_par' dir='ltr' id='par_1_68' title="bbox 2094 1184 2867 1242">
     <span class='ocr_line' id='line_1_68' title="bbox 2094 1184 2867 1242; baseline 0.001 -2"><span class='ocrx_word' id='word_1_305' title='bbox 2094 1184 2230 1240; x_wconf 90' lang='lat' dir='ltr'><strong>LVI.</strong></span> <span class='ocrx_word' id='word_1_306' title='bbox 2272 1184 2492 1239; x_wconf 87' lang='lat' dir='ltr'><strong><em>Enacim</em></strong></span> <span class='ocrx_word' id='word_1_307' title='bbox 2513 1185 2867 1242; x_wconf 74' lang='lat' dir='ltr'><strong><em>externtinati.</em></strong></span> 
     </span>
    </p>
   </div>
   <div class='ocr_carea' id='block_1_69' title="bbox 2097 1276 3433 1352">
    <p class='ocr_par' dir='ltr' id='par_1_69' title="bbox 2097 1276 3433 1352">
     <span class='ocr_line' id='line_1_69' title="bbox 2097 1276 3433 1352; baseline 0.001 -19"><span class='ocrx_word' id='word_1_308' title='bbox 2097 1276 2251 1333; x_wconf 91' lang='lat' dir='ltr'><strong>LVII.</strong></span> <span class='ocrx_word' id='word_1_309' title='bbox 2297 1276 2526 1331; x_wconf 87' lang='lat' dir='ltr'><strong><em>Nomina</em></strong></span> <span class='ocrx_word' id='word_1_310' title='bbox 2552 1294 2731 1349; x_wconf 86' lang='lat' dir='ltr'><strong><em>regum</em></strong></span> <span class='ocrx_word' id='word_1_311' title='bbox 2754 1278 3145 1348; x_wconf 78' lang='lat' dir='ltr'><strong><em>interfectorum</em></strong></span> <span class='ocrx_word' id='word_1_312' title='bbox 3170 1295 3204 1335; x_wconf 89' lang='lat' dir='ltr'><strong><em>a</em></strong></span> <span class='ocrx_word' id='word_1_313' title='bbox 3230 1278 3433 1352; x_wconf 69' lang='lat' dir='ltr'><strong><em>Moyse.</em></strong></span> 
     </span>
    </p>
   </div>
   <div class='ocr_carea' id='block_1_70' title="bbox 2098 1367 3126 1441">
    <p class='ocr_par' dir='ltr' id='par_1_70' title="bbox 2098 1367 3126 1441">
     <span class='ocr_line' id='line_1_70' title="bbox 2098 1367 3126 1441; baseline 0.001 -17"><span class='ocrx_word' id='word_1_314' title='bbox 2098 1368 2277 1424; x_wconf 84' lang='lat' dir='ltr'><strong>LVIII.</strong></span> <span class='ocrx_word' id='word_1_315' title='bbox 2321 1368 2489 1441; x_wconf 80' lang='lat' dir='ltr'><strong><em>Reges</em></strong></span> <span class='ocrx_word' id='word_1_316' title='bbox 2517 1386 2647 1441; x_wconf 81' lang='lat' dir='ltr'><strong><em>quos</em></strong></span> <span class='ocrx_word' id='word_1_317' title='bbox 2667 1367 2823 1425; x_wconf 90' lang='lat' dir='ltr'><strong><em>Iesus</em></strong></span> <span class='ocrx_word' id='word_1_318' title='bbox 2844 1371 3126 1441; x_wconf 80' lang='lat' dir='ltr'><strong><em>interfecit.</em></strong></span> 
     </span>
    </p>
   </div>
   <div class='ocr_carea' id='block_1_71' title="bbox 2102 1459 3548 1533">
    <p class='ocr_par' dir='ltr' id='par_1_71' title="bbox 2102 1459 3548 1533">
     <span class='ocr_line' id='line_1_71' title="bbox 2102 1459 3548 1533; baseline 0.004 -17"><span class='ocrx_word' id='word_1_319' title='bbox 2102 1460 2239 1516; x_wconf 90' lang='lat' dir='ltr'><strong>LIX.</strong></span> <span class='ocrx_word' id='word_1_320' title='bbox 2272 1459 2432 1515; x_wconf 84' lang='lat' dir='ltr'><strong><em>Terra</em></strong></span> <span class='ocrx_word' id='word_1_321' title='bbox 2462 1470 2776 1533; x_wconf 77' lang='lat' dir='ltr'><strong><em>expugnata,</em></strong></span> <span class='ocrx_word' id='word_1_322' title='bbox 2811 1470 2861 1516; x_wconf 90' lang='lat' dir='ltr'><strong><em>et</em></strong></span> <span class='ocrx_word' id='word_1_323' title='bbox 2889 1464 2944 1516; x_wconf 85' lang='lat' dir='ltr'><strong><em>in</em></strong></span> <span class='ocrx_word' id='word_1_324' title='bbox 2972 1463 3329 1521; x_wconf 63' lang='lat' dir='ltr'><strong><em>hereditatem</em></strong></span> <span class='ocrx_word' id='word_1_325' title='bbox 3359 1465 3548 1522; x_wconf 86' lang='lat' dir='ltr'><strong><em>divisa.</em></strong></span> 
     </span>
    </p>
   </div>
   <div class='ocr_carea' id='block_1_72' title="bbox 2101 1553 3698 1629">
    <p class='ocr_par' dir='ltr' id='par_1_72' title="bbox 2101 1553 3698 1629">
     <span class='ocr_line' id='line_1_72' title="bbox 2101 1553 3698 1629; baseline 0.006 -19"><span class='ocrx_word' id='word_1_326' title='bbox 2101 1554 2213 1611; x_wconf 85' lang='lat' dir='ltr'><strong><em>LX.</em></strong></span> <span class='ocrx_word' id='word_1_327' title='bbox 2250 1553 2449 1609; x_wconf 86' lang='lat' dir='ltr'><strong><em>Divisio</em></strong></span> <span class='ocrx_word' id='word_1_328' title='bbox 2488 1564 2641 1611; x_wconf 80' lang='lat' dir='ltr'><strong><em>terrce</em></strong></span> <span class='ocrx_word' id='word_1_329' title='bbox 2672 1572 2826 1625; x_wconf 87' lang='lat' dir='ltr'><strong><em>quam</em></strong></span> <span class='ocrx_word' id='word_1_330' title='bbox 2867 1556 3079 1629; x_wconf 80' lang='lat' dir='ltr'><strong><em>Moyses</em></strong></span> <span class='ocrx_word' id='word_1_331' title='bbox 3114 1557 3318 1615; x_wconf 86' lang='lat' dir='ltr'><strong><em>duabus</em></strong></span> <span class='ocrx_word' id='word_1_332' title='bbox 3359 1570 3409 1616; x_wconf 89' lang='lat' dir='ltr'><strong><em>et</em></strong></span> <span class='ocrx_word' id='word_1_333' title='bbox 3464 1562 3698 1619; x_wconf 68' lang='lat' dir='ltr'><strong><em>dimidii:</em></strong></span> 
     </span>
    </p>
   </div>
   <div class='ocr_carea' id='block_1_73' title="bbox 2174 1647 3296 1707">
    <p class='ocr_par' dir='ltr' id='par_1_73' title="bbox 2174 1647 3296 1707">
     <span class='ocr_line' id='line_1_73' title="bbox 2174 1647 3296 1707; baseline 0.004 -5"><span class='ocrx_word' id='word_1_334' title='bbox 2174 1648 2330 1703; x_wconf 88' lang='lat' dir='ltr'><strong><em>tribui</em></strong></span> <span class='ocrx_word' id='word_1_335' title='bbox 2354 1647 2597 1705; x_wconf 75' lang='lat' dir='ltr'><strong><em>Manasse</em></strong></span> <span class='ocrx_word' id='word_1_336' title='bbox 2628 1660 2771 1704; x_wconf 91' lang='lat' dir='ltr'><strong><em>trans</em></strong></span> <span class='ocrx_word' id='word_1_337' title='bbox 2788 1648 3074 1707; x_wconf 88' lang='lat' dir='ltr'><strong><em>Iordanem</em></strong></span> <span class='ocrx_word' id='word_1_338' title='bbox 3096 1652 3296 1707; x_wconf 87' lang='lat' dir='ltr'><strong><em>divisit.</em></strong></span> 
     </span>
    </p>
   </div>
   <div class='ocr_carea' id='block_1_74' title="bbox 2103 1737 2833 1798">
    <p class='ocr_par' dir='ltr' id='par_1_74' title="bbox 2103 1737 2833 1798">
     <span class='ocr_line' id='line_1_74' title="bbox 2103 1737 2833 1798; baseline 0 -3"><span class='ocrx_word' id='word_1_339' title='bbox 2103 1739 2240 1795; x_wconf 88' lang='lat' dir='ltr'><strong>LXI.</strong></span> <span class='ocrx_word' id='word_1_340' title='bbox 2283 1737 2413 1795; x_wconf 88' lang='lat' dir='ltr'><strong><em>Sors</em></strong></span> <span class='ocrx_word' id='word_1_341' title='bbox 2440 1740 2606 1794; x_wconf 90' lang='lat' dir='ltr'><strong><em>tribus</em></strong></span> <span class='ocrx_word' id='word_1_342' title='bbox 2631 1740 2833 1798; x_wconf 86' lang='lat' dir='ltr'><strong><em>Ruben.</em></strong></span> 
     </span>
    </p>
   </div>
   <div class='ocr_carea' id='block_1_75' title="bbox 2108 1830 2852 1902">
    <p class='ocr_par' dir='ltr' id='par_1_75' title="bbox 2108 1830 2852 1902">
     <span class='ocr_line' id='line_1_75' title="bbox 2108 1830 2852 1902; baseline 0 -15"><span class='ocrx_word' id='word_1_343' title='bbox 2108 1831 2270 1887; x_wconf 89' lang='lat' dir='ltr'><strong>LXII.</strong></span> <span class='ocrx_word' id='word_1_344' title='bbox 2303 1831 2431 1888; x_wconf 86' lang='lat' dir='ltr'><strong><em>Sors</em></strong></span> <span class='ocrx_word' id='word_1_345' title='bbox 2457 1832 2686 1902; x_wconf 82' lang='lat' dir='ltr'><strong><em>ﬁliorum</em></strong></span> <span class='ocrx_word' id='word_1_346' title='bbox 2713 1830 2852 1887; x_wconf 85' lang='lat' dir='ltr'><strong><em>Gad.</em></strong></span> 
     </span>
    </p>
   </div>
   <div class='ocr_carea' id='block_1_76' title="bbox 2030 1921 3179 1984">
    <p class='ocr_par' dir='ltr' id='par_1_76' title="bbox 2030 1921 3179 1984">
     <span class='ocr_line' id='line_1_76' title="bbox 2030 1921 3179 1984; baseline 0.005 -6"><span class='ocrx_word' id='word_1_347' title='bbox 2030 1921 2078 1983; x_wconf 89' lang='lat' dir='ltr'><strong>B</strong></span> <span class='ocrx_word' id='word_1_348' title='bbox 2105 1922 2290 1979; x_wconf 88' lang='lat' dir='ltr'><strong>LXIII.</strong></span> <span class='ocrx_word' id='word_1_349' title='bbox 2323 1921 2452 1978; x_wconf 91' lang='lat' dir='ltr'><strong><em>Sors</em></strong></span> <span class='ocrx_word' id='word_1_350' title='bbox 2474 1923 2704 1979; x_wconf 73' lang='lat' dir='ltr'><strong><em>dimidia:</em></strong></span> <span class='ocrx_word' id='word_1_351' title='bbox 2725 1925 2885 1980; x_wconf 84' lang='lat' dir='ltr'><strong><em>tribus</em></strong></span> <span class='ocrx_word' id='word_1_352' title='bbox 2915 1926 3179 1984; x_wconf 69' lang='lat' dir='ltr'><strong><em>Hanasse.</em></strong></span> 
     </span>
    </p>
   </div>
   <div class='ocr_carea' id='block_1_77' title="bbox 2102 2016 3698 2094">
    <p class='ocr_par' dir='ltr' id='par_1_77' title="bbox 2102 2016 3698 2094">
     <span class='ocr_line' id='line_1_77' title="bbox 2102 2016 3698 2094; baseline 0.008 -22"><span class='ocrx_word' id='word_1_353' title='bbox 2102 2016 2288 2073; x_wconf 89' lang='lat' dir='ltr'><strong>LXIV.</strong></span> <span class='ocrx_word' id='word_1_354' title='bbox 2321 2016 2427 2073; x_wconf 83' lang='lat' dir='ltr'><strong><em>Hic</em></strong></span> <span class='ocrx_word' id='word_1_355' title='bbox 2447 2016 2672 2073; x_wconf 72' lang='lat' dir='ltr'><strong><em>Eleazar</em></strong></span> <span class='ocrx_word' id='word_1_356' title='bbox 2693 2030 2739 2073; x_wconf 86' lang='lat' dir='ltr'><strong><em>et</em></strong></span> <span class='ocrx_word' id='word_1_357' title='bbox 2770 2020 3027 2094; x_wconf 86' lang='lat' dir='ltr'><strong><em>principes</em></strong></span> <span class='ocrx_word' id='word_1_358' title='bbox 3054 2032 3246 2078; x_wconf 81' lang='lat' dir='ltr'><strong><em>terram</em></strong></span> <span class='ocrx_word' id='word_1_359' title='bbox 3264 2041 3441 2081; x_wconf 82' lang='lat' dir='ltr'><strong><em>novem</em></strong></span> <span class='ocrx_word' id='word_1_360' title='bbox 3468 2026 3698 2085; x_wconf 77' lang='lat' dir='ltr'><strong><em>tribubus</em></strong></span> 
     </span>
    </p>
   </div>
   <div class='ocr_carea' id='block_1_78' title="bbox 2176 2120 2506 2175">
    <p class='ocr_par' dir='ltr' id='par_1_78' title="bbox 2176 2120 2506 2175">
     <span class='ocr_line' id='line_1_78' title="bbox 2176 2120 2506 2175; baseline 0 -11"><span class='ocrx_word' id='word_1_361' title='bbox 2176 2120 2506 2175; x_wconf 77' lang='lat' dir='ltr'><strong><em>partiuntur.</em></strong></span> 
     </span>
    </p>
   </div>
   <div class='ocr_carea' id='block_1_79' title="bbox 2104 2204 3611 2265">
    <p class='ocr_par' dir='ltr' id='par_1_79' title="bbox 2104 2204 3611 2265">
     <span class='ocr_line' id='line_1_79' title="bbox 2104 2204 3611 2265; baseline 0.002 -3"><span class='ocrx_word' id='word_1_362' title='bbox 2104 2205 2267 2262; x_wconf 85' lang='lat' dir='ltr'><strong>LXV.</strong></span> <span class='ocrx_word' id='word_1_363' title='bbox 2297 2205 2493 2265; x_wconf 84' lang='lat' dir='ltr'><strong><em>Chaleb</em></strong></span> <span class='ocrx_word' id='word_1_364' title='bbox 2524 2207 2593 2262; x_wconf 88' lang='lat' dir='ltr'><strong><em>ad</em></strong></span> <span class='ocrx_word' id='word_1_365' title='bbox 2620 2204 2825 2262; x_wconf 89' lang='lat' dir='ltr'><strong><em>Iesum.</em></strong></span> <span class='ocrx_word' id='word_1_366' title='bbox 3600 2254 3611 2265; x_wconf 89' lang='lat'><strong>.</strong></span> 
     </span>
    </p>
   </div>
   <div class='ocr_carea' id='block_1_80' title="bbox 2103 2300 3695 2377">
    <p class='ocr_par' dir='ltr' id='par_1_80' title="bbox 2103 2300 3695 2377">
     <span class='ocr_line' id='line_1_80' title="bbox 2103 2300 3695 2377; baseline 0.006 -22"><span class='ocrx_word' id='word_1_367' title='bbox 2103 2300 2237 2356; x_wconf 89' lang='lat' dir='ltr'><strong>LVI.</strong></span> <span class='ocrx_word' id='word_1_368' title='bbox 2268 2300 2472 2355; x_wconf 87' lang='lat' dir='ltr'><strong><em>Nomen</em></strong></span> <span class='ocrx_word' id='word_1_369' title='bbox 2500 2300 2714 2355; x_wconf 86' lang='lat' dir='ltr'><strong><em>Hebron</em></strong></span> <span class='ocrx_word' id='word_1_370' title='bbox 2736 2318 2852 2373; x_wconf 77' lang='lat' dir='ltr'><strong><em>quae</em></strong></span> <span class='ocrx_word' id='word_1_371' title='bbox 2872 2304 3019 2377; x_wconf 88' lang='lat' dir='ltr'><strong><em>prius</em></strong></span> <span class='ocrx_word' id='word_1_372' title='bbox 3034 2304 3311 2360; x_wconf 83' lang='lat' dir='ltr'><strong><em>vocabatur</em></strong></span> <span class='ocrx_word' id='word_1_373' title='bbox 3333 2303 3695 2364; x_wconf 86' lang='lat' dir='ltr'><strong><em>Cariatharbe.</em></strong></span> 
     </span>
    </p>
   </div>
   <div class='ocr_carea' id='block_1_81' title="bbox 2103 2394 2878 2452">
    <p class='ocr_par' dir='ltr' id='par_1_81' title="bbox 2103 2394 2878 2452">
     <span class='ocr_line' id='line_1_81' title="bbox 2103 2394 2878 2452; baseline -0.003 0"><span class='ocrx_word' id='word_1_374' title='bbox 2103 2395 2314 2452; x_wconf 84' lang='lat' dir='ltr'><strong>LXVII.</strong></span> <span class='ocrx_word' id='word_1_375' title='bbox 2348 2395 2479 2452; x_wconf 87' lang='lat' dir='ltr'><strong><em>Sors</em></strong></span> <span class='ocrx_word' id='word_1_376' title='bbox 2509 2395 2675 2450; x_wconf 85' lang='lat' dir='ltr'><strong><em>tribus</em></strong></span> <span class='ocrx_word' id='word_1_377' title='bbox 2698 2394 2878 2450; x_wconf 69' lang='lat' dir='ltr'><strong><em>Iudae.</em></strong></span> 
     </span>
    </p>
   </div>
   <div class='ocr_carea' id='block_1_82' title="bbox 2104 2486 3227 2561">
    <p class='ocr_par' dir='ltr' id='par_1_82' title="bbox 2104 2486 3227 2561">
     <span class='ocr_line' id='line_1_82' title="bbox 2104 2486 3227 2561; baseline -0.001 -17"><span class='ocrx_word' id='word_1_378' title='bbox 2104 2487 2337 2544; x_wconf 88' lang='lat' dir='ltr'><strong>LXVIII.</strong></span> <span class='ocrx_word' id='word_1_379' title='bbox 2369 2486 2561 2542; x_wconf 82' lang='lat' dir='ltr'><strong><em>Chaleb</em></strong></span> <span class='ocrx_word' id='word_1_380' title='bbox 2584 2505 2704 2561; x_wconf 89' lang='lat' dir='ltr'><strong><em>pars</em></strong></span> <span class='ocrx_word' id='word_1_381' title='bbox 2728 2490 2865 2543; x_wconf 85' lang='lat' dir='ltr'><strong><em>inter</em></strong></span> <span class='ocrx_word' id='word_1_382' title='bbox 2890 2488 3031 2559; x_wconf 75' lang='lat' dir='ltr'><strong><em>ﬁlios</em></strong></span> <span class='ocrx_word' id='word_1_383' title='bbox 3048 2486 3227 2544; x_wconf 64' lang='lat' dir='ltr'><strong><em>Iuda.</em></strong></span> 
     </span>
    </p>
   </div>
   <div class='ocr_carea' id='block_1_83' title="bbox 2106 2578 3700 2652">
    <p class='ocr_par' dir='ltr' id='par_1_83' title="bbox 2106 2578 3700 2652">
     <span class='ocr_line' id='line_1_83' title="bbox 2106 2578 3700 2652; baseline 0.004 -17"><span class='ocrx_word' id='word_1_384' title='bbox 2106 2578 2297 2635; x_wconf 89' lang='lat' dir='ltr'><strong>LXIX.</strong></span> <span class='ocrx_word' id='word_1_385' title='bbox 2342 2579 2534 2636; x_wconf 86' lang='lat' dir='ltr'><strong><em>Chaleb</em></strong></span> <span class='ocrx_word' id='word_1_386' title='bbox 2586 2590 2793 2652; x_wconf 88' lang='lat' dir='ltr'><strong><em>propter</em></strong></span> <span class='ocrx_word' id='word_1_387' title='bbox 2842 2581 3102 2636; x_wconf 85' lang='lat' dir='ltr'><strong><em>civitatem</em></strong></span> <span class='ocrx_word' id='word_1_388' title='bbox 3140 2583 3429 2639; x_wconf 87' lang='lat' dir='ltr'><strong><em>litterarum</em></strong></span> <span class='ocrx_word' id='word_1_389' title='bbox 3457 2623 3472 2651; x_wconf 89' lang='lat'><strong>,</strong></span> <span class='ocrx_word' id='word_1_390' title='bbox 3532 2586 3700 2641; x_wconf 69' lang='lat' dir='ltr'><strong><em>Amm</em></strong></span> 
     </span>
    </p>
   </div>
   <div class='ocr_carea' id='block_1_84' title="bbox 2176 2672 2972 2743">
    <p class='ocr_par' dir='ltr' id='par_1_84' title="bbox 2176 2672 2972 2743">
     <span class='ocr_line' id='line_1_84' title="bbox 2176 2672 2972 2743; baseline 0.003 -16"><span class='ocrx_word' id='word_1_391' title='bbox 2176 2675 2340 2743; x_wconf 73' lang='lat' dir='ltr'><strong><em>ﬁliam</em></strong></span> <span class='ocrx_word' id='word_1_392' title='bbox 2359 2690 2506 2729; x_wconf 90' lang='lat' dir='ltr'><strong><em>suam</em></strong></span> <span class='ocrx_word' id='word_1_393' title='bbox 2530 2674 2671 2728; x_wconf 85' lang='lat' dir='ltr'><strong><em>dedit</em></strong></span> <span class='ocrx_word' id='word_1_394' title='bbox 2704 2672 2972 2729; x_wconf 82' lang='lat' dir='ltr'><strong><em>Othoniel.</em></strong></span> 
     </span>
    </p>
   </div>
   <div class='ocr_carea' id='block_1_85' title="bbox 2106 2766 3543 2843">
    <p class='ocr_par' dir='ltr' id='par_1_85' title="bbox 2106 2766 3543 2843">
     <span class='ocr_line' id='line_1_85' title="bbox 2106 2766 3543 2843; baseline 0.002 -20"><span class='ocrx_word' id='word_1_395' title='bbox 2106 2766 2272 2823; x_wconf 84' lang='lat' dir='ltr'><strong>LXX.</strong></span> <span class='ocrx_word' id='word_1_396' title='bbox 2307 2767 2451 2823; x_wconf 79' lang='lat' dir='ltr'><strong><em>Filia</em></strong></span> <span class='ocrx_word' id='word_1_397' title='bbox 2479 2766 2668 2824; x_wconf 74' lang='lat' dir='ltr'><strong><em>Chaleb</em></strong></span> <span class='ocrx_word' id='word_1_398' title='bbox 2698 2779 2895 2840; x_wconf 83' lang='lat' dir='ltr'><strong><em>partem</em></strong></span> <span class='ocrx_word' id='word_1_399' title='bbox 2923 2770 3039 2843; x_wconf 89' lang='lat' dir='ltr'><strong><em>agri</em></strong></span> <span class='ocrx_word' id='word_1_400' title='bbox 3058 2786 3093 2823; x_wconf 91' lang='lat' dir='ltr'><strong><em>a</em></strong></span> <span class='ocrx_word' id='word_1_401' title='bbox 3122 2778 3270 2843; x_wconf 85' lang='lat' dir='ltr'><strong><em>patre</em></strong></span> <span class='ocrx_word' id='word_1_402' title='bbox 3293 2772 3543 2841; x_wconf 83' lang='lat' dir='ltr'><strong><em>postulat.</em></strong></span> 
     </span>
    </p>
   </div>
   <div class='ocr_carea' id='block_1_86' title="bbox 2108 2859 3054 2917">
    <p class='ocr_par' dir='ltr' id='par_1_86' title="bbox 2108 2859 3054 2917">
     <span class='ocr_line' id='line_1_86' title="bbox 2108 2859 3054 2917; baseline 0.002 -2"><span class='ocrx_word' id='word_1_403' title='bbox 2108 2859 2297 2916; x_wconf 85' lang='lat' dir='ltr'><strong>LXXI.</strong></span> <span class='ocrx_word' id='word_1_404' title='bbox 2340 2860 2570 2916; x_wconf 89' lang='lat' dir='ltr'><strong><em>Nomina</em></strong></span> <span class='ocrx_word' id='word_1_405' title='bbox 2595 2862 2859 2916; x_wconf 86' lang='lat' dir='ltr'><strong><em>civitatum</em></strong></span> <span class='ocrx_word' id='word_1_406' title='bbox 2887 2861 3054 2917; x_wconf 87' lang='lat' dir='ltr'><strong><em>Iuda.</em></strong></span> 
     </span>
    </p>
   </div>
   <div class='ocr_carea' id='block_1_87' title="bbox 2108 2951 3702 3027">
    <p class='ocr_par' dir='ltr' id='par_1_87' title="bbox 2108 2951 3702 3027">
     <span class='ocr_line' id='line_1_87' title="bbox 2108 2951 3702 3027; baseline 0.004 -20"><span class='ocrx_word' id='word_1_407' title='bbox 2108 2951 2319 3007; x_wconf 83' lang='lat' dir='ltr'><strong>LXXII.</strong></span> <span class='ocrx_word' id='word_1_408' title='bbox 2362 2952 2593 3008; x_wconf 84' lang='lat' dir='ltr'><strong><em>Nomina</em></strong></span> <span class='ocrx_word' id='word_1_409' title='bbox 2623 2955 2891 3009; x_wconf 87' lang='lat' dir='ltr'><strong><em>civitatum</em></strong></span> <span class='ocrx_word' id='word_1_410' title='bbox 2915 2972 3031 3027; x_wconf 76' lang='lat' dir='ltr'><strong><em>quw</em></strong></span> <span class='ocrx_word' id='word_1_411' title='bbox 3064 2965 3183 3010; x_wconf 86' lang='lat' dir='ltr'><strong><em>sunt</em></strong></span> <span class='ocrx_word' id='word_1_412' title='bbox 3212 2956 3264 3009; x_wconf 81' lang='lat' dir='ltr'><strong><em>in</em></strong></span> <span class='ocrx_word' id='word_1_413' title='bbox 3301 2957 3702 3027; x_wconf 87' lang='lat' dir='ltr'><strong><em>campestribus.</em></strong></span> 
     </span>
    </p>
   </div>
   <div class='ocr_carea' id='block_1_88' title="bbox 2110 3044 3571 3122">
    <p class='ocr_par' dir='ltr' id='par_1_88' title="bbox 2110 3044 3571 3122">
     <span class='ocr_line' id='line_1_88' title="bbox 2110 3044 3571 3122; baseline 0.005 -22"><span class='ocrx_word' id='word_1_414' title='bbox 2110 3044 2349 3109; x_wconf 86' lang='lat' dir='ltr'><strong>LXXIII.</strong></span> <span class='ocrx_word' id='word_1_415' title='bbox 2390 3044 2688 3103; x_wconf 76' lang='lat' dir='ltr'><strong><em>Iebnsazum</em></strong></span> <span class='ocrx_word' id='word_1_416' title='bbox 2711 3045 2855 3104; x_wconf 87' lang='lat' dir='ltr'><strong><em>Iuda</em></strong></span> <span class='ocrx_word' id='word_1_417' title='bbox 2877 3065 3179 3122; x_wconf 63' lang='lat' dir='ltr'><strong><em>expugnare</em></strong></span> <span class='ocrx_word' id='word_1_418' title='bbox 3202 3067 3305 3111; x_wconf 84' lang='lat' dir='ltr'><strong><em>non</em></strong></span> <span class='ocrx_word' id='word_1_419' title='bbox 3328 3052 3518 3122; x_wconf 86' lang='lat' dir='ltr'><strong><em>potuit.</em></strong></span> <span class='ocrx_word' id='word_1_420' title='bbox 3566 3075 3571 3080; x_wconf 58' lang='grc' dir='ltr'>ε</span> 
     </span>
    </p>
   </div>
   <div class='ocr_carea' id='block_1_89' title="bbox 2111 3135 3028 3213">
    <p class='ocr_par' dir='ltr' id='par_1_89' title="bbox 2111 3135 3028 3213">
     <span class='ocr_line' id='line_1_89' title="bbox 2111 3135 3028 3213; baseline 0.007 -22"><span class='ocrx_word' id='word_1_421' title='bbox 2111 3135 2349 3193; x_wconf 86' lang='lat' dir='ltr'><strong>LXXIV.</strong></span> <span class='ocrx_word' id='word_1_422' title='bbox 2393 3139 2523 3194; x_wconf 88' lang='lat' dir='ltr'><strong><em>Sors</em></strong></span> <span class='ocrx_word' id='word_1_423' title='bbox 2552 3138 2784 3209; x_wconf 82' lang='lat' dir='ltr'><strong><em>filiorum</em></strong></span> <span class='ocrx_word' id='word_1_424' title='bbox 2811 3139 3028 3213; x_wconf 88' lang='lat' dir='ltr'><strong><em>Ioseph.</em></strong></span> 
     </span>
    </p>
   </div>
   <div class='ocr_carea' id='block_1_90' title="bbox 2112 3230 2885 3303">
    <p class='ocr_par' dir='ltr' id='par_1_90' title="bbox 2112 3230 2885 3303">
     <span class='ocr_line' id='line_1_90' title="bbox 2112 3230 2885 3303; baseline 0.005 -17"><span class='ocrx_word' id='word_1_425' title='bbox 2112 3230 2327 3287; x_wconf 88' lang='lat' dir='ltr'><strong>LXXV.</strong></span> <span class='ocrx_word' id='word_1_426' title='bbox 2352 3231 2585 3288; x_wconf 86' lang='lat' dir='ltr'><strong><em>Termini</em></strong></span> <span class='ocrx_word' id='word_1_427' title='bbox 2608 3232 2885 3303; x_wconf 80' lang='lat' dir='ltr'><strong><em>Ephraim.</em></strong></span> 
     </span>
    </p>
   </div>
   <div class='ocr_carea' id='block_1_91' title="bbox 2035 3323 3342 3402">
    <p class='ocr_par' dir='ltr' id='par_1_91' title="bbox 2035 3323 3342 3402">
     <span class='ocr_line' id='line_1_91' title="bbox 2035 3323 3342 3402; baseline 0.004 -23"><span class='ocrx_word' id='word_1_428' title='bbox 2035 3336 2082 3401; x_wconf 72' lang='grc' dir='ltr'>α</span> <span class='ocrx_word' id='word_1_429' title='bbox 2112 3323 2351 3379; x_wconf 86' lang='lat' dir='ltr'><strong>LXXVI.</strong></span> <span class='ocrx_word' id='word_1_430' title='bbox 2396 3325 2561 3393; x_wconf 85' lang='lat' dir='ltr'><strong><em>Quem</em></strong></span> <span class='ocrx_word' id='word_1_431' title='bbox 2592 3324 2844 3397; x_wconf 87' lang='lat' dir='ltr'><strong><em>Ephraim</em></strong></span> <span class='ocrx_word' id='word_1_432' title='bbox 2875 3344 2976 3381; x_wconf 88' lang='lat' dir='ltr'><strong><em>non</em></strong></span> <span class='ocrx_word' id='word_1_433' title='bbox 3002 3330 3342 3402; x_wconf 72' lang='lat' dir='ltr'><strong><em>expugnavit.</em></strong></span> 
     </span>
    </p>
   </div>
   <div class='ocr_carea' id='block_1_92' title="bbox 2117 3415 3097 3488">
    <p class='ocr_par' dir='ltr' id='par_1_92' title="bbox 2117 3415 3097 3488">
     <span class='ocr_line' id='line_1_92' title="bbox 2117 3415 3097 3488; baseline 0.002 -17"><span class='ocrx_word' id='word_1_434' title='bbox 2117 3415 2372 3471; x_wconf 87' lang='lat' dir='ltr'><strong>LXXVII.</strong></span> <span class='ocrx_word' id='word_1_435' title='bbox 2416 3416 2546 3472; x_wconf 86' lang='lat' dir='ltr'><strong><em>Sors</em></strong></span> <span class='ocrx_word' id='word_1_436' title='bbox 2572 3418 2804 3488; x_wconf 80' lang='lat' dir='ltr'><strong><em>ﬁliorum</em></strong></span> <span class='ocrx_word' id='word_1_437' title='bbox 2834 3418 3097 3476; x_wconf 78' lang='lat' dir='ltr'><strong><em>Manasse.</em></strong></span> 
     </span>
    </p>
   </div>
   <div class='ocr_carea' id='block_1_93' title="bbox 2114 3507 2918 3583">
    <p class='ocr_par' dir='ltr' id='par_1_93' title="bbox 2114 3507 2918 3583">
     <span class='ocr_line' id='line_1_93' title="bbox 2114 3507 2918 3583; baseline 0.002 -20"><span class='ocrx_word' id='word_1_438' title='bbox 2114 3508 2395 3565; x_wconf 85' lang='lat' dir='ltr'><strong>LXXVIII.</strong></span> <span class='ocrx_word' id='word_1_439' title='bbox 2438 3507 2595 3565; x_wconf 70' lang='lat' dir='ltr'><strong><em>Filia:</em></strong></span> <span class='ocrx_word' id='word_1_440' title='bbox 2627 3510 2918 3583; x_wconf 58' lang='lat' dir='ltr'><strong><em>.‘Ialphaad.</em></strong></span> 
     </span>
    </p>
   </div>
   <div class='ocr_carea' id='block_1_94' title="bbox 2111 3600 3219 3675">
    <p class='ocr_par' dir='ltr' id='par_1_94' title="bbox 2111 3600 3219 3675">
     <span class='ocr_line' id='line_1_94' title="bbox 2111 3600 3219 3675; baseline 0.005 -18"><span class='ocrx_word' id='word_1_441' title='bbox 2111 3600 2356 3657; x_wconf 88' lang='lat' dir='ltr'><strong>LXXIX.</strong></span> <span class='ocrx_word' id='word_1_442' title='bbox 2397 3601 2672 3658; x_wconf 85' lang='lat' dir='ltr'><strong><em>Terminus</em></strong></span> <span class='ocrx_word' id='word_1_443' title='bbox 2698 3605 2929 3675; x_wconf 82' lang='lat' dir='ltr'><strong><em>ﬁliorum</em></strong></span> <span class='ocrx_word' id='word_1_444' title='bbox 2956 3604 3219 3663; x_wconf 79' lang='lat' dir='ltr'><strong><em>Manasse.</em></strong></span> 
     </span>
    </p>
   </div>
   <div class='ocr_carea' id='block_1_95' title="bbox 2113 3692 3484 3770">
    <p class='ocr_par' dir='ltr' id='par_1_95' title="bbox 2113 3692 3484 3770">
     <span class='ocr_line' id='line_1_95' title="bbox 2113 3692 3484 3770; baseline 0.007 -23"><span class='ocrx_word' id='word_1_445' title='bbox 2113 3692 2329 3749; x_wconf 86' lang='lat' dir='ltr'><strong>LXXX.</strong></span> <span class='ocrx_word' id='word_1_446' title='bbox 2374 3693 2535 3760; x_wconf 82' lang='lat' dir='ltr'><strong><em>Quem</em></strong></span> <span class='ocrx_word' id='word_1_447' title='bbox 2568 3694 2813 3750; x_wconf 77' lang='lat' dir='ltr'><strong><em>Manassc</em></strong></span> <span class='ocrx_word' id='word_1_448' title='bbox 2841 3714 3135 3770; x_wconf 72' lang='lat' dir='ltr'><strong><em>expugnare</em></strong></span> <span class='ocrx_word' id='word_1_449' title='bbox 3163 3716 3266 3754; x_wconf 91' lang='lat' dir='ltr'><strong><em>non</em></strong></span> <span class='ocrx_word' id='word_1_450' title='bbox 3298 3702 3484 3770; x_wconf 87' lang='lat' dir='ltr'><strong><em>potuit.</em></strong></span> 
     </span>
    </p>
   </div>
   <div class='ocr_carea' id='block_1_96' title="bbox 2111 3785 3416 3863">
    <p class='ocr_par' dir='ltr' id='par_1_96' title="bbox 2111 3785 3416 3863">
     <span class='ocr_line' id='line_1_96' title="bbox 2111 3785 3416 3863; baseline 0.007 -22"><span class='ocrx_word' id='word_1_451' title='bbox 2111 3785 2350 3841; x_wconf 86' lang='lat' dir='ltr'><strong>LXXXI.</strong></span> <span class='ocrx_word' id='word_1_452' title='bbox 2391 3786 2732 3863; x_wconf 66' lang='lat' dir='ltr'><strong><em>Congregsttio</em></strong></span> <span class='ocrx_word' id='word_1_453' title='bbox 2755 3791 2983 3858; x_wconf 75' lang='lat' dir='ltr'><strong><em>ﬁliorum</em></strong></span> <span class='ocrx_word' id='word_1_454' title='bbox 3008 3790 3178 3848; x_wconf 84' lang='lat' dir='ltr'><strong><em>Israel</em></strong></span> <span class='ocrx_word' id='word_1_455' title='bbox 3196 3795 3249 3848; x_wconf 90' lang='lat' dir='ltr'><strong><em>in</em></strong></span> <span class='ocrx_word' id='word_1_456' title='bbox 3282 3796 3416 3849; x_wconf 62' lang='lat' dir='ltr'><strong><em>Silo.</em></strong></span> 
     </span>
    </p>
   </div>
   <div class='ocr_carea' id='block_1_97' title="bbox 2112 3878 3701 3960">
    <p class='ocr_par' dir='ltr' id='par_1_97' title="bbox 2112 3878 3701 3960">
     <span class='ocr_line' id='line_1_97' title="bbox 2112 3878 3701 3960; baseline 0.004 -26"><span class='ocrx_word' id='word_1_457' title='bbox 2112 3878 2373 3935; x_wconf 89' lang='lat' dir='ltr'><strong>LXXXII.</strong></span> <span class='ocrx_word' id='word_1_458' title='bbox 2397 3880 2553 3936; x_wconf 90' lang='lat' dir='ltr'><strong><em>Iesus</em></strong></span> <span class='ocrx_word' id='word_1_459' title='bbox 2581 3893 2773 3954; x_wconf 86' lang='lat' dir='ltr'><strong><em>septem</em></strong></span> <span class='ocrx_word' id='word_1_460' title='bbox 2796 3882 3033 3939; x_wconf 89' lang='lat' dir='ltr'><strong><em>tribubus</em></strong></span> <span class='ocrx_word' id='word_1_461' title='bbox 3055 3886 3211 3941; x_wconf 88' lang='lat' dir='ltr'><strong><em>semel</em></strong></span> <span class='ocrx_word' id='word_1_462' title='bbox 3235 3896 3427 3941; x_wconf 89' lang='lat' dir='ltr'><strong><em>terram</em></strong></span> <span class='ocrx_word' id='word_1_463' title='bbox 3450 3886 3701 3960; x_wconf 86' lang='lat' dir='ltr'><strong><em>partitur,</em></strong></span> 
     </span>
    </p>
   </div>
   <div class='ocr_carea' id='block_1_98' title="bbox 2187 3971 3109 4031">
    <p class='ocr_par' dir='ltr' id='par_1_98' title="bbox 2187 3971 3109 4031">
     <span class='ocr_line' id='line_1_98' title="bbox 2187 3971 3109 4031; baseline 0.005 -7"><span class='ocrx_word' id='word_1_464' title='bbox 2187 3981 2234 4024; x_wconf 92' lang='lat' dir='ltr'><strong><em>et</em></strong></span> <span class='ocrx_word' id='word_1_465' title='bbox 2264 3971 2420 4025; x_wconf 90' lang='lat' dir='ltr'><strong><em>mittit</em></strong></span> <span class='ocrx_word' id='word_1_466' title='bbox 2448 3974 2583 4027; x_wconf 87' lang='lat' dir='ltr'><strong><em>viros</em></strong></span> <span class='ocrx_word' id='word_1_467' title='bbox 2607 3975 2675 4027; x_wconf 86' lang='lat' dir='ltr'><strong><em>ad</em></strong></span> <span class='ocrx_word' id='word_1_468' title='bbox 2706 3975 3109 4031; x_wconf 89' lang='lat' dir='ltr'><strong><em>terminandum.</em></strong></span> 
     </span>
    </p>
   </div>
   <div class='ocr_carea' id='block_1_99' title="bbox 2117 4062 3709 4145">
    <p class='ocr_par' dir='ltr' id='par_1_99' title="bbox 2117 4062 3709 4145">
     <span class='ocr_line' id='line_1_99' title="bbox 2117 4062 3709 4145; baseline 0.004 -27"><span class='ocrx_word' id='word_1_469' title='bbox 2117 4062 2399 4120; x_wconf 86' lang='lat' dir='ltr'><strong>LXXXIII.</strong></span> <span class='ocrx_word' id='word_1_470' title='bbox 2415 4065 2594 4121; x_wconf 88' lang='lat' dir='ltr'><strong><em>Sortes</em></strong></span> <span class='ocrx_word' id='word_1_471' title='bbox 2622 4068 2791 4122; x_wconf 71' lang='lat' dir='ltr'><strong><em>missa</em></strong></span> <span class='ocrx_word' id='word_1_472' title='bbox 2816 4068 2873 4122; x_wconf 91' lang='lat' dir='ltr'><strong><em>in</em></strong></span> <span class='ocrx_word' id='word_1_473' title='bbox 2901 4067 3040 4138; x_wconf 83' lang='lat' dir='ltr'><strong><em>Silo,</em></strong></span> <span class='ocrx_word' id='word_1_474' title='bbox 3067 4085 3183 4125; x_wconf 90' lang='lat' dir='ltr'><strong><em>sors</em></strong></span> <span class='ocrx_word' id='word_1_475' title='bbox 3204 4071 3374 4145; x_wconf 79' lang='lat' dir='ltr'><strong><em>prima</em></strong></span> <span class='ocrx_word' id='word_1_476' title='bbox 3394 4072 3554 4126; x_wconf 87' lang='lat' dir='ltr'><strong><em>tribus</em></strong></span> <span class='ocrx_word' id='word_1_477' title='bbox 3576 4069 3709 4125; x_wconf 86' lang='lat' dir='ltr'><strong><em>Ben-</em></strong></span> 
     </span>
    </p>
   </div>
   <div class='ocr_carea' id='block_1_100' title="bbox 2178 4174 2369 4227">
    <p class='ocr_par' dir='ltr' id='par_1_100' title="bbox 2178 4174 2369 4227">
     <span class='ocr_line' id='line_1_100' title="bbox 2178 4174 2369 4227; baseline 0.005 -16"><span class='ocrx_word' id='word_1_478' title='bbox 2178 4174 2369 4227; x_wconf 75' lang='lat' dir='ltr'><strong><em>Jamtn.</em></strong></span> 
     </span>
    </p>
   </div>
   <div class='ocr_carea' id='block_1_101' title="bbox 2119 4250 3276 4328">
    <p class='ocr_par' dir='ltr' id='par_1_101' title="bbox 2119 4250 3276 4328">
     <span class='ocr_line' id='line_1_101' title="bbox 2119 4250 3276 4328; baseline 0.009 -22"><span class='ocrx_word' id='word_1_479' title='bbox 2119 4250 2407 4307; x_wconf 79' lang='lat' dir='ltr'><strong>LXXXIV.</strong></span> <span class='ocrx_word' id='word_1_480' title='bbox 2440 4251 2674 4309; x_wconf 87' lang='lat' dir='ltr'><strong><em>Nomina</em></strong></span> <span class='ocrx_word' id='word_1_481' title='bbox 2693 4254 2953 4309; x_wconf 85' lang='lat' dir='ltr'><strong><em>civitatum</em></strong></span> <span class='ocrx_word' id='word_1_482' title='bbox 2976 4254 3276 4328; x_wconf 87' lang='lat' dir='ltr'><strong><em>Benjamin.</em></strong></span> 
     </span>
    </p>
   </div>
   <div class='ocr_carea' id='block_1_102' title="bbox 2117 4342 3330 4416">
    <p class='ocr_par' dir='ltr' id='par_1_102' title="bbox 2117 4342 3330 4416">
     <span class='ocr_line' id='line_1_102' title="bbox 2117 4342 3330 4416; baseline 0.007 -18"><span class='ocrx_word' id='word_1_483' title='bbox 2117 4342 2382 4399; x_wconf 87' lang='lat' dir='ltr'><strong>LXXXV.</strong></span> <span class='ocrx_word' id='word_1_484' title='bbox 2425 4343 2556 4400; x_wconf 90' lang='lat' dir='ltr'><strong><em>Sors</em></strong></span> <span class='ocrx_word' id='word_1_485' title='bbox 2577 4346 2807 4400; x_wconf 88' lang='lat' dir='ltr'><strong><em>secunda</em></strong></span> <span class='ocrx_word' id='word_1_486' title='bbox 2837 4348 3069 4416; x_wconf 83' lang='lat' dir='ltr'><strong><em>ﬁliorum</em></strong></span> <span class='ocrx_word' id='word_1_487' title='bbox 3096 4349 3330 4407; x_wconf 89' lang='lat' dir='ltr'><strong><em>Simeon.</em></strong></span> 
     </span>
    </p>
   </div>
   <div class='ocr_carea' id='block_1_103' title="bbox 2118 4434 3309 4507">
    <p class='ocr_par' dir='ltr' id='par_1_103' title="bbox 2118 4434 3309 4507">
     <span class='ocr_line' id='line_1_103' title="bbox 2118 4434 3309 4507; baseline 0.006 -17"><span class='ocrx_word' id='word_1_488' title='bbox 2118 4434 2410 4490; x_wconf 80' lang='lat' dir='ltr'><strong>LXXXVI.</strong></span> <span class='ocrx_word' id='word_1_489' title='bbox 2445 4436 2577 4492; x_wconf 85' lang='lat' dir='ltr'><strong><em>Sors</em></strong></span> <span class='ocrx_word' id='word_1_490' title='bbox 2606 4438 2759 4492; x_wconf 89' lang='lat' dir='ltr'><strong><em>tertia</em></strong></span> <span class='ocrx_word' id='word_1_491' title='bbox 2785 4438 3017 4507; x_wconf 82' lang='lat' dir='ltr'><strong><em>ﬁliorum</em></strong></span> <span class='ocrx_word' id='word_1_492' title='bbox 3047 4438 3309 4498; x_wconf 85' lang='lat' dir='ltr'><strong><em>Zabulon.</em></strong></span> 
     </span>
    </p>
   </div>
   <div class='ocr_carea' id='block_1_104' title="bbox 2121 4526 3343 4600">
    <p class='ocr_par' dir='ltr' id='par_1_104' title="bbox 2121 4526 3343 4600">
     <span class='ocr_line' id='line_1_104' title="bbox 2121 4526 3343 4600; baseline 0.004 -17"><span class='ocrx_word' id='word_1_493' title='bbox 2121 4526 2429 4583; x_wconf 84' lang='lat' dir='ltr'><strong>LXXXVII.</strong></span> <span class='ocrx_word' id='word_1_494' title='bbox 2462 4528 2590 4584; x_wconf 86' lang='lat' dir='ltr'><strong><em>Sors</em></strong></span> <span class='ocrx_word' id='word_1_495' title='bbox 2619 4542 2805 4597; x_wconf 89' lang='lat' dir='ltr'><strong><em>quarta</em></strong></span> <span class='ocrx_word' id='word_1_496' title='bbox 2827 4529 3058 4600; x_wconf 81' lang='lat' dir='ltr'><strong><em>ﬁliorum</em></strong></span> <span class='ocrx_word' id='word_1_497' title='bbox 3078 4529 3343 4588; x_wconf 82' lang='lat' dir='ltr'><strong><em>Issachar.</em></strong></span> 
     </span>
    </p>
   </div>
   <div class='ocr_carea' id='block_1_105' title="bbox 2116 4619 3276 4694">
    <p class='ocr_par' dir='ltr' id='par_1_105' title="bbox 2116 4619 3276 4694">
     <span class='ocr_line' id='line_1_105' title="bbox 2116 4619 3276 4694; baseline 0.007 -17"><span class='ocrx_word' id='word_1_498' title='bbox 2116 4619 2449 4677; x_wconf 84' lang='lat' dir='ltr'><strong>LXXXVIII.</strong></span> <span class='ocrx_word' id='word_1_499' title='bbox 2495 4621 2627 4677; x_wconf 88' lang='lat' dir='ltr'><strong><em>Sors</em></strong></span> <span class='ocrx_word' id='word_1_500' title='bbox 2655 4623 2843 4694; x_wconf 89' lang='lat' dir='ltr'><strong><em>quinta</em></strong></span> <span class='ocrx_word' id='word_1_501' title='bbox 2868 4623 3099 4692; x_wconf 76' lang='lat' dir='ltr'><strong><em>filiorum</em></strong></span> <span class='ocrx_word' id='word_1_502' title='bbox 3126 4627 3276 4685; x_wconf 81' lang='lat' dir='ltr'><strong><em>Aser.</em></strong></span> 
     </span>
    </p>
   </div>
   <div class='ocr_carea' id='block_1_106' title="bbox 2038 4712 3343 4790">
    <p class='ocr_par' dir='ltr' id='par_1_106' title="bbox 2038 4712 3343 4790">
     <span class='ocr_line' id='line_1_106' title="bbox 2038 4712 3343 4790; baseline 0.006 -24"><span class='ocrx_word' id='word_1_503' title='bbox 2038 4725 2094 4786; x_wconf 79' lang='lat' dir='ltr'><strong><em>D</em></strong></span> <span class='ocrx_word' id='word_1_504' title='bbox 2118 4712 2409 4769; x_wconf 85' lang='lat' dir='ltr'><strong>LXXXIX.</strong></span> <span class='ocrx_word' id='word_1_505' title='bbox 2451 4713 2578 4770; x_wconf 88' lang='lat' dir='ltr'><strong><em>Sors</em></strong></span> <span class='ocrx_word' id='word_1_506' title='bbox 2602 4724 2750 4770; x_wconf 70' lang='lat' dir='ltr'><strong><em>sexta</em></strong></span> <span class='ocrx_word' id='word_1_507' title='bbox 2781 4716 3009 4784; x_wconf 82' lang='lat' dir='ltr'><strong><em>ﬁliorum</em></strong></span> <span class='ocrx_word' id='word_1_508' title='bbox 3036 4716 3343 4790; x_wconf 84' lang='lat' dir='ltr'><strong><em>Nephthali.</em></strong></span> 
     </span>
    </p>
   </div>
   <div class='ocr_carea' id='block_1_107' title="bbox 2121 4805 3068 4877">
    <p class='ocr_par' dir='ltr' id='par_1_107' title="bbox 2121 4805 3068 4877">
     <span class='ocr_line' id='line_1_107' title="bbox 2121 4805 3068 4877; baseline 0.002 -16"><span class='ocrx_word' id='word_1_509' title='bbox 2121 4805 2233 4861; x_wconf 76' lang='lat' dir='ltr'><strong><em>XC.</em></strong></span> <span class='ocrx_word' id='word_1_510' title='bbox 2277 4805 2406 4865; x_wconf 87' lang='lat' dir='ltr'><strong><em>Sors</em></strong></span> <span class='ocrx_word' id='word_1_511' title='bbox 2428 4808 2643 4876; x_wconf 83' lang='lat' dir='ltr'><strong><em>septima</em></strong></span> <span class='ocrx_word' id='word_1_512' title='bbox 2675 4808 2906 4877; x_wconf 76' lang='lat' dir='ltr'><strong><em>ﬁliorum</em></strong></span> <span class='ocrx_word' id='word_1_513' title='bbox 2930 4808 3068 4865; x_wconf 90' lang='lat' dir='ltr'><strong><em>Dan.</em></strong></span> 
     </span>
    </p>
   </div>
   <div class='ocr_carea' id='block_1_108' title="bbox 2119 4897 3713 4979">
    <p class='ocr_par' dir='ltr' id='par_1_108' title="bbox 2119 4897 3713 4979">
     <span class='ocr_line' id='line_1_108' title="bbox 2119 4897 3713 4979; baseline 0.004 -23"><span class='ocrx_word' id='word_1_514' title='bbox 2119 4900 2234 4956; x_wconf 86' lang='lat' dir='ltr'><strong><em>XCI</em></strong></span> <span class='ocrx_word' id='word_1_515' title='bbox 2279 4897 2409 4955; x_wconf 86' lang='lat' dir='ltr'><strong><em>Filii</em></strong></span> <span class='ocrx_word' id='word_1_516' title='bbox 2438 4899 2557 4954; x_wconf 89' lang='lat' dir='ltr'><strong><em>Dan</em></strong></span> <span class='ocrx_word' id='word_1_517' title='bbox 2584 4913 2940 4972; x_wconf 87' lang='lat' dir='ltr'><strong><em>pugnaverunt</em></strong></span> <span class='ocrx_word' id='word_1_518' title='bbox 2968 4913 3149 4960; x_wconf 87' lang='lat' dir='ltr'><strong><em>contra</em></strong></span> <span class='ocrx_word' id='word_1_519' title='bbox 3169 4903 3445 4975; x_wconf 79' lang='lat' dir='ltr'><strong><em>Lesem,‘et</em></strong></span> <span class='ocrx_word' id='word_1_520' title='bbox 3472 4916 3713 4979; x_wconf 85' lang='lat' dir='ltr'><strong><em>ceperunt</em></strong></span> 
     </span>
    </p>
   </div>
   <div class='ocr_carea' id='block_1_109' title="bbox 2189 5009 2327 5048">
    <p class='ocr_par' dir='ltr' id='par_1_109' title="bbox 2189 5009 2327 5048">
     <span class='ocr_line' id='line_1_109' title="bbox 2189 5009 2327 5048; baseline -0.007 0"><span class='ocrx_word' id='word_1_521' title='bbox 2189 5009 2327 5048; x_wconf 91' lang='lat' dir='ltr'><strong><em>eam.</em></strong></span> 
     </span>
    </p>
   </div>
   <div class='ocr_carea' id='block_1_110' title="bbox 2119 5084 3477 5157">
    <p class='ocr_par' dir='ltr' id='par_1_110' title="bbox 2119 5084 3477 5157">
     <span class='ocr_line' id='line_1_110' title="bbox 2119 5084 3477 5157; baseline 0.004 -17"><span class='ocrx_word' id='word_1_522' title='bbox 2119 5084 2277 5141; x_wconf 87' lang='lat' dir='ltr'><strong>XCII.</strong></span> <span class='ocrx_word' id='word_1_523' title='bbox 2318 5084 2510 5143; x_wconf 87' lang='lat' dir='ltr'><strong><em>Civitas</em></strong></span> <span class='ocrx_word' id='word_1_524' title='bbox 2538 5102 2692 5156; x_wconf 83' lang='lat' dir='ltr'><strong><em>quam</em></strong></span> <span class='ocrx_word' id='word_1_525' title='bbox 2720 5086 2821 5157; x_wconf 83' lang='lat' dir='ltr'><strong><em>lilii</em></strong></span> <span class='ocrx_word' id='word_1_526' title='bbox 2850 5085 3021 5143; x_wconf 84' lang='lat' dir='ltr'><strong><em>Israel</em></strong></span> <span class='ocrx_word' id='word_1_527' title='bbox 3048 5086 3176 5145; x_wconf 88' lang='lat' dir='ltr'><strong><em>Iesu</em></strong></span> <span class='ocrx_word' id='word_1_528' title='bbox 3201 5090 3477 5146; x_wconf 86' lang='lat' dir='ltr'><strong><em>dederunt.</em></strong></span> 
     </span>
    </p>
   </div>
   <div class='ocr_carea' id='block_1_111' title="bbox 2117 5176 3206 5253">
    <p class='ocr_par' dir='ltr' id='par_1_111' title="bbox 2117 5176 3206 5253">
     <span class='ocr_line' id='line_1_111' title="bbox 2117 5176 3206 5253; baseline 0.003 -20"><span class='ocrx_word' id='word_1_529' title='bbox 2117 5176 2301 5233; x_wconf 85' lang='lat' dir='ltr'><strong>XCIII.</strong></span> <span class='ocrx_word' id='word_1_530' title='bbox 2346 5177 2669 5251; x_wconf 71' lang='lat' dir='ltr'><strong><em>Praeceptum</em></strong></span> <span class='ocrx_word' id='word_1_531' title='bbox 2705 5180 2968 5235; x_wconf 89' lang='lat' dir='ltr'><strong><em>civitatum</em></strong></span> <span class='ocrx_word' id='word_1_532' title='bbox 2996 5182 3206 5253; x_wconf 86' lang='lat' dir='ltr'><strong><em>refugii.</em></strong></span> 
     </span>
    </p>
   </div>
   <div class='ocr_carea' id='block_1_112' title="bbox 2122 5268 3113 5346">
    <p class='ocr_par' dir='ltr' id='par_1_112' title="bbox 2122 5268 3113 5346">
     <span class='ocr_line' id='line_1_112' title="bbox 2122 5268 3113 5346; baseline 0.004 -21"><span class='ocrx_word' id='word_1_533' title='bbox 2122 5270 2305 5326; x_wconf 88' lang='lat' dir='ltr'><strong>XCIV.</strong></span> <span class='ocrx_word' id='word_1_534' title='bbox 2351 5268 2585 5326; x_wconf 87' lang='lat' dir='ltr'><strong><em>Nomina</em></strong></span> <span class='ocrx_word' id='word_1_535' title='bbox 2607 5273 2873 5327; x_wconf 79' lang='lat' dir='ltr'><strong><em>civitatum</em></strong></span> <span class='ocrx_word' id='word_1_536' title='bbox 2900 5275 3113 5346; x_wconf 87' lang='lat' dir='ltr'><strong><em>refugii.</em></strong></span> 
     </span>
    </p>
   </div>
   <div class='ocr_carea' id='block_1_113' title="bbox 2122 5360 3714 5438">
    <p class='ocr_par' dir='ltr' id='par_1_113' title="bbox 2122 5360 3714 5438">
     <span class='ocr_line' id='line_1_113' title="bbox 2122 5360 3714 5438; baseline 0.001 -15"><span class='ocrx_word' id='word_1_537' title='bbox 2122 5362 2283 5427; x_wconf 76' lang='lat' dir='ltr'><strong>XCV.</strong></span> <span class='ocrx_word' id='word_1_538' title='bbox 2313 5360 2444 5421; x_wconf 87' lang='lat' dir='ltr'><strong><em>Filii</em></strong></span> <span class='ocrx_word' id='word_1_539' title='bbox 2489 5363 2610 5423; x_wconf 82' lang='lat' dir='ltr'><strong><em>Levi</em></strong></span> <span class='ocrx_word' id='word_1_540' title='bbox 2647 5376 2859 5436; x_wconf 81' lang='lat' dir='ltr'><strong><em>propter</em></strong></span> <span class='ocrx_word' id='word_1_541' title='bbox 2900 5367 3126 5433; x_wconf 77' lang='lat' dir='ltr'><strong><em>civitates</em></strong></span> <span class='ocrx_word' id='word_1_542' title='bbox 3162 5367 3617 5438; x_wconf 81' lang='lat' dir='ltr'><strong><em>interpellaverunt</em></strong></span> <span class='ocrx_word' id='word_1_543' title='bbox 3664 5374 3714 5424; x_wconf 83' lang='lat' dir='ltr'><strong><em>et</em></strong></span> 
     </span>
    </p>
   </div>
   <div class='ocr_carea' id='block_1_114' title="bbox 2193 5468 2523 5528">
    <p class='ocr_par' dir='ltr' id='par_1_114' title="bbox 2193 5468 2523 5528">
     <span class='ocr_line' id='line_1_114' title="bbox 2193 5468 2523 5528; baseline 0.006 -17"><span class='ocrx_word' id='word_1_544' title='bbox 2193 5468 2523 5528; x_wconf 83' lang='lat' dir='ltr'><strong><em>acceperunt.</em></strong></span> 
     </span>
    </p>
   </div>
   <div class='ocr_carea' id='block_1_115' title="bbox 2123 5547 2888 5624">
    <p class='ocr_par' dir='ltr' id='par_1_115' title="bbox 2123 5547 2888 5624">
     <span class='ocr_line' id='line_1_115' title="bbox 2123 5547 2888 5624; baseline 0.003 -17"><span class='ocrx_word' id='word_1_545' title='bbox 2123 5547 2309 5608; x_wconf 87' lang='lat' dir='ltr'><strong>XCVI.</strong></span> <span class='ocrx_word' id='word_1_546' title='bbox 2343 5550 2474 5609; x_wconf 84' lang='lat' dir='ltr'><strong><em>Sars</em></strong></span> <span class='ocrx_word' id='word_1_547' title='bbox 2494 5553 2677 5624; x_wconf 90' lang='lat' dir='ltr'><strong><em>populi</em></strong></span> <span class='ocrx_word' id='word_1_548' title='bbox 2700 5551 2888 5609; x_wconf 76' lang='lat' dir='ltr'><strong><em>Caath.</em></strong></span> 
     </span>
    </p>
   </div>
   <div class='ocr_carea' id='block_1_116' title="bbox 2117 5642 2998 5713">
    <p class='ocr_par' dir='ltr' id='par_1_116' title="bbox 2117 5642 2998 5713">
     <span class='ocr_line' id='line_1_116' title="bbox 2117 5642 2998 5713; baseline 0.002 -14"><span class='ocrx_word' id='word_1_549' title='bbox 2117 5642 2326 5699; x_wconf 89' lang='lat' dir='ltr'><strong>XCVII.</strong></span> <span class='ocrx_word' id='word_1_550' title='bbox 2357 5643 2488 5700; x_wconf 91' lang='lat' dir='ltr'><strong><em>Sors</em></strong></span> <span class='ocrx_word' id='word_1_551' title='bbox 2517 5645 2751 5713; x_wconf 80' lang='lat' dir='ltr'><strong><em>ﬁliorum</em></strong></span> <span class='ocrx_word' id='word_1_552' title='bbox 2778 5644 2998 5702; x_wconf 85' lang='lat' dir='ltr'><strong><em>Gerson.</em></strong></span> 
     </span>
    </p>
   </div>
   <div class='ocr_carea' id='block_1_117' title="bbox 2121 5734 3006 5807">
    <p class='ocr_par' dir='ltr' id='par_1_117' title="bbox 2121 5734 3006 5807">
     <span class='ocr_line' id='line_1_117' title="bbox 2121 5734 3006 5807; baseline 0.006 -17"><span class='ocrx_word' id='word_1_553' title='bbox 2121 5734 2347 5792; x_wconf 87' lang='lat' dir='ltr'><strong>XCVIII.</strong></span> <span class='ocrx_word' id='word_1_554' title='bbox 2377 5736 2505 5793; x_wconf 89' lang='lat' dir='ltr'><strong><em>Sors</em></strong></span> <span class='ocrx_word' id='word_1_555' title='bbox 2534 5737 2763 5807; x_wconf 83' lang='lat' dir='ltr'><strong><em>ﬁliorum</em></strong></span> <span class='ocrx_word' id='word_1_556' title='bbox 2790 5737 3006 5795; x_wconf 76' lang='lat' dir='ltr'><strong><em>Morari.</em></strong></span> 
     </span>
    </p>
   </div>
   <div class='ocr_carea' id='block_1_118' title="bbox 2117 5825 3510 5911">
    <p class='ocr_par' dir='ltr' id='par_1_118' title="bbox 2117 5825 3510 5911">
     <span class='ocr_line' id='line_1_118' title="bbox 2117 5825 3510 5911; baseline 0.007 -30"><span class='ocrx_word' id='word_1_557' title='bbox 2117 5825 2303 5883; x_wconf 81' lang='lat' dir='ltr'><strong>XCIX.</strong></span> <span class='ocrx_word' id='word_1_558' title='bbox 2340 5827 2759 5907; x_wconf 54' lang='lat' dir='ltr'><strong><em>Hebroneivitas</em></strong></span> <span class='ocrx_word' id='word_1_559' title='bbox 2786 5832 2975 5907; x_wconf 76' lang='lat' dir='ltr'><strong><em>refugii</em></strong></span> <span class='ocrx_word' id='word_1_560' title='bbox 3000 5833 3125 5907; x_wconf 73' lang='lat' dir='ltr'><strong><em>ﬁliis</em></strong></span> <span class='ocrx_word' id='word_1_561' title='bbox 3153 5831 3510 5911; x_wconf 55' lang='lat' dir='ltr'><strong><em>Aaronjlala.</em></strong></span> 
     </span>
    </p>
   </div>
  </div>
