4098 6366
416 316 521 373 469

413 432 475 483 C.
506 428 701 483 Civitas
721 422 911 495 refugii
944 421 1173 489 ﬁliorum
1193 415 1416 470 Gerson.

408 520 500 578 CI.
528 520 725 577 Ciuitas
753 515 939 586 refugii
970 512 1200 583 ﬁliorum
1233 506 1451 561 Merari.

412 615 523 672 Cll.
553 613 811 668 Dominus
839 609 971 661 sicut
1003 601 1265 673 promisit,
1294 596 1545 670 impleuit.

1848 287 2051 345 LIBER
2091 281 2321 341 JOSUE.

2037 404 2091 462 Α
2113 396 2221 454 CV.
2256 393 2410 451 Iesus
2440 388 2689 461 pupulum
2715 384 2988 439 novissime
3016 384 3348 435 contestatur.

2108 487 2242 545 CVI.
2269 485 2424 541 Iesus
2455 482 2581 537 dicit
2609 498 2625 536 .'
2652 476 2786 534 Ecce
2818 492 2911 549 ego
2936 475 3155 529 decurro
3183 471 3343 529 riam.

2109 581 2264 641 CVII.
2295 579 2373 636 De
2394 575 2727 631 crabronibus
2758 587 2886 643 quos
2923 568 3064 623 misit
3091 564 3369 622 Dominus.

3596 258 3702 318 ΠΟ

606 666 790 764 Ruben
834 714 879 757 et
929 666 1044 756 Ga'd
1093 666 1257 753 Iesus
1300 666 1485 749 reuerti
1522 689 1670 761 jubet
1713 687 1767 740 in
1814 693 2008 738 terram
2109 674 2291 732 CVIII.
2319 673 2558 731 Liberum
2587 666 2879 724 arbitrium.

412 819 662 953 αἵ,ῗέ
701 908 799 947 ara
832 904 985 961 quam
1021 888 1138 941 dum
1169 882 1331 937 tribus
1377 888 1423 934 et
1459 873 1677 933 dimidia
1717 869 2008 939 aediﬁcave-

488 997 631 1044 runt.

2109 766 2248 825 CIX.
2296 763 2415 821 Non
2438 761 2647 835 potestis
2681 757 2900 814 Domino
2926 754 3136 817 seruire,
3169 752 3288 823 quia
3323 746 3460 805 Deus
3491 754 3701 805 sanctus

2117 873 2353 1013 Cliihbe
2380 951 2553 1026 lapide
2582 947 2892 1004 testamenti.

418 1073 3709 1147 ,μέ-,ΗΜ

1871 1216 2303 1305 INCIPIT

884 1391 1485 1544 LIBER
1578 1358 2212 1526 JOSUE
2309 1364 2704 1511 BEN
2784 1359 3250 1504 NUN.

1908 1593 2234 1615 -ι

487 1710 579 1783 [Τ.
618 1708 676 1778 I,
709 1706 775 1761 Β.
806 1704 856 1769 l,
890 1701 1020 1772 Cap.
1054 1696 1122 1770 1.]
1158 1695 1227 1750 Et
1262 1692 1465 1749 factum
1501 1696 1587 1742 est
1627 1691 1747 1756 post
1786 1687 2015 1737 mortem
2123 1688 2336 1746 quoque
2369 1683 2590 1739 terram,
2622 1682 2780 1739 quam
2810 1664 3072 1721 Dominus
3104 1662 3249 1717 Deus
3279 1667 3459 1716 vester
3487 1657 3712 1712 daturus

404 1804 573 1869 Mosi,
598 1800 743 1858 servi
774 1794 1012 1861 Domini,
1036 1800 1093 1846 ut
1122 1790 1434 1858 loqueretur
1457 1778 1715 1836 Dominus
1748 1773 1813 1829 ad
1849 1771 2015 1828 Iesue

414 1902 583 1957 ﬁlium
622 1897 764 1963 Non,
791 1892 1098 1949 ministrum
1140 1883 1313 1947 Mosi,
1358 1889 1413 1934 et
1461 1875 1668 1931 diceret
1707 1871 1797 1926 ei:
1842 1867 2015 1923 Moses

413 2007 602 2050 servus
630 2002 785 2046 meus
816 1993 1062 2041 mortuus
1086 1987 1170 2035 est
1196 1993 1210 2031 :
1241 1987 1421 2043 surge,
1447 1981 1501 2025 et
1529 1964 1697 2021 transi
1723 1960 2012 2018 Iordanem

414 2088 604 2150 istum,
630 2094 709 2153 tu,
745 2090 799 2136 et
822 2077 1001 2133 omnis
1035 2069 1271 2143 populus
1297 2076 1471 2121 tecum
1503 2059 1555 2115 iu
1583 2069 1820 2119 terram,
1854 2063 2012 2120 quam

412 2196 514 2253 ego
546 2178 688 2233 dabo
729 2172 853 2228 ﬁliis
890 2166 1077 2224 Israel.
1122 2162 1349 2218 Omnem
1399 2158 1606 2216 locum,
1641 2160 1800 2217 quem
1837 2143 2013 2195 calca-

413 2237 556 2331 verit
604 2268 896 2339 vestigium
945 2259 1098 2332 pedis
1141 2253 1342 2319 vestri,
1381 2246 1536 2303 vobis
1588 2241 1831 2302 tradam,
1878 2237 2017 2291 sicut

416 2370 637 2426 locutus
674 2326 811 2419 sum
841 2326 995 2413 Mosi.
1035 2355 1079 2409 A
1117 2352 1342 2405 deserto
1384 2352 1439 2399 et
1487 2338 1694 2397 Libano
1739 2345 1905 2402 usque
1947 2326 2013 2381 ad

414 2463 618 2518 ﬂumen
652 2467 909 2525 magnum
944 2446 1313 2518 Euphratem,
1347 2435 1522 2493 omnis
1554 2440 1697 2489 terra
1742 2423 2018 2480 Ilcttbmo-

417 2569 538 2609 rum
569 2521 852 2620 usque'ad
896 2555 1050 2597 mare
1082 2549 1333 2607 magnum
1374 2534 1562 2583 contra
1604 2521 1736 2577 solis
1764 2528 2013 2573 occasum

417 2646 523 2703 erit
554 2604 820 2700 terminus
869 2645 1076 2691 vester.
1129 2604 1322 2686 Nullus
1363 2620 1565 2695 poterit
1605 2614 1756 2670 vobis
1787 2610 1866 2682 [h.
1897 2604 2015 2677 tibi]

416 2740 676 2797 resistere
720 2731 933 2789 cunctis
977 2727 1172 2784 diebus
1216 2721 1342 2777 vitae
1386 2727 1535 2771 tuas:
1584 2712 1730 2765 sicut
1776 2704 1849 2759 iui
1893 2716 2014 2756 cum

607 2825 795 2899 [Vulg.
832 2820 979 2878 addit
1018 2816 1147 2888 ita],
1191 2828 1287 2868 ero
1333 2819 1391 2865 et
1440 2817 1652 2863 tecum:
1690 2814 1794 2853 non
1838 2793 2018 2850 dimit-

420 2934 568 2991 tam,
601 2936 699 2977 nec
735 2917 1113 2985 derelinquam
1163 2918 1234 2963 te.
1273 2902 1599 2960 Conl'ortare
1622 2939 1635 2963 ,
1664 2904 1720 2948 et.
1764 2900 1882 2947 esto
1928 2903 2015 2943 r0-

420 2988 615 3071 bustus
647 3029 661 3067 :
698 3023 752 3068 tu
794 3010 940 3067 enim
975 3015 1125 3060 sorte
1153 2998 1366 3056 divides
1393 2993 1592 3065 popqu
1623 2988 1747 3043 huic
1771 2994 1971 3039 terram
2000 3022 2015 3049 ,

422 3125 521 3181 pro
541 3123 645 3180 qua
676 3104 851 3177 juravi
889 3099 1128 3171 patribus
1156 3094 1261 3150 tuis
1289 3090 1367 3163 [Ιι.
1401 3082 1642 3155 eorum],

422 3167 697 3260 caminis:
720 3167 1042 3255 Confo-rtare
1075 3192 1259 3262 igitur,
1290 3193 1346 3240 et
1378 3192 1495 3238 esto
1530 3178 1791 3234 robustus
1834 3167 2021 3236 valde,

428 3308 485 3355 ut
534 3295 812 3354 custodias
839 3301 895 3347 et
926 3287 1093 3344 facias
1137 3297 1354 3338 omnem
1387 3278 1559 3348 legem
1608 3284 1767 3341 quam
1822 3276 2026 3336 prmce-

428 3391 507 3461 pit
547 3389 643 3445 tibi
686 3387 865 3445 Moses
904 3394 1095 3439 servus
1126 3392 1276 3433 meus
1312 3392 1327 3430 :
1370 3386 1443 3427 ne
1475 3364 1719 3425 declines
1757 3360 1826 3417 ab
1852 3373 1912 3414 ea
1958 3354 2025 3413 ad

426 3485 709 3541 dexteram
742 3480 825 3535 vel
857 3477 924 3533 ad
948 3475 1254 3536 sinistram,
1289 3478 1345 3525 ut
1376 3462 1650 3531 intelligas
1679 3464 1873 3510 cuncta
1906 3464 2026 3521 qua:

424 3579 565 3649 agis.
592 3577 708 3633 Non
736 3572 962 3633 recedat
1000 3569 1251 3623 volumen
1294 3561 1430 3631 legis
1463 3556 1620 3625 hujus
1656 3552 1723 3609 de
1753 3563 1850 3604 ore
1889 3554 1976 3602 tuo
2009 3562 2021 3599 :

424 3648 521 3729 sed
546 3666 903 3727 meditaberis
944 3664 997 3717 in
1025 3676 1091 3717 eo
1121 3658 1317 3714 diebus
1342 3669 1406 3708 ac
1438 3648 1715 3713 noctibus,
1744 3654 1799 3697 ut
1836 3650 2024 3695 custo-

428 3764 545 3823 dias
575 3773 631 3818 et
674 3760 839 3817 iacias
874 3754 1054 3814 omnia
1084 3767 1206 3823 qua:
1235 3748 1434 3817 scripta
1479 3752 1607 3799 sunt
1644 3744 1697 3795 in
1748 3753 1814 3793 eo
1843 3752 1858 3793 :
1901 3746 2028 3790 tunc

430 3858 634 3928 diriges
654 3855 798 3915 viam
820 3860 1001 3917 tuam,
1037 3858 1091 3902 et
1130 3843 1398 3912 intelliges
1434 3852 1573 3894 eam.
1612 3836 1747 3888 Ecce
1776 3825 2026 3900 praecipio

432 3927 560 4016 tibi,
594 3946 907 4004 confortare
947 3950 1002 3997 et
1036 3950 1153 3996 esto
1192 3936 1467 3991 robustus.
1513 3928 1628 3983 Noli
1662 3932 1939 3985 metuere,
1973 3927 2028 3973 et

433 4043 541 4101 noli
572 4043 787 4105 timere,
820 4035 1072 4109 quoniam
1109 4041 1283 4087 tecum
1321 4035 1404 4082 est
1436 4018 1695 4079 Dominus
1727 4016 1871 4071 Deus
1904 4022 2026 4071 tuus

434 4140 486 4193 in
515 4101 860 4192 ouinibusvad
891 4137 1241 4200 quaecumque
1278 4117 1605 4191 perrexeris.
1649 4109 1731 4184 [8.
1764 4108 1805 4164 lI
1828 4151 1841 4176 ,
1876 4107 1935 4160 C.
1962 4101 2026 4177 1.]

436 4224 987 4297 Prtecepitquelosue
1012 4216 1343 4290 principibus
1359 4208 1563 4283 pepuli,
1580 4206 1765 4262 dicens
1786 4220 1801 4258 :
1827 4201 2030 4256 'I‘rans-

440 4322 513 4377 ite
559 4295 656 4390 per
685 4295 923 4373 medium
955 4321 1256 4368 castrorum
1276 4351 1289 4374 ,
1317 4315 1371 4362 et
1412 4306 1673 4373 imperate
1703 4295 1933 4369 populo,
1966 4308 2029 4349 ac

439 4386 634 4468 dicite:
660 4411 975 4479 Praeparate
1004 4404 1155 4459 vobis
1182 4400 1418 4457 cibaria:
1444 4392 1701 4467 quoniam
1733 4400 1856 4463 post
1885 4386 2029 4441 diem

440 4506 655 4573 tertium
686 4499 986 4558 transibitis
1013 4496 1299 4552 Jordanem
1319 4534 1334 4559 ,
1359 4500 1414 4546 et
1452 4484 1721 4542 intrabitis
1750 4484 1814 4539 ad
1851 4480 2028 4553 possi-

438 4597 671 4655 dendam
701 4605 899 4652 terram
926 4605 1084 4661 quam
1136 4585 1395 4642 Dominus
1427 4582 1569 4638 Deus
1596 4587 1777 4637 vester
1803 4574 2027 4645 daturus

438 4701 519 4747 est
550 4690 727 4745 vobis.
770 4685 1057 4743 Rubeuitis
1085 4693 1301 4753 quoque
1339 4685 1395 4734 et
1437 4672 1682 4731 Gadditis
1710 4680 1764 4726 et
1790 4667 2028 4725 dimidia:

440 4783 606 4837 tribui
660 4780 908 4837 Manasse
953 4774 1076 4829 ait:
1139 4770 1461 4828 Mementote
1508 4763 1816 4825 sermonis,
1866 4773 2029 4828 quem

439 4873 700 4944 przecepit
727 4868 883 4925 vobis
912 4867 1084 4922 Moses
1130 4862 1360 4917 famulus
1392 4856 1631 4922 Domini,
1665 4853 1853 4908 dicens
1882 4867 1895 4902 :
1925 4848 2032 4903 Do-

437 4966 618 5021 minus
672 4964 816 5019 Deus
846 4968 1026 5019 vester
1066 4955 1216 5015 dedit
1255 4952 1408 5010 vobis
1448 4948 1684 5019 requiem
1718 4955 1771 5001 et
1815 4957 2033 4999 omnem

435 5069 641 5116 terram
666 5057 743 5129 [ιι.
776 5064 832 5111 ει
861 5065 1057 5109 terram
1085 5046 1286 5119 istam].
1317 5046 1525 5104 Uxores
1556 5051 1751 5097 vestrm
1772 5081 1787 5105 ,
1819 5046 1874 5094 et
1899 5035 2037 5103 ﬁlii,

437 5169 504 5208 ac
543 5152 791 5223 jumeuta
834 5147 1125 5203 manebunt
1160 5144 1213 5198 in
1258 5151 1403 5197 terra
1429 5180 1443 5204 ,
1489 5151 1647 5208 quam
1692 5133 1840 5190 dedit
1883 5131 2038 5186 vobis

440 5248 620 5303 Moses
654 5256 805 5302 trans
851 5241 1140 5299 Jordanem
1171 5255 1187 5311 ;
1222 5250 1315 5292 vos
1361 5242 1541 5291 autem
1590 5230 1815 5285 transite
1846 5225 2039 5282 armati

439 5351 571 5395 ante
626 5338 826 5392 fratres
877 5343 1088 5389 vestros
1120 5373 1134 5396 ,
1199 5338 1226 5367 ⁸
1272 5340 1463 5383 omnes
1514 5325 1679 5379 fortes
1730 5334 1936 5383 manu,
1988 5323 2042 5372 et

442 5440 681 5503 pugnate
708 5444 805 5500 pro
835 5427 943 5489 eis,
981 5424 1157 5479 donec
1182 5421 1275 5477 det
1306 5417 1567 5474 Dominus
1591 5412 1836 5483 requiem
1862 5408 2044 5464 fratri-

584 5524 812 5588 vestris,
844 5519 990 5575 sicut
1016 5524 1071 5572 et
1100 5513 1253 5570 vobis
1285 5509 1433 5567 dedit
1463 5527 1473 5563 :
1505 5516 1561 5563 et
1597 5503 1914 5576 possideant
1939 5500 2040 5572 ipsi

521 5671 544 5697 τι
579 5659 723 5715 LXX
752 5660 938 5729 legunt
982 5657 1035 5712 in
1088 5651 1583 5729 singulari,_omttis
1631 5648 1778 5729 fort-is
1826 5662 1993 5729 .utanu
2028 5660 2045 5697 :

448 5732 596 5803 quod
624 5717 1167 5803 Canonvllebxerit”
1180 5717 1301 5803 fms.
1319 5723 1613 5803 Bibliorum
1631 5717 1811 5775 codex
1825 5717 2047 5798 Regius,

451 5788 509 5863 et
541 5819 681 5860 unus
722 5801 1070 5860 Corbcieusis
1109 5788 1390 5857 imitantur
1422 5814 1432 5849 :
1465 5795 1565 5851 etsi
1602 5794 1653 5848 iu
1699 5806 1831 5848 mss.
1864 5788 2047 5854 omnis,

2120 1776 2203 1822 est
2237 1767 2348 1833 eis,
2390 1775 2441 1818 et
2482 1762 2559 1817 sic
2605 1754 2955 1815 revertemini
3008 1756 3061 1810 in
3102 1762 3301 1808 terram
3352 1747 3713 1821 possessionis

2124 1872 2340 1927 vestrae,
2366 1867 2420 1915 et
2449 1852 2762 1912 habitabilis
2788 1852 2841 1906 in
2866 1867 2953 1921 ea,
2986 1863 3146 1921 quam
3180 1845 3333 1901 vobis
3356 1843 3506 1897 dedit
3536 1842 3712 1896 Moses

2121 1954 2349 2010 lamulus
2380 1949 2589 2007 Domini
2619 1956 2767 2003 trans
2800 1943 3093 2001 Jordanem
3126 1948 3317 1994 contra
3346 1936 3475 1991 solis
3510 1943 3715 1989 ortum.

2122 2046 2643 2117 ReSpondcruntque
2672 2040 2741 2095 ad
2771 2038 2960 2105 Iosue,
2988 2042 3151 2105 atque
3177 2032 3435 2086 dixerunt
3460 2044 3473 2081 :
3499 2027 3712 2097 Omnia,

2119 2157 2236 2213 qua:
2282 2136 2591 2211 prmcepisﬁ
2621 2133 2810 2199 nobis,
2834 2130 3125 2191 faciemus,
3161 2135 3215 2182 et
3244 2136 3586 2196 quocumque
3618 2118 3721 2177 mi-

2119 2235 2279 2299 seris,
2310 2230 2528 2286 ibimus.
2569 2228 2719 2284 Sicut
2744 2223 3085 2279 obedivimus
3128 2220 3180 2273 in
3226 2217 3435 2273 cunctis
3461 2213 3618 2281 Mosi,
3645 2212 3716 2266 ita

2119 2325 2438 2383 obcdiemus
2474 2331 2529 2377 et
2569 2321 2703 2377 tibi:
2750 2327 2955 2371 tantum
3002 2314 3073 2371 sit
3110 2311 3375 2367 Dominus
3419 2309 3560 2364 Deus
3597 2318 3719 2361 tuus

2120 2428 2297 2475 tecum
2327 2460 2341 2481 ,
2371 2416 2513 2470 sicut
2542 2412 2642 2468 fuit
2669 2427 2791 2467 cum
2840 2409 3011 2464 Mose.
3059 2406 3161 2476 Qui
3199 2400 3593 2459 contradixerit
3624 2415 3719 2455 ore

2120 2520 2236 2577 tuo,
2269 2520 2319 2563 et
2345 2523 2448 2563 non
2481 2505 2755 2561 obedierit
2778 2500 2988 2556 cunctis
3017 2496 3361 2554 sermonibus
3390 2493 3500 2549 tuis
3526 2490 3719 2564 [Vulg.

2121 2613 2248 2658 tacet
2278 2600 2410 2671 tuis]
2441 2612 2575 2670 quos
2612 2595 2943 2669 praeceperis
2970 2594 3042 2656 ei,
3083 2589 3367 2644 moriatur.
3395 2584 3478 2642 Tu
3506 2592 3715 2640 tantum

2120 2694 2425 2753 confortare
2454 2700 2505 2747 et
2532 2689 2765 2745 viriliter
2791 2702 2908 2755 age.

2193 2786 2291 2858 (Β.
2325 2784 2389 2839 III
2409 2826 2422 2850 ,
2445 2783 2507 2839 C.
2535 2780 2611 2852 Il,
2638 2780 2767 2852 Cap.
2793 2778 2886 2849 ll.)
2913 2775 3055 2831 Misit
3084 2788 3213 2845 ergo
3245 2771 3409 2828 Josue
3432 2768 3576 2827 ﬁlius
3600 2767 3717 2825 Non

2122 2880 2188 2935 de
2229 2878 2425 2933 Settim
2473 2874 2609 2929 duos
2656 2872 2807 2925 viros
2858 2869 3232 2939 exploratores
3274 2860 3590 2917 abscondite
3616 2900 3630 2926 ,
3665 2868 3721 2913 et

2122 2972 2261 3028 dixit
2286 2970 2363 3024 eis
2392 2986 2405 3021 :
2439 2965 2536 3035 Ite,
2577 2976 2629 3020 et
2654 2962 3004 3018 considerate
3037 2967 3267 3023 terram,
3300 2954 3600 3024 urbemque
3630 2953 3719 3006 Je-

1671 3046 2017 3134 uttraderem
2047 3072 2091 3132 (ἶ
2127 3066 2297 3121 richo.
2330 3062 2431 3133 Qui
2465 3065 2753 3133 pergentes
2798 3052 3029 3126 ingressi
3060 3061 3185 3107 sunt
3212 3050 3434 3105 domum
3478 3046 3721 3102 mulieris

2126 3154 2449 3222 meretricis,
2478 3151 2694 3206 nomine
2716 3146 2931 3213 Rahab,
2965 3154 3021 3198 et
3047 3144 3369 3215 quieverunt
3398 3139 3540 3210 apud
3571 3153 3715 3193 eam.

2124 3249 2543 3317 Nuntiatumque
2580 3254 2660 3297 est
2709 3242 2818 3312 regi
2863 3238 3120 3302 Jericho,
3164 3242 3220 3290 et
3272 3234 3524 3288 dictum:
3574 3229 3715 3285 Ecce

2126 3342 2228 3397 viri
2258 3341 2485 3412 ingressi
2513 3349 2637 3391 sunt
2669 3337 2773 3391 huc
2802 3349 2897 3405 per
2920 3340 3135 3385 noctem
3169 3328 3236 3387 de
3280 3327 3406 3382 ﬁliis
3434 3324 3622 3394 Israel,
3661 3330 3720 3375 ut

2126 3436 2472 3505 explorarent
2496 3440 2716 3485 terram.
2750 3426 2999 3496 Misitque
3039 3438 3138 3477 rex
3162 3418 3383 3477 Jericho
3408 3417 3475 3478 ad
3504 3416 3717 3482 Rahab,

2127 3529 2314 3584 dicens
2347 3545 2359 3580 :
2393 3526 2539 3582 Educ
2570 3523 2739 3589 viros,
2769 3521 2856 3593 qui
2892 3524 3158 3579 venerunt
3185 3516 3250 3570 ad
3284 3524 3359 3581 te,
3392 3522 3450 3568 et
3490 3510 3720 3582 ingressi

2128 3631 2255 3678 sunt
2299 3621 2520 3676 domum
2571 3629 2755 3673 tuam:
2804 3613 3181 3683 exploratores
3219 3608 3418 3680 quippe
3465 3617 3621 3672 sunt,
3667 3610 3723 3657 et

2128 3732 2344 3772 omnem
2376 3724 2574 3771 terram
2602 3712 2682 3785 [h.
2708 3711 2995 3782 esplorare
3039 3707 3185 3764 enim
3212 3713 3480 3761 venerunt
3506 3714 3720 3756 omnem

2128 3809 2373 3883 terram]
2419 3808 2774 3864 considerare
2817 3808 3107 3858 venerunt.
3150 3798 3481 3869 Tollensque
3523 3793 3724 3851 mulier

2128 3910 2278 3962 viros
2304 3946 2320 3973 ,
2350 3901 2666 3967 abscondit,
2698 3908 2752 3955 et
2779 3899 2854 3953 ait
2884 3914 2899 3953 :
2936 3896 3158 3962 Fateor,
3197 3897 3461 3951 venerunt
3506 3889 3573 3943 ad
3606 3904 3719 3957 me,

2130 4001 2225 4057 sed
2260 3997 2564 4056 nesciebam
2612 3994 2751 4051 unde
2798 3979 2982 4049 essent
3016 4009 3026 4046 :
3059 4002 3290 4060 cumque
3322 3994 3473 4057 porta
3506 3982 3726 4039 claude-

2130 4102 2282 4150 retur
2324 4091 2374 4145 iu
2430 4088 2704 4156 tenebris,
2743 4095 2796 4141 et
2835 4084 2911 4139 illi
2963 4082 3168 4154 pariter
3213 4080 3493 4143 exierunt,
3544 4076 3729 4131 nescio

2130 4205 2238 4261 quo
2280 4186 2536 4254 abierint,
2572 4179 2958 4254 persequimiui
2991 4178 3124 4245 cito,
3154 4184 3209 4233 et
3248 4168 3731 4243 comprehendetis

2132 4300 2250 4343 eos.
2294 4282 2412 4354 Ipsa
2459 4287 2645 4339 autem
2685 4274 2811 4330 fecit
2858 4270 3156 4329 ascendere
3188 4268 3337 4323 viros
3369 4267 3422 4321 in
3468 4263 3730 4320 solarium

2133 4379 2325 4437 domus
2351 4389 2461 4431 suae
2492 4371 2571 4444 [ὴ.
2606 4369 2719 4424 Non
2750 4367 2942 4432 habet,
2970 4365 3165 4420 domus
3194 4358 3352 4433 suae],
3400 4356 3724 4433 operuitque

2061 4462 2112 4521 Π
2140 4488 2235 4529 eos
2275 4471 2368 4526 lini
2426 4468 2655 4538 stipula,
2699 4479 2817 4536 qua:
2853 4461 2927 4516 ibi
2964 4468 3102 4513 erat.
3147 4456 3184 4509 li
3224 4463 3404 4509 autem
3444 4450 3534 4522 qui
3579 4447 3727 4519 missi

2135 4566 2369 4633 fuerant,
2414 4560 2586 4619 secuti
2615 4566 2741 4614 sunt
2771 4570 2865 4611 eos
2898 4569 2991 4624 per
3034 4551 3174 4606 viam
3206 4563 3325 4618 qua:
3367 4546 3515 4602 ducit
3536 4544 3604 4611 ,ad
3636 4558 3730 4597 va-

2135 4660 2262 4715 dum
2291 4654 2545 4711 Iordanis
2576 4669 2589 4706 :
2622 4650 2840 4719 illisque
2866 4644 3103 4717 egressis
3126 4640 3332 4708 statim,
3370 4646 3519 4710 porta
3550 4637 3761 4705 clausa

2138 4758 2239 4806 est.
2292 4744 2537 4807 Necdum
2587 4737 2996 4796 obdormierant
3049 4733 3136 4807 qui
3190 4731 3465 4799 latebant,
3505 4737 3560 4783 et
3603 4740 3733 4781 ecce

2140 4841 2336 4898 mulier
2367 4835 2609 4893 ascendit
2651 4832 2717 4886 ad
2752 4830 2908 4897 illos,
2942 4839 2997 4883 et
3020 4828 3095 4880 ait
3125 4825 3203 4897 [h.
3238 4822 3305 4879 ad
3340 4821 3463 4876 illos
3503 4821 3555 4875 in
3584 4818 3731 4874 sola-

2139 4937 2279 4991 rium
2311 4940 2362 4987 et
2394 4928 2548 5001 ait]:
2581 4926 2715 4982 Novi
2754 4923 2896 4994 quod
2937 4920 3199 4976 Dominus
3247 4914 3533 4973 tradiderit
3579 4914 3735 4969 vobis

2144 5039 2344 5087 terram
2377 5044 2390 5081 :
2421 5024 2623 5082 etenim
2658 5022 2815 5077 irruit
2856 5021 2908 5075 in
2941 5032 3042 5074 nos
3073 5026 3248 5073 terror
3270 5024 3474 5080 vester,
3501 5023 3556 5070 et
3586 5013 3738 5068 elan-

2143 5131 2375 5196 guerunt
2402 5133 2592 5176 omnes
2621 5116 2961 5171 habitatores
2999 5120 3161 5166 terrae
3190 5107 3271 5181 [Ιι.
3303 5124 3331 5162 a
3355 5108 3492 5163 facie
3515 5105 3738 5179 vestra].

2145 5216 2464 5274 Audivimus
2506 5210 2650 5283 quod
2695 5206 2981 5265 siccaverit
3037 5203 3300 5259 Dominus
3350 5215 3519 5271 aquas
3570 5199 3735 5257 maris

2145 5307 2319 5364 Rubri
2351 5306 2419 5367 ad
2448 5313 2689 5363 vestrum
2738 5299 3057 5362 introitum,
3102 5293 3318 5367 quando
3359 5293 3565 5365 egressi
3610 5292 3743 5355 esus

2149 5417 2216 5458 ex
2247 5399 2477 5470 Egypto
2500 5440 2514 5464 ,
2542 5404 2596 5450 et
2621 5408 2742 5466 qua:
2766 5392 3009 5448 feceritis
3036 5389 3250 5443 duobus
3290 5386 3740 5443 Amorrbaeorum

2151 5496 2389 5569 regibus,
2414 5493 2503 5563 qui
2525 5498 2679 5547 erant
2712 5498 2860 5544 trans
2883 5484 3175 5541 Jordanem
3196 5524 3211 5552 ,
3236 5482 3378 5537 Seon
3408 5489 3462 5534 et
3485 5478 3584 5548 0g,
3608 5489 3745 5547 quos

2156 5652 2210 5697 et
2237 5640 2385 5712 fortis
2415 5636 2573 5694 facile
2595 5632 2757 5712 scribi
2785 5629 2959 5712 potuit
2979 5640 3295 5712 proomnﬁs,
3319 5629 3374 5676 et
3402 5620 3597 5691 fortes;
3620 5616 3745 5687 quia

2156 5695 2371 5769 veteres
2400 5712 2418 5765 i
2449 5723 2544 5780 pro
2570 5724 2595 5762 ε
2618 5695 2928 5762 scribebant
2957 5695 3172 5773 sacpius.
3208 5695 3384 5749 Μιιιτ.
