4098 6366
403 285 504 340 471

1416 281 1476 342 S.
1515 279 1901 338 HIERONYMI
1938 279 2169 340 DIVINA
2207 278 2686 342 BIBLIOTHECA.

3598 284 3708 341 472

411 403 764 460 interfecistis.
829 402 894 457 Et
958 402 1074 458 haec
1133 400 1420 456 audientes
1494 399 1851 468 pertimuimus
1887 443 1901 466 ,
1956 406 2006 454 et
2032 399 2182 462 Aibi
2205 407 2314 456 tres
2345 398 2479 455 dies.
2508 399 2716 468 Quibus
2753 397 2986 455 evolutis
3035 398 3370 456 transierunt
3423 415 3706 472 praecones

403 497 485 572 [lt.
531 513 635 554 non
666 496 868 568 habet]
912 497 1147 567 elanguit
1171 511 1266 552 cor
1289 503 1533 550 nostrum
1559 534 1574 562 ,
1608 507 1709 548 nec
1736 494 2000 549 remansit

405 597 462 652 in
511 595 668 650 nobis
709 593 932 665 spiritus
975 593 1042 648 ad
1090 591 1374 646 introitum
1428 597 1692 644 vestrum.
1738 587 1997 644 Dominus

402 687 550 744 enim
581 687 728 743 Deus
757 694 958 751 vester,
991 686 1106 755 ipse
1136 695 1218 738 est
1249 683 1392 738 Deus
1428 681 1481 736 in
1507 681 1647 736 caelo
1672 695 1911 748 sursum,
1943 690 2000 737 et

405 784 462 839 in
492 791 632 839 terra
657 779 935 836 deorsum.
961 777 1045 852 [C.
1073 776 1187 850 lll.]
1215 776 1367 832 Nunc
1387 791 1516 846 ergo
1541 775 1720 845 jurate
1744 775 1874 831 mihi
1904 791 2000 846 per

408 879 697 935 Dominum
723 919 737 944 ,
770 887 830 931 ut
873 872 1144 946 quomodo
1191 886 1291 942 ego
1329 869 1433 926 feci
1475 870 1754 926 vobiscum
1785 870 1999 926 miseri-

405 971 648 1028 cordiam
668 1011 683 1037 ,
716 969 793 1024 ita
827 977 882 1022 et
910 981 1005 1021 vos
1035 965 1244 1021 faciatis
1272 980 1394 1020 cum
1425 963 1590 1020 domo
1632 964 1802 1036 patris
1845 963 1950 1018 mei
1981 980 1995 1017 :

406 1065 656 1135 detisque
687 1061 817 1116 mibi
847 1061 1061 1130 signum
1094 1073 1284 1114 verum
1311 1098 1326 1124 ,
1367 1066 1426 1112 ut
1454 1057 1674 1112 salvetis
1719 1055 1798 1129 [h.
1829 1065 1886 1112 et
1922 1057 1993 1110 vi-

403 1157 659 1221 vifieetis,
685 1164 814 1220 etc.,
847 1162 902 1209 et
940 1162 1022 1208 est
1054 1165 1278 1218 sensus,
1309 1150 1548 1222 Recipite
1577 1165 1673 1206 eos
1715 1150 1770 1204 in
1797 1149 2000 1204 cultum

403 1249 534 1304 ﬁdei
568 1245 806 1318 vestrae]
840 1255 1042 1318 patrem
1085 1261 1264 1300 meum
1308 1255 1361 1300 et
1391 1253 1617 1300 matrem
1650 1259 1859 1312 meam,
1892 1242 2002 1299 fra-

401 1348 516 1396 tres
541 1354 603 1394 ae
631 1353 850 1394 sorores
883 1352 1061 1401 meas,
1085 1347 1140 1393 et
1178 1337 1356 1392 omnia
1387 1352 1505 1407 quae
1533 1351 1722 1392 eorum
1755 1344 1914 1403 sunt,
1946 1342 2002 1391 et

399 1432 611 1488 eruatis
641 1432 848 1486 animas
879 1439 1098 1486 nostras
1125 1430 1192 1486 de
1224 1442 1420 1486 morte.
1462 1430 1563 1498 Qui
1595 1428 2002 1501 responderunt

401 1524 458 1580 ei
486 1543 497 1578 :
531 1523 723 1580 Anima
753 1532 935 1579 nostra
963 1525 1035 1579 sit
1071 1538 1167 1592 pro
1198 1522 1354 1578 vobis
1375 1523 1429 1577 in
1461 1532 1715 1587 mortem,
1741 1523 1786 1576 si
1820 1531 1998 1576 tamen

401 1633 512 1673 non
545 1617 850 1688 prodideris
891 1632 1008 1672 nos.
1041 1617 1284 1688 Cumque
1313 1617 1598 1672 tradiderit
1631 1617 1789 1672 nobis
1823 1615 2003 1670 Domi-

406 1727 513 1766 nus
545 1719 775 1777 terram,
803 1709 1063 1765 faciemus
1089 1710 1140 1763 in
1171 1717 1222 1764 te
1252 1708 1677 1764 misericordiam
1703 1718 1759 1762 et
1797 1708 2000 1763 verita-

2103 509 2203 564 per
2265 501 2571 549 castrorum
2619 492 2853 548 medium
2887 537 2901 560 ,
2955 501 3012 547 et
3069 492 3309 548 clamare
3353 503 3638 564 emperunt
3685 511 3702 550 :

2101 586 2330 653 Quando
2351 585 2596 641 videritis
2622 601 2805 640 aream
2834 584 3058 642 fmderis
3085 585 3297 640 Domini
3334 585 3428 641 Dei
3486 588 3654 644 vestri
3684 628 3702 656 ,

2101 690 2156 736 et
2181 679 2493 736 sacerdotes
2543 680 2730 750 stirpis
2768 679 3024 735 Leviticte
3071 689 3354 749 portantes
3393 696 3514 737 eam
3544 722 3560 746 ,
3607 695 3705 738 vos

2101 788 2316 844 quoque
2347 774 2658 844 consurgite
2686 772 2763 844 [It.
2793 772 2864 828 de
2894 772 3030 829 locis
3052 773 3296 846 vesuis],
3327 783 3382 830 et
3411 773 3706 846 sequimini

2103 867 2475 938 praecedentes
2504 885 2518 926 :
2543 868 2722 939 sitque
2758 868 2902 924 inter
2925 883 3024 924 vos
3057 879 3112 924 et
3133 883 3313 924 arcam
3347 869 3578 940 spatium
3611 885 3708 926 cu-

2103 959 2346 1015 bitorum
2379 959 2545 1016 duun-t
2575 961 2830 1027 millium,
2863 970 2922 1016 ut
2954 961 3141 1030 procul
3171 961 3359 1018 videre
3381 963 3624 1033 possitis,
3651 971 3708 1021 et

2103 1066 2268 1108 nosse
2299 1068 2398 1124 per
2424 1069 2584 1124 quam
2617 1053 2757 1108 viam
2784 1054 3163 1125 iugrediamini
3193 1097 3208 1122 ,
3254 1057 3379 1128 quia
3421 1057 3566 1127 prius
3595 1073 3706 1115 non

2104 1147 2428 1203 ambulastis
2453 1163 2547 1218 per
2568 1163 2688 1204 eam
2725 1163 2739 1204 :
2766 1158 2820 1204 et
2848 1159 3040 1204 cavete
3065 1165 3134 1204 ne
3157 1151 3607 1221 appropinquetis
3635 1151 3704 1206 ad

2101 1253 2285 1295 arcam
2313 1238 2389 1312 [h.
2419 1241 2586 1294 duum
2617 1240 2844 1295 millium
2878 1240 2944 1296 ad
2968 1256 3278 1297 mensuram
3306 1283 3319 1305 ,
3349 1251 3403 1298 et
3422 1253 3611 1299 cavete
3637 1257 3705 1298 ne

2105 1332 2552 1402 apprOpinquetis
2597 1333 2666 1388 ad
2699 1347 2884 1389 arcam
2912 1373 2926 1399 ,
2976 1343 3038 1388 ut
3065 1336 3408 1404 cognoscatis
3438 1336 3577 1391 viam
3610 1351 3708 1406 per

2103 1440 2264 1496 quam
2291 1425 2670 1496 ingrediamini
2698 1469 2712 1493 ,
2747 1428 2870 1498 quia
2903 1442 3012 1481 non
3065 1428 3383 1482 atnbulastis
3435 1443 3532 1498 per
3581 1443 3704 1484 eam

2103 1521 2172 1576 ab
2203 1521 2321 1576 lteri
2347 1530 2402 1576 et
2423 1521 2618 1576 nudius
2649 1521 2878 1594 tertius].
2918 1522 3001 1594 [ϐ.
3030 1523 3142 1595 lV.]
3176 1524 3428 1596 Dixitque
3447 1525 3610 1581 Josue
3636 1525 3707 1582 ad

2105 1614 2366 1684 populum
2400 1629 2412 1668 :
2446 1613 2867 1671 Sanetificamiui
2899 1632 2912 1672 :
2944 1630 3065 1670 cras
3097 1617 3240 1671 enim
3266 1615 3423 1673 faciet
3446 1617 3710 1674 Dominus

2106 1707 2246 1762 inter
2273 1722 2369 1762 vos
2396 1706 2685 1762 mirabilia.
2712 1707 2776 1762 Et
2806 1707 2880 1762 ait
2903 1707 2970 1762 ad
2998 1708 3312 1763 sacerdotes
3344 1726 3359 1764 :
3392 1709 3590 1766 Tollite
3619 1727 3712 1765 ar-

406 1812 538 1857 tem.
573 1803 800 1857 Demisit
827 1816 957 1872 ergo
988 1815 1084 1856 eos
1114 1816 1209 1871 per
1241 1802 1420 1856 funem
1463 1799 1529 1855 de
1576 1799 1812 1854 fenestra
1845 1817 1859 1853 :
1892 1799 1990 1854 do-
2028 1801 2074 1861 B
2100 1815 2218 1856 eam
2249 1799 2468 1856 fmderis
2501 1841 2518 1866 ,
2551 1810 2605 1856 et
2636 1801 2926 1870 przecedite
2959 1804 3212 1873 populum
3238 1820 3254 1858 :
3276 1803 3540 1874 Quijussa
3559 1820 3707 1860 com-

408 1912 531 1952 mus
559 1895 702 1951 enim
726 1896 844 1964 ejus
873 1894 1112 1950 haerebat
1152 1909 1330 1948 muro.
1371 1893 1622 1963 Dixitque
1654 1893 1723 1948 ad
1751 1907 1886 1954 eos;
1920 1893 2000 1948 Ad

409 2001 668 2046 montana
699 1988 1049 2048 conscendite
1072 2029 1086 2054 ,
1120 2003 1188 2042 ne
1230 1987 1372 2043 forte
1403 1995 1692 2043 occurrant
1717 1987 1872 2042 vobis
1913 2001 2000 2043 re-

406 2092 686 2139 vertentes
726 2081 823 2156 [|t.
875 2080 1352 2153 persequentes]:
1388 2081 1568 2152 ibique
1618 2083 1782 2137 latete
1830 2083 2002 2138 tribus

404 2175 623 2243 diebus,
645 2177 820 2231 donec
844 2175 1084 2243 redeant,
1112 2185 1165 2231 et
1185 2176 1266 2230 sic
1292 2176 1439 2230 ibitis
1462 2190 1562 2245 per
1579 2175 1718 2230 viam
1745 2185 2000 2232 vestram.

409 2268 516 2335 Qui
539 2269 797 2325 dixerunt
821 2268 887 2324 ad
915 2283 1035 2324 eam
1066 2286 1080 2322 :
1113 2267 1323 2323 lnnoxii
1368 2269 1568 2323 erimus
1617 2283 1648 2323 a
1693 2268 2007 2339 juramento

409 2362 541 2432 hoc,
574 2379 680 2434 quo
709 2362 976 2433 adjurasti
1005 2377 1123 2431 nos,
1152 2363 1198 2418 si
1229 2362 1656 2432 ingredientibus
1684 2364 1841 2419 nobis
1896 2373 2007 2420 ter-

406 2472 550 2524 ram,
585 2457 798 2528 signum
825 2457 988 2512 fuerit
1017 2455 1295 2512 funiculus
1326 2458 1428 2512 iste
1453 2458 1766 2524 coccineus,
1799 2467 1854 2514 et
1874 2458 2008 2529 liga-

412 2549 558 2606 veris
585 2566 709 2605 eum
743 2550 796 2605 in
831 2550 1090 2618 fenestra,
1120 2566 1218 2622 per
1244 2566 1405 2620 quam
1433 2565 1534 2606 nos
1573 2551 1834 2606 demisisti
1867 2568 1880 2604 :
1916 2567 2009 2621 pa-

410 2652 551 2698 trem
585 2653 734 2698 tuum
762 2657 827 2698 ac
849 2652 1102 2706 matrem.
1133 2642 1442 2713 fratresque
1471 2653 1524 2698 et
1547 2659 1766 2699 omnem
1807 2658 2009 2716 cogna-

414 2736 620 2792 tionem
648 2744 815 2799 tuam,
849 2736 1263 2807 congregaveris
1311 2736 1365 2790 in
1417 2735 1642 2790 domum
1691 2746 1858 2792 tuam.
1904 2737 2008 2804 Qui

409 2829 608 2883 ostium
636 2827 832 2883 domus
856 2837 959 2882 tuae
989 2842 1245 2897 egressus
1267 2827 1449 2895 fuerit,
1475 2829 1695 2897 sanguis
1725 2829 1891 2898 ipsius
1907 2831 2010 2886 erit

411 2922 468 2976 in
501 2930 660 2989 caput
689 2920 830 2990 ejus,
858 2929 913 2974 et
943 2935 1042 2974 nos
1068 2921 1276 2974 erimus
1327 2930 1353 2957 ιι
1401 2920 1630 2976 innoxii.
1676 2921 2006 2978 Cunctorum

413 3019 595 3066 autem
629 3012 874 3081 sanguis,
902 3013 991 3082 qui
1014 3020 1189 3067 tecum
1212 3012 1265 3066 in
1296 3011 1460 3068 domo
1491 3012 1714 3077 fuerint,
1748 3014 2010 3070 redunda-

412 3105 497 3161 bit
525 3105 577 3158 itt
604 3113 769 3174 caput
791 3112 1060 3171 nostrum,
1095 3105 1138 3159 si
1170 3119 1264 3160 eos
1311 3104 1509 3171 aliquis
1565 3105 1822 3176 tetigerit.
1856 3105 2008 3174 Quod

2106 1894 2343 1965 plentes,
2379 1893 2626 1949 tulerunt
2655 1904 2709 1950 et
2747 1895 3167 1951 ambulaverunt
3197 1907 3324 1952 ante
3351 1914 3466 1954 eos.
3499 1899 3583 1972 [Β.
3615 1899 3708 1968 IV,

2106 1986 2169 2041 C.
2203 1986 2292 2057 V.]
2321 1987 2574 2058 Dixitque
2604 1988 2868 2044 Dominus
2898 1989 2964 2044 ad
2993 1989 3158 2046 Josue
3191 2007 3206 2046 :
3250 1992 3421 2048 llodie
3451 1995 3703 2065 incipiam

2107 2077 2351 2133 exaltare
2380 2087 2430 2132 te
2461 2093 2646 2134 coram
2677 2079 2826 2134 omni
2851 2080 3015 2136 lsrael
3045 2100 3059 2139 :
3087 2095 3140 2136 ut
3172 2085 3366 2149 sciant,
3397 2090 3541 2154 quod
3568 2087 3712 2143 sicut

2107 2184 2230 2225 cum
2254 2169 2402 2226 Mose
2434 2171 2531 2239 fui,
2569 2172 2639 2226 ita
2663 2182 2719 2228 et
2751 2181 2928 2228 tecum
2960 2175 3084 2229 sim.
3108 2175 3189 2231 Tu
3240 2185 3425 2233 autem
3472 2180 3713 2250 praecipe

2108 2262 2507 2330 sacerdotibus,
2541 2264 2633 2334 qui
2663 2274 2880 2334 portant
2901 2282 3084 2321 arcam
3110 2266 3365 2334 fmderis,
3395 2279 3450 2325 et
3474 2270 3564 2326 die
3588 2271 3708 2327 eis:

2107 2355 2241 2412 Cum
2275 2357 2502 2426 ingressi
2527 2356 2740 2414 fueritis
2769 2369 2973 2428 partem
3005 2375 3162 2431 aqua:
3185 2361 3459 2430 Jordattis,
3488 2375 3628 2420 state
3656 2365 3714 2422 in

2110 2447 2468 2519 ea.Dixitque
2495 2448 2661 2505 Josue
2683 2450 2751 2506 ad
2779 2450 2924 2506 ﬁlios
2958 2451 3126 2508 lsrael
3154 2465 3168 2509 :
3198 2455 3459 2512 Accedite
3484 2458 3588 2512 huc
3612 2503 3625 2525 ,
3656 2467 3714 2514 et

2110 2541 2292 2596 audite
2321 2543 2484 2597 verba
2516 2543 2730 2598 Domini
2763 2543 2861 2599 Dei
2888 2546 3079 2602 vestri.
3114 2547 3184 2602 Et
3205 2564 3421 2604 rursum
3449 2563 3464 2604 :
3495 2550 3552 2605 ln
3587 2551 3712 2619 hoc,

2112 2635 2307 2703 inquit,
2331 2636 2518 2690 scietis
2541 2636 2686 2706 quod
2717 2636 2819 2709 [h.]
2853 2639 2994 2693 Deus
3022 2641 3211 2694 vivens
3243 2641 3296 2695 in
3331 2641 3514 2696 medio
3543 2642 3714 2698 vestri

2110 2736 2215 2791 est,
2245 2737 2299 2782 et
2327 2727 2602 2798 disperdet
2627 2729 2681 2783 in
2711 2740 3007 2800 conspectu
3038 2741 3224 2788 vestro
3253 2731 3640 2800 Chanauteum,
3659 2743 3714 2790 et

2115 2817 2420 2874 llettbaeum
2452 2861 2467 2884 ,
2509 2829 2565 2876 et
2609 2820 2828 2876 Evaeum
2857 2833 2910 2877 et
2938 2823 3322 2891 Pberezaeum,
3365 2825 3711 2898 Gergesteum

2112 2929 2328 2985 quoque
2357 2924 2413 2970 et
2440 2915 2816 2971 Amorrltaeum
2858 2926 2912 2972 et
2962 2917 3292 2974 Jebusaaum.
3348 2920 3489 2976 Ecce
3518 2962 3533 2986 ,
3584 2937 3712 2976 arca

2113 3008 2336 3065 fmderis
2379 3009 2593 3064 Domini
2627 3011 2805 3065 omnis
2849 3020 3007 3066 terra:
3038 3013 3322 3068 antecedet
3349 3029 3442 3069 vos
3463 3028 3563 3083 per
3587 3013 3712 3076 Jor-

2115 3101 2334 3158 danem.
2360 3102 2555 3158 Parate
2582 3101 2868 3158 duodecim
2901 3103 3048 3158 viros
3087 3104 3155 3159 de
3205 3105 3451 3160 tribubus
3503 3104 3665 3160 lsrael
3690 3144 3707 3172 ,

413 3199 462 3256 si
491 3213 592 3253 nos
614 3198 848 3269 prodere
875 3197 1134 3263 volueris,
1166 3208 1219 3253 et
1241 3212 1548 3254 sermonem
1580 3198 1740 3253 istum
1761 3198 2007 3268 proferre
2035 3187 2081 3251 C
2112 3198 2354 3270 singulos
2383 3213 2481 3268 per
2511 3199 2753 3270 singulas
2779 3199 2970 3255 tribus.
3003 3199 3084 3273 [Ο.
3123 3200 3232 3272 VL]
3271 3201 3484 3256 Etcum
3512 3217 3710 3272 posue-

410 3294 467 3350 in
491 3294 753 3358 medium,
779 3293 980 3347 erimus
1000 3290 1184 3346 mundi
1205 3291 1274 3346 ab
1302 3293 1404 3346 Itoc
1424 3292 1758 3361 iuramento,
1789 3309 1895 3363 quo
1913 3295 2006 3349 ad-

407 3387 603 3457 jurasti
637 3400 758 3440 nos.
794 3385 859 3439 Et
880 3383 968 3438 illa
1002 3383 1284 3453 reSpoudit
1309 3403 1322 3438 :
1348 3383 1500 3440 Sicut
1521 3384 1686 3439 locuti
1714 3385 1849 3440 estis
1874 3431 1888 3455 ,
1931 3385 2004 3442 ita

411 3478 526 3534 ﬁat.
562 3477 957 3546 Dintittensque
977 3489 1073 3531 eos
1103 3484 1161 3529 ut
1185 3483 1496 3545 pergerent,
1525 3475 1781 3546 appendit
1804 3475 2007 3532 funicu-

413 3569 524 3624 lum
551 3570 865 3624 coccineum
893 3568 945 3621 in
978 3568 1235 3622 fenestra.
1262 3565 1342 3620 Illi
1365 3581 1497 3622 vero
1517 3567 1861 3623 ambulantes
1893 3585 2006 3639 per-

409 3669 686 3717 venerunt
712 3658 780 3713 ad
811 3667 1067 3712 montana
1099 3698 1115 3724 ,
1153 3666 1209 3713 et
1247 3667 1562 3713 manserunt
1594 3657 1669 3713 ibi
1698 3667 1804 3714 tres
1833 3659 1950 3715 dies
1985 3704 1999 3729 ,

411 3753 586 3809 donec
611 3758 1021 3808 reverterentur
1042 3751 1132 3820 qui
1159 3752 1371 3805 fuerant
1401 3753 1670 3822 persecuti
1706 3769 1718 3804 :
1749 3768 2002 3823 quaeren-

410 3857 494 3903 tes
521 3847 665 3901 enim
695 3861 790 3916 per
820 3845 1007 3917 [ναις.
1033 3845 1159 3898 add.
1181 3845 1418 3917 omnem]
1450 3846 1614 3911 viam,
1645 3861 1752 3902 non
1783 3863 2002 3918 repere-

405 3949 534 3995 runt
562 3954 682 3996 eos.
708 3938 900 4006 Quibus
929 3937 1102 3992 urbem
1130 3938 1370 4009 ingressis
1394 3936 1470 4009 [h.
1507 3953 1614 3994 non
1647 3938 1813 3995 habet
1852 3939 1998 4012 hoc],

407 4035 614 4092 reversi
644 4043 769 4090 sunt
806 4041 864 4089 et
890 4032 1289 4088 descenderunt
1329 4033 1707 4099 exploratores
1748 4033 1816 4090 de
1847 4049 2001 4090 mon-

403 4139 480 4197 te,
505 4137 580 4197 et,
615 4127 853 4183 Jordane
876 4127 1214 4192 transmisso,
1241 4135 1506 4182 venerunt
1543 4125 1611 4181 ad
1633 4126 1801 4182 Josue
1829 4127 1996 4182 filium

403 4222 548 4291 Nun,
582 4231 1049 4290 narraveruntque
1076 4222 1125 4276 ei
1154 4223 1332 4275 omnia
1362 4237 1482 4292 qum
1509 4221 1820 4276 acciderant
1850 4222 1953 4277 sibi
1980 4262 1995 4288 ,

404 4325 566 4388 atque
587 4315 849 4370 dixerunt
875 4329 889 4367 :
924 4313 1172 4368 Tradidit
1196 4313 1457 4367 Dominus
1485 4313 1537 4368 in
1562 4329 1755 4369 manus
1783 4324 1998 4370 nostras

400 4427 617 4466 omnem
646 4420 844 4466 terram
869 4410 1040 4475 ltanc,
1065 4419 1118 4464 et
1143 4408 1337 4464 timore
1366 4410 1620 4480 prostrati
1661 4418 1786 4464 sunt
1813 4410 1993 4465 cuncti

399 4503 732 4560 habitatores
763 4503 881 4572 ejus
903 4502 981 4574 [h.
1013 4510 1136 4556 ante
1161 4501 1352 4555 faciem
1381 4501 1665 4571 nostram].

2110 3291 2220 3344 rint
2245 3290 2467 3360 vestigia
2498 3289 2692 3360 pedum
2719 3305 2972 3356 suorum,
3018 3293 3332 3348 sacerdotes
3362 3295 3452 3363 qui
3483 3300 3702 3364 portant

2109 3376 2140 3418 δ
2170 3395 2347 3438 arcam
2371 3381 2474 3454 [h.]
2493 3382 2712 3438 fmderis
2736 3382 2948 3439 Domini
2983 3383 3074 3438 Dei
3117 3383 3387 3439 universa}
3425 3393 3586 3440 terra:
3607 3428 3621 3452 ,
3652 3384 3707 3439 in

2107 3475 2261 3546 aquis
2284 3475 2559 3541 Jordanis,
2583 3491 2736 3546 aqua:
2765 3491 2886 3547 qua:
2910 3476 3196 3531 inferiores
3241 3485 3386 3545 sunt,
3419 3477 3709 3533 decurrent

2108 3579 2267 3641 atque
2293 3569 2548 3625 deficient
2579 3587 2592 3621 :
2625 3585 2745 3640 quae
2765 3582 2945 3624 autem
2977 3569 3211 3640 desuper
3231 3569 3478 3638 veniunt,
3516 3572 3566 3626 in
3601 3587 3707 3628 una

2107 3664 2251 3720 mole
2272 3663 2587 3719 consistent.
2614 3662 2693 3734 [Β.
2721 3661 2811 3734 V.]
2842 3663 3006 3734 Igitur
3043 3679 3299 3734 egressus
3347 3676 3429 3720 est
3476 3667 3704 3736 populus

2103 3758 2172 3814 de
2200 3744 2558 3814 tabernaculis
2585 3757 2697 3812 suis
2723 3755 2909 3828 [ναις.
2953 3767 3055 3812 (ac.
3099 3757 3254 3831 suis],
3308 3766 3366 3813 ut
3409 3759 3702 3814 transirent

2103 3850 2396 3907 Jordanem
2425 3864 2440 3904 :
2472 3857 2526 3904 et
2551 3835 2865 3904 sacerdotes
2893 3890 2908 3916 ,
2953 3850 3043 3920 qui
3074 3851 3358 3920 portabant
3386 3866 3565 3906 arcam
3597 3851 3702 3907 fte-

2104 3943 2272 4011 deris,
2299 3943 2593 4015 pergebant
2616 3953 2740 3998 ante
2760 3958 2908 3999 eum.
2965 3943 3334 4015 Ingressisque
3379 3946 3460 4000 eis
3512 3945 3705 4000 Jorda—

2104 4053 2256 4104 nem,
2282 4045 2338 4092 et
2363 4035 2588 4108 pedibus
2619 4051 2807 4091 eorum
2830 4035 3011 4091 tinctis
3033 4037 3085 4090 in
3115 4047 3264 4106 parte
3284 4053 3436 4108 aqua:
3463 4037 3701 4110 (Jorda-

2100 4135 2185 4188 nis
2204 4142 2382 4188 autem
2415 4133 2562 4202 ripas
2582 4131 2720 4186 alvei
2747 4130 2831 4186 sui
2857 4140 3100 4202 tempore
3129 4133 3319 4188 messis
3337 4133 3694 4202 impleverat),

2102 4235 2372 4282 steterunt
2398 4241 2552 4296 aquae
2572 4225 2964 4282 descendentes
2988 4227 3039 4280 in
3064 4242 3172 4282 uno
3195 4227 3336 4295 loco,
3369 4237 3422 4284 et
3441 4228 3506 4283 ad
3532 4229 3701 4285 instar

2101 4321 2299 4376 montis
2337 4321 2758 4375 intumescentes
2796 4319 3132 4388 apparebant
3179 4320 3364 4389 procul
3395 4361 3409 4384 ,
3459 4321 3528 4375 ab
3565 4322 3700 4377 urbe

2095 4429 2217 4485 qua:
2237 4423 2462 4470 vocatur
2491 4411 2664 4466 Adom
2696 4425 2866 4485 usque
2903 4410 2970 4465 ad
3011 4410 3189 4466 locum
3234 4411 3466 4467 Sarthau
3515 4430 3529 4467 :
3579 4429 3698 4484 quae

2096 4514 2272 4560 autem
2301 4502 2583 4559 inferiores
2604 4513 2778 4568 erant,
2829 4503 2882 4556 in
2937 4517 3085 4558 mare
3127 4503 3447 4559 Solitudiuis
3494 4505 3691 4578 (quod

467 4596 552 4668 [T.
583 4597 646 4662 ll,
667 4570 929 4668 Cap._lll._]
953 4595 1118 4666 Igitur
1143 4593 1306 4650 Josue
1352 4593 1420 4648 de
1459 4605 1616 4650 nocte
1658 4609 1994 4666 consurgens
2017 4570 2071 4630 Ῐ)
2100 4613 2241 4654 nunc
2263 4607 2486 4652 vocatur
2514 4570 3691 4668 Μοι-ιυυιη),ἁθεεθηι1θιιιιιιι,ιιεψιθῳίοόιιι-

396 4689 571 4745 movit
598 4697 778 4745 castra
807 4708 820 4741 :
853 4686 1303 4758 egredientesque
1337 4687 1405 4742 de
1450 4685 1643 4742 Settim
1675 4730 1690 4756 ,
1725 4699 1992 4745 venerunt

391 4785 459 4840 ad
481 4783 773 4840 Jordanem
805 4782 919 4853 ipse
940 4790 995 4837 et
1016 4796 1208 4838 omnes
1229 4781 1320 4837 filii
1351 4781 1538 4852 lsrael,
1568 4791 1624 4839 et
1639 4785 1836 4840 morati
1863 4795 1991 4842 sunt

463 4983 490 5012 ἰ
519 4971 600 5027 Ita
630 4969 778 5024 solus
801 4967 988 5023 Canon
1020 4965 1156 5038 lleb.
1191 4967 1350 5021 verit.
1381 4967 1528 5034 juxta
1571 4967 1620 5021 id
1651 4968 1793 5038 quod
1817 4982 1978 5036 supra

341 5081 344 5084 ~
389 5047 654 5111 scriptum
688 5052 768 5096 est
794 5055 846 5094 v.
883 5039 970 5092 17.
999 5036 1108 5111 Alii
1139 5051 1264 5111 cum
1289 5036 1808 5111 manuscripti,‘tum
1850 5039 1981 5094 editi

388 5110 518 5172 libri
538 5116 742 5183 legunt,
775 5120 830 5183 et,
855 5127 947 5164 nos
977 5110 1164 5183 erimus
1195 5110 1352 5183 alieni
1381 5125 1400 5166 :
1431 5125 1658 5183 quorum
1688 5111 1977 5183 verborum

384 5201 580 5244 sensus
596 5180 716 5239 'non
747 5182 962 5238 videtur
988 5181 1120 5236 satis
1149 5180 1436 5250 expeditus
1463 5180 1530 5234 ad
1566 5181 1978 5251 intelligentiam

383 5259 724 5328 ponttlarem.
753 5253 1015 5328 Advertat
1042 5253 1215 5306 lector
1245 5267 1500 5328 versuum
1530 5268 1786 5328 numeros
1815 5253 1901 5306 ltic
1924 5261 1980 5308 et

378 5324 506 5388 sum
550 5329 603 5383 in
650 5324 1094 5381 annotationibus
1141 5325 1344 5378 nostris
1395 5339 1516 5378 esse
1566 5327 1782 5386 citatos.
1814 5334 1976 5392 prout

377 5401 536 5457 divisi
567 5399 913 5468 reperiuntur
958 5395 1014 5448 in
1059 5393 1286 5464 Vulgata
1332 5393 1548 5468 Latina,
1581 5395 1828 5465 quamvis
1866 5411 1970 5450 nu-

376 5475 593 5529 meriea:
634 5465 1040 5524 versiculorum
1091 5475 1232 5520 notae
1289 5465 1510 5520 minime
1565 5475 1862 5536 appareant
1914 5468 1967 5522 in

371 5553 522 5599 textu
549 5553 736 5596 nostro
765 5551 986 5608 propter
1020 5537 1280 5589 rationem
1311 5536 1363 5590 in
1396 5537 1803 5608 Prolegomenis
1828 5537 1965 5592 alla-

374 5622 504 5670 tam.
536 5611 748 5670 Videsis
768 5607 890 5680 quae
921 5609 992 5662 ibi
1021 5608 1289 5680 dicuntur.
1321 5607 1490 5663 MART.

442 5718 515 5729 ....
537 5686 670 5741 Cum
705 5678 964 5739 Urbiuate
996 5694 1097 5734 ms.
1125 5678 1364 5748 plerique
1385 5680 1476 5734 alii
1507 5695 1628 5733 cum
1654 5679 1782 5735 editi
1810 5680 1955 5748 libri,

373 5765 483 5812 tttm
516 5772 670 5823 ntss.,
699 5756 854 5810 alieni
881 5753 1061 5822 legunt
1086 5765 1183 5820 pro
1209 5751 1428 5823 innoxii.
1465 5750 1716 5823 Palatin.,
1750 5753 1838 5807 illa
1867 5768 1958 5808 ex-

368 5841 568 5899 puncta
596 5821 749 5899 voce,
782 5828 919 5883 banc
941 5821 1234 5895 posteriori
1265 5835 1426 5878 manu
1451 5822 1749 5879 substituit.

2100 4693 2228 4748 nino
2278 4690 2596 4746 deficerent.
2655 4689 2894 4759 Populus
2939 4698 3120 4745 autem
3161 4689 3446 4773 incedebat
3503 4701 3689 4746 contra

2103 4799 2124 4827 ε
2145 4785 2365 4844 Jericho
2381 4802 2397 4843 :
2415 4793 2471 4840 et
2493 4783 2824 4850 sacerdotes,
2847 4782 2938 4854 qui
2961 4782 3247 4854 portabant
3276 4797 3457 4838 arcam
3476 4782 3696 4840 foederis

2157 4965 2185 5005 ι)
2215 4967 2589 5038 Septuaginta,
2633 4967 2820 5024 Canon
2857 4976 2911 5024 et
2963 4968 3239 5038 Interpres
3265 4969 3441 5026 Arabs
3487 4970 3692 5030 habent

2084 5039 2308 5095 verbum
2340 5040 2586 5110 (aderis:
2614 5039 2757 5110 quod
2791 5041 3160 5109 tamenlabest
3206 5041 3261 5096 in
3317 5041 3550 5100 Hebraeo
3592 5045 3690 5100 lto-

2086 5110 2280 5166 dierno
2307 5120 2363 5165 et
2390 5111 2442 5164 in
2475 5110 2841 5166 Samaritano.
2873 5113 3053 5167 Man'r.

2156 5212 2229 5223 —
2253 5181 2455 5255 Nulli‘e
2486 5184 2688 5255 nostris
2715 5197 2847 5237 mss.
2879 5199 3067 5239 vocent
3093 5184 3300 5254 [aderis
3347 5184 3438 5241 hic
3468 5186 3689 5255 habent,

2085 5269 2245 5321 quam
2278 5269 2377 5308 nec
2402 5252 2804 5330 flebraeusjpse
2823 5265 3000 5330 textus
3017 5252 3280 5324 agnoscit.
3297 5257 3525 5314 Palatin.
3552 5252 3692 5330 prie;

2089 5334 2234 5380 terea
2263 5324 2540 5397 portabunt
2571 5327 2622 5379 in
2658 5324 2838 5379 futuro
2867 5325 2994 5395 legit
3025 5341 3124 5397 pro
3156 5337 3381 5394 portant.

2157 5408 2178 5436 ο
2223 5397 2372 5451 ilanc
2419 5397 2706 5451 lectionem
2760 5408 2971 5453 mutare
3030 5399 3336 5467 noluimus,
3387 5401 3490 5455 etsi
3552 5418 3685 5460 mss.

2078 5467 2300 5524 Codices
2333 5467 2580 5522 undecim
2611 5470 2792 5537 legant
2839 5485 3029 5524 omnes
3065 5479 3248 5524 contra
3275 5469 3561 5528 Iordanem
3584 5492 3604 5528 :
3634 5477 3689 5531 in

2076 5539 2318 5609 Hebraeis
2367 5539 2510 5593 enim
2561 5542 2994 5609 exemplaribus,
3025 5552 3080 5596 et
3131 5543 3182 5595 in
3234 5542 3440 5599 Grmcis
3485 5561 3686 5602 nomen

2071 5607 2438 5687 Jerielto,__n0n
2459 5607 3066 5687 laritanisinvenimus.
3099 5611 3306 5670 Sensus
3335 5631 3553 5687 quoque
3587 5619 3685 5673 ob-

2072 5685 2284 5738 scurior
2308 5683 2464 5808 If‘iieret
2495 5685 2547 5737 in
2580 5683 2886 5755 Scriptura,
2920 5686 2964 5740 si
2993 5685 3215 5742 Latinos
3241 5683 3688 5760 codices'seque-

2072 5771 2272 5808 remur.
2364 5769 2490 5808 ΛΚΤ.

2070 5771 2272 5811 remur.
2309 5769 2490 5808 MART.

2078 5901 2081 5903 ἓ
2139 5857 2212 5870 --
2237 5825 2595 5898 ltefragautur
2624 5842 2755 5885 mss.
2783 5841 2972 5887 omnes
3003 5843 3123 5886 cum
3155 5831 3323 5888 nostri
3343 5873 3358 5899 ,
3397 5838 3510 5887 tum
3539 5847 3678 5904 quos
