4098 6366
352 298 469 355 475

1826 294 2029 353 LIBER
2063 295 2300 353 IOSUE.

3546 301 3655 360 47‘

356 414 594 482 Domini,
627 416 843 472 stabant
863 430 1025 485 super
1046 414 1243 472 siccam
1275 415 1495 472 humum
1537 416 1589 472 in
1621 416 1799 472 medio
1834 417 1955 472 Ior-
1982 431 2035 490 Α
2059 415 2427 473 castrametati
2455 422 2581 469 sunt
2610 413 2665 470 in
2693 412 2928 485 Galgalis
2962 422 3153 470 contra
3183 412 3503 473 orientalem
3535 418 3658 487 pla-

352 508 510 563 danis
534 510 781 577 accincti,
806 510 1089 579 omniSque
1119 510 1343 581 pepulus
1365 526 1458 582 per
1478 520 1718 567 arentem
1742 512 1951 568 alveum

354 602 637 657 transibat.

428 696 511 769 [Β.
549 696 633 763 VI,
661 696 719 754 C.
752 698 862 765 VII,
888 697 1015 772 Cap.
1042 700 1152 771 lV.l
1182 700 1387 767 Quibus
1411 700 1790 769 transgressis,
1816 700 1954 755 dixit

352 788 618 844 Dominus
646 791 712 844 ad
744 790 946 847 Iosue:
1004 792 1154 862 Elige
1202 792 1487 848 duodecim
1533 794 1678 848 viros
1707 793 1951 864 singulos

349 897 449 952 per
477 884 723 955 singulas
756 884 929 939 tribus
963 902 973 937 :
1010 894 1063 941 et
1090 887 1362 955 praecipue
1405 887 1483 941 eis
1512 928 1526 953 ,
1582 896 1637 940 ut
1664 887 1855 941 tollant
1881 886 1949 943 de

350 977 534 1031 medio
590 978 841 1032 Iordanis
895 978 1053 1034 alveo
1082 1021 1097 1047 ,
1150 978 1241 1034 ubi
1286 987 1555 1034 steterunt
1602 980 1947 1035 sacerdotum

346 1072 517 1142 pedes
540 1114 555 1137 ,
598 1072 880 1128 duodecim
907 1072 1230 1127 durissimos
1277 1073 1368 1145 [h.
1402 1089 1506 1129 non
1533 1072 1735 1141 habet,
1766 1073 1945 1128 duris-

346 1165 553 1237 simos]
588 1165 812 1236 lapides,
846 1182 983 1237 quos
1006 1167 1218 1237 ponetis
1251 1168 1303 1222 itt
1330 1167 1450 1221 loco
1481 1176 1782 1223 castrorum
1808 1209 1824 1233 ,
1855 1166 1945 1220 ubi

350 1257 583 1312 fixeritis
612 1259 711 1313 hac
741 1270 900 1314 nocte
940 1260 1195 1315 tentoria.
1244 1260 1343 1333 [C.
1380 1258 1515 1316 VIII.
1566 1259 1946 1331 ]Vocavitqne

345 1350 514 1406 Iosue
543 1351 830 1407 duodecim
857 1353 1004 1409 viros
1029 1399 1042 1421 ,
1067 1368 1203 1425 quos
1232 1356 1475 1424 elegerat
1499 1353 1567 1408 de
1602 1353 1727 1407 ﬁliis
1753 1353 1942 1419 Israel,

345 1446 590 1515 singulos
622 1446 690 1500 de
723 1447 967 1501 tribubus
992 1447 1239 1517 singulis,
1266 1456 1325 1502 et
1354 1448 1428 1500 ait
1450 1446 1516 1501 ad
1547 1461 1641 1501 cos
1666 1464 1676 1499 :
1708 1445 1787 1500 Ite
1817 1457 1943 1501 ante

342 1553 529 1593 arcam
565 1540 772 1594 Domini
804 1540 900 1595 Dei
932 1542 1097 1596 vestri
1143 1542 1211 1596 ad
1261 1542 1514 1597 Iordanis
1560 1542 1835 1609 medium,
1888 1551 1947 1597 et

342 1643 561 1702 portate
590 1634 713 1689 inde
756 1634 952 1704 singuli
984 1634 1229 1705 singulos
1262 1634 1469 1705 lapides
1501 1634 1555 1689 in
1588 1634 1826 1689 humeris
1850 1648 1944 1689 ve-

340 1726 474 1780 stris
501 1768 515 1791 ,
538 1726 689 1796 juxta
720 1743 1003 1783 numerum
1030 1728 1259 1783 ﬁliorum
1292 1727 1458 1783 Israel
1491 1770 1505 1795 ,
1554 1737 1611 1782 ut
1636 1729 1708 1783 sit
1729 1729 1939 1798 signum

2056 527 2175 581 gam
2208 510 2361 565 urbis
2391 509 2632 565 Iericho.
2677 507 2973 564 Duodecim
3000 523 3215 579 quoque
3244 509 3448 579 lapides
3476 550 3492 576 ,
3519 526 3656 581 quos

2056 603 2123 660 de
2152 603 2406 659 Iordanis
2430 604 2583 657 alveo
2622 610 2971 673 sumpserant
2996 646 3010 670 ,
3046 601 3227 673 posuit
3256 603 3421 658 Iosue
3451 602 3503 657 in
3530 601 3657 658 Gal-

2053 699 2211 770 galis,
2242 709 2295 753 et
2320 698 2458 752 dixit
2489 698 2554 751 ad
2590 696 2729 752 ﬁlios
2758 696 2958 751 Israel:
2993 694 3097 768 [C.
3122 695 3237 751 XII.
3264 696 3282 767 l
3310 696 3537 765 Quando
3571 697 3657 752 in-

2051 791 2469 863 terrogaverint
2500 790 2594 845 ﬁlii
2624 792 2790 846 vestri
2820 804 2945 847 cras
2968 802 3148 861 patres
3168 806 3316 857 suos,
3343 802 3397 848 et
3419 791 3655 848 dixerint

2052 888 2158 943 eis:
2208 887 2349 956 Quid
2402 887 2503 943 sibi
2552 887 2743 943 volunt
2788 887 2875 942 isti
2918 886 3179 956 lapides?
3217 886 3483 943 docebitis
3508 902 3603 942 eos
3634 932 3649 957 ,

2050 991 2209 1052 atquo
2239 982 2472 1038 dicetis:
2530 981 2633 1037 Per
2682 990 2926 1037 arentem
2956 982 3170 1037 alveum
3207 981 3457 1036 transivit
3485 980 3652 1036 Israel

2048 1077 2341 1132 Iordanem
2369 1078 2531 1133 istum
2555 1117 2571 1143 ,
2594 1078 2837 1131 siccante
2868 1075 3101 1131 Domino
3130 1075 3243 1130 Deo
3270 1083 3455 1129 vestro
3480 1088 3653 1145 aquas

2048 1170 2167 1240 ejus
2197 1171 2248 1226 in
2281 1179 2583 1240 conspectu
2618 1178 2803 1225 vestro
2835 1211 2850 1237 ,
2900 1170 3077 1224 donec
3122 1169 3457 1224 transiretis:
3508 1169 3653 1223 sicut

2050 1264 2253 1320 fecerat
2296 1266 2445 1332 prius
2480 1264 2534 1318 in
2568 1262 2706 1317 mari
2746 1261 2972 1328 Rubro,
3025 1263 3166 1331 quod
3208 1260 3432 1317 siccavit
3476 1260 3651 1316 donec

2049 1358 2436 1412 transiremus:
2466 1368 2523 1411 ut
2553 1356 2766 1411 discant
2795 1369 2987 1410 omnes
3016 1363 3285 1410 terrarum
3328 1352 3511 1423 populi
3542 1352 3653 1407 for-

2047 1450 2311 1504 tissimam
2331 1450 2542 1505 Domini
2568 1464 2806 1514 manum,
2832 1458 2887 1504 et
2911 1458 2967 1503 ut
2987 1462 3087 1502 vos
3110 1446 3345 1502 timeatis
3358 1446 3647 1501 Dominum

2046 1541 2217 1596 Deum
2248 1553 2489 1600 vestrum
2520 1542 2666 1596 omni
2697 1550 2963 1611 tempore.

2119 1633 2203 1706 [Β.
2238 1635 2330 1690 Vll
2354 1678 2368 1701 ,
2394 1635 2457 1690 C.
2486 1633 2603 1689 XIII
2631 1681 2645 1703 ,
2674 1634 2806 1705 Cap.
2831 1633 2922 1706 V.]
2980 1633 3268 1705 Postquam
3298 1647 3429 1702 ergo
3460 1632 3648 1687 audie-

2043 1738 2172 1783 runt
2217 1742 2407 1783 omnes
2452 1744 2607 1800 reges
2656 1728 3141 1793 Amorrhteorum,
3189 1727 3283 1797 qui
3332 1725 3649 1781 habitabant

343 1818 488 1875 inter
539 1836 658 1875 vos.
707 1820 787 1891 [C.
824 1820 937 1892 lX.|
990 1822 1053 1876 Et
1106 1822 1323 1892 quando
1360 1822 1819 1891 interrogaverint
1844 1838 1939 1878 vos
1972 1834 2015 1894 Β
2046 1833 2193 1877 trans
2220 1822 2510 1877 Iordanem
2539 1823 2604 1877 ad
2634 1822 3025 1878 occidentalem
3056 1822 3265 1893 plagam
3302 1862 3318 1886 ,
3374 1828 3429 1875 et
3463 1817 3647 1874 cuncti

344 1913 439 1967 ﬁlii
472 1915 641 1969 vestri
664 1929 784 1969 cras
808 1958 822 1981 ,
852 1914 1125 1969 dicentes:
1158 1914 1295 1981 Quid
1324 1914 1427 1969 sibi
1459 1914 1653 1968 volunt
1685 1914 1774 1968 isti
1806 1914 1937 1983 lapi—

342 2005 475 2060 des?
522 2006 925 2075 respondebitis
950 2009 1058 2063 eis:
1119 2007 1441 2061 Defecerunt
1490 2021 1644 2077 aqua:
1684 2006 1935 2062 Iordanis

339 2110 469 2156 ante
513 2117 693 2156 arcam
745 2102 964 2157 hederis
1007 2102 1267 2170 Domini,
1316 2116 1440 2156 cum
1489 2101 1743 2155 transiret
1769 2116 1933 2155 eum:

339 2196 548 2252 ideirco
577 2198 739 2267 positi
768 2209 891 2253 sunt
922 2198 1134 2268 lapides
1167 2198 1251 2253 ἱειί
1282 2199 1334 2253 in
1367 2200 1758 2253 monimentum
1793 2196 1935 2252 ﬁlio-

339 2308 462 2347 rum
495 2293 659 2349 Israel
689 2309 857 2364 usque
888 2293 941 2347 in
990 2304 1275 2348 :eternum.
1328 2290 1599 2347 Fecerunt
1654 2306 1783 2362 ergo
1837 2290 1933 2346 ﬁlii

337 2388 507 2444 Israel
540 2389 679 2443 sicut
705 2389 784 2443 eis
806 2387 1067 2457 praecepit
1093 2388 1259 2444 Iosue
1284 2432 1297 2453 ,
1345 2394 1626 2456 portantes
1654 2384 1721 2439 de
1754 2383 1933 2439 medio

336 2482 591 2537 Iordanis
620 2482 777 2536 alveo
815 2481 1099 2536 duodecim
1149 2480 1395 2549 lapides,
1454 2489 1513 2533 ut
1560 2479 1612 2533 ei
1671 2476 1934 2532 Dominus

339 2577 653 2646 imperarat.
673 2575 827 2645 juxta
860 2590 1142 2630 nutnerum
1177 2572 1411 2628 ﬁliorum
1440 2571 1641 2636 Israel,
1666 2585 1838 2641 usque
1866 2569 1931 2624 ad

338 2669 513 2725 locum
543 2710 558 2736 ,
584 2670 637 2723 in
672 2685 777 2739 quo
808 2668 1183 2724 castrametati
1217 2676 1382 2732 sunt,
1417 2666 1601 2735 ibique
1636 2672 1933 2733 posuerunt

336 2778 457 2817 eos.
510 2763 659 2817 Alios
684 2777 901 2834 quoque
927 2762 1210 2818 duodecim
1243 2761 1449 2831 lapides
1478 2759 1657 2830 posuit
1683 2759 1851 2815 Iosue
1877 2758 1930 2813 in

336 2855 519 2910 medio
548 2856 802 2911 Iordanis
827 2857 982 2911 alveo
1006 2897 1019 2919 ,
1051 2856 1138 2910 ubi
1169 2864 1437 2910 steterunt
1459 2854 1777 2909 sacerdotes
1801 2894 1813 2917 ,
1841 2851 1930 2921 qui

333 2948 626 3017 portabant
648 2964 824 3003 arcam
854 2948 1105 3004 foederis:
1158 2958 1213 3004 et
1239 2958 1369 3004 sunt
1409 2948 1482 3003 ibi
1512 2964 1681 3018 usque
1714 2948 1764 2999 in
1795 2960 1931 3015 prae-

332 3052 545 3096 sentem
601 3044 765 3097 diem.
823 3042 1145 3097 Sacerdotes
1202 3052 1430 3108 autem,
1490 3042 1583 3111 qui
1644 3038 1930 3109 portabant

331 3150 515 3192 arcam
550 3179 565 3202 ,
622 3136 839 3190 stabant
866 3137 915 3190 in
946 3134 1195 3190 Iordanis
1246 3134 1421 3189 medio
1455 3175 1470 3199 ,
1524 3134 1697 3187 donec
1746 3130 1925 3185 omnia

2041 1929 2198 1986 reges
2231 1914 2539 1980 Chanaan,
2589 1914 2681 1985 qui
2731 1915 3031 1984 propinqua
3079 1912 3437 1984 possidebant
3464 1910 3645 1979 magni

2040 2009 2208 2063 maris
2232 2008 2370 2072 loca,
2404 2007 2546 2078 quod
2572 2009 2836 2063 siccasset
2864 2007 3128 2063 Dominus
3158 2004 3362 2063 ﬂuenta
3393 2003 3649 2061 Iordanis

2037 2118 2220 2159 coram
2252 2103 2379 2157 ﬁliis
2408 2103 2576 2157 Israel
2600 2102 2777 2157 donec
2815 2102 3154 2167 transirent,
3205 2099 3535 2156 dissolutum
3563 2106 3648 2152 est

2035 2212 2134 2251 cor
2157 2212 2349 2252 eorum
2379 2240 2392 2263 ,
2428 2205 2484 2251 et
2526 2212 2633 2251 non
2664 2196 2933 2251 remansit
2970 2195 3021 2249 in
3052 2196 3133 2250 eis
3176 2193 3404 2263 Spiritus
3452 2194 3647 2247 timeu-

2037 2290 2169 2344 tium
2201 2290 2482 2345 introitum
2510 2290 2743 2344 ﬁliorum
2780 2288 2961 2344 Israel.
2991 2287 3076 2361 [Τ.
3110 2287 3219 2353 III,
3253 2287 3315 2341 Β.
3363 2284 3477 2340 VIII
3508 2326 3524 2353 ,
3573 2286 3631 2340 (Σ.

2038 2382 2201 2454 XIV.]
2237 2385 2312 2439 Eo
2342 2394 2585 2454 tempore
2613 2385 2689 2439 ait
2734 2385 2998 2439 Dominus
3025 2384 3092 2438 ad
3142 2384 3339 2439 Iosue:
3385 2381 3492 2437 Fac
3545 2379 3642 2435 tibi

2033 2476 2237 2532 cultros
2269 2476 2534 2546 lapideos,
2564 2488 2619 2532 et
2648 2477 2979 2533 circumcide
3004 2476 3248 2532 secundo
3278 2474 3418 2530 ﬁlios
3447 2473 3638 2531 Israel.

2037 2570 2120 2642 [C.
2152 2568 2295 2640 XV.]
2326 2569 2473 2625 Fecit
2495 2570 2639 2639 quod
2663 2570 2901 2638 jusserat
2928 2565 3645 2635 Dominus,etcircumeidit

2036 2664 2178 2717 ﬁlios
2204 2664 2366 2718 Israel
2397 2664 2447 2717 in
2476 2663 2615 2719 colle
2647 2665 3057 2733 prmputiorum.
3115 2662 3242 2718 [late
3269 2670 3449 2717 autem
3474 2676 3638 2717 causa

2034 2766 2121 2813 est
2147 2758 2401 2812 secundae
2445 2758 2908 2813 circumeisionis:
2967 2757 3155 2813 Omnis
3216 2757 3493 2828 populus,
3544 2757 3637 2826 qul

2034 2865 2290 2921 egressus
2322 2859 2494 2907 estex
2521 2850 2759 2922 IEgypto
2785 2850 3002 2922 generis
3035 2850 3318 2906 masculini
3350 2894 3364 2917 ,
3396 2847 3638 2904 universi

2031 2946 2327 3002 bellatores
2360 2947 2459 3001 viri
2488 2987 2503 3013 ,
2536 2948 2735 3001 mortui
2762 2955 2889 3001 sunt
2912 2947 2968 3001 in
3000 2946 3225 3002 deserto
3255 2960 3354 3016 per
3386 2943 3638 3015 longissi-

2035 3055 2151 3095 mos
2179 3041 2279 3095 via:
2308 3041 2567 3095 circuitus
2592 3082 2606 3105 ,
2636 3039 2729 3109 qui
2750 3054 2946 3095 omnes
2986 3039 3298 3095 circumcisi
3329 3048 3505 3095 erant.
3533 3037 3635 3093 Po-

2032 3133 2192 3203 pulus
2214 3143 2394 3188 autem
2430 3134 2522 3205 qui
2554 3142 2711 3190 natus
2738 3144 2822 3190 est
2870 3134 2924 3188 in
2956 3132 3176 3188 deserto
3202 3173 3217 3196 ,
3272 3147 3371 3201 per
3407 3131 3642 3202 quadra-

331 3231 897 3301 complerentur,qua:
919 3230 1103 3299 Iosue,
1125 3241 1184 3285 ut
1215 3230 1534 3300 loqueretur
1557 3229 1622 3282 ad
1644 3226 1925 3298 populum,
1957 3235 2003 3299 ο
2033 3226 2181 3296 ginta
2206 3240 2383 3279 annos
2415 3226 2626 3280 itineris
2650 3224 2928 3279 latissimae
2959 3223 3273 3279 solitudinis
3297 3268 3310 3293 ,
3342 3224 3638 3278 incircum-

329 3335 667 3397 prmceperat
698 3324 959 3379 Dominus
980 3367 993 3391 ,
1049 3336 1102 3379 ct
1132 3324 1348 3379 dixerat
1372 3323 1423 3378 ei
1453 3322 1645 3377 Moses.
1676 3321 1927 3376 FeStina-

330 3419 519 3486 vitqtte
584 3418 859 3488 populus,
924 3426 979 3473 et
1032 3419 1267 3473 transiit.
1322 3418 1568 3487 Cumque
1610 3417 1931 3471 transissent

328 3524 542 3577 omnes,
574 3512 824 3566 transivit
846 3520 897 3565 et
920 3525 1046 3565 arca
1079 3511 1318 3576 Domini,
1353 3509 1772 3578 sacerdotesque
1805 3524 1926 3577 pcr-

326 3606 528 3675 gcbant
556 3616 683 3661 ante
711 3606 991 3676 populum.
1040 3606 1162 3661 Filii
1191 3621 1408 3677 quoque
1433 3605 1619 3660 Ruben
1649 3646 1662 3669 ,
1686 3615 1740 3659 et
1770 3604 1882 3659 Gad
1905 3644 1920 3669 ,

324 3706 381 3751 et
442 3697 664 3752 dimidia
725 3698 899 3752 tribus
952 3698 1234 3764 Manasse,
1282 3698 1476 3752 armati
1543 3696 1926 3766 praecedebant

322 3789 521 3845 fratres
549 3804 678 3844 suos
707 3789 847 3844 ﬁlios
893 3790 1080 3856 Israel,
1115 3791 1254 3844 sicut
1300 3791 1379 3844 eis
1428 3796 1763 3858 prteceperat
1810 3787 1922 3842 Mo-

324 3896 416 3937 ses
466 3882 551 3953 [Ιι.
597 3881 987 3951 prteeedebant
1044 3882 1186 3936 ﬁlios
1256 3882 1468 3947 Israel,
1520 3882 1661 3935 sicut
1717 3880 1921 3934 locutus

321 3983 400 4027 est
448 3974 516 4025 ad
561 3990 646 4028 eos
681 3972 871 4027 Moses.
916 3973 1291 4043 Quadraginta
1340 3974 1507 4027 millia
1556 3982 1918 4043 pugnatorum

323 4065 655 4121 incedebant
683 4081 869 4121 coram
916 4065 1185 4136 Domino].
1214 4065 1296 4136 [C.
1330 4064 1418 4136 X.]
1453 4065 1517 4119 Et
1560 4065 1917 4135 quadraginta

318 4168 682 4228 pugnatorum
714 4160 887 4214 millia
931 4175 1029 4229 per
1078 4168 1308 4225 turmas,
1356 4170 1409 4215 et
1449 4174 1653 4215 cuneos
1700 4159 1920 4215 incede-

317 4251 452 4305 bant
482 4266 578 4319 per
601 4252 761 4321 plana
808 4263 968 4323 atque
1005 4252 1329 4317 campestria
1382 4252 1533 4307 urbis
1580 4252 1820 4308 Iericho.
1858 4253 1913 4308 In

314 4343 408 4398 die
448 4345 542 4399 illo
590 4345 953 4415 magniﬁcavit
1008 4347 1267 4400 Dominus
1315 4345 1483 4401 Iosue
1528 4360 1710 4401 coram
1766 4346 1915 4401 omni

313 4436 507 4506 Israel,
537 4448 594 4492 ut
621 4439 876 4493 timerent
903 4455 1046 4508 eum,
1068 4440 1211 4495 sicut
1234 4441 1525 4494 timuerant
1547 4440 1755 4507 Mosen,
1785 4440 1912 4495 dum

308 4530 619 4583 adviveret.
653 4529 735 4601 [C.
765 4529 881 4601 XL]
912 4531 1159 4598 Dixitque
1183 4530 1251 4585 ad
1281 4546 1402 4586 eum
1427 4550 1437 4585 :
1468 4532 1709 4601 Praecipe
1731 4547 1913 4587 sacer-

2031 3323 2181 3376 cisus
2213 3321 2527 3385 fuit,donec
2558 3330 3013 3376 consumerentur
3063 3319 3153 3390 qui
3200 3334 3305 3374 non
3351 3317 3640 3373 audierant

2030 3430 2220 3471 vocem
2250 3416 2503 3481 Domini,
2556 3423 2612 3469 et
2666 3413 2862 3485 quibus
2906 3421 3031 3468 ante
3055 3412 3370 3482 juraverat,
3422 3419 3479 3465 ut
3525 3425 3633 3464 non

2031 3508 2345 3564 ostenderet
2371 3507 2451 3563 eis
2482 3516 2508 3545 ιι
2542 3516 2743 3561 terram
2799 3506 2939 3561 lacte
2988 3514 3045 3560 et
3091 3504 3250 3559 melle
3300 3514 3634 3559 manantem.

2030 3603 2233 3660 IIorum
2263 3602 2355 3657 ﬁlii
2379 3602 2432 3657 in
2460 3602 2635 3656 locum
2658 3608 3043 3656 successerunt
3070 3607 3377 3668 patrum,et
3397 3597 3631 3651 circnm-

2028 3696 2123 3751 cisi
2155 3706 2280 3749 sunt
2307 3711 2335 3749 a
2368 3696 2568 3751 Josue:
2620 3695 2743 3763 quia
2774 3694 2915 3749 sicut
2940 3695 3048 3749 nati
3093 3695 3346 3759 fuerant,
3401 3693 3452 3745 in
3485 3706 3632 3762 prae-

2026 3790 2178 3859 putio
2202 3799 2361 3844 erant
2389 3787 2469 3860 [h.
2499 3789 2625 3859 quia
2655 3787 2956 3859 prwputiali
2982 3785 3149 3858 erant]
3170 3828 3186 3852 ,
3218 3799 3319 3839 nec
3348 3798 3443 3840 eos
3470 3784 3521 3838 in
3548 3784 3631 3837 via

2026 3884 2227 3954 aliquis
2256 3882 2697 3938 circumciderat.
2749 3883 3042 3953 Postquam
3070 3890 3249 3936 autem
3295 3895 3485 3936 omnes
3515 3880 3626 3935 cir-

2024 3978 2251 4032 cumcisi
2280 3989 2429 4043 sunt,
2458 3983 2781 4032 manserunt
2811 3978 2862 4030 in
2889 3976 3082 4032 eodem
3124 3983 3429 4031 castrorum
3462 3974 3583 4029 loco
3610 4013 3627 4038 ,

2024 4072 2199 4127 donec
2228 4082 2573 4127 sanarentur.
2610 4070 2711 4143 [C.
2746 4070 2891 4125 XVI.
2920 4070 2935 4142 ]
2989 4071 3239 4139 Dixitque
3268 4070 3532 4124 Dominus
3559 4068 3626 4122 ad

2021 4168 2187 4223 Iosue
2219 4186 2231 4221 :
2268 4166 2437 4221 llodie
2481 4167 2677 4221 abstuli
2724 4166 3079 4236 opprobrium
3113 4164 3333 4237 IEgypti
3386 4178 3414 4218 a
3446 4162 3625 4218 vobis.

2022 4260 2397 4329 Vocatumque
2421 4269 2505 4314 est
2535 4275 2735 4314 nomen
2770 4259 2872 4313 loci
2898 4258 3045 4313 illius
3070 4258 3288 4327 Galgala
3310 4256 3385 4329 [h.
3408 4252 3625 4326 Gilgal],

2019 4369 2193 4423 usque
2223 4354 2275 4407 in
2308 4362 2632 4424 praesentem
2663 4354 2830 4409 diem.
2868 4352 2947 4426 [C.
2983 4351 3173 4425 μη]
3204 4353 3626 4420 Manseruntqnc

2019 4444 2114 4498 ﬁlii
2144 4444 2309 4499 Israel
2336 4446 2388 4499 in
2418 4445 2662 4516 Galgalis
2693 4486 2705 4509 ,
2739 4454 2795 4500 et
2825 4445 3073 4501 fecerunt
3101 4444 3303 4514 phase,
3338 4443 3627 4514 quartade-

2017 4539 2156 4593 cima
2186 4538 2276 4595 die
2297 4540 2501 4594 mensis
2523 4538 2591 4593 ad
2615 4554 2902 4609 vesperum
2932 4581 2946 4605 ,
2982 4540 3033 4593 in
3061 4538 3460 4607 campestribus
3484 4537 3626 4593 Ieri-

309 4622 559 4690 dotibus,
586 4624 677 4692 qui
705 4634 925 4694 portant
954 4640 1133 4679 arcam
1168 4625 1389 4681 foederis
1414 4625 1491 4697 [h.
1529 4626 1904 4697 testamenti],
1935 4638 1988 4698 D
2014 4635 2154 4686 eho:
2187 4640 2242 4685 et
2270 4631 2635 4686 comederunt
2680 4631 2749 4686 de
2779 4630 3032 4701 frugibus
3058 4639 3220 4685 terra:
3263 4630 3353 4686 die
3401 4631 3578 4685 altero
3606 4672 3622 4697 ,

306 4725 369 4770 ut
393 4716 691 4770 ascendant
722 4716 789 4771 de
811 4717 1073 4773 Iordane.
1115 4719 1220 4785 Qui
1246 4719 1505 4789 prmcepit
1531 4720 1609 4775 eis
1635 4762 1649 4787 ,
1678 4720 1903 4779 dicens:

306 4809 607 4865 Ascendite
635 4810 706 4866 de
749 4810 1004 4866 Iordane.
1064 4812 1309 4883 Cumque
1350 4813 1729 4868 ascendissent
1778 4830 1904 4884 por-

305 4913 486 4960 tantes
514 4921 697 4960 arcam
720 4904 945 4963 fmderis
971 4906 1204 4973 Domini,
1237 4916 1291 4963 et
1310 4909 1511 4962 siccam
1538 4907 1761 4963 humum
1794 4910 1905 4964 cal-

300 5012 435 5053 care
462 4999 781 5067 evenissent,
808 5014 1044 5055 reversae
1071 5010 1195 5054 sont
1222 5015 1376 5069 aqute
1402 5000 1454 5055 in
1479 5002 1692 5055 alveum
1721 5015 1901 5068 suum,

299 5102 358 5145 et
388 5089 633 5147 ﬂuebant
664 5092 947 5149 sicutante
970 5102 1389 5149 consueverant.
1440 5094 1685 5164 Populus
1722 5105 1903 5151 autem

296 5183 555 5239 ascendit
583 5185 651 5241 de
673 5185 952 5254 Iordane,
1008 5186 1219 5242 decima
1245 5187 1334 5243 die
1373 5188 1535 5257 primi
1582 5189 1807 5255 mensis,
1852 5201 1907 5246 et

299 5341 555 5417 glartian.
588 5345 879 5410 consuluit,
912 5347 1001 5417 qui
1026 5347 1145 5417 pari
1193 5362 1461 5403 consensu
1491 5347 1694 5403 habent
1722 5358 1903 5404 contra

295 5411 588 5467 Iordanem
614 5418 789 5487 :quod
819 5411 995 5473 tamen
1014 5411 1312 5474 scribarum
1336 5421 1639 5474 oscitantis:
1670 5422 1895 5477 tribuas.

375 5492 404 5521 α
431 5487 688 5551 ριιςιιᾱίιιιι
722 5489 845 5543 hinc
872 5491 1186 5545 exciderunt
1214 5491 1355 5545 sacri
1380 5498 1555 5545 textus
1580 5492 1768 5555 verba,
1800 5493 1899 5547 La-

296 5557 565 5630 tinorum,
602 5570 658 5612 ut
689 5560 944 5627 arbitror,
1002 5562 1299 5615 scribarum
1350 5563 1575 5617 solemni
1617 5564 1775 5630 lapsu
1827 5565 1897 5619 ob

294 5626 517 5704 ejudem
561 5633 729 5704 vocis
782 5642 968 5686 terram
1022 5648 1322 5687 recursum.
1374 5635 1454 5690 Ad
1503 5633 1647 5688 hunc
1676 5626 1897 5704 'nempe

292 5697 522 5754 modum
553 5702 611 5758 S.
661 5702 822 5759 Pater
852 5704 1011 5759 fuerit
1057 5705 1464 5775 interpretatus,
1494 5706 1774 5759 ostenderet
1826 5697 1897 5762 eis

290 5778 524 5851 terram,
577 5791 734 5845 quam
789 5777 1056 5851 juratterat
1109 5777 1363 5832 Dominus
1415 5778 1645 5851 patribus
1708 5794 1895 5833 eorum

290 5844 448 5913 dare,
501 5844 729 5921 terram,
776 5844 884 5906 etc.
931 5848 1153 5906 Latinus
1185 5857 1366 5906 autem
1402 5844 1738 5923 antiquarius
1770 5894 1783 5920 ,
1837 5860 1893 5908 ut

2015 4739 2237 4796 azymos
2261 4739 2449 4792 panes,
2482 4732 2538 4779 et
2570 4725 2845 4793 polentam
2878 4723 3121 4792 ejusdem
3146 4724 3291 4779 anni.
3316 4723 3397 4795 [Β.
3435 4723 3526 4795 ΙΧ,
3551 4724 3615 4782 C.

2008 4818 2224 4891 XVIII]
2259 4818 2574 4889 Delecitque
2604 4833 2799 4874 manna
2831 4827 3115 4889 postquam
3158 4818 3515 4874 comederunt
3545 4818 3616 4875 de

2007 4911 2253 4981 frugibus
2281 4922 2460 4976 terrte,
2484 4927 2583 4967 nec
2609 4912 2689 4966 usi
2714 4920 2846 4966 sunt
2871 4911 3010 4966 ultra
3040 4911 3163 4968 cibo
3192 4911 3288 4965 illo
3316 4909 3409 4966 ﬁlii
3429 4910 3617 4979 Israel,

2006 5005 2104 5060 sed
2151 5004 2511 5060 comederunt
2559 5006 2629 5061 de
2678 5004 2923 5076 frugibus
2963 5006 3250 5077 praisentis
3295 5006 3422 5061 anni
3460 5014 3622 5061 terrae

2006 5097 2286 5153 Chanaan.
2318 5097 2402 5171 [Β.
2434 5098 2503 5163 Χ,
2538 5097 2597 5153 C.
2641 5098 2810 5173 XIX]
2834 5100 2969 5154 Cum
2992 5111 3170 5155 autem
3199 5107 3347 5155 esset
3367 5097 3536 5154 Iosue
3563 5098 3617 5153 in

2007 5207 2139 5262 agro
2170 5192 2323 5247 urbis
2352 5192 2578 5249 Iericho
2604 5238 2619 5263 ,
2668 5192 2871 5249 levavit
2906 5194 3095 5249 oculos
3120 5235 3135 5261 ,
3178 5202 3233 5248 et
3277 5191 3416 5248 vidit
3444 5193 3617 5248 virum

2012 5353 2270 5414 diximus.
2298 5370 2420 5425 qua:
2454 5365 2575 5425 post
2604 5365 2813 5422 terram,
2861 5357 3040 5425 priore
3077 5359 3197 5415 loco
3243 5367 3371 5414 sunt
3409 5358 3573 5414 verba
3600 5400 3616 5425 ,

2009 5436 2329 5482 recurrente
2362 5428 2522 5482 oculo
2542 5428 2605 5480 ad
2630 5443 2746 5483 eam
2770 5444 2983 5493 vocem,
3032 5430 3121 5485 ubi
3161 5431 3403 5485 secundo
3447 5430 3614 5486 habe—

2010 5504 2115 5562 tur,
2152 5508 2359 5553 temere
2390 5500 2763 5569 praetermisit.
2789 5499 2921 5555 Nam
2946 5512 2999 5555 et
3022 5502 3309 5559 IIebrteum
3334 5502 3612 5572 exemplar

2006 5614 2223 5684 repetit,
2239 5622 2367 5699 Vna:
2393 5598 2474 5675 πώ
2492 5598 2608 5676 nn‘7
2640 5598 2839 5677 unm“:
2861 5623 2981 5677 mm
3008 5626 3163 5682 ante:
3176 5627 3311 5677 nunt
3324 5625 3613 5703 vnn-tm

2004 5718 2057 5761 et
2100 5705 2349 5785 Graecum
2394 5709 2507 5785 pari
2547 5724 2833 5785 consensu.
2877 5715 2967 5769 τήν
2993 5719 3086 5783 γῆν
3116 5712 3173 5771 ἣν
3221 5711 3394 5785 ὤμοσε
3422 5709 3609 5785 Κύριος

2000 5787 2114 5863 τοῖς
2140 5782 2401 5861 πατρὸςσιν
2428 5782 2595 5836 αὐτῶν
2619 5778 2816 5863 δοῦειςαι,
2847 5792 2939 5863 γῆν
2964 5778 3203 5863 ριἔουσαν,
3222 5778 3339 5855 etc.
3356 5782 3483 5839 Erat
3498 5778 3612 5839 I100

2002 5862 2151 5909 certe
2177 5857 2410 5923 pretium
2440 5867 2619 5923 opera:
2651 5857 3121 5912 animadvertisse.
