3956 6338
433 265 544 326 478

1436 270 1494 327 S.
1541 267 1918 328 llIERONYMl
1955 265 2181 328 DIVINA
2223 267 2696 330 BIBLIOTHECA.

3623 279 3732 337 476

425 390 670 436 stantem
703 391 893 440 contra
926 393 1077 449 se,et
1105 383 1740 452 evaginatomtenentem
1771 382 2033 454 gladium,
2065 386 2112 448 A
2144 392 2412 455 praecepta
2437 395 2564 441 sunt
2590 431 2605 456 ,
2635 386 2912 458 quidpiam
2954 387 3280 457 contingatis
3303 431 3318 456 ,
3352 398 3407 444 et
3434 390 3555 446 sitis
3584 405 3729 462 prte-

434 477 785 546 perrexitque
806 477 874 532 ad
906 493 1028 533 cum
1061 519 1074 543 ,
1101 487 1154 532 et
1187 479 1288 531 ait:
1321 476 1519 532 Noster
1540 491 1600 534 es
1627 519 1642 545 ,
1671 492 1740 534 an
1770 478 2035 538 adversa-

431 569 682 624 riorum?
703 571 803 639 Qui
833 571 1150 638 respondit:
1197 570 1546 641 Nequaquam
1571 588 1583 624 :
1620 570 1713 627 sed
1740 587 1857 625 sum
1887 571 2038 641 prin-

430 676 558 734 ceps
584 665 872 720 exercitus
901 664 1140 730 Domini,
1175 673 1231 720 et
1259 681 1401 720 nunc
1431 662 1610 720 venio.
1641 664 1850 720 Cecidit
1870 663 2037 724 Josue

435 770 640 826 pronus
672 759 725 812 in
759 764 958 812 terram
985 799 999 823 ,
1044 769 1098 812 et
1143 757 1383 812 adorans
1429 758 1539 812 ait:
1599 755 1738 824 Quid
1782 756 2036 818 dominus

431 863 590 906 meus
618 849 860 921 loquitur
887 850 953 904 ad
985 865 1204 906 servum
1234 865 1391 906 suum
1412 849 1435 904 ?
1455 848 1622 906 Solve
1651 889 1666 915 ,
1698 849 1894 919 inquit,
1921 850 2035 906 cal-

433 957 774 1000 ceamentutn
803 953 952 1000 tuum
983 945 1051 1001 de
1085 944 1314 1015 pedibus
1344 945 1482 1007 tuis;
1531 945 1684 1004 locus
1737 944 1882 1000 enim
1914 987 1930 1014 ,
1979 946 2033 1002 in

432 1051 541 1107 quo
569 1049 683 1093 stas
710 1079 726 1106 ,
753 1048 976 1094 sanctus
1015 1048 1119 1094 est.
1164 1037 1425 1108 Fecitque
1453 1036 1618 1098 Josue
1643 1047 1702 1096 ut
1729 1039 1831 1100 sibi
1859 1037 2037 1100 fuerat

434 1131 784 1201 imperatum.

506 1224 588 1297 [Β.
622 1225 714 1294 XI,
744 1224 873 1298 Cap.
906 1225 1019 1299 VL]
1065 1226 1285 1284 Jericho
1308 1236 1492 1284 autem
1523 1229 1707 1286 clausa
1736 1239 1853 1286 erat
1873 1238 2036 1300 atque

432 1319 638 1373 munita
668 1362 682 1387 ,
714 1319 910 1376 timore
935 1319 1168 1375 filiorum
1199 1319 1370 1378 lsrael
1395 1365 1408 1386 ,
1433 1331 1485 1378 et
1512 1323 1696 1380 nullus
1724 1322 1915 1394 egredi
1940 1338 2037 1380 au-

432 1408 598 1465 debat
622 1419 718 1464 aut
746 1411 987 1482 ingredi:
1039 1410 1291 1485 [C.XX.]
1349 1413 1599 1484 Dixitque
1651 1414 1915 1474 Dominus
1966 1415 2033 1472 ad

430 1502 630 1558 Josue:
659 1503 797 1559 Ecce
818 1504 942 1560 dedi
971 1504 1024 1559 in
1047 1522 1206 1560 manu
1229 1514 1320 1560 tua
1343 1506 1585 1570 Jerieho,
1601 1516 1656 1563 et
1677 1523 1862 1578 regem
1891 1509 2033 1578 ejus,

430 1609 731 1665 omnesque
755 1594 930 1651 fortes
958 1599 1124 1652 viros.
1180 1598 1418 1653 Circuite
1443 1598 1634 1656 urbem
1661 1600 1840 1654 cuncti
1868 1599 2036 1658 bella-

429 1696 580 1743 tores
608 1689 779 1744 semel
812 1704 908 1759 per
935 1689 1078 1746 diem
1105 1709 1118 1746 :
1177 1691 1257 1746 sic
1302 1691 1516 1748 facietis
1547 1707 1642 1747 sex
1671 1692 1886 1749 diebus.
1938 1695 2038 1752 Se-

2142 476 2491 537 varicationis
2527 479 2602 534 rei
2631 520 2645 546 ,
2679 488 2728 533 et
2760 479 2942 534 omnia
2964 488 3147 535 castra
3186 478 3352 535 Israel
3372 480 3472 536 sub
3503 491 3734 552 peccato

2139 567 2248 622 sint
2277 579 2437 640 atque
2461 569 2762 625 turbentur.
2787 570 3058 642 Quidquid
3091 581 3270 628 autem
3297 575 3414 628 auri
3441 585 3496 630 et
3520 578 3734 648 argenti

2136 660 2327 727 fuerit,
2355 672 2410 719 et
2433 677 2685 719 vasorum
2715 678 2988 720 amcorum
3011 679 3074 719 ac
3101 663 3250 736 ferri,
3282 665 3514 723 Domino
3534 683 3733 726 conse-

2139 765 2344 823 cretur,
2373 754 2674 825 repositum
2704 754 2758 822 in
2793 755 3066 812 thesauris
3088 756 3225 826 ejus.
3268 757 3350 830 [C.
3377 757 3593 832 XXIII].
3627 761 3737 834 lgi-

2136 854 2228 902 tur
2249 848 2582 903 vociferante
2611 847 2761 903 omni
2793 847 2994 919 p0pulo
3019 889 3034 917 ,
3065 856 3120 902 et
3147 848 3530 921 clangentibus
3565 852 3734 926 tubis,

2140 941 2487 1012 postquatnin
2516 956 2676 998 aures
2696 940 3060 996 multitudinis
3077 956 3178 996 vox
3199 943 3524 1014 sonitusque
3554 945 3737 1003 incre-

2139 1035 2274 1104 puit,
2297 1033 2438 1090 muri
2460 1033 2605 1090 illico
2630 1042 2989 1089 corruerunt:
3012 1042 3068 1091 et
3091 1033 3341 1092 ascendit
3359 1038 3736 1109 unusquisque

2138 1143 2235 1199 per
2257 1128 2565 1200 locum,qui
2581 1136 2771 1184 contra
2790 1143 2851 1184 se
2870 1136 3007 1196 erat,
3043 1138 3410 1201 ceperuntque
3429 1128 3735 1198 civitatem,

2136 1231 2194 1280 et
2213 1222 2606 1279 interfecerunt
2629 1223 2808 1279 omnia
2839 1238 2958 1292 qua:
2989 1235 3145 1278 erant
3173 1224 3226 1280 in
3243 1239 3330 1292 ea,
3358 1239 3389 1278 a
3419 1225 3538 1280 viro
3559 1239 3739 1300 usque

2136 1316 2202 1371 ad
2235 1316 2522 1375 mulierem
2557 1360 2572 1384 ,
2625 1316 2694 1372 ab
2723 1316 2926 1373 infante
2972 1331 3145 1388 usque
3175 1316 3246 1372 ad
3299 1332 3508 1377 senem.
3557 1317 3739 1376 Boves

2135 1423 2350 1480 quoque
2375 1420 2432 1464 et
2460 1424 2588 1464 oves
2614 1419 2669 1464 et
2698 1409 2882 1465 asinos
2913 1409 2967 1464 in
2999 1425 3093 1465 ore
3133 1409 3298 1482 gladii
3324 1422 3738 1481 percusserunt.

2138 1504 2220 1577 lC.
2255 1501 2472 1575 XXIV.)
2519 1504 2738 1560 Duobus
2786 1512 2966 1559 autem
3009 1505 3141 1559 viris
3169 1544 3184 1569 ,
3241 1505 3333 1574 qui
3363 1505 3739 1575 exploratores

2138 1597 2291 1652 missi
2322 1595 2556 1663 fuerant,
2587 1598 2724 1652 dixit
2748 1596 2946 1654 Josue:
2978 1597 3325 1668 lngredimini
3350 1597 3570 1654 domum
3603 1616 3740 1655 mu-

2139 1690 2292 1746 lieris
2320 1690 2628 1746 meretricis
2650 1733 2665 1758 ,
2707 1701 2761 1746 et
2785 1690 3074 1760 producite
3103 1707 3222 1746 eam
3251 1734 3266 1756 ,
3323 1700 3377 1747 et
3403 1693 3582 1748 omnia
3616 1710 3742 1764 qua:

431 1781 603 1852 ptimo
633 1791 812 1838 autem
844 1783 934 1839 die
963 1785 1286 1842 sacerdotes
1324 1786 1520 1842 tollant
1540 1799 1748 1858 septem
1779 1788 2036 1847 buccinae
2066 1783 2112 1847 B
2142 1785 2286 1841 illius
2312 1794 2460 1853 sunt,
2492 1784 2628 1842 sicut
2653 1784 2729 1840 illi
2750 1785 3057 1856 juramento
3086 1788 3365 1842 lirmastis.
3393 1786 3742 1859 lngressique

433 1876 510 1948 |h.
539 1876 628 1932 Sic
655 1877 852 1947 facietis
873 1894 964 1932 sex
985 1879 1193 1944 diebus,
1207 1889 1261 1934 et
1282 1889 1487 1950 septem
1506 1881 1822 1937 sacerdotes
1845 1882 2035 1938 tollent

430 1979 640 2037 eeptem
673 1969 952 2038 buccinas,
977 1987 1203 2041 quarum
1229 1989 1354 2028 usus
1376 1985 1452 2028 est
1481 1976 1532 2028 in
1553 1975 1794 2047 jubllwo,
1825 1984 1880 2030 et
1898 1991 2036 2044 pra:-

429 2058 626 2114 cedant
655 2075 860 2119 arcam.
910 2060 979 2120 Et
1019 2064 1070 2118 in
1096 2065 1328 2133 septima
1374 2065 1465 2120 die
1495 2068 1698 2134 septies
1738 2067 2035 2128 circuibitis

427 2150 684 2207 ciuitatem
711 2192 728 2220 ,
769 2161 826 2210 et
849 2156 1163 2214 sacerdotes
1191 2157 1466 2228 clangent]
1494 2200 1508 2224 ,
1539 2173 1764 2228 quarum
1794 2174 1922 2214 usus
1951 2168 2037 2216 est

429 2245 484 2300 in
521 2245 768 2315 jubilseo,
797 2259 852 2304 et
885 2249 1195 2319 praecedant
1215 2266 1397 2308 arcam
1420 2252 1669 2309 foederis:
1721 2255 2036 2324 septiesque

427 2338 732 2394 circuibitis
751 2341 1058 2409 civitatem,
1081 2352 1135 2400 et
1153 2345 1469 2402 sacerdotes
1493 2346 1749 2417 clangent
1768 2347 2034 2410 buccinis.

431 2427 678 2502 Cumque
707 2435 1013 2493 insonuerit
1035 2453 1137 2492 vox
1160 2437 1305 2494 tubae
1327 2439 1539 2510 longior
1554 2451 1717 2510 atque
1737 2441 2032 2510 concisior,

426 2535 478 2580 et
508 2523 564 2580 in
592 2527 813 2582 auribus
834 2529 1034 2588 vestris
1059 2529 1392 2601 increpuerit
1419 2577 1432 2602 ,
1462 2533 1830 2590 conclamabit
1857 2534 2036 2591 omnis

433 2619 667 2689 populus
719 2621 1120 2680 vociferatione
1164 2625 1404 2680 maxima
1443 2667 1459 2693 ,
1508 2636 1564 2682 et
1612 2626 1751 2682 muri
1793 2626 2036 2682 funditus

428 2724 687 2771 corruent
713 2714 974 2783 civitatis,
1001 2718 1484 2789 ingredienturque
1505 2719 1702 2789 singuli
1724 2734 1822 2788 per
1854 2720 2032 2775 locum

433 2817 624 2863 contra
651 2825 810 2879 quem
843 2812 1118 2869 steterint.
1147 2812 1372 2868 Vocavit
1399 2829 1531 2883 ergo
1558 2814 1724 2870 Josue
1744 2812 1887 2872 filius
1913 2813 2034 2870 Nuo

427 2900 763 2966 sacerdotes,
791 2911 848 2957 et
876 2903 1014 2958 dixit
1041 2903 1107 2958 ad
1135 2919 1258 2958 eos:
1283 2903 1480 2960 Tollite
1500 2919 1683 2960 arcam
1710 2902 1960 2971 hederis,
1980 2913 2036 2964 et

433 3002 643 3061 septem
689 2994 782 3050 alii
826 2997 1140 3052 sacerdotes
1179 2995 1375 3052 tollant
1423 3005 1632 3067 septem
1681 2997 2033 3068 jubilteorum

430 3085 712 3155 buccinas,
747 3098 800 3143 et
827 3089 1083 3142 incedant
1111 3097 1238 3144 ante
1258 3104 1440 3147 arcam
1471 3089 1712 3150 Domini.
1747 3090 1827 3154 Ad
1857 3105 2033 3162 pODUr

2137 1879 2384 1950 juvenes,
2415 1880 2718 1937 eduxerunt
2745 1879 2936 1936 Rabab
2962 1922 2978 1948 ,
3007 1889 3062 1936 et
3094 1890 3348 1952 parentes
3377 1881 3518 1951 ejus,
3546 1881 3744 1939 fratres

2137 1990 2387 2043 quoque,
2419 1985 2482 2041 .et
2521 1981 2774 2028 cunctam
2817 1974 3217 2044 supellectilem
3261 1990 3324 2031 ac
3357 1977 3742 2046 cognationem

2137 2066 2303 2133 illius,
2328 2075 2383 2122 et
2404 2074 2567 2121 extra
2591 2074 2772 2122 castra
2791 2066 2956 2122 lsrael
2975 2082 3200 2123 manere
3223 2067 3493 2123 fecerunt.
3534 2068 3743 2125 Urbem

2138 2169 2344 2226 autem,
2379 2171 2432 2216 et
2483 2161 2663 2216 omnia
2714 2174 2836 2231 quae
2895 2160 2946 2214 in
2993 2174 3058 2215 ea
3089 2170 3267 2232 erant,
3319 2162 3745 2228 succenderunt,

2136 2252 2342 2322 absque
2385 2266 2522 2307 auro
2576 2261 2630 2310 et
2685 2261 2930 2322 argento,
2964 2262 3017 2307 et
3066 2254 3210 2307 vasis
3256 2253 3443 2321 aeneis,
3474 2269 3536 2308 ac
3568 2252 3741 2321 ferro,

2137 2362 2256 2417 qua:
2286 2346 2341 2400 in
2369 2345 2620 2400 aerarium
2673 2344 2892 2400 Domini
2947 2353 3357 2400 consecrarunt.
3390 2344 3577 2400 Rahab
3607 2360 3744 2401 vero

2139 2438 2502 2504 meretricem,
2527 2446 2583 2492 et
2603 2436 2823 2492 domum
2854 2437 3022 2508 patris
3056 2436 3193 2507 ejus,
3224 2445 3388 2507 atque
3407 2437 3586 2491 omnia
3615 2452 3744 2507 qua:

2140 2529 2392 2595 habebat.
2429 2529 2555 2584 fecit
2585 2531 2750 2585 Josue
2772 2530 2977 2590 vivere.
3004 2535 3060 2584 et
3080 2528 3460 2584 habitaverunt
3484 2528 3535 2582 in
3561 2527 3745 2583 medio

2138 2622 2301 2678 Israel
2335 2636 2503 2692 usque
2527 2621 2579 2678 in
2613 2633 2930 2690 praesentem
2955 2621 3098 2677 diem
3135 2640 3146 2676 :
3181 2636 3247 2677 eo
3274 2620 3415 2692 quod
3441 2620 3746 2677 absc0ndc-

2138 2721 2206 2772 rit
2235 2719 2473 2786 nuntios,
2529 2731 2663 2788 quos
2709 2717 2932 2773 miserat
2974 2726 3031 2772 ut
3079 2719 3439 2789 explorarent
3489 2718 3740 2774 Jericho.

2139 2811 2221 2882 [Β.
2241 2810 2354 2877 ΧΠ,
2371 2811 2434 2867 C.
2456 2810 2649 2884 XXV.]
2666 2811 2720 2866 lu
2743 2823 2984 2883 tempore
3009 2812 3439 2881 illoimpt'ecatus
3457 2811 3740 2881 eStJosue,

2137 2905 2324 2959 dicens
2356 2922 2369 2960 :
2402 2903 2720 2959 Maledictus
2766 2904 2848 2959 vir
2875 2919 3058 2961 coram
3095 2905 3344 2974 Domino,
3371 2906 3459 2975 qui
3505 2906 3743 2959 suscita-

2137 3001 2350 3054 veritet
2376 2998 2724 3055 mdilicaverit
2768 2998 3039 3054 civitatem
3092 2996 3331 3056 Jerieho.
3361 2996 3418 3052 In
3470 2997 3744 3068 primoge-

2138 3089 2250 3146 nito
2280 3104 2380 3144 suo
2429 3088 2777 3145 fundamenta
2830 3089 2976 3146 illius
3003 3089 3208 3160 jaciat;
3255 3097 3311 3144 et
3337 3090 3388 3144 in
3440 3087 3743 3146 novissimo

428 3177 538 3232 lum
562 3193 780 3248 quoque
808 3180 914 3236 ait:
968 3179 1046 3235 lte
1067 3221 1082 3247 ,
1113 3190 1170 3238 et
1195 3181 1482 3242 circumite
1506 3182 1812 3251 civitatem,
1837 3184 2031 3242 armati
2056 3179 2101 3240 C
2136 3181 2425 3237 liberorum
2452 3189 2616 3252 ponat
2643 3190 2824 3250 portas
2846 3180 2984 3251 ejus.
3016 3180 3139 3236 Fuit
3168 3196 3296 3252 ergo
3328 3181 3584 3236 Dominus
3608 3196 3742 3236 cum

428 3272 800 3340 prtecedentes
855 3287 1037 3328 arcam
1083 3275 1314 3330 Domini.
1359 3274 1605 3348 Cumque
1653 3278 1818 3336 Josue
1863 3277 2025 3336 verba

427 3362 674 3430 finisset,
703 3373 758 3422 et
779 3373 986 3434 septem
1021 3366 1336 3422 sacerdotes
1365 3380 1572 3438 septem
1606 3370 1852 3426 buccinis
1877 3369 2029 3430 clan-

427 3468 620 3528 gerent
647 3467 774 3515 ante
796 3473 978 3518 arcam
1005 3460 1224 3518 hederis
1250 3461 1486 3530 Dotnini,
1511 3464 1802 3534 omnisque
1823 3478 2030 3535 prtece-

432 3550 588 3608 deret
616 3562 860 3610 armatus
890 3553 1204 3619 exercitus,
1268 3556 1536 3625 reliquum
1596 3558 1786 3627 vulgus
1842 3572 2026 3616 arcam

431 3645 767 3713 sequebatur
797 3686 814 3712 ,
867 3663 932 3703 ac
985 3648 1228 3704 buccinis
1274 3651 1454 3706 omnia
1505 3649 1907 3720 concrepabant
1943 3649 2025 3722 [C.

434 3735 603 3808 XXLJ
635 3738 980 3808 Praeceperat
1007 3751 1183 3798 autem
1207 3739 1375 3797 Josue
1399 3743 1620 3810 populo,
1649 3741 1876 3800 dicens:
1911 3742 2029 3798 Non

431 3829 741 3887 clamabitis
772 3874 786 3898 ,
833 3848 936 3890 nec
978 3834 1231 3895 audietur
1278 3849 1385 3888 vox
1437 3845 1618 3896 vestra
1641 3873 1659 3904 ,
1686 3850 1862 3907 neque
1889 3836 2030 3900 ullus

433 3937 616 3984 sermo
657 3939 725 3980 ex
767 3939 862 3980 ore
904 3937 1083 3980 vestro
1107 3926 1454 3997 egredietur:
1505 3927 1685 3982 donec
1717 3927 1895 3984 veniat
1915 3928 2031 3983 dies

431 4013 485 4070 in
515 4030 624 4083 quo
663 4016 838 4074 dicam
889 4018 1045 4074 vobis
1085 4036 1098 4070 :
1130 4017 1374 4076 Clamate
1404 4030 1458 4073 et
1494 4018 1883 4078 vociferamiui.
1914 4019 2034 4076 Cir-

432 4108 657 4162 cumivit
686 4124 818 4179 ergo
844 4124 968 4168 arca
995 4110 1207 4166 Domini
1237 4111 1516 4168 civitatem
1546 4112 1715 4168 semel
1742 4128 1838 4182 per
1859 4111 2028 4181 diem,

431 4210 486 4258 et
515 4216 733 4258 reversa
758 4201 810 4258 in
840 4213 1038 4273 castra,
1067 4206 1263 4260 tn'ansit
1287 4205 1383 4262 ibi.
1407 4205 1754 4278 lgiturJosue
1775 4205 1843 4262 de
1869 4214 2032 4262 nocte

429 4304 798 4367 consurgente
824 4339 839 4366 ,
867 4297 1110 4353 tulerunt
1138 4299 1462 4358 sacerdotes
1491 4314 1675 4358 arcam
1701 4298 1943 4370 Domini,
1977 4309 2032 4356 et

429 4401 640 4462 septem
667 4406 735 4449 ex
763 4391 842 4450 eis
862 4401 1070 4464 septem
1093 4392 1348 4452 buccinas
1378 4436 1395 4465 ,
1427 4409 1654 4465 quarum
1696 4394 1751 4448 in
1795 4394 2031 4470 jubilaais

433 4484 618 4557 [ναις.
677 4484 918 4559 jubilaeo]
963 4501 1090 4542 usus
1132 4495 1263 4542 est:
1313 4487 1800 4558 praecedebantque
1848 4500 2028 4544 arcam

2131 3274 2294 3332 Josue
2318 3318 2332 3342 ,
2359 3282 2416 3330 et
2442 3290 2635 3332 nomen
2688 3273 2806 3344 ejus
2860 3275 2913 3328 in
2967 3275 3114 3330 omni
3147 3286 3286 3330 terra
3326 3275 3596 3346 volgatum
3629 3286 3735 3328 est.

2204 3369 2285 3440 [Β.
2317 3367 2466 3430 XIII,
2503 3366 2563 3424 C.
2603 3366 2802 3436 XXVI,
2836 3367 2966 3449 Cap.
3006 3366 3142 3439 νη]
3173 3366 3292 3422 Filii
3343 3379 3520 3420 autem
3566 3365 3738 3422 Israel

2133 3462 2464 3534 praevaricati
2529 3471 2654 3518 sunt
2700 3464 3039 3526 mandautm,
3102 3472 3157 3516 et
3206 3469 3613 3531 usurpaverant
3665 3460 3740 3515 de

2132 3554 2499 3614 anathemate.
2533 3552 2669 3609 Nam
2703 3552 2887 3609 Achati
2934 3552 3074 3608 filius
3122 3553 3365 3620 Charini,
3413 3552 3505 3605 lilii
3539 3551 3736 3620 Zabdi,

2131 3649 2226 3706 filii
2257 3648 2390 3706 Zare
2421 3648 2489 3703 de
2517 3648 2661 3704 tribu
2689 3647 2848 3714 Juda,
2871 3647 2991 3702 tulit
3021 3645 3228 3716 aliquid
3253 3648 3320 3700 dc
3343 3645 3740 3700 anathemate:

2132 3743 2411 3812 iratusque
2443 3753 2525 3796 est
2563 3740 2826 3796 Dominus
2853 3750 3045 3795 contra
3086 3737 3226 3793 filius
3254 3736 3442 3792 Israel.
3491 3737 3744 3812 Cumque

2133 3837 2368 3896 mitteret
2394 3835 2663 3894 Josue‘de
2703 3835 2923 3890 Jericho
2955 3836 3101 3889 viros
3130 3841 3321 3889 contra
3365 3829 3452 3896 Ai,
3485 3845 3606 3900 qua:
3651 3839 3743 3885 est

2127 3933 2280 4006 juxta
2304 3933 2645 4000 Beth-Aven,
2673 3931 2740 3986 ad
2762 3929 3086 3988 orientalem
3117 3929 3325 4000 plagam
3350 3925 3534 3998 oppidi
3565 3925 3742 3981 Beth-

2134 4026 2220 4096 El,
2267 4025 2408 4090 dixit
2433 4025 2518 4084 eis
2550 4043 2560 4078 :
2592 4021 2906 4094 Ascendite,
2939 4031 2994 4082 et
3023 4021 3304 4090 explorate
3351 4027 3577 4074 terram.
3629 4017 3741 4084 Qui

2145 4126 2416 4191 prmcepta
2445 4118 2782 4188 complentes
2811 4133 2875 4172 ex
2887 4115 3240 4188 ploravcrunt
3265 4113 3353 4170 Ai.
3408 4113 3474 4172 Et
3525 4109 3742 4166 reversi

2135 4211 2395 4270 dixerunt
2417 4210 2468 4266 ei
2497 4228 2510 4264 :
2544 4209 2660 4272 Non
2691 4207 2951 4264 ascendat
2991 4207 3172 4264 omnis
3217 4205 3468 4276 populus,
3495 4202 3590 4257 sed
3623 4203 3741 4258 duo

2136 4303 2218 4358 vel
2252 4303 2351 4362 tria
2380 4300 2545 4356 millia
2575 4301 2814 4358 virorum
2865 4307 3116 4370 pergant,
3169 4308 3222 4352 et
3273 4294 3494 4351 delcant
3541 4293 3744 4350 civita-

2137 4404 2244 4451 tem
2279 4411 2292 4447 :
2324 4409 2492 4466 quare
2521 4393 2698 4455 omnis
2741 4391 2971 4468 populus
3016 4390 3214 4446 frustra
3265 4399 3489 4442 vexetur
3539 4385 3737 4458 [νίας.

2136 4487 2439 4559 vexabitur]
2469 4496 2657 4542 contra
2703 4485 2886 4548 hostes
2931 4482 3328 4554 paucissimos?
3363 4481 3444 4556 [C.
3482 4478 3738 4553 XXVII]

430 4578 644 4635 Domini
691 4580 1040 4638 ambulantes
1083 4592 1247 4651 atque
1284 4581 1636 4650 clangentes:
1681 4588 1733 4634 et
1785 4591 2030 4644 armatus
2056 4569 2110 4631 D
2137 4581 2514 4638 Ascenderunt
2540 4594 2668 4651 ergo
2701 4580 2804 4636 tria
2856 4577 3022 4634 tuillia
3057 4585 3415 4648 pugnatorum
3461 4574 3539 4646 [h.
3591 4575 3741 4628 viro-

429 4673 659 4746 populus
680 4674 790 4736 ibat
819 4683 947 4730 ante
971 4689 1091 4742 eos,
1122 4676 1312 4746 vulgus
1330 4683 1513 4730 autem
1543 4672 1809 4745 reliquum
1839 4688 2033 4744 seque-

430 4765 590 4820 batur
617 4781 822 4832 arcam,
853 4776 911 4823 et
938 4767 1188 4824 buccinis
1204 4768 1549 4836 personabat.
1585 4766 2028 4834 circumierunt-

429 4872 534 4926 que
553 4858 832 4922 civitatem
865 4861 1105 4925 secundo
1136 4859 1225 4918 die
1253 4863 1418 4918 semel
1443 4901 1458 4927 ,
1509 4869 1566 4917 et
1591 4860 1947 4925 reversisuut
1975 4860 2028 4928 in

431 4962 633 5008 castra.
659 4951 750 5008 Sic
777 4952 1023 5012 fecerunt
1047 4969 1140 5010 sex
1167 4952 1380 5014 diebus.
1435 4954 1530 5010 Die
1558 4965 1739 5016 autem
1767 4954 2028 5032 septimo,

431 5044 672 5106 diluculo
697 5057 1091 5118 consurgentes
1121 5089 1136 5115 ,
1185 5046 1575 5112 circumierunt
1599 5047 1792 5110 urbem
1821 5090 1838 5118 ,
1884 5048 2027 5106 sicut

431 5135 757 5206 dispositum
784 5147 904 5194 erat
926 5179 943 5206 ,
974 5140 1196 5210 septies.
1241 5139 1488 5212 Cumque
1533 5139 1766 5212 septimo
1794 5140 2027 5202 circuitu

432 5230 758 5302 clangerent
787 5232 1033 5289 buccinis
1057 5234 1372 5288 sacerdotes
1399 5277 1414 5303 ,
1447 5235 1588 5289 dixit
1617 5233 1784 5289 Josue
1812 5235 1876 5288 ad
1912 5250 2028 5288 om-

433 5337 557 5377 nem
590 5321 752 5394 [h.ad
786 5324 1064 5397 papulum]
1089 5325 1254 5382 Israel
1295 5326 1750 5383 :Vociferamiui:
1799 5326 2025 5388 tradidit

431 5417 576 5474 enim
619 5419 772 5474 vobis
808 5417 1069 5476 Dominus
1111 5421 1410 5478 civitatem.
1475 5420 1557 5495 [C.
1603 5421 1790 5496 XXll.]
1832 5422 2023 5496 Sitque

432 5511 626 5567 civitas
681 5511 797 5566 ha:c
840 5511 1149 5582 anathema,
1204 5524 1257 5569 et
1308 5516 1489 5580 omnia
1531 5531 1652 5586 qua:
1678 5515 1730 5569 in
1767 5530 1829 5570 ea
1872 5524 2018 5583 sunt,

431 5605 680 5660 Domino.
736 5603 864 5661 Sola
911 5604 1100 5660 Rabab
1146 5608 1406 5663 meretrix
1434 5608 1576 5663 vivat
1602 5623 1724 5665 cum
1755 5609 2024 5668 universis

431 5699 664 5771 quicum
689 5713 750 5755 ea
781 5698 834 5754 in
858 5698 1020 5754 domo
1067 5714 1228 5764 sunt:
1271 5700 1559 5765 abscondit
1608 5703 1752 5758 enim
1805 5703 2024 5758 nuntios

437 5809 571 5864 quos
596 5794 1041 5856 direximus“:
1061 5807 1242 5870 autem
1267 5808 1457 5868 cavete
1481 5839 1499 5872 ,
1540 5812 1608 5862 ne
1650 5796 1716 5866 de
1747 5796 1831 5858 his
1856 5839 1872 5871 ι
1904 5811 2025 5872 qu“;

2138 4675 2298 4748 rum].
2343 4673 2448 4742 Qui
2478 4675 2666 4734 statim
2710 4683 2856 4744 terga
2905 4680 3206 4738 vertentes,
3256 4667 3497 4742 percussi
3543 4676 3673 4728 sunt
3702 4682 3739 4722 a

2136 4770 2264 4828 viris
2310 4768 2458 4828 urbis
2483 4767 2571 4833 Ai,
2615 4777 2670 4823 et
2698 4775 3022 4821 corruerunt
3067 4781 3133 4820 ex
3178 4763 3257 4819 eis
3285 4762 3499 4834 triginta
3532 4772 3586 4815 et
3627 4775 3734 4816 sex

2133 4863 2381 4926 homines
2414 4881 2425 4917 :
2463 4863 2835 4940 persectttique
2863 4871 2986 4920 sunt
3009 4875 3106 4917 eos
3132 4859 3432 4924 adversarii
3460 4858 3526 4912 de
3561 4870 3723 4928 porta

2134 4973 2302 5029 usque
2331 4957 2603 5026 Sabarim,
2635 4965 2689 5012 et
2714 4956 3027 5018 ceciderunt
3071 4969 3170 5026 per
3202 4967 3372 5024 prona
3403 4951 3680 5021 fugientes
3712 4970 3726 5006 :

2130 5051 2518 5124 pertimuitque
2543 5066 2638 5106 cur
2666 5051 2870 5122 populi,
2897 5059 2952 5105 et
2983 5049 3156 5106 instar
3187 5063 3339 5120 aqua:
3369 5045 3730 5116 liquefactum

2128 5153 2230 5204 est.
2266 5145 2431 5204 Josue
2463 5159 2596 5206 vero
2618 5143 3112 5208 sciditvestimenta
3136 5157 3254 5216 sua,
3282 5151 3335 5196 et
3366 5139 3567 5196 cecidit
3598 5153 3734 5210 pro-

2129 5251 2230 5290 nus
2255 5237 2306 5290 in
2341 5248 2540 5291 terram
2570 5250 2754 5291 coram
2799 5251 2924 5291 arca
2956 5234 3167 5289 Domini
3200 5248 3373 5304 usque
3412 5231 3478 5286 ad
3528 5245 3733 5300 veSpe-

2129 5345 2270 5394 rum,
2305 5341 2409 5384 tam
2443 5330 2558 5398 ipse
2588 5344 2749 5396 quam
2777 5343 2967 5383 omnes
2993 5341 3154 5384 sones
3183 5325 3350 5382 Israel
3386 5344 3396 5379 :
3429 5325 3733 5378 miseruan

2128 5437 2236 5494 que
2259 5421 2534 5492 pulverem
2565 5435 2730 5492 super
2757 5420 2937 5490 capita
2965 5434 3080 5485 sua,
3102 5426 3155 5472 et
3178 5417 3316 5472 dixit
3337 5417 3538 5474 Josue:
3581 5415 3733 5484 lien,

2125 5517 2354 5576 Domine
2388 5517 2550 5581 Deus,
2585 5511 2712 5586 quid
2743 5513 2962 5570 voluisti
2996 5512 3285 5567 traducere
3337 5509 3595 5582 populum
3655 5508 3733 5564 is-

2125 5621 2239 5666 tum
2256 5608 2546 5667 Iordanem
2567 5606 2787 5666 fluvium
2812 5607 2889 5679 [b,
2918 5621 3024 5668 non
3053 5605 3209 5669 habet
3232 5602 3500 5672 fluvium],
3530 5610 3591 5656 ιιι
3617 5611 3735 5656 Ira-

2126 5704 2286 5760 deres
2300 5718 2400 5758 nos
2421 5703 2473 5758 in
2492 5717 2684 5758 manus
2709 5702 3033 5769 Amorrhtei,
3057 5711 3109 5756 et
3131 5697 3427 5772 perderes?
3446 5696 3653 5752 utinam
3673 5705 3736 5752 ut

2128 5800 2416 5871 ccepimus,
2455 5796 2844 5866 mansisscmus
2871 5804 3019 5862 trans
3047 5793 3360 5869 Iordanem.
3389 5789 3460 5848 Mi
3490 5789 3733 5851 Domine
