4098 6366
340 310 448 367 4ῗῖ

1742 316 1946 375 LIBER
1980 317 2215 375 IUSUE.

3526 320 3631 377 478

339 427 487 483 Deus
516 426 594 496 ιιι.
628 442 733 482 non
778 428 983 499 habet},
1041 429 1167 499 quid
1200 429 1398 498 dicam,
1451 430 1641 487 videns
1671 430 1929 489 Israelem
1958 438 2004 499 Α
2034 439 2089 487 et
2130 440 2324 488 cuncta
2374 446 2497 501 qua:
2528 431 2672 488 illius
2702 441 2881 495 erant,
2933 430 3057 501 igne
3106 440 3427 501 consumpta
3482 442 3629 493 sunt.

340 518 593 574 hostibus
644 520 755 575 suis
801 532 950 592 terga
983 524 1326 578 vertentem?
1369 523 1601 580 Audient
1637 522 1930 583 Chanantei

335 622 394 667 et
424 626 617 667 omnes
656 611 994 670 habitatores
1038 625 1197 671 terra;
1221 656 1237 682 ,
1279 630 1343 671 ac
1386 618 1588 687 pariter
1620 618 1931 687 conglobati

336 703 764 763 circumdabant
804 722 922 775 nos,
953 716 1115 780 atque
1140 710 1406 766 delebunt
1447 727 1639 766 nomen
1686 721 1931 768 nostrum

334 796 408 852 de
438 807 586 853 terra
621 816 634 851 :
666 809 723 857 et
764 800 892 868 quid
944 799 1118 857 facies
1170 818 1364 873 magno
1415 806 1616 859 nomini
1671 804 1798 860 tuo?
1847 804 1928 875 lC.

331 891 603 965 XXI/11L]
634 896 883 968 Dixitque
931 898 1190 955 Dominus
1222 902 1287 955 ad
1326 900 1491 957 Iosue
1523 918 1536 956 :
1581 901 1777 973 Surge,
1834 917 1932 957 cur

324 983 483 1055 jaces
526 1003 732 1055 pronus
761 989 814 1044 in
855 993 1032 1045 terra“!
1070 991 1325 1048 Peccavit
1363 993 1554 1060 Israel,
1588 1004 1639 1048 et
1674 994 1932 1063 praevari-

330 1087 489 1135 catus
516 1092 601 1137 est
625 1092 839 1153 pactum
868 1101 1047 1141 meum
1072 1103 1084 1141 :
1112 1088 1461 1158 tuleruntque
1484 1088 1550 1143 de
1568 1089 1928 1155 anathemate,

336 1180 395 1227 et
423 1172 589 1230 furati
620 1187 746 1231 sunt
784 1186 944 1249 atque
970 1179 1205 1249 mentiti,
1250 1187 1305 1237 et
1341 1181 1739 1236 abseonderuut
1791 1180 1933 1236 inter

337 1280 468 1321 vasa
500 1282 616 1323 sua.
648 1267 758 1326 Nec
800 1272 1003 1340 poterit
1029 1270 1199 1329 Israel
1227 1280 1375 1330 stare
1402 1282 1532 1329 ante
1564 1273 1748 1329 hostes
1778 1288 1929 1338 suos,

337 1372 545 1428 eosque
580 1360 747 1429 fugiet
778 1380 789 1415 :
821 1363 945 1433 quia
979 1364 1216 1433 pollutus
1246 1374 1331 1421 est
1371 1366 1715 1422 anathemate
1746 1366 1823 1437 lli.
1855 1366 1932 1421 fa-

336 1461 461 1507 ctus
490 1463 577 1509 est
602 1454 933 1527 anathema].
976 1457 1093 1513 Non
1124 1474 1217 1513 ero
1253 1459 1395 1513 ultra
1420 1459 1720 1525 vobiscum,
1756 1458 1932 1514 donec

337 1545 637 1602 conteratis
665 1562 788 1602 eum
840 1549 929 1619 qui
968 1550 1127 1620 hujus
1167 1552 1393 1607 sceleris
1426 1567 1553 1607 reus
1584 1560 1685 1608 est.
1734 1553 1927 1622 Surge,

333 1636 620 1693 sanctiﬁca
646 1641 925 1709 populum,
962 1653 1014 1697 et
1041 1642 1190 1697 dices
1238 1642 1319 1697 eis
1350 1662 1361 1697 :
1406 1644 1836 1700 Sanctificamini
1874 1644 1925 1700 in

332 1731 678 1786 crastinum:
712 1732 830 1789 haec
860 1734 1003 1789 enim
1043 1736 1175 1792 dicit
1213 1736 1479 1793 Dominus
1527 1737 1670 1793 Deus
1710 1737 1876 1794 Israel
1912 1756 1923 1792 :

2034 524 2508 597 Congregaverunt
2527 541 2742 597 quoque
2758 542 2925 596 super
2947 541 3071 583 eum
3094 540 3353 585 acervum
3374 541 3630 597 magnum

2034 619 2295 688 lapidum,
2331 620 2419 689 qui
2453 628 2733 689 permanet
2776 635 2943 689 usque
2985 620 3036 674 in
3092 629 3417 690 praesentem
3463 620 3630 684 diem.

2034 714 2098 768 Et
2123 728 2347 769 aversus
2377 721 2460 768 est
2488 712 2633 768 furor
2666 712 2881 767 Domini
2912 712 2981 769 ab
3006 716 3106 769 eis.
3143 711 3519 783 Vocatumque
3549 723 3634 773 est

2036 823 2232 864 nomen
2257 807 2363 863 loci
2401 808 2565 871 illius,
2602 805 2775 863 Vallis
2801 806 3007 873 Achar,
3038 821 3211 878 usque
3241 805 3430 863 hodie.

2106 901 2191 972 [τ.
2237 897 2917 966 tv,a.x1v.c.XXXt,
2958 898 3085 971 Cap.
3125 898 3283 971 VIII.J
3334 898 3481 955 Dixit
3527 914 3626 955 au.

2034 1002 2141 1049 tem
2186 992 2452 1048 Dominus
2482 992 2546 1047 ad
2594 991 2758 1047 Iosue
2795 1009 2807 1045 :
2857 991 2935 1047 Ne
2967 994 3181 1061 timeas,
3217 1007 3397 1063 neque
3445 993 3635 1050 formi-

2034 1088 2132 1145 des
2162 1106 2173 1142 :
2212 1088 2337 1143 tolle
2362 1096 2538 1144 tecum
2567 1101 2783 1143 omnem
2812 1086 3217 1142 multitudinem
3243 1095 3634 1157 pugnatorum,

2034 1190 2088 1236 et
2116 1194 2457 1251 consurgens
2481 1179 2716 1235 ascende
2750 1178 2805 1233 in
2832 1176 3105 1247 _0ppidum
3139 1178 3225 1233 Ai.
3260 1178 3400 1233 Ecce
3431 1176 3630 1233 tradidi

2035 1276 2087 1329 in
2131 1288 2291 1328 manu
2323 1280 2414 1328 tua
2447 1288 2629 1343 regem
2672 1272 2812 1342 ejus,
2846 1278 2904 1326 et
2945 1271 3201 1341 populum
3251 1270 3546 1340 urbemque
3575 1276 3637 1337 et

2035 1377 2252 1422 terram.
2286 1365 2581 1436 Faciesque
2605 1364 2723 1421 urbi
2752 1364 2837 1431 Ai,
2873 1372 2928 1417 et
2958 1363 3069 1433 regi
3102 1362 3240 1433 ejus,
3274 1363 3418 1417 sicut
3448 1360 3629 1419 fecisti

2032 1460 2273 1527 Iericho,
2304 1472 2355 1512 et
2386 1460 2496 1530 regi
2529 1459 2670 1513 illius
2701 1477 2714 1513 :
2758 1456 2997 1527 praedam
3038 1472 3169 1511 vero
3216 1464 3272 1511 et
3302 1456 3483 1511 omnia
3517 1454 3638 1511 auis

2034 1554 2237 1609 mantia
2267 1552 2536 1621 diripietis
2564 1552 2719 1607 vobis
2743 1567 2755 1604 :
2779 1565 2917 1619 pone
2943 1548 3172 1605 insidias
3193 1550 3311 1603 ttrbi
3342 1558 3469 1619 post
3491 1562 3633 1605 eam.

2036 1648 2393 1718 Surrexitque
2422 1646 2609 1711 Iosue,
2659 1655 2714 1701 et
2755 1643 2933 1700 omnis
2983 1642 3256 1698 exercitus
3308 1641 3634 1697 bellatorum

2033 1756 2153 1795 cum
2185 1756 2271 1806 eo,
2320 1748 2377 1793 ut
2408 1738 2767 1795 ascendereut
2811 1738 2862 1791 in
2909 1734 2971 1791 Ai
3009 1753 3022 1790 :
3077 1744 3132 1791 et
3179 1736 3349 1791 electa
3405 1733 3631 1805 triginta

334 1822 641 1879 Anatltema
673 1826 727 1881 in
761 1827 940 1883 medio
965 1829 1159 1896 tuiest,
1190 1831 1349 1885 Israel
1377 1847 1391 1885 :
1428 1847 1531 1885 non
1562 1833 1762 1900 poteris
1780 1839 1926 1886 stare
1959 1827 2003 1887 B
2034 1835 2197 1889 millia
2222 1834 2461 1889 virorum
2489 1831 2708 1887 fortium
2741 1831 2887 1885 misit
2916 1840 3099 1899 nocte,
3126 1828 3497 1901 prmcepitque
3526 1827 3632 1905 eis,

332 1931 520 1973 coram
554 1918 803 1974 hostibus
844 1921 972 1990 tuis,
1004 1922 1177 1978 donec
1206 1922 1455 1977 deleatur
1498 1939 1565 1977 ex
1597 1932 1648 1976 te
1692 1922 1783 1992 qui
1826 1922 1930 1977 hoc

336 2012 739 2070 contaminatus
768 2023 853 2070 est
879 2016 1109 2071 scelere.
1130 2015 1527 2084 Accedetistjue
1551 2031 1707 2071 mane
1731 2016 1929 2085 singuli

336 2120 436 2174 per
469 2104 640 2160 tribus
662 2115 872 2161 vestras
904 2124 917 2161 :
958 2118 1012 2163 et
1044 2123 1443 2179 quamcumque
1475 2109 1673 2164 tribum
1703 2123 1826 2166 sors
1850 2108 1932 2163 itt-

337 2200 570 2265 venerit,
606 2200 827 2256 accedet
854 2216 950 2271 per
987 2203 1339 2272 cognationes
1379 2219 1525 2268 suas,
1578 2213 1637 2257 et
1680 2202 1931 2272 cognatio

338 2306 435 2361 per
454 2291 645 2347 domos
671 2292 976 2363 domusque
1016 2309 1113 2365 per
1148 2296 1314 2349 viros.
1356 2295 1423 2350 Et
1458 2296 1786 2366 quicumque
1838 2295 1931 2351 ille

338 2383 391 2436 in
447 2382 550 2437 hoc
578 2382 818 2439 facinore
882 2383 1045 2441 fuerit
1111 2386 1523 2455 deprehensus,
1581 2388 1932 2443 comburetur

337 2473 451 2543 igni
480 2490 602 2529 cum
635 2477 782 2530 omni
810 2476 1111 2531 substantia
1138 2492 1236 2533 sua
1268 2497 1281 2533 :
1315 2478 1568 2547 quoniam
1608 2482 1930 2549 pracvarica-

340 2579 425 2629 tus
477 2579 562 2625 est
614 2582 826 2639 pactum
886 2572 1139 2639 Domini,
1184 2585 1236 2628 et
1268 2576 1395 2629 fecit
1446 2574 1598 2629 nefas
1654 2574 1706 2631 in
1738 2573 1928 2631 Israel.

340 2663 424 2735 lC.
468 2662 686 2736 XXIX]
720 2666 959 2735 Surgeus
1010 2668 1186 2736 itaque
1229 2668 1394 2724 Iosue
1427 2684 1605 2734 mane,
1638 2669 1935 2737 applicavit

343 2754 509 2811 Israel
542 2772 635 2825 per
664 2757 839 2812 tribus
871 2774 1017 2823 suas,
1062 2768 1113 2814 et
1147 2759 1365 2815 iuventa
1421 2770 1504 2817 est
1547 2761 1723 2816 tribus
1772 2762 1929 2817 Iuda.

339 2849 472 2916 Quae
520 2866 639 2903 cunt
677 2850 828 2920 juxta
868 2850 1104 2906 familias
1134 2866 1262 2906 suas
1308 2860 1451 2907 esset
1480 2853 1681 2919 oblata,
1717 2854 1932 2917 inventa

338 2951 423 2996 est
455 2941 655 2994 familia
678 2941 853 2997 Zarai.
888 2944 1037 2998 Illam
1069 2957 1281 3013 quoque
1306 2959 1400 3014 per
1434 2954 1459 2981 α
1491 2946 1638 3000 viros
1668 2946 1931 3014 offerens,

338 3033 779 3104 reperitZabdi:
826 3036 984 3107 cujus
1027 3036 1245 3091 domum
1297 3037 1349 3091 in
1397 3036 1638 3107 singulos
1686 3038 1933 3096 dividens

340 3129 510 3195 \iros,
544 3130 749 3185 invenit
773 3128 800 3167 ι)
828 3128 1013 3187 Acltan
1048 3132 1215 3186 lilium
1255 3131 1495 3198 Chartni,
1528 3132 1624 3187 lilii
1654 3132 1844 3198 Zabdi,
1872 3134 1934 3189 Ii-

2034 1926 2221 1981 dicens
2251 1942 2262 1978 :
2296 1925 2487 1980 Ponite
2520 1924 2743 1979 insidias
2778 1932 2899 1993 post
2930 1922 3207 1979 civitatem
3242 1938 3254 1974 :
3289 1935 3389 1975 nec
3418 1919 3636 1991 longius

2034 2018 2304 2073 recedatis
2340 2036 2351 2071 :
2384 2026 2440 2072 et
2491 2015 2642 2072 eritis
2697 2030 2886 2070 omnes
2928 2014 3122 2083 parati.
3178 2011 3288 2082 Ego
3333 2019 3534 2076 autem,
3580 2018 3638 2075 et

2033 2115 2239 2183 reliqua
2264 2112 2553 2166 multitudo
2573 2125 2694 2181 quat
2718 2125 2929 2164 mecum
2956 2116 3062 2183 est,
3089 2104 3409 2162 accedemus
3439 2119 3506 2160 ex
3531 2102 3634 2160 ad-

2035 2222 2194 2262 verso
2220 2215 2410 2261 contra
2449 2204 2659 2260 urbem.
2693 2202 2937 2271 Cumque
2984 2198 3222 2256 exierint
3267 2205 3460 2253 contra
3510 2210 3632 2269 nos,

2034 2301 2175 2356 sicut
2203 2309 2331 2354 ante
2353 2298 2582 2354 fecimus
2626 2295 2703 2369 [ιι.
2736 2311 2840 2349 ηοη
2878 2292 3030 2348 habet
3060 2288 3323 2363 fecimus],
3365 2288 3635 2358 fugiemu!

2036 2403 2091 2450 et
2119 2402 2266 2463 terga
2295 2402 2575 2446 vertemus
2604 2406 2616 2443 :
2648 2388 2824 2443 donec
2853 2392 3239 2458 persequentes
3266 2384 3334 2439 ab
3359 2382 3493 2437 urbe
3520 2380 3639 2435 Ion-

2034 2490 2154 2559 gius
2196 2487 2580 2558 protrahantur
2628 2483 2814 2557 [I’utg.
2871 2477 3321 2552 protrahamur]:
3373 2475 3640 2547 putabunt

2036 2582 2178 2637 enim
2213 2580 2396 2649 fugere
2426 2592 2525 2633 nos
2553 2576 2695 2631 sicut
2720 2574 2891 2643 prius.
2923 2572 3089 2627 Nobis
3112 2586 3241 2641 ergo
3270 2566 3629 2638 fugientibus,

2036 2684 2090 2730 et
2122 2672 2223 2727 illis
2258 2669 2637 2740 sequentibus,
2668 2665 3017 2737 cousurgetis
3066 2663 3132 2718 de
3176 2662 3406 2729 insidiis,
3449 2669 3504 2716 et
3543 2674 3638 2717 va-

2036 2765 2251 2822 stabitis
2292 2765 2615 2818 civitatem:
2672 2759 2954 2827 tradetque
3004 2771 3123 2813 eam
3180 2754 3439 2813 Dominus
3493 2754 3636 2813 Deus

2036 2870 2217 2914 vester
2251 2858 2301 2911 in
2353 2871 2545 2911 manus
2578 2864 2811 2910 vestras.
2862 2854 3106 2921 Cumque
3140 2851 3397 2922 ceperitis
3443 2849 3636 2907 urbem

2038 2952 2221 3025 [Vulg.
2254 2960 2383 3005 tacet
2416 2948 2649 3020 urbem],
2682 2945 2995 3004 suceendite
3036 2961 3179 3012 eam,
3229 2954 3283 3001 et
3328 2943 3407 2998 sic
3453 2942 3637 2998 omnia

2040 3043 2268 3106 facietis,
2318 3054 2372 3096 ut
2400 3043 2538 3109 jussi
2592 3042 2667 3112 lh.
2714 3040 2874 3113 juxta
2906 3040 3126 3094 verbum
3180 3038 3396 3099 Domini
3445 3035 3631 3093 facite.

2038 3139 2230 3194 Videte
2261 3138 2383 3206 quia
2413 3152 2514 3209 ego
2543 3136 2798 3206 praecipio
2824 3134 3021 3205 vobis].
3068 3132 3390 3200 Dimisitque
3421 3144 3538 3196 eos,
3580 3137 3637 3186 et

338 3222 398 3278 Iti
425 3222 566 3278 Zare
592 3225 660 3278 de
689 3224 827 3279 tribu
858 3222 1014 3279 Iuda.
1048 3224 1111 3278 Et
1135 3225 1210 3279 ait
1244 3225 1309 3279 ad
1352 3226 1537 3280 Acltan
1567 3242 1581 3279 :
1609 3225 1709 3281 Fili
1739 3228 1832 3293 mi,
1863 3227 1928 3281 da
1957 3222 2000 3283 C
2036 3240 2397 3300 perrexerunt
2421 3228 2485 3282 ad
2516 3228 2833 3283 insidiarum
2865 3228 3066 3291 locum,
3094 3223 3462 3295 sederuutque
3495 3222 3637 3277 inter

338 3318 569 3388 gloriam
602 3318 830 3373 Domino
857 3320 965 3374 Deo
1004 3319 1193 3386 Israel,
1224 3328 1278 3374 et
1302 3320 1619 3386 confiteare,
1652 3328 1813 3388 atque
1845 3319 1929 3373 itt-

340 3411 466 3467 dica
500 3413 629 3467 mibi
678 3414 805 3483 quid
859 3412 1079 3478 feceris,
1136 3428 1201 3467 ne
1244 3413 1568 3468 abscondas.
1622 3413 1704 3484 [ιλ.
1735 3411 1931 3484 XXX]

338 3505 758 3577 BespOnditque
781 3506 966 3561 Aeltan
997 3504 1181 3574 Iosue,
1215 3517 1270 3561 et
1317 3506 1454 3561 dixit
1504 3506 1594 3560 ei:
1651 3504 1787 3559 Vere
1830 3519 1933 3576 ego

338 3599 563 3669 peccnvi
596 3598 829 3653 Domino
861 3599 967 3654 Deo
998 3598 1193 3664 Israel,
1241 3608 1294 3653 et
1340 3600 1418 3654 sic
1463 3607 1519 3654 et
1548 3600 1624 3653 sic
1654 3598 1777 3654 feci.
1816 3598 1932 3655 Vidi

339 3693 486 3748 enim
518 3692 658 3747 inter
698 3692 869 3762 spolia
914 3691 1137 3764 pallium
1168 3693 1484 3747 coccineum
1530 3692 1684 3746 valde
1733 3693 1932 3747 bonum

339 3784 421 3857 [1].
458 3785 674 3856 pallium
702 3784 768 3841 de
788 3784 992 3840 Senaar
1020 3800 1185 3840 unum
1210 3783 1465 3855 bonum],
1490 3794 1544 3837 et
1568 3784 1831 3839 ducentos
1863 3784 1935 3839 si-

337 3878 457 3932 clos
505 3876 734 3949 argenti,
782 3877 1128 3947 regulamque
1173 3892 1394 3931 auream
1443 3878 1829 3948 quinquaginta
1859 3877 1935 3931 si-

339 3971 598 4026 clorum:
643 3980 696 4025 et
743 3969 1136 4041 concupiscens
1188 3970 1413 4035 abstuli,
1469 3979 1523 4025 et
1575 3969 1837 4025 abscondi
1882 3970 1935 4024 in

339 4074 489 4119 terra
520 4073 709 4121 contra
738 4065 979 4121 medium
1012 4065 1347 4121 tabernaculi
1379 4066 1509 4128 mei,
1546 4073 1937 4136 argentumque

338 4156 489 4211 fossa
520 4155 683 4213 Immo
711 4158 923 4228 aperui.
950 4158 1093 4213 Misit
1118 4174 1247 4229 ergo
1289 4158 1454 4214 Iosue
1496 4160 1777 4213 ministros
1804 4174 1816 4210 :
1846 4159 1938 4228 qui

340 4257 633 4304 currentes
658 4251 723 4303 ad
759 4249 1160 4306 tabernaculum
1192 4249 1335 4304 illius
1369 4260 1695 4320 repererunt
1739 4261 1939 4306 cuncta

339 4339 660 4396 abscondita
694 4342 744 4395 in
768 4342 959 4398 eodem
984 4342 1128 4410 loco,
1161 4353 1215 4398 et
1245 4352 1527 4415 argentum
1554 4343 1738 4396 simul.
1766 4341 1937 4403 Aufe—

338 4444 640 4505 rentesque
667 4435 733 4491 de
777 4437 1008 4493 tentorio
1050 4436 1294 4492 tulerunt
1345 4451 1408 4492 ea
1461 4438 1524 4490 ad
1574 4436 1739 4491 Iosue
1787 4446 1841 4491 et
1869 4436 1936 4493 ad

339 4540 537 4581 omnes
568 4528 709 4582 filios
744 4529 923 4594 Israel,
969 4529 1418 4599 projecerunlque
1453 4537 1578 4582 ante
1620 4528 1926 4587 Dominum.

2038 3323 2262 3379 Belli-El
2298 3332 2350 3378 et
2374 3323 2474 3390 Ai,
2500 3321 2565 3375 ad
2591 3320 2981 3376 occidentalem
3010 3319 3217 3389 plagam
3252 3316 3400 3372 urbis
3427 3314 3491 3371 Ai
3513 3312 3640 3371 :Io—

2037 3433 2133 3472 sue
2162 3430 2341 3471 autem
2375 3418 2425 3470 in
2455 3424 2616 3470 nocte
2644 3413 2734 3467 illa
2759 3413 2811 3467 in
2840 3411 3018 3467 medio
3042 3412 3241 3465 mansit
3276 3407 3483 3479 papuli,
3513 3420 3637 3462 sur-

2035 3525 2276 3581 geusque
2308 3508 2547 3563 diluculo
2586 3506 2864 3562 recensuit
2889 3504 3090 3569 socios,
3123 3511 3180 3558 et
3222 3499 3469 3556 ascendit
3509 3514 3633 3557 cum

2036 3601 2342 3657 senioribus
2382 3601 2433 3654 in
2487 3601 2663 3655 fronte
2692 3597 2995 3665 exercitus,
3028 3596 3260 3652 vallatus
3298 3593 3503 3649 auxilio
3536 3606 3635 3662 pu-

2036 3703 2341 3763 gnatorum.
2378 3691 2622 3762 Cumque
2644 3692 2921 3747 venissent
2953 3698 3008 3744 et
3031 3687 3406 3743 ascendissent
3435 3702 3501 3740 ex
3530 3684 3631 3739 ad-

2039 3804 2198 3842 verso
2228 3786 2485 3847 civitatis,
2520 3794 2790 3841 steterunt
2829 3784 2897 3839 ad
2948 3781 3437 3853 septentrionalem
3489 3779 3637 3843 urbis

2040 3880 2277 3952 plagam,
2320 3880 2460 3934 inter
2490 3894 2650 3949 quam
2680 3887 2735 3933 et
2765 3891 2862 3934 eos
2893 3875 3049 3932 vallis
3088 3873 3270 3931 media
3300 3881 3440 3928 erat.
3469 3870 3638 3939 Quin-

2038 3988 2143 4042 que
2173 3972 2341 4027 millia
2377 3979 2555 4027 autem
2587 3970 2740 4025 viros
2771 3970 3027 4038 elegerat,
3053 3976 3108 4021 et
3136 3973 3391 4037 posuerat
3422 3965 3474 4019 itt
3501 3964 3636 4027 iusi-

2038 4065 2142 4119 diis
2178 4065 2319 4119 inter
2350 4062 2588 4119 Betti—El
2632 4070 2686 4117 et
2715 4062 2800 4130 Ai,
2849 4076 2915 4117 ex
2946 4058 3269 4115 occidentali
3307 4066 3461 4130 parte
3490 4056 3639 4128 ejus-

2039 4158 2164 4213 dem
2214 4156 2497 4213 civitatis:
2545 4156 2725 4211 omuis
2768 4170 2905 4210 vero
2962 4153 3206 4224 reliquus
3250 4150 3526 4207 exercitus
3569 4149 3637 4205 ad

2040 4252 2353 4323 aquilonem
2384 4250 2556 4306 aciem
2589 4248 2880 4320 dirigebat,
2917 4248 2988 4302 ita
3032 4258 3090 4302 ut
3128 4245 3410 4301 novissimi
3453 4243 3639 4300 multi-

2043 4345 2242 4399 tudinis
2275 4342 2464 4415 [Vulg.
2512 4343 2660 4397 addit
2689 4340 2854 4413 illius]
2877 4339 3270 4396 occidentalem
3298 4337 3506 4412 plagam
3541 4351 3633 4389 ur.-

2042 4439 2125 4493 bis
2157 4439 2513 4509 attingerent.
2547 4437 2689 4493 Abiit
2723 4452 2857 4505 ergo
2878 4434 3043 4491 Iosue
3074 4442 3233 4488 nocte
3257 4433 3373 4497 illa,
3404 4440 3458 4486 et
3487 4428 3640 4485 stetit

2042 4531 2097 4585 in
2124 4532 2279 4587 vallis
2312 4530 2509 4586 medio.
2536 4529 2620 4601 [Ο.
2669 4527 2910 4599 ΧΧΧΙΙ.]
2954 4527 3107 4596 Quod
3136 4541 3257 4581 cum
3286 4523 3511 4579 vidisset
3542 4538 3636 4579 rex

335 4618 570 4675 Tollens
599 4621 781 4689 itaque
808 4618 979 4676 Iosue
1007 4619 1192 4676 Achati
1227 4618 1394 4673 ﬁlium
1428 4619 1586 4685 Zare.
1620 4628 1931 4690 argentum-
1956 4608 2007 4667 Ῑ)
2036 4625 2123 4691 Ai,
2158 4623 2429 4689 festinavit
2461 4637 2638 4689 mane,
2667 4632 2721 4676 et
2749 4634 3001 4693 egressus
3027 4628 3110 4674 est
3134 4634 3257 4673 cum
3288 4618 3437 4675 omni
3472 4631 3635 4672 exer-

333 4728 447 4782 que
478 4722 531 4768 et
561 4714 802 4784 pallium,
829 4723 883 4770 et
910 4729 1127 4769 auream
1158 4715 1425 4785 regulam,
1453 4714 1696 4785 filiosque
1727 4715 1843 4784 ejus
1875 4724 1930 4770 et

331 4806 497 4871 filias,
534 4807 698 4864 boves
726 4815 784 4863 et
811 4808 1013 4878 asinos,
1048 4816 1103 4864 et
1142 4824 1272 4865 oves
1296 4852 1310 4877 ,
1358 4810 1638 4881 ipsumque
1673 4812 1929 4865 taberna-

328 4898 543 4965 culum,
576 4906 630 4953 et
668 4907 916 4955 cunctam
963 4900 1359 4969 supellectilem
1412 4902 1489 4973 (et
1536 4903 1714 4959 omnis
1757 4902 1927 4957 Israel

329 5007 460 5045 eum
490 4992 577 5062 eo)
613 5007 627 5051 :
656 4991 928 5048 duxerunt
956 5008 1053 5049 eos
1077 4993 1145 5047 ad
1183 4994 1383 5049 Vallem
1420 4994 1601 5050 Acltor
1630 5012 1643 5049 :
1670 4995 1761 5049 ubi
1794 4996 1931 5050 dixit

329 5082 503 5139 Iosue
536 5101 549 5138 ί
600 5085 734 5153 Quia
782 5083 969 5156 [γαίῃ.
1015 5085 1127 5157 qui]
1177 5086 1406 5141 turbasti
1439 5102 1560 5152 nos,
1594 5088 1848 5144 exturbet
1878 5097 1929 5145 te

330 5178 599 5235 Dominus
625 5181 675 5235 iu
704 5179 790 5235 die
818 5181 937 5233 hac.
958 5179 1347 5251 Lapidavitque
1373 5196 1495 5237 eum
1528 5184 1709 5239 omnis
1729 5184 1927 5240 Israel:

410 5333 695 5408 fVulgati,
716 5353 807 5408 per
837 5337 1031 5402 damas,
1065 5336 1419 5393 dissentiente
1451 5326 1933 5407 HebrzeoDI'ﬂAL)

408 5404 435 5444 δ
462 5404 669 5482 Nomen
716 5404 861 5463 istud
910 5409 965 5463 in
1014 5408 1220 5464 Graecis
1250 5425 1332 5482 ac,
1362 5410 1569 5482 Latinis
1607 5404 1928 5482 quibusdam

329 5479 743 5547 exemplaribus
780 5489 1044 5534 mutatum
1092 5493 1175 5537 eSt
1207 5482 1260 5535 in
1302 5481 1472 5537 Achar
1493 5493 1549 5538 et
1599 5479 1786 5539 Achar.
1816 5486 1928 5542 Ma-

330 5553 652 5626 nuscriptus
705 5561 884 5626 tamen
932 5552 1329 5626 Alettandrinus
1382 5556 1587 5623 optime
1634 5556 1761 5626 legit
1804 5575 1926 5614 cum

329 5620 594 5687 Hebraeo,
618 5620 836 5694 Achan;
864 5621 1009 5693 quod
1035 5623 1107 5677 ita
1133 5620 1773 5694 legendum'docetetiam
1805 5630 1928 5685 Ilie-

328 5706 600 5769 ronymus
627 5692 720 5748 lib.
745 5694 813 5749 de
843 5692 1279 5769 lucisuﬂebrai'cis
1304 5715 1320 5769 γε
1344 5697 1499 5751 Emec
1522 5700 1710 5764 Achar,
1734 5702 1923 5769 inquit,

326 5764 478 5842 quod
503 5768 869 5842 interpretatur
898 5767 1049 5842 vallis
1073 5768 1261 5842 Achar,
1294 5768 1349 5823 id
1378 5780 1470 5833 est,
1498 5771 1751 5826 tumultus
1773 5764 1927 5842 atque

334 5835 630 5908 turbarum,
660 5837 745 5894 ubi
775 5838 953 5894 Achati
980 5837 1243 5913 lapidibus
1281 5857 1552 5914 oppressus
1574 5852 1669 5914 est,
1704 5884 1718 5899 .
1753 5884 1768 5902 .
1906 5886 1921 5903 .

2038 4718 2149 4772 citu
2196 4717 2449 4780 civitatis,
2503 4714 2805 4784 direxitque
2855 4713 3025 4767 aciem
3084 4721 3276 4766 contra
3333 4709 3634 4775 desertum,

2038 4811 2293 4882 ignorans
2322 4808 2463 4879 quod
2500 4817 2622 4878 post
2650 4816 2859 4879 tergum
2902 4807 3138 4863 laterent
3183 4805 3415 4861 insidiae.
3459 4802 3630 4861 Iosue

2038 4920 2167 4961 vero
2191 4914 2245 4959 et
2274 4905 2449 4959 omnis
2485 4902 2647 4957 Israel
2681 4911 2963 4969 cesserunt
2991 4901 3133 4967 loco,
3178 4900 3498 4959 simulantes
3526 4911 3642 4952 me-

2039 5006 2173 5063 tutn,
2206 5004 2261 5052 et
2299 4996 2562 5066 fugientes
2584 5010 2679 5065 per
2706 4995 2846 5049 viam
2877 4992 3206 5050 solitudinis.
3234 4993 3303 5049 At
3337 4990 3414 5047 illi
3439 4988 3642 5045 vocife-

2037 5102 2219 5147 rantes
2268 5090 2488 5159 pariter,
2538 5098 2593 5146 et
2621 5102 2679 5143 se
2712 5098 2898 5143 mutuo
2948 5088 3314 5153 cohortantes,
3369 5080 3640 5156 persecuti

2041 5191 2166 5237 sunt
2191 5196 2304 5237 eos.
2336 5181 2577 5250 Cumque
2607 5180 2961 5236 recessissent
2992 5195 3021 5232 a
3046 5179 3289 5242 civitate,
3323 5186 3377 5232 et
3408 5191 3473 5231 ne
3498 5188 3637 5229 unus

2044 5352 2115 5397 est
2141 5342 2279 5394 locus
2303 5343 2459 5411 juxta
2500 5339 2734 5404 Jericha,
2764 5340 2904 5395 haud
2941 5340 3119 5410 procul
3145 5356 3177 5392 a
3209 5336 3462 5409 Galgalis.
3496 5332 3637 5411 Male

2039 5406 2402 5487 ergaquidam
2431 5419 2613 5482 putant
2656 5413 2843 5467 uallem
2890 5406 3082 5487 Achar,
3116 5406 3523 5487 auomineejus
3551 5406 3641 5487 qui

2037 5482 2305 5553 lapidatus
2336 5494 2430 5549 est,
2456 5492 2807 5552 nuncupatam
2834 5500 2852 5539 :
2878 5501 2997 5539 cum
3018 5483 3108 5541 ille
3140 5482 3320 5545 Achun
3350 5482 3519 5537 dictus
3542 5482 3635 5545 sit,

2036 5567 2081 5611 et
2113 5572 2215 5609 non
2246 5555 2436 5621 Achar,
2465 5557 2569 5609 sive
2590 5556 2781 5611 Achar.
2809 5556 2985 5613 MART.

2108 5626 2355 5700 e—Pulat.
2389 5619 2513 5694 ms.,
2542 5626 2736 5694 Achar,
2770 5627 2997 5684 Urbinas
3025 5626 3197 5700 Achar
3227 5624 3373 5700 legit:
3409 5619 3632 5700 Dec-ale,

2036 5701 2080 5753 si
2116 5699 2286 5763 lubet,
2320 5699 2379 5751 S.
2414 5693 2785 5767 interpretem,
2836 5700 2975 5755 libro
3005 5701 3073 5753 de
3122 5693 3292 5753 Locis
3330 5693 3630 5767 Hebraicis,

2032 5770 2100 5827 ad
2135 5762 2321 5824 vocem
2356 5768 2519 5827 Emac
2558 5762 2852 5840 Achar,'et
2878 5786 3001 5842 quze
3048 5783 3148 5837 uos
3187 5768 3255 5825 ad
3300 5779 3424 5831 eum
3456 5762 3634 5821 locum

2032 5846 2409 5901 observamus.
