4098 6366
496 304 604 363 479

1503 311 1562 369 S.
1605 307 1996 366 HIERONYMI
2037 304 2274 365 DIVINA
2313 307 2792 368 BIBLIOTIIECA.

3683 313 3788 372 480

497 425 714 499 quidem
746 425 799 481 in
827 425 962 482 urbe
1004 424 1069 482 Ai
1100 432 1156 482 et
1183 424 1414 483 Beth-El
1461 425 1810 482 remansisset
1858 423 1949 495 qui
1991 438 2100 481 non
2127 421 2184 484 Α
2277 423 2361 497 [Β.
2407 423 2524 495 XV,
2569 424 2697 496 Cap.
2737 423 2856 498 IX.]
2898 399 3106 495 Quibus
3146 423 3382 495 auditis,
3415 427 3596 483 cuncti
3639 441 3799 500 reges

496 527 924 590 persequeretur
950 517 1120 575 Israel
1165 518 1330 592 (sicut
1375 525 1667 587 eruperant
1711 523 1897 586 aperta
1949 525 2101 585 porta

499 611 685 686 [Vulg.
727 620 858 668 tacet
885 613 1061 684 porta]
1085 612 1279 683 oppida
1308 607 1724 682 relinquentes),
1753 610 1890 665 dixit
1921 610 2102 666 Domi-

493 721 596 764 nus
616 706 684 763 ad
708 706 913 764 Josue:
947 707 1086 762 Leva
1114 707 1387 778 clypeum,
1433 704 1528 776 qui
1555 704 1608 759 in
1659 718 1822 759 manu
1857 713 1948 760 tua
1989 711 2097 772 est,

495 811 686 860 c0ntra
711 803 901 859 urbem
930 801 1018 871 Ai,
1045 801 1300 872 quoniam
1333 797 1426 854 tibi
1452 797 1660 854 tradam
1685 814 1825 855 eam.
1854 797 2100 870 Cumque

495 899 766 954 elevasset
789 896 1038 968 clypeum
1067 909 1138 950 ex
1172 892 1402 948 adverso
1431 891 1691 963 civitatis,
1722 891 1954 960 insidiae,
1979 907 2101 962 qua:

495 989 756 1056 latebant,
785 993 1141 1044 surrexerunt
1167 983 1452 1040 confestim
1479 1001 1492 1038 :
1523 995 1576 1041 et
1612 992 1902 1056 pergentes
1931 981 1998 1037 ad
2024 982 2101 1037 ci-

496 1084 719 1140 vitatem
741 1126 754 1150 ,
783 1089 1047 1151 ceperunt
1084 1088 1141 1135 et
1169 1077 1574 1134 succenderunt
1601 1092 1742 1133 eam.
1778 1076 1890 1132 Viri
1917 1085 2097 1132 autem

495 1175 753 1241 civitatis,
784 1176 873 1247 qui
905 1173 1373 1246 persequebantur
1414 1172 1603 1240 Josue,
1653 1172 2016 1244 respicientes
2043 1179 2100 1227 et

495 1270 739 1327 videntes
766 1268 970 1325 fumum
1001 1267 1153 1324 urbis
1183 1267 1250 1322 ad
1285 1267 1483 1325 celum
1506 1281 1675 1338 usque
1701 1263 2094 1332 conscendere,

498 1379 606 1420 non
638 1371 931 1434 potuerunt
959 1361 1102 1417 ultra
1133 1360 1236 1416 huc
1262 1361 1496 1432 illucque
1525 1359 1790 1431 diti‘ugere
1820 1375 1833 1413 :
1866 1373 2097 1430 praeser-

497 1459 594 1513 tim
653 1472 774 1513 cum
819 1458 873 1513 hi
920 1455 1012 1528 qui
1055 1455 1455 1511 simulaverant
1484 1454 1684 1524 fugam,
1719 1463 1772 1510 et
1806 1451 2100 1508 tendebant

497 1550 566 1606 ad
596 1550 943 1606 solitudinem
963 1592 976 1616 ,
1028 1557 1219 1605 contra
1251 1559 1639 1621 persequentes
1670 1548 1964 1604 fortissime
2009 1564 2096 1606 re-

502 1643 790 1702 Stitissent.
813 1643 1120 1714 Vidensque
1141 1642 1307 1698 Josue
1319 1643 1562 1698 etomnis
1583 1640 1749 1698 Israel
1775 1641 1916 1712 quod
1938 1651 2096 1712 capta

499 1747 646 1796 esset
671 1739 883 1807 civitas,
925 1746 980 1792 et
1035 1734 1214 1792 fumus
1263 1734 1412 1791 urbis
1453 1734 1798 1802 ascenderet,
1845 1749 2096 1790 reversus

2207 523 2356 570 trans
2401 516 2735 582 Jordanem,
2782 517 2872 588 qui
2909 517 3269 573 versabantur
3321 518 3376 574 in
3428 519 3699 575 montanis
3744 527 3801 577 et

2203 609 2632 680 campestribus,
2674 609 2727 664 in
2760 609 3047 665 maritimis
3075 624 3140 664 ac
3168 610 3354 666 littore
3391 612 3556 667 maris
3586 612 3799 684 magni,

2203 699 2258 754 hi
2299 716 2514 773 quoque
2538 701 2627 772 qui
2660 701 2976 758 habitabant
3002 702 3164 772 juxta
3196 702 3485 772 Libanum,
3520 699 3803 761 lIetlhicus

2202 803 2258 851 et
2277 795 2650 866 Amorrhaaus,
2675 805 2730 852 et
2747 796 3116 866 Chananaeus,
3133 797 3484 864 Pherezazus,
3501 808 3556 855 et
3582 800 3799 868 Evaeus,

2202 894 2258 942 et
2285 885 2600 954 Jebusaeus,
2633 889 2945 959 congregati
2976 896 3104 943 sunt
3133 889 3355 960 pariter,
3391 898 3450 945 ut
3499 899 3804 962 pugnarent

2201 988 2390 1034 contra
2413 979 2580 1036 Josue
2605 989 2660 1036 et
2686 981 2858 1037 Israel
2882 995 2991 1036 uno
3018 982 3222 1048 animo,
3249 983 3528 1052 eademque
3547 985 3805 1040 sententia

2130 1068 2131 1071 ‘
2203 1070 2282 1145 [h.
2315 1087 2421 1126 non
2445 1071 2650 1145 habet].
2679 1072 2762 1146 [8.
2789 1073 2934 1139 XVI,
2962 1071 3022 1128 c.
3050 1073 3290 1147 xxxv.]
3315 1075 3383 1130 At
3407 1075 3458 1131 In
3480 1077 3570 1148 qui
3593 1076 3807 1132 habita-

2202 1163 2334 1218 bant
2357 1164 2409 1218 in
2433 1163 2680 1234 Gabaon,
2703 1166 2990 1224 audientes
3013 1176 3207 1223 cuncta
3241 1183 3360 1239 quae
3387 1167 3594 1225 fecerat
3612 1171 3802 1238 Josue,

2203 1256 2426 1314 Iericho
2468 1269 2522 1316 et
2559 1259 2622 1314 Ai
2655 1277 2670 1316 :
2715 1269 2772 1316 et
2803 1259 2998 1316 callide
3041 1261 3382 1333 cogitantes,
3414 1264 3656 1319 tulerunt
3698 1265 3806 1320 sibi

2203 1353 2437 1420 cibaria,
2471 1367 2665 1410 saccos
2691 1363 2910 1410 veteres
2936 1355 3104 1410 asinis
3137 1354 3484 1425 imponentes
3509 1398 3525 1425 ,
3557 1365 3613 1413 et
3654 1365 3805 1414 utres

2199 1446 2445 1503 vinarios
2503 1447 2706 1503 scissos
2755 1458 2918 1519 atque
2972 1457 3266 1518 consutos,
3325 1449 3805 1521 calceamentaqne

2201 1541 2522 1611 perantiqua
2552 1582 2566 1608 ,
2614 1555 2735 1612 quae
2788 1541 2854 1596 ad
2910 1540 3170 1597 indicium
3221 1545 3511 1601 vetustatis
3564 1547 3803 1616 pittaciis

2199 1646 2422 1692 consuta
2451 1643 2609 1691 erant
2633 1677 2648 1701 ,
2697 1635 2871 1691 induti
2901 1637 3178 1693 veteribus
3208 1638 3549 1694 vestimentis
3584 1656 3598 1694 :
3633 1655 3806 1712 panes

2200 1747 2415 1804 quoque
2441 1747 2582 1803 quos
2616 1732 2908 1802 portabant
2933 1732 3002 1788 ob
3030 1732 3322 1802 viaticum,
3367 1733 3488 1789 duri
3519 1743 3676 1790 erant
3699 1777 3714 1804 ,
3747 1747 3800 1792 et

498 1835 770 1908 percussit
797 1833 942 1888 viros
967 1830 1054 1888 Ai.
1087 1831 1144 1887 Si
1173 1830 1394 1902 quidem
1438 1839 1493 1886 et
1524 1830 1604 1885 illi
1636 1831 1727 1901 qui
1757 1837 2016 1901 ceperant
2043 1838 2098 1885 et
2127 1822 2174 1883 Β
2203 1827 2255 1882 in
2285 1827 2456 1883 frusta
2501 1827 2828 1882 comminuti
2854 1845 2866 1882 :
2909 1838 3383 1899 perrexeruntque
3406 1827 3472 1883 ad
3493 1829 3678 1897 Josue,
3709 1829 3804 1901 qui

395 1957 407 1972 ν
500 1928 899 1987 succenderant
928 1927 1224 1994 civitatem,
1249 1924 1452 1997 egressi
1473 1939 1540 1980 ex
1563 1923 1700 1980 urbe
1729 1934 1918 1980 contra
1941 1937 2092 1994 suos,

504 2021 718 2079 medios
746 2019 987 2076 hostium
1020 2017 1183 2074 ferire
1227 2025 1532 2088 coeperunt.
1583 2013 1826 2087 Cumque
1871 2031 2001 2087 ergo
2029 2031 2095 2072 ex

501 2125 732 2186 utraque
763 2121 916 2184 parte
961 2109 1260 2168 adversarii
1298 2109 1666 2177 crederentur,
1711 2109 1780 2165 ita
1815 2119 1873 2166 ut
1917 2111 2098 2168 nullus

503 2208 574 2264 de
606 2215 752 2262 tanta
798 2203 1142 2261 multitudine
1172 2203 1510 2272 salvaretur,
1546 2218 1727 2274 regem
1759 2219 1975 2275 quoque
2003 2220 2096 2259 ur-

506 2301 591 2356 bis
622 2301 685 2356 Ai
715 2297 1200 2370 apprehenderunt
1232 2298 1532 2366 viventem,
1577 2307 1632 2355 et
1662 2299 1977 2356 obtulerunt
2005 2299 2100 2356 .Io-

504 2409 620 2452 sue.
652 2394 819 2466 Igitur
849 2394 1101 2450 omnibus
1129 2393 1448 2463 interfectis,
1487 2395 1576 2466 qui
1623 2395 1876 2452 lsraelem
1907 2396 1972 2452 ad
2003 2397 2099 2454 de-

502 2496 648 2546 serta
680 2488 989 2544 tendentem
1024 2487 1240 2543 fuerant
1285 2489 1577 2559 persecuti,
1611 2497 1668 2545 et
1699 2489 1753 2544 in
1794 2490 1986 2547 eodem
2019 2491 2102 2547 lo-

505 2596 571 2638 co
597 2581 774 2652 gladio
799 2581 1180 2637 corruentihus
1212 2581 1424 2637 reversi
1468 2581 1566 2637 ﬁlii
1610 2581 1777 2639 Israel
1807 2597 2098 2654 percusse-

508 2683 638 2731 runt
665 2674 971 2730 civitatem.
1001 2673 1173 2730 Erant
1203 2683 1385 2731 autem
1417 2673 1509 2746 qui
1539 2688 1606 2731 eo
1633 2675 1722 2732 die
1749 2676 2102 2732 conciderant

505 2785 536 2826 a
576 2771 695 2826 viro
721 2785 892 2841 usque
920 2769 989 2825 ad
1037 2770 1344 2838 mulierem,
1385 2769 1669 2826 duodecim
1711 2771 1877 2827 millia
1921 2771 2101 2827 homi-

507 2877 656 2927 num,
685 2876 878 2916 omnes
904 2861 1054 2918 urbis
1095 2862 1181 2917 Ai.
1212 2861 1376 2918 Josue
1400 2876 1530 2918 vero
1559 2878 1663 2918 non
1691 2864 1960 2920 contraxit
1989 2879 2102 2919 ma-

509 2969 638 3009 num
667 2968 827 3026 quam
857 2952 912 3008 in
950 2953 1179 3010 sublime
1218 2964 1559 3024 porrexerat,
1610 2965 1802 3012 tenens
1846 2957 2100 3029 clypeum

509 3046 684 3102 donec
714 3046 1156 3103 interficerentur
1183 3060 1374 3103 omnes
1393 3047 1731 3105 habitatores
1759 3049 1846 3106 Ai.
1876 3050 2104 3106 Jutnen-

510 3148 561 3194 ta
585 3149 763 3196 autem
795 3149 850 3196 et
880 3139 1115 3210 pratdam
1153 3140 1390 3196 civitatis
1419 3139 1722 3197 diviserunt
1747 3141 1850 3198 sibi
1884 3142 1980 3198 filii
2025 3142 2100 3199 Is-

2202 1926 2328 1974 tunc
2360 1917 2682 1974 morabatur
2711 1921 2766 1973 in
2799 1919 2998 1974 castris
3027 1918 3270 1990 Galgalae
3295 1960 3311 1987 ,
3360 1929 3413 1976 et
3443 1920 3694 1976 dixerunt
3719 1921 3769 1977 ei
3789 1962 3806 1989 ,

2199 2021 2363 2082 atque
2392 2011 2541 2066 omni
2569 2011 2734 2066 simul
2765 2011 2950 2067 lsraeli
2987 2029 2999 2066 :
3042 2011 3123 2067 De
3152 2021 3294 2067 terra
3326 2013 3614 2085 longinqua
3649 2014 3805 2070 veni-

2201 2120 2342 2172 mus,
2392 2119 2581 2176 pacem
2613 2103 2896 2160 vobiscum
2924 2105 3105 2162 facere
3129 2107 3435 2176 cupientes.
3476 2106 3801 2178 Responde-

2203 2207 2439 2268 runtque
2484 2197 2587 2252 viri
2641 2197 2807 2253 Israel
2846 2199 2914 2253 ad
2959 2213 3054 2254 eos
3101 2198 3179 2270 [h.
3214 2198 3280 2254 ad
3324 2199 3590 2271 Ev-.cum],
3638 2211 3804 2271 atque

2202 2292 2469 2348 dixerunt
2501 2311 2514 2348 :
2545 2291 2622 2348 Ne
2650 2291 2835 2348 forsan
2877 2292 2930 2348 in
2963 2301 3106 2348 terra
3127 2334 3142 2362 ,
3171 2308 3292 2363 qua:
3325 2293 3484 2349 nobis
3524 2294 3662 2349 forte
3701 2293 3803 2350 de~

2201 2387 2397 2453 betur,
2436 2386 2728 2454 habitetis,
2783 2394 2839 2443 et
2875 2402 2982 2442 non
3015 2387 3284 2458 possimus
3315 2385 3489 2444 fmdus
3526 2387 3665 2445 inire
3699 2403 3802 2444 vo-

2201 2479 2434 2536 biscum.
2461 2478 2630 2534 Atilli
2655 2478 2722 2534 ad
2741 2479 2911 2535 Josue
2939 2478 3155 2542 :Servi,
3186 2480 3456 2550 inquiunt,
3487 2481 3563 2535 tui
3584 2495 3800 2536 sumus.

2201 2571 2411 2640 Quibus
2435 2570 2600 2628 Josue
2635 2590 2648 2627 :
2680 2571 2910 2639 Quinam
2933 2611 2949 2639 ,
2995 2571 3104 2638 ait,
3135 2572 3269 2628 estis
3293 2573 3422 2628 vos?
3448 2582 3503 2630 et
3533 2573 3677 2629 unde
3707 2589 3805 2630 ve-

2203 2662 2400 2718 nistis?
2441 2661 2874 2732 Responderunt
2921 2682 2936 2718 :
2984 2661 3062 2718 De
3114 2669 3258 2718 terra
3302 2662 3598 2734 longinqua
3639 2663 3803 2719 valde

2205 2764 2475 2812 venerunt
2505 2754 2651 2812 servi
2683 2755 2761 2810 tui
2788 2757 2842 2810 in
2873 2756 3094 2812 nomine
3124 2755 3338 2811 Domini
3375 2756 3471 2813 Dei
3502 2757 3599 2813 tui.
3632 2757 3805 2814 Audio

2204 2851 2386 2906 vimus
2410 2852 2554 2906 enim
2591 2850 2790 2908 famam
2822 2849 3079 2922 potentia:
3111 2851 3259 2920 ejus,
3299 2861 3496 2907 cuncta
3526 2867 3646 2922 quae
3671 2851 3808 2908 fecit

2206 2945 2260 2999 in
2291 2943 2555 3016 ZEgypto,
2597 2954 2652 3000 et
2692 2943 2907 2999 duobus
2937 2941 3384 3000 Amorrhazorum
3425 2945 3676 3016 regibus,
3709 2943 3806 3016 qui

2206 3039 2425 3095 fuerunt
2456 3050 2608 3096 trans
2649 3041 2979 3109 Jordanem,
3015 3042 3160 3100 Seon
3197 3045 3312 3114 regi
3352 3045 3603 3113 Esebon,’
3628 3053 3684 3100 et
3723 3043 3810 3116 0g

2206 3133 2319 3204 regi
2367 3132 2576 3200 Basan,
2619 3135 2710 3204 qui
2743 3142 2900 3188 erant
2941 3134 2996 3190 in
3039 3135 3340 3193 Astharotb
3387 3156 3400 3193 :
3443 3136 3809 3207 dixeruntque

511 3232 645 3298 rael,
665 3233 804 3287 sicut
834 3241 1172 3304 praeceperat
1201 3231 1465 3288 Dominus
1491 3232 1677 3290 Josue.
1724 3233 1828 3303 Qui
1873 3250 2104 3292 succen-
2133 3221 2180 3286 C
2213 3227 2368 3281 nobis
2391 3225 2673 3296 seniores,
2701 3234 2757 3281 et
2784 3242 2976 3284 omnes
3000 3228 3339 3286 habitatores
3369 3239 3529 3286 terrae
3557 3241 3758 3288 nostrae
3789 3247 3804 3284 :

509 3325 589 3381 dit
615 3326 828 3392 urbem,
852 3332 907 3381 et
927 3325 1056 3382 fecit
1081 3340 1200 3381 eam
1232 3326 1502 3382 tumulum
1548 3328 1939 3398 sempiternum
1976 3347 1989 3384 :
2019 3345 2105 3386 re-

511 3433 634 3489 gem
665 3433 880 3488 quoque
914 3417 1032 3488 ejus
1081 3418 1362 3489 suspendit
1418 3417 1471 3473 in
1524 3420 1769 3489 patibulo
1817 3436 1987 3493 usque
2036 3421 2105 3478 ad

507 3526 815 3584 vesperam.
850 3512 916 3567 Et
943 3511 1074 3567 solis
1095 3526 1292 3568 occasu
1329 3514 1590 3585 praecepit
1631 3514 1819 3583 Josue,
1852 3525 1907 3572 et
1936 3517 2107 3588 depo-

513 3614 737 3661 suerunt
783 3605 1014 3662 cadaver
1057 3605 1174 3676 ejus
1203 3604 1274 3662 de
1320 3621 1521 3662 cruce:
1572 3608 2021 3681 projeceruntque
2050 3611 2104 3666 in

514 3699 632 3770 ipso
664 3699 884 3755 introitu
906 3700 1167 3769 civitatis,
1205 3711 1467 3772 congesto
1497 3704 1684 3774 super
1727 3719 1850 3758 eum
1905 3719 2104 3768 magno

513 3793 989 3863 acervolapidum,
1021 3795 1114 3864 qui
1139 3805 1419 3865 permanet
1461 3811 1632 3867 usque
1679 3796 1732 3852 in
1775 3807 2105 3867 praesentem

513 3887 678 3944 diem.
710 3887 995 3962 [XXXIIL]
1021 3888 1171 3944 Tunc
1210 3889 1497 3946 aedificavit
1527 3890 1693 3946 Josue
1722 3891 1894 3946 altare
1923 3891 2108 3946 Domi-

514 3997 586 4036 no
626 3981 737 4038 Deo
781 3981 944 4036 Israel
995 3981 1048 4038 in
1081 3991 1262 4038 monte
1314 3983 1483 4040 llehal
1518 4001 1532 4038 :
1584 3981 1724 4039 sicut
1769 3991 2106 4054 praeceperat

513 4073 692 4130 Moses
725 4073 954 4130 famulus
988 4075 1198 4131 Domini
1239 4075 1364 4131 ﬁliis
1393 4075 1581 4141 Israel,
1629 4083 1686 4131 et
1715 4077 1976 4146 scriptum
2021 4085 2107 4132 est

515 4166 569 4222 in
603 4167 875 4223 volumine
917 4167 1050 4240 legis
1098 4169 1229 4223 Mosi
1250 4186 1279 4236 _:
1312 4169 1499 4224 Altare
1527 4167 1597 4224 de
1626 4167 1895 4239 lapidibus
1927 4169 2105 4240 impo-

514 4259 650 4326 litis,
694 4276 828 4332 quos
860 4261 1062 4318 ferrum
1093 4277 1199 4319 non
1249 4264 1422 4336 tetigit
1455 4281 1469 4320 :
1502 4273 1558 4320 et
1605 4264 1799 4319 obtulit
1849 4279 2013 4335 super
2039 4279 2108 4320 eo

515 4355 837 4412 holocausta
885 4357 1142 4426 Domino,
1195 4357 1604 4430 immolavitque
1653 4359 1911 4429 paciﬁcas
1953 4360 2109 4415 victi-

512 4464 649 4505 mas.
681 4449 749 4505 Et
775 4451 993 4522 scripsit
1023 4465 1188 4522 super
1209 4451 1417 4521 lapides
1449 4452 1934 4508 Deuteronomium
1966 4452 2108 4523 legis

512 4543 672 4609 Mosi,
703 4543 846 4615 quod
871 4543 964 4600 ille
990 4543 1293 4616 digesserat
1323 4559 1506 4600 coram
1535 4543 1662 4600 ﬁliis
1694 4545 1883 4601 Israel.
1915 4544 2107 4601 Omnis

511 4645 689 4694 autem
720 4637 950 4708 populus
972 4615 1067 4710 [h.,
1088 4647 1143 4694 et
1166 4638 1344 4694 omnis
1367 4637 1582 4712 Israel],
1613 4646 1669 4694 et
1689 4637 1923 4710 majores
1951 4648 2104 4706 natu,
2131 4615 2184 4676 D

513 4730 789 4801 ducesque
819 4745 882 4786 ac
913 4729 1127 4800 judices
1158 4730 1375 4786 stabant
1403 4746 1468 4786 ex
1501 4739 1728 4800 utraque
1758 4739 1910 4802 parte
1939 4745 2105 4798 arcre,

513 4823 568 4878 in
612 4832 909 4892 conspectu
957 4823 1302 4879 sacerdotum
1356 4822 1435 4895 [h.
1493 4822 1842 4879 sacerdotum
1893 4824 2110 4880 Levita-

513 4917 680 4990 rum],
711 4917 806 4989 qui
836 4917 1126 4989 portabant
1159 4933 1341 4974 arcam
1389 4917 1606 4974 fmderis
1635 4917 1878 4985 Domini,
1926 4928 1984 4974 ut
2013 4919 2110 4974 ad-

512 5028 650 5069 vena
687 5013 763 5068 ita
791 5019 847 5068 et
874 5013 1148 5084 indigena.
1191 5011 1365 5067 Media
1396 5027 1523 5082 pars
1547 5026 1736 5068 eorum
1767 5011 1921 5081 juxta
1949 5026 2108 5067 mon-

515 5115 624 5163 tem
653 5105 907 5171 Garizim,
943 5114 999 5162 et
1030 5105 1208 5162 media
1249 5105 1408 5176 juxta
1439 5114 1680 5162 montem
1727 5104 1923 5172 Hebal,
1969 5105 2110 5162 sicut

512 5207 846 5270 prmceperat
875 5199 1053 5253 Moses
1081 5196 1314 5254 famulus
1355 5197 1593 5253 Domini.
1633 5197 1699 5252 Et
1730 5197 1960 5266 primum
1985 5196 2109 5266 qui-

512 5290 637 5348 dem
684 5289 960 5347 benedixit
1006 5291 1234 5362 populos
1288 5289 1477 5346 Israel.
1524 5287 1606 5361 [ϐ.
1655 5286 1926 5359 XXXIV.]
1979 5288 2112 5345 Post

515 5383 632 5441 hate
670 5385 798 5456 legit
825 5383 1006 5440 omnia
1032 5385 1197 5439 verba
1229 5381 1630 5440 benedictionis
1675 5393 1730 5439 et
1771 5380 2112 5437 maledictio-

512 5480 622 5548 nis,
647 5488 699 5535 et
719 5488 904 5534 cuncta
933 5478 1013 5551 [h.
1055 5492 1164 5534 non
1196 5477 1378 5549 habet]
1429 5492 1551 5550 qua:
1602 5475 1806 5548 scripta
1853 5485 2008 5531 erant
2053 5476 2109 5532 in

511 5574 651 5647 legis
675 5574 970 5630 volumine.
998 5570 1142 5628 Nihil
1177 5586 1243 5627 ex
1272 5571 1358 5627 his
1379 5587 1501 5644 quae
1527 5571 1704 5628 Moses
1726 5571 1989 5642 jusserat,
2022 5584 2111 5626 re-

509 5673 668 5744 liquit
695 5673 980 5739 intactum,
1015 5667 1112 5724 sed
1138 5667 1391 5722 universa
1423 5665 1712 5739 replicavit
1735 5679 1922 5721 coram
1955 5663 2109 5720 omni

510 5761 860 5822 multitudine
888 5759 1081 5829 Israel,
1132 5757 1454 5815 mulieribus
1484 5774 1548 5816 ac
1592 5758 1835 5830 parvulis
1861 5764 1916 5814 et
1947 5755 2112 5815 adve-

510 5859 616 5930 nis,
647 5858 740 5932 qui
769 5857 911 5915 inter
941 5869 1036 5915 eos
1062 5853 1433 5914 morabantur.

2209 3319 2410 3375 Tollite
2441 3320 2496 3376 in
2528 3321 2780 3376 manibus
2805 3322 3007 3378 cibaria
3035 3323 3108 3380 ob
3132 3324 3504 3395 longissimam
3534 3326 3710 3390 viam,
3748 3332 3811 3381 et

2208 3413 2482 3470 occurrite
2504 3415 2618 3481 eis,
2652 3431 2716 3472 ac
2743 3416 2906 3473 dicite
2941 3436 2952 3471 :
2985 3417 3148 3474 Servi
3184 3419 3354 3474 vestri
3379 3433 3591 3488 sumus,
3626 3417 3810 3475 foedus

2208 3509 2343 3564 inite
2369 3510 2678 3565 nobiscum.
2707 3511 2809 3576 En,
2846 3528 3012 3583 panes
3045 3514 3261 3584 quando
3282 3514 3490 3585 egressi
3520 3528 3707 3568 sumus
3736 3513 3811 3570 de

2207 3603 2458 3659 domibus
2486 3606 2707 3674 nostris,
2731 3616 2790 3662 ut
2818 3607 3135 3664 veniremus
3155 3607 3222 3664 ad
3247 3622 3368 3676 vos,
3393 3607 3603 3663 calidos
3619 3622 3814 3678 sump-

2206 3703 2376 3756 simus
2403 3743 2418 3770 ,
2473 3717 2615 3758 nunc
2654 3703 2782 3758 sicci
2824 3702 2950 3758 facti
3001 3713 3167 3776 sunt,
3210 3711 3266 3759 et
3310 3710 3586 3760 vetustate
3639 3702 3812 3760 nimia

2207 3794 2545 3850 comminuti.
2609 3795 2769 3852 Utres
2817 3797 2928 3852 vini
2983 3811 3155 3852 novos
3213 3795 3601 3867 implevimus,
3661 3812 3813 3853 nunc

2208 3886 2352 3956 rupti
2384 3895 2510 3941 sunt
2556 3895 2610 3942 ct
2639 3888 2826 3944 soluti.
2873 3887 3067 3945 Vestes
3105 3898 3158 3945 et
3203 3890 3571 3947 calceamenta
3609 3891 3812 3963 quibus

2209 3978 2506 4047 induimur,
2538 3991 2592 4036 et
2623 3996 2743 4051 qua:
2777 3981 3045 4038 habemus
3073 3983 3129 4038 in
3161 3984 3427 4053 pedibus,
3455 3987 3526 4041 ob
3569 3987 3811 4057 longitu-

2210 4072 2392 4128 dinem
2433 4073 2684 4144 largioris
2719 4073 2906 4146 [γυῖα.
2941 4074 3228 4148 longioris]
3260 4077 3362 4132 via:
3401 4079 3524 4133 trita
3555 4086 3703 4144 sunt,
3753 4085 3818 4134 et

2209 4183 2350 4239 pene
2377 4179 2723 4240 consumpta.
2751 4167 2834 4242 [Ο.
2858 4169 3126 4243 XXXVI]
3155 4171 3528 4245 Susceperunt
3555 4173 3716 4243 igitur
3739 4173 3817 4229 de

2210 4261 2430 4318 cibariis
2478 4279 2666 4319 eorum
2693 4307 2708 4332 ,
2742 4273 2799 4320 et
2829 4279 2891 4320 os
2921 4265 3138 4320 Domini
3173 4281 3279 4321 non
3313 4266 3814 4337 interrogaverunt.

2211 4355 2466 4427 Fecitque
2490 4357 2657 4413 Josue
2687 4372 2811 4412 cum
2833 4358 2912 4413 eis
2942 4373 3162 4428 pacem,
3205 4368 3260 4415 et
3294 4360 3427 4416 inito
3455 4359 3662 4416 taedere
3694 4359 3818 4430 pol-

2209 4451 2389 4506 licitus
2420 4463 2523 4519 est,
2551 4451 2696 4523 quod
2721 4468 2826 4508 non
2853 4453 3266 4508 occiderentur:
3294 4453 3569 4525 principes
3591 4467 3815 4524 quoque

2211 4545 2546 4601 multitudini
2595 4547 2921 4616 juraverunt
2969 4547 3071 4603 eis.
3119 4547 3249 4603 Post
3302 4548 3420 4604 dies
3469 4557 3651 4604 autem
3695 4556 3815 4604 tres

2211 4639 2330 4694 initi
2372 4637 2628 4707 hederis,
2663 4639 2951 4695 audierunt
2983 4639 3129 4712 quod
3165 4640 3220 4694 in
3247 4639 3430 4696 vicino
3459 4639 3810 4705 habitarent,

2211 4739 2266 4786 et
2310 4732 2452 4786 inter
2495 4745 2594 4786 eos
2620 4729 2786 4786 futuri
2817 4739 3021 4787 essent.
3069 4731 3464 4803 Moveruntque
3490 4741 3668 4787 castra
3713 4729 3818 4787 lilii

2211 4822 2412 4892 Israel,
2461 4831 2518 4879 et
2553 4833 2824 4880 venerunt
2871 4824 2927 4880 in
2959 4825 3207 4880 civitates
3251 4840 3444 4882 eorum
3490 4825 3579 4880 die
3610 4824 3814 4894 tertio,

2211 4931 2438 4987 quarum
2472 4915 2589 4972 haec
2617 4916 2883 4971 vocabula
2915 4925 3061 4984 sunt,
3095 4915 3341 4982 Gabaon,
3377 4926 3431 4972 et
3455 4915 3691 4986 Caphira
3712 4957 3728 4984 ,
3756 4924 3818 4971 et

2213 5011 2452 5080 Beroth,
2483 5021 2539 5068 et
2562 5009 3012 5067 Cariath—Jarim.
3039 5010 3109 5066 Et
3139 5027 3247 5068 non
3279 5019 3665 5082 percusserunt
3691 5023 3814 5078 eos,

2213 5120 2281 5162 eo
2309 5104 2450 5176 quod
2477 5103 2758 5174 jurassent
2787 5105 2867 5161 eis
2895 5103 3173 5175 principes
3211 5102 3580 5159 multitudinis
3610 5103 3665 5158 in
3713 5117 3818 5157 no-

2213 5195 2361 5252 mine
2409 5196 2623 5251 Domini
2655 5195 2749 5252 Dei
2779 5194 2950 5251 Israel
2974 5195 3052 5268 [h.
3095 5196 3147 5251 in
3189 5196 3420 5251 Domino
3454 5195 3567 5251 Deo
3595 5195 3812 5267 Israel].

2214 5289 2574 5348 Murmuravit
2617 5291 2799 5359 itaque
2834 5303 2998 5344 omne
3030 5288 3225 5359 vulgus
3275 5295 3466 5344 contra
3513 5287 3814 5358 principes.

2213 5385 2297 5459 [Ο.
2328 5382 2613 5456 XXXVII].
2649 5383 2751 5451 Qui
2778 5382 3178 5455 responderunt
3204 5384 3285 5438 eis
3321 5399 3334 5436 :
3361 5380 3675 5438 Juravimus
3706 5380 3820 5436 illis

2212 5480 2270 5536 in
2306 5479 2530 5535 nomine
2569 5477 2782 5534 Domini
2811 5477 2906 5534 Dei
2935 5476 3099 5533 Israel
3123 5476 3200 5549 [h.
3237 5476 3290 5531 in
3322 5474 3554 5532 Domino
3594 5474 3710 5530 Deo
3739 5473 3822 5529 ls-

2215 5571 2372 5647 rael],
2411 5581 2467 5628 et
2499 5571 2706 5628 idcirco
2733 5587 2845 5628 non
2876 5585 3172 5643 possumus
3201 5584 3298 5626 eos
3324 5569 3663 5640 contingere.
3707 5566 3822 5625 Sed

2216 5669 2322 5728 hoc
2345 5669 2612 5726 faciemus
2640 5670 2744 5726 eis.
2773 5669 3142 5726 Iieserventur
3164 5667 3411 5740 quidem,
3436 5676 3494 5723 ut
3514 5666 3724 5731 vivant,
3747 5679 3826 5723 ne

2217 5772 2406 5820 contra
2434 5777 2535 5819 nos
2563 5763 2642 5818 ira
2672 5761 2886 5818 Domini
2909 5762 3238 5830 concitetur,
3272 5761 3320 5816 si
3343 5759 3820 5832 pejeraverimus:

2217 5858 2316 5917 sed
2364 5857 2444 5917 sic
2485 5858 2705 5926 vivant,
2747 5864 2806 5916 ut
2864 5855 2917 5914 in
2965 5871 3100 5917 usus
3149 5857 3421 5916 universm
3453 5851 3826 5916 multitudinis
