  <div class='ocr_page' id='page_1' title='image "/cluster/home/n/w/nwhite01/storage/ocr_20150623/28/hvd.32044015471410/246.png"; bbox 0 0 4098 6366; ppageno 0'>
   <div class='ocr_carea' id='block_1_1' title="bbox 283 307 391 364">
    <p class='ocr_par' dir='ltr' id='par_1_1' title="bbox 283 307 391 364">
     <span class='ocr_line' id='line_1_1' title="bbox 283 307 391 364; baseline 0.009 -1"><span class='ocrx_word' id='word_1_1' title='bbox 283 307 391 364; x_wconf 66' lang='grc'><strong>481</strong></span> 
     </span>
    </p>
   </div>
   <div class='ocr_carea' id='block_1_2' title="bbox 1688 306 2166 369">
    <p class='ocr_par' dir='ltr' id='par_1_2' title="bbox 1688 306 2166 369">
     <span class='ocr_line' id='line_1_2' title="bbox 1688 306 2166 369; baseline -0.008 -1"><span class='ocrx_word' id='word_1_2' title='bbox 1688 306 1894 369; x_wconf 81' lang='lat' dir='ltr'><strong>LIBER</strong></span> <span class='ocrx_word' id='word_1_3' title='bbox 1932 307 2166 368; x_wconf 83' lang='lat' dir='ltr'><strong>IOSUE.</strong></span> 
     </span>
    </p>
   </div>
   <div class='ocr_carea' id='block_1_3' title="bbox 3475 312 3586 372">
    <p class='ocr_par' dir='ltr' id='par_1_3' title="bbox 3475 312 3586 372">
     <span class='ocr_line' id='line_1_3' title="bbox 3475 312 3586 372; baseline 0.018 -2"><span class='ocrx_word' id='word_1_4' title='bbox 3475 312 3586 372; x_wconf 70' lang='grc' dir='ltr'><strong>ιεε</strong></span> 
     </span>
    </p>
   </div>
   <div class='ocr_carea' id='block_1_4' title="bbox 284 422 3587 508">
    <p class='ocr_par' dir='ltr' id='par_1_4' title="bbox 284 422 3587 508">
     <span class='ocr_line' id='line_1_4' title="bbox 284 422 3587 508; baseline 0.003 -30"><span class='ocrx_word' id='word_1_5' title='bbox 284 424 432 496; x_wconf 83' lang='lat' dir='ltr'><strong>ligna</strong></span> <span class='ocrx_word' id='word_1_6' title='bbox 463 422 703 493; x_wconf 68' lang='lat' dir='ltr'><strong>cazdant,</strong></span> <span class='ocrx_word' id='word_1_7' title='bbox 740 436 1017 496; x_wconf 73' lang='lat' dir='ltr'><strong>aquasque</strong></span> <span class='ocrx_word' id='word_1_8' title='bbox 1041 430 1402 496; x_wconf 89' lang='lat' dir='ltr'><strong>eomportent.</strong></span> <span class='ocrx_word' id='word_1_9' title='bbox 1430 424 1637 493; x_wconf 87' lang='lat' dir='ltr'><strong>Quibus</strong></span> <span class='ocrx_word' id='word_1_10' title='bbox 1661 427 1775 483; x_wconf 72' lang='lat' dir='ltr'><strong>hazc</strong></span> <span class='ocrx_word' id='word_1_11' title='bbox 1802 428 1883 483; x_wconf 87' lang='lat' dir='ltr'><strong>lo-</strong></span> <span class='ocrx_word' id='word_1_12' title='bbox 1908 448 1961 508; x_wconf 70' lang='grc' dir='ltr'><strong>Α</strong></span> <span class='ocrx_word' id='word_1_13' title='bbox 1988 427 2438 484; x_wconf 84' lang='lat' dir='ltr'><strong>Amorrhaeorum</strong></span> <span class='ocrx_word' id='word_1_14' title='bbox 2461 467 2476 494; x_wconf 94' lang='lat'><strong>,</strong></span> <span class='ocrx_word' id='word_1_15' title='bbox 2515 428 2609 499; x_wconf 86' lang='lat' dir='ltr'><strong>qui</strong></span> <span class='ocrx_word' id='word_1_16' title='bbox 2654 427 2903 484; x_wconf 87' lang='lat' dir='ltr'><strong>habitant</strong></span> <span class='ocrx_word' id='word_1_17' title='bbox 2932 430 2983 483; x_wconf 90' lang='lat' dir='ltr'><strong>itt</strong></span> <span class='ocrx_word' id='word_1_18' title='bbox 3036 429 3326 485; x_wconf 87' lang='lat' dir='ltr'><strong>montanis.</strong></span> <span class='ocrx_word' id='word_1_19' title='bbox 3380 430 3587 487; x_wconf 82' lang='lat' dir='ltr'><strong>Ascen-</strong></span> 
     </span>
    </p>
   </div>
   <div class='ocr_carea' id='block_1_5' title="bbox 284 515 1879 587">
    <p class='ocr_par' dir='ltr' id='par_1_5' title="bbox 284 515 1879 587">
     <span class='ocr_line' id='line_1_5' title="bbox 284 515 1879 587; baseline 0.004 -20"><span class='ocrx_word' id='word_1_20' title='bbox 284 515 581 585; x_wconf 87' lang='lat' dir='ltr'><strong>quentibus</strong></span> <span class='ocrx_word' id='word_1_21' title='bbox 616 534 629 570; x_wconf 94' lang='lat'><strong>:</strong></span> <span class='ocrx_word' id='word_1_22' title='bbox 662 517 875 572; x_wconf 90' lang='lat' dir='ltr'><strong>vocavit</strong></span> <span class='ocrx_word' id='word_1_23' title='bbox 913 516 1246 573; x_wconf 87' lang='lat' dir='ltr'><strong>Gabaonitas</strong></span> <span class='ocrx_word' id='word_1_24' title='bbox 1272 517 1472 587; x_wconf 87' lang='lat' dir='ltr'><strong>Iosue,</strong></span> <span class='ocrx_word' id='word_1_25' title='bbox 1504 526 1560 574; x_wconf 92' lang='lat' dir='ltr'><strong>et</strong></span> <span class='ocrx_word' id='word_1_26' title='bbox 1588 518 1725 575; x_wconf 83' lang='lat' dir='ltr'><strong>dixit</strong></span> <span class='ocrx_word' id='word_1_27' title='bbox 1751 520 1832 575; x_wconf 90' lang='lat' dir='ltr'><strong>eis</strong></span> <span class='ocrx_word' id='word_1_28' title='bbox 1867 538 1879 573; x_wconf 92' lang='lat'>:</span> 
     </span>
    </p>
   </div>
   <div class='ocr_carea' id='block_1_6' title="bbox 284 607 1885 685">
    <p class='ocr_par' dir='ltr' id='par_1_6' title="bbox 284 607 1885 685">
     <span class='ocr_line' id='line_1_6' title="bbox 284 607 1885 685; baseline 0.003 -22"><span class='ocrx_word' id='word_1_29' title='bbox 284 607 396 664; x_wconf 90' lang='lat' dir='ltr'><strong>Cur</strong></span> <span class='ocrx_word' id='word_1_30' title='bbox 424 626 528 665; x_wconf 90' lang='lat' dir='ltr'><strong>nos</strong></span> <span class='ocrx_word' id='word_1_31' title='bbox 549 611 808 682; x_wconf 84' lang='lat' dir='ltr'><strong>decipere</strong></span> <span class='ocrx_word' id='word_1_32' title='bbox 833 609 1024 667; x_wconf 81' lang='lat' dir='ltr'><strong>fraude</strong></span> <span class='ocrx_word' id='word_1_33' title='bbox 1050 611 1300 668; x_wconf 74' lang='lat' dir='ltr'><strong>voluistis</strong></span> <span class='ocrx_word' id='word_1_34' title='bbox 1330 612 1410 685; x_wconf 88' lang='lat' dir='ltr'><strong>[b.</strong></span> <span class='ocrx_word' id='word_1_35' title='bbox 1436 627 1613 684; x_wconf 89' lang='lat' dir='ltr'><strong>quare</strong></span> <span class='ocrx_word' id='word_1_36' title='bbox 1637 612 1885 684; x_wconf 87' lang='lat' dir='ltr'><strong>decepis-</strong></span> 
     </span>
    </p>
   </div>
   <div class='ocr_carea' id='block_1_7' title="bbox 284 703 1885 776">
    <p class='ocr_par' dir='ltr' id='par_1_7' title="bbox 284 703 1885 776">
     <span class='ocr_line' id='line_1_7' title="bbox 284 703 1885 776; baseline 0.004 -18"><span class='ocrx_word' id='word_1_37' title='bbox 284 703 358 759; x_wconf 92' lang='lat' dir='ltr'><strong>tis</strong></span> <span class='ocrx_word' id='word_1_38' title='bbox 401 703 549 776; x_wconf 89' lang='lat' dir='ltr'><strong>nos].</strong></span> <span class='ocrx_word' id='word_1_39' title='bbox 600 714 662 760; x_wconf 91' lang='lat' dir='ltr'><strong>ttt</strong></span> <span class='ocrx_word' id='word_1_40' title='bbox 708 706 1011 761; x_wconf 81' lang='lat' dir='ltr'><strong>diceretis:</strong></span> <span class='ocrx_word' id='word_1_41' title='bbox 1055 706 1256 763; x_wconf 90' lang='lat' dir='ltr'><strong>Procul</strong></span> <span class='ocrx_word' id='word_1_42' title='bbox 1302 708 1463 763; x_wconf 83' lang='lat' dir='ltr'><strong>valde</strong></span> <span class='ocrx_word' id='word_1_43' title='bbox 1505 708 1816 765; x_wconf 89' lang='lat' dir='ltr'><strong>habitamus</strong></span> <span class='ocrx_word' id='word_1_44' title='bbox 1854 723 1885 764; x_wconf 92' lang='lat' dir='ltr'><strong>a</strong></span> 
     </span>
    </p>
   </div>
   <div class='ocr_carea' id='block_1_8' title="bbox 281 796 1888 875">
    <p class='ocr_par' dir='ltr' id='par_1_8' title="bbox 281 796 1888 875">
     <span class='ocr_line' id='line_1_8' title="bbox 281 796 1888 875; baseline 0.006 -24"><span class='ocrx_word' id='word_1_45' title='bbox 281 796 442 853; x_wconf 78' lang='lat' dir='ltr'><strong>vobis</strong></span> <span class='ocrx_word' id='word_1_46' title='bbox 474 813 598 854; x_wconf 89' lang='lat' dir='ltr'><strong>eum</strong></span> <span class='ocrx_word' id='word_1_47' title='bbox 630 798 684 853; x_wconf 90' lang='lat' dir='ltr'><strong>in</strong></span> <span class='ocrx_word' id='word_1_48' title='bbox 733 800 913 857; x_wconf 91' lang='lat' dir='ltr'><strong>medio</strong></span> <span class='ocrx_word' id='word_1_49' title='bbox 957 802 1134 857; x_wconf 77' lang='lat' dir='ltr'><strong>nostri</strong></span> <span class='ocrx_word' id='word_1_50' title='bbox 1164 802 1318 859; x_wconf 83' lang='lat' dir='ltr'><strong>sitis?</strong></span> <span class='ocrx_word' id='word_1_51' title='bbox 1367 802 1552 875; x_wconf 86' lang='lat' dir='ltr'><strong>Itaque</strong></span> <span class='ocrx_word' id='word_1_52' title='bbox 1582 804 1685 859; x_wconf 89' lang='lat' dir='ltr'><strong>sub</strong></span> <span class='ocrx_word' id='word_1_53' title='bbox 1717 805 1888 861; x_wconf 85' lang='lat' dir='ltr'><strong>male-</strong></span> 
     </span>
    </p>
   </div>
   <div class='ocr_carea' id='block_1_9' title="bbox 282 889 1887 969">
    <p class='ocr_par' dir='ltr' id='par_1_9' title="bbox 282 889 1887 969">
     <span class='ocr_line' id='line_1_9' title="bbox 282 889 1887 969; baseline 0.007 -25"><span class='ocrx_word' id='word_1_54' title='bbox 282 889 528 946; x_wconf 89' lang='lat' dir='ltr'><strong>dictione</strong></span> <span class='ocrx_word' id='word_1_55' title='bbox 553 890 728 959; x_wconf 90' lang='lat' dir='ltr'><strong>eritis,</strong></span> <span class='ocrx_word' id='word_1_56' title='bbox 778 903 831 948; x_wconf 92' lang='lat' dir='ltr'><strong>et</strong></span> <span class='ocrx_word' id='word_1_57' title='bbox 862 909 970 949; x_wconf 91' lang='lat' dir='ltr'><strong>non</strong></span> <span class='ocrx_word' id='word_1_58' title='bbox 1002 892 1220 949; x_wconf 89' lang='lat' dir='ltr'><strong>deﬁciet</strong></span> <span class='ocrx_word' id='word_1_59' title='bbox 1251 894 1318 951; x_wconf 90' lang='lat' dir='ltr'><strong>de</strong></span> <span class='ocrx_word' id='word_1_60' title='bbox 1340 896 1508 966; x_wconf 88' lang='lat' dir='ltr'><strong>stirpe</strong></span> <span class='ocrx_word' id='word_1_61' title='bbox 1534 906 1713 953; x_wconf 89' lang='lat' dir='ltr'><strong>vestra</strong></span> <span class='ocrx_word' id='word_1_62' title='bbox 1742 898 1887 969; x_wconf 89' lang='lat' dir='ltr'><strong>ligna</strong></span> 
     </span>
    </p>
   </div>
   <div class='ocr_carea' id='block_1_10' title="bbox 283 983 1885 1057">
    <p class='ocr_par' dir='ltr' id='par_1_10' title="bbox 283 983 1885 1057">
     <span class='ocr_line' id='line_1_10' title="bbox 283 983 1885 1057; baseline 0.006 -20"><span class='ocrx_word' id='word_1_63' title='bbox 283 983 540 1050; x_wconf 76' lang='lat' dir='ltr'><strong>czedens,</strong></span> <span class='ocrx_word' id='word_1_64' title='bbox 588 999 867 1055; x_wconf 85' lang='lat' dir='ltr'><strong>aquasque</strong></span> <span class='ocrx_word' id='word_1_65' title='bbox 897 996 1251 1057; x_wconf 85' lang='lat' dir='ltr'><strong>comportans</strong></span> <span class='ocrx_word' id='word_1_66' title='bbox 1282 988 1335 1043; x_wconf 93' lang='lat' dir='ltr'><strong>in</strong></span> <span class='ocrx_word' id='word_1_67' title='bbox 1368 988 1589 1045; x_wconf 88' lang='lat' dir='ltr'><strong>domum</strong></span> <span class='ocrx_word' id='word_1_68' title='bbox 1628 990 1723 1046; x_wconf 89' lang='lat' dir='ltr'><strong>Dei</strong></span> <span class='ocrx_word' id='word_1_69' title='bbox 1755 991 1885 1046; x_wconf 89' lang='lat' dir='ltr'><strong>mei.</strong></span> 
     </span>
    </p>
   </div>
   <div class='ocr_carea' id='block_1_11' title="bbox 284 1076 1886 1154">
    <p class='ocr_par' dir='ltr' id='par_1_11' title="bbox 284 1076 1886 1154">
     <span class='ocr_line' id='line_1_11' title="bbox 284 1076 1886 1154; baseline 0.005 -23"><span class='ocrx_word' id='word_1_70' title='bbox 284 1076 391 1144; x_wconf 83' lang='lat' dir='ltr'><strong>Qui</strong></span> <span class='ocrx_word' id='word_1_71' title='bbox 440 1079 894 1149; x_wconf 88' lang='lat' dir='ltr'><strong>responderunt:</strong></span> <span class='ocrx_word' id='word_1_72' title='bbox 942 1080 1265 1136; x_wconf 82' lang='lat' dir='ltr'><strong>Nuntiatum</strong></span> <span class='ocrx_word' id='word_1_73' title='bbox 1314 1092 1399 1137; x_wconf 91' lang='lat' dir='ltr'><strong>est</strong></span> <span class='ocrx_word' id='word_1_74' title='bbox 1443 1082 1600 1137; x_wconf 91' lang='lat' dir='ltr'><strong>nobis</strong></span> <span class='ocrx_word' id='word_1_75' title='bbox 1651 1083 1727 1154; x_wconf 88' lang='lat' dir='ltr'><strong>[b.</strong></span> <span class='ocrx_word' id='word_1_76' title='bbox 1778 1098 1886 1139; x_wconf 93' lang='lat' dir='ltr'><strong>non</strong></span> 
     </span>
    </p>
   </div>
   <div class='ocr_carea' id='block_1_12' title="bbox 284 1169 1888 1245">
    <p class='ocr_par' dir='ltr' id='par_1_12' title="bbox 284 1169 1888 1245">
     <span class='ocr_line' id='line_1_12' title="bbox 284 1169 1888 1245; baseline 0.006 -22"><span class='ocrx_word' id='word_1_77' title='bbox 284 1169 452 1225; x_wconf 80' lang='lat' dir='ltr'><strong>habet</strong></span> <span class='ocrx_word' id='word_1_78' title='bbox 482 1169 663 1242; x_wconf 91' lang='lat' dir='ltr'><strong>nobis]</strong></span> <span class='ocrx_word' id='word_1_79' title='bbox 694 1173 866 1228; x_wconf 85' lang='lat' dir='ltr'><strong>servis</strong></span> <span class='ocrx_word' id='word_1_80' title='bbox 898 1173 1001 1229; x_wconf 87' lang='lat' dir='ltr'><strong>tuis</strong></span> <span class='ocrx_word' id='word_1_81' title='bbox 1022 1213 1038 1240; x_wconf 90' lang='lat'><strong>,</strong></span> <span class='ocrx_word' id='word_1_82' title='bbox 1083 1174 1208 1244; x_wconf 89' lang='lat' dir='ltr'><strong>quia</strong></span> <span class='ocrx_word' id='word_1_83' title='bbox 1245 1175 1588 1245; x_wconf 90' lang='lat' dir='ltr'><strong>promisisset</strong></span> <span class='ocrx_word' id='word_1_84' title='bbox 1628 1175 1888 1231; x_wconf 88' lang='lat' dir='ltr'><strong>Dominus</strong></span> 
     </span>
    </p>
   </div>
   <div class='ocr_carea' id='block_1_13' title="bbox 293 1262 1887 1334">
    <p class='ocr_par' dir='ltr' id='par_1_13' title="bbox 293 1262 1887 1334">
     <span class='ocr_line' id='line_1_13' title="bbox 293 1262 1887 1334; baseline 0.003 -15"><span class='ocrx_word' id='word_1_85' title='bbox 293 1262 442 1319; x_wconf 89' lang='lat' dir='ltr'><strong>Deus</strong></span> <span class='ocrx_word' id='word_1_86' title='bbox 470 1273 594 1320; x_wconf 89' lang='lat' dir='ltr'><strong>tuus</strong></span> <span class='ocrx_word' id='word_1_87' title='bbox 617 1263 751 1320; x_wconf 82' lang='lat' dir='ltr'><strong>Mosi</strong></span> <span class='ocrx_word' id='word_1_88' title='bbox 786 1280 947 1321; x_wconf 87' lang='lat' dir='ltr'><strong>servo</strong></span> <span class='ocrx_word' id='word_1_89' title='bbox 977 1281 1099 1334; x_wconf 91' lang='lat' dir='ltr'><strong>suo,</strong></span> <span class='ocrx_word' id='word_1_90' title='bbox 1135 1275 1194 1322; x_wconf 93' lang='lat' dir='ltr'><strong>ut</strong></span> <span class='ocrx_word' id='word_1_91' title='bbox 1218 1267 1459 1323; x_wconf 85' lang='lat' dir='ltr'><strong>traderet</strong></span> <span class='ocrx_word' id='word_1_92' title='bbox 1484 1267 1638 1323; x_wconf 85' lang='lat' dir='ltr'><strong>vobis</strong></span> <span class='ocrx_word' id='word_1_93' title='bbox 1667 1283 1887 1324; x_wconf 90' lang='lat' dir='ltr'><strong>omnem</strong></span> 
     </span>
    </p>
   </div>
   <div class='ocr_carea' id='block_1_14' title="bbox 287 1355 1888 1433">
    <p class='ocr_par' dir='ltr' id='par_1_14' title="bbox 287 1355 1888 1433">
     <span class='ocr_line' id='line_1_14' title="bbox 287 1355 1888 1433; baseline 0.004 -23"><span class='ocrx_word' id='word_1_94' title='bbox 287 1364 519 1423; x_wconf 87' lang='lat' dir='ltr'><strong>terram,</strong></span> <span class='ocrx_word' id='word_1_95' title='bbox 544 1366 601 1413; x_wconf 91' lang='lat' dir='ltr'><strong>et</strong></span> <span class='ocrx_word' id='word_1_96' title='bbox 620 1355 970 1426; x_wconf 90' lang='lat' dir='ltr'><strong>disperderet</strong></span> <span class='ocrx_word' id='word_1_97' title='bbox 990 1370 1216 1415; x_wconf 90' lang='lat' dir='ltr'><strong>cunctos</strong></span> <span class='ocrx_word' id='word_1_98' title='bbox 1246 1360 1583 1417; x_wconf 90' lang='lat' dir='ltr'><strong>habitatores</strong></span> <span class='ocrx_word' id='word_1_99' title='bbox 1607 1361 1721 1432; x_wconf 82' lang='lat' dir='ltr'><strong>ejus</strong></span> <span class='ocrx_word' id='word_1_100' title='bbox 1756 1361 1832 1433; x_wconf 91' lang='lat' dir='ltr'><strong>[b.</strong></span> <span class='ocrx_word' id='word_1_101' title='bbox 1858 1376 1888 1417; x_wconf 91' lang='lat' dir='ltr'><strong>a</strong></span> 
     </span>
    </p>
   </div>
   <div class='ocr_carea' id='block_1_15' title="bbox 285 1448 1890 1527">
    <p class='ocr_par' dir='ltr' id='par_1_15' title="bbox 285 1448 1890 1527">
     <span class='ocr_line' id='line_1_15' title="bbox 285 1448 1890 1527; baseline 0.005 -23"><span class='ocrx_word' id='word_1_102' title='bbox 285 1448 431 1505; x_wconf 82' lang='lat' dir='ltr'><strong>facie</strong></span> <span class='ocrx_word' id='word_1_103' title='bbox 458 1449 683 1524; x_wconf 91' lang='lat' dir='ltr'><strong>vestra].</strong></span> <span class='ocrx_word' id='word_1_104' title='bbox 713 1451 1019 1509; x_wconf 89' lang='lat' dir='ltr'><strong>Timuimus</strong></span> <span class='ocrx_word' id='word_1_105' title='bbox 1063 1454 1227 1526; x_wconf 78' lang='lat' dir='ltr'><strong>igitur</strong></span> <span class='ocrx_word' id='word_1_106' title='bbox 1261 1456 1447 1524; x_wconf 89' lang='lat' dir='ltr'><strong>valde,</strong></span> <span class='ocrx_word' id='word_1_107' title='bbox 1474 1466 1527 1512; x_wconf 92' lang='lat' dir='ltr'><strong>et</strong></span> <span class='ocrx_word' id='word_1_108' title='bbox 1554 1456 1890 1527; x_wconf 91' lang='lat' dir='ltr'><strong>providimus</strong></span> 
     </span>
    </p>
   </div>
   <div class='ocr_carea' id='block_1_16' title="bbox 288 1544 1892 1619">
    <p class='ocr_par' dir='ltr' id='par_1_16' title="bbox 288 1544 1892 1619">
     <span class='ocr_line' id='line_1_16' title="bbox 288 1544 1892 1619; baseline 0.004 -22"><span class='ocrx_word' id='word_1_109' title='bbox 288 1544 581 1599; x_wconf 85' lang='lat' dir='ltr'><strong>animabus</strong></span> <span class='ocrx_word' id='word_1_110' title='bbox 638 1546 842 1602; x_wconf 87' lang='lat' dir='ltr'><strong>nostris</strong></span> <span class='ocrx_word' id='word_1_111' title='bbox 870 1558 1053 1603; x_wconf 77' lang='lat' dir='ltr'><strong>vestro</strong></span> <span class='ocrx_word' id='word_1_112' title='bbox 1094 1557 1306 1604; x_wconf 91' lang='lat' dir='ltr'><strong>terrore</strong></span> <span class='ocrx_word' id='word_1_113' title='bbox 1344 1550 1646 1619; x_wconf 91' lang='lat' dir='ltr'><strong>compulsi,</strong></span> <span class='ocrx_word' id='word_1_114' title='bbox 1689 1558 1744 1605; x_wconf 93' lang='lat' dir='ltr'><strong>et</strong></span> <span class='ocrx_word' id='word_1_115' title='bbox 1790 1550 1892 1604; x_wconf 90' lang='lat' dir='ltr'><strong>hoc</strong></span> 
     </span>
    </p>
   </div>
   <div class='ocr_carea' id='block_1_17' title="bbox 288 1636 1892 1697">
    <p class='ocr_par' dir='ltr' id='par_1_17' title="bbox 288 1636 1892 1697">
     <span class='ocr_line' id='line_1_17' title="bbox 288 1636 1892 1697; baseline 0.004 -7"><span class='ocrx_word' id='word_1_116' title='bbox 288 1636 586 1691; x_wconf 86' lang='lat' dir='ltr'><strong>consilium</strong></span> <span class='ocrx_word' id='word_1_117' title='bbox 628 1637 911 1694; x_wconf 91' lang='lat' dir='ltr'><strong>ittivimus.</strong></span> <span class='ocrx_word' id='word_1_118' title='bbox 953 1638 1110 1695; x_wconf 92' lang='lat' dir='ltr'><strong>Nunc</strong></span> <span class='ocrx_word' id='word_1_119' title='bbox 1148 1651 1329 1696; x_wconf 92' lang='lat' dir='ltr'><strong>autem</strong></span> <span class='ocrx_word' id='word_1_120' title='bbox 1376 1642 1428 1696; x_wconf 91' lang='lat' dir='ltr'><strong>in</strong></span> <span class='ocrx_word' id='word_1_121' title='bbox 1473 1658 1632 1697; x_wconf 87' lang='lat' dir='ltr'><strong>manu</strong></span> <span class='ocrx_word' id='word_1_122' title='bbox 1663 1652 1753 1697; x_wconf 91' lang='lat' dir='ltr'><strong>tua</strong></span> <span class='ocrx_word' id='word_1_123' title='bbox 1800 1656 1892 1697; x_wconf 89' lang='lat' dir='ltr'><strong>su-</strong></span> 
     </span>
    </p>
   </div>
   <div class='ocr_carea' id='block_1_18' title="bbox 292 1731 1888 1803">
    <p class='ocr_par' dir='ltr' id='par_1_18' title="bbox 292 1731 1888 1803">
     <span class='ocr_line' id='line_1_18' title="bbox 292 1731 1888 1803; baseline 0.006 -19"><span class='ocrx_word' id='word_1_124' title='bbox 292 1745 417 1785; x_wconf 89' lang='lat' dir='ltr'><strong>mus</strong></span> <span class='ocrx_word' id='word_1_125' title='bbox 453 1731 634 1801; x_wconf 91' lang='lat' dir='ltr'><strong>:quod</strong></span> <span class='ocrx_word' id='word_1_126' title='bbox 669 1731 761 1787; x_wconf 93' lang='lat' dir='ltr'><strong>tibi</strong></span> <span class='ocrx_word' id='word_1_127' title='bbox 788 1733 991 1789; x_wconf 91' lang='lat' dir='ltr'><strong>bonum</strong></span> <span class='ocrx_word' id='word_1_128' title='bbox 1023 1743 1306 1792; x_wconf 92' lang='lat' dir='ltr'><strong>etrectum</strong></span> <span class='ocrx_word' id='word_1_129' title='bbox 1331 1736 1568 1803; x_wconf 90' lang='lat' dir='ltr'><strong>videtur,</strong></span> <span class='ocrx_word' id='word_1_130' title='bbox 1601 1737 1684 1793; x_wconf 92' lang='lat' dir='ltr'><strong>fac</strong></span> <span class='ocrx_word' id='word_1_131' title='bbox 1710 1737 1888 1795; x_wconf 89' lang='lat' dir='ltr'><strong>nobis.</strong></span> 
     </span>
    </p>
   </div>
   <div class='ocr_carea' id='block_1_19' title="bbox 1988 519 3588 593">
    <p class='ocr_par' dir='ltr' id='par_1_19' title="bbox 1988 519 3588 593">
     <span class='ocr_line' id='line_1_19' title="bbox 1988 519 3588 593; baseline 0 -16"><span class='ocrx_word' id='word_1_132' title='bbox 1988 520 2178 593; x_wconf 89' lang='lat' dir='ltr'><strong>ditqne</strong></span> <span class='ocrx_word' id='word_1_133' title='bbox 2208 522 2374 577; x_wconf 81' lang='lat' dir='ltr'><strong>Iosue</strong></span> <span class='ocrx_word' id='word_1_134' title='bbox 2403 520 2471 576; x_wconf 91' lang='lat' dir='ltr'><strong>de</strong></span> <span class='ocrx_word' id='word_1_135' title='bbox 2498 519 2769 591; x_wconf 89' lang='lat' dir='ltr'><strong>Galgalis,</strong></span> <span class='ocrx_word' id='word_1_136' title='bbox 2815 532 2870 577; x_wconf 91' lang='lat' dir='ltr'><strong>et</strong></span> <span class='ocrx_word' id='word_1_137' title='bbox 2896 522 3075 578; x_wconf 88' lang='lat' dir='ltr'><strong>omnis</strong></span> <span class='ocrx_word' id='word_1_138' title='bbox 3106 522 3378 577; x_wconf 86' lang='lat' dir='ltr'><strong>exercitus</strong></span> <span class='ocrx_word' id='word_1_139' title='bbox 3413 522 3588 578; x_wconf 92' lang='lat' dir='ltr'><strong>bella-</strong></span> 
     </span>
    </p>
   </div>
   <div class='ocr_carea' id='block_1_20' title="bbox 1988 612 3592 687">
    <p class='ocr_par' dir='ltr' id='par_1_20' title="bbox 1988 612 3592 687">
     <span class='ocr_line' id='line_1_20' title="bbox 1988 612 3592 687; baseline 0 -18"><span class='ocrx_word' id='word_1_140' title='bbox 1988 622 2167 670; x_wconf 87' lang='lat' dir='ltr'><strong>torum</strong></span> <span class='ocrx_word' id='word_1_141' title='bbox 2202 630 2325 671; x_wconf 92' lang='lat' dir='ltr'><strong>cum</strong></span> <span class='ocrx_word' id='word_1_142' title='bbox 2350 629 2434 678; x_wconf 87' lang='lat' dir='ltr'><strong>eo,</strong></span> <span class='ocrx_word' id='word_1_143' title='bbox 2465 612 2676 684; x_wconf 83' lang='lat' dir='ltr'><strong>virique</strong></span> <span class='ocrx_word' id='word_1_144' title='bbox 2708 614 3011 671; x_wconf 78' lang='lat' dir='ltr'><strong>fortissimi.</strong></span> <span class='ocrx_word' id='word_1_145' title='bbox 3048 612 3133 687; x_wconf 84' lang='grc' dir='ltr'><strong>[Β.</strong></span> <span class='ocrx_word' id='word_1_146' title='bbox 3163 613 3377 685; x_wconf 83' lang='lat' dir='ltr'><strong>XVIII.]</strong></span> <span class='ocrx_word' id='word_1_147' title='bbox 3418 614 3592 670; x_wconf 89' lang='lat' dir='ltr'><strong>Dixit-</strong></span> 
     </span>
    </p>
   </div>
   <div class='ocr_carea' id='block_1_21' title="bbox 1986 706 3588 780">
    <p class='ocr_par' dir='ltr' id='par_1_21' title="bbox 1986 706 3588 780">
     <span class='ocr_line' id='line_1_21' title="bbox 1986 706 3588 780; baseline 0.001 -17"><span class='ocrx_word' id='word_1_148' title='bbox 1986 708 2369 780; x_wconf 69' lang='lat' dir='ltr'><strong>que‘Dominus</strong></span> <span class='ocrx_word' id='word_1_149' title='bbox 2381 708 2446 763; x_wconf 88' lang='lat' dir='ltr'><strong>ad</strong></span> <span class='ocrx_word' id='word_1_150' title='bbox 2464 708 2632 764; x_wconf 87' lang='lat' dir='ltr'><strong>Iosue</strong></span> <span class='ocrx_word' id='word_1_151' title='bbox 2658 726 2671 762; x_wconf 74' lang='grc' dir='ltr'>ε</span> <span class='ocrx_word' id='word_1_152' title='bbox 2693 706 2770 763; x_wconf 86' lang='lat' dir='ltr'><strong>Ne</strong></span> <span class='ocrx_word' id='word_1_153' title='bbox 2793 708 2984 766; x_wconf 90' lang='lat' dir='ltr'><strong>timeas</strong></span> <span class='ocrx_word' id='word_1_154' title='bbox 3006 722 3104 766; x_wconf 90' lang='lat' dir='ltr'><strong>eos</strong></span> <span class='ocrx_word' id='word_1_155' title='bbox 3130 726 3141 762; x_wconf 88' lang='lat'><strong>:</strong></span> <span class='ocrx_word' id='word_1_156' title='bbox 3166 708 3217 763; x_wconf 94' lang='lat' dir='ltr'><strong>in</strong></span> <span class='ocrx_word' id='word_1_157' title='bbox 3237 709 3588 765; x_wconf 91' lang='lat' dir='ltr'><strong>manusenim</strong></span> 
     </span>
    </p>
   </div>
   <div class='ocr_carea' id='block_1_22' title="bbox 1990 800 3586 872">
    <p class='ocr_par' dir='ltr' id='par_1_22' title="bbox 1990 800 3586 872">
     <span class='ocr_line' id='line_1_22' title="bbox 1990 800 3586 872; baseline 0.001 -17"><span class='ocrx_word' id='word_1_158' title='bbox 1990 810 2115 855; x_wconf 88' lang='lat' dir='ltr'><strong>tuas</strong></span> <span class='ocrx_word' id='word_1_159' title='bbox 2138 800 2335 856; x_wconf 87' lang='lat' dir='ltr'><strong>tradidi</strong></span> <span class='ocrx_word' id='word_1_160' title='bbox 2361 801 2484 856; x_wconf 88' lang='lat' dir='ltr'><strong>illos</strong></span> <span class='ocrx_word' id='word_1_161' title='bbox 2512 819 2526 856; x_wconf 89' lang='lat'><strong>:</strong></span> <span class='ocrx_word' id='word_1_162' title='bbox 2551 800 2730 856; x_wconf 90' lang='lat' dir='ltr'><strong>nullus</strong></span> <span class='ocrx_word' id='word_1_163' title='bbox 2760 800 2858 857; x_wconf 92' lang='lat' dir='ltr'><strong>tibi</strong></span> <span class='ocrx_word' id='word_1_164' title='bbox 2881 815 2953 857; x_wconf 87' lang='lat' dir='ltr'><strong>ex</strong></span> <span class='ocrx_word' id='word_1_165' title='bbox 2978 801 3057 857; x_wconf 91' lang='lat' dir='ltr'><strong>eis</strong></span> <span class='ocrx_word' id='word_1_166' title='bbox 3084 802 3342 858; x_wconf 83' lang='lat' dir='ltr'><strong>resistere</strong></span> <span class='ocrx_word' id='word_1_167' title='bbox 3364 800 3586 872; x_wconf 88' lang='lat' dir='ltr'><strong>poterit.</strong></span> 
     </span>
    </p>
   </div>
   <div class='ocr_carea' id='block_1_23' title="bbox 1991 890 3593 964">
    <p class='ocr_par' dir='ltr' id='par_1_23' title="bbox 1991 890 3593 964">
     <span class='ocr_line' id='line_1_23' title="bbox 1991 890 3593 964; baseline 0.001 -17"><span class='ocrx_word' id='word_1_168' title='bbox 1991 890 2152 949; x_wconf 89' lang='lat' dir='ltr'><strong>Irruit</strong></span> <span class='ocrx_word' id='word_1_169' title='bbox 2181 894 2362 963; x_wconf 90' lang='lat' dir='ltr'><strong>itaque</strong></span> <span class='ocrx_word' id='word_1_170' title='bbox 2388 893 2555 949; x_wconf 90' lang='lat' dir='ltr'><strong>Iosue</strong></span> <span class='ocrx_word' id='word_1_171' title='bbox 2575 907 2743 964; x_wconf 89' lang='lat' dir='ltr'><strong>super</strong></span> <span class='ocrx_word' id='word_1_172' title='bbox 2768 908 2865 951; x_wconf 85' lang='lat' dir='ltr'><strong>eos</strong></span> <span class='ocrx_word' id='word_1_173' title='bbox 2890 901 3141 964; x_wconf 89' lang='lat' dir='ltr'><strong>repente,</strong></span> <span class='ocrx_word' id='word_1_174' title='bbox 3172 902 3282 949; x_wconf 90' lang='lat' dir='ltr'><strong>tota</strong></span> <span class='ocrx_word' id='word_1_175' title='bbox 3313 902 3473 950; x_wconf 89' lang='lat' dir='ltr'><strong>nocte</strong></span> <span class='ocrx_word' id='word_1_176' title='bbox 3505 908 3593 949; x_wconf 88' lang='lat' dir='ltr'><strong>as-</strong></span> 
     </span>
    </p>
   </div>
   <div class='ocr_carea' id='block_1_24' title="bbox 1989 985 3589 1058">
    <p class='ocr_par' dir='ltr' id='par_1_24' title="bbox 1989 985 3589 1058">
     <span class='ocr_line' id='line_1_24' title="bbox 1989 985 3589 1058; baseline 0.001 -17"><span class='ocrx_word' id='word_1_177' title='bbox 1989 985 2232 1043; x_wconf 89' lang='lat' dir='ltr'><strong>cendens</strong></span> <span class='ocrx_word' id='word_1_178' title='bbox 2261 988 2329 1042; x_wconf 92' lang='lat' dir='ltr'><strong>de</strong></span> <span class='ocrx_word' id='word_1_179' title='bbox 2361 988 2625 1058; x_wconf 91' lang='lat' dir='ltr'><strong>Galgalis.</strong></span> <span class='ocrx_word' id='word_1_180' title='bbox 2661 988 2728 1043; x_wconf 87' lang='lat' dir='ltr'><strong>Et</strong></span> <span class='ocrx_word' id='word_1_181' title='bbox 2749 987 3094 1043; x_wconf 88' lang='lat' dir='ltr'><strong>conturbavit</strong></span> <span class='ocrx_word' id='word_1_182' title='bbox 3140 1002 3236 1044; x_wconf 91' lang='lat' dir='ltr'><strong>eos</strong></span> <span class='ocrx_word' id='word_1_183' title='bbox 3267 987 3528 1043; x_wconf 91' lang='lat' dir='ltr'><strong>Dominus</strong></span> <span class='ocrx_word' id='word_1_184' title='bbox 3558 1004 3589 1042; x_wconf 90' lang='lat' dir='ltr'><strong>a</strong></span> 
     </span>
    </p>
   </div>
   <div class='ocr_carea' id='block_1_25' title="bbox 1989 1078 3590 1152">
    <p class='ocr_par' dir='ltr' id='par_1_25' title="bbox 1989 1078 3590 1152">
     <span class='ocr_line' id='line_1_25' title="bbox 1989 1078 3590 1152; baseline 0.001 -18"><span class='ocrx_word' id='word_1_185' title='bbox 1989 1078 2128 1135; x_wconf 90' lang='lat' dir='ltr'><strong>facie</strong></span> <span class='ocrx_word' id='word_1_186' title='bbox 2160 1079 2324 1135; x_wconf 89' lang='lat' dir='ltr'><strong>Israel</strong></span> <span class='ocrx_word' id='word_1_187' title='bbox 2370 1099 2381 1134; x_wconf 92' lang='lat'>:</span> <span class='ocrx_word' id='word_1_188' title='bbox 2430 1079 2795 1151; x_wconf 83' lang='lat' dir='ltr'><strong>contrivitque</strong></span> <span class='ocrx_word' id='word_1_189' title='bbox 2821 1080 2977 1152; x_wconf 88' lang='lat' dir='ltr'><strong>plaga</strong></span> <span class='ocrx_word' id='word_1_190' title='bbox 3008 1095 3197 1151; x_wconf 89' lang='lat' dir='ltr'><strong>magna</strong></span> <span class='ocrx_word' id='word_1_191' title='bbox 3246 1080 3300 1136; x_wconf 90' lang='lat' dir='ltr'><strong>in</strong></span> <span class='ocrx_word' id='word_1_192' title='bbox 3330 1080 3552 1137; x_wconf 87' lang='lat' dir='ltr'><strong>Gabaon</strong></span> <span class='ocrx_word' id='word_1_193' title='bbox 3572 1122 3590 1150; x_wconf 95' lang='lat'><strong>,</strong></span> 
     </span>
    </p>
   </div>
   <div class='ocr_carea' id='block_1_26' title="bbox 1990 1173 3591 1247">
    <p class='ocr_par' dir='ltr' id='par_1_26' title="bbox 1990 1173 3591 1247">
     <span class='ocr_line' id='line_1_26' title="bbox 1990 1173 3591 1247; baseline 0.001 -19"><span class='ocrx_word' id='word_1_194' title='bbox 1990 1188 2053 1228; x_wconf 86' lang='lat' dir='ltr'><strong>ac</strong></span> <span class='ocrx_word' id='word_1_195' title='bbox 2077 1183 2393 1244; x_wconf 90' lang='lat' dir='ltr'><strong>persecutus</strong></span> <span class='ocrx_word' id='word_1_196' title='bbox 2417 1182 2500 1230; x_wconf 89' lang='lat' dir='ltr'><strong>est</strong></span> <span class='ocrx_word' id='word_1_197' title='bbox 2521 1173 2708 1247; x_wconf 81' lang='lat' dir='ltr'><strong>[Vulg.</strong></span> <span class='ocrx_word' id='word_1_198' title='bbox 2733 1173 2878 1228; x_wconf 83' lang='lat' dir='ltr'><strong>addit</strong></span> <span class='ocrx_word' id='word_1_199' title='bbox 2901 1174 3015 1245; x_wconf 89' lang='lat' dir='ltr'><strong>eos]</strong></span> <span class='ocrx_word' id='word_1_200' title='bbox 3039 1189 3136 1246; x_wconf 90' lang='lat' dir='ltr'><strong>per</strong></span> <span class='ocrx_word' id='word_1_201' title='bbox 3157 1173 3300 1229; x_wconf 87' lang='lat' dir='ltr'><strong>viam</strong></span> <span class='ocrx_word' id='word_1_202' title='bbox 3327 1188 3591 1229; x_wconf 87' lang='lat' dir='ltr'><strong>ascensus</strong></span> 
     </span>
    </p>
   </div>
   <div class='ocr_carea' id='block_1_27' title="bbox 1992 1266 3590 1338">
    <p class='ocr_par' dir='ltr' id='par_1_27' title="bbox 1992 1266 3590 1338">
     <span class='ocr_line' id='line_1_27' title="bbox 1992 1266 3590 1338; baseline 0.001 -17"><span class='ocrx_word' id='word_1_203' title='bbox 1992 1266 2371 1333; x_wconf 80' lang='lat' dir='ltr'><strong>Betb-Horon,</strong></span> <span class='ocrx_word' id='word_1_204' title='bbox 2430 1274 2487 1324; x_wconf 89' lang='lat' dir='ltr'><strong>et</strong></span> <span class='ocrx_word' id='word_1_205' title='bbox 2524 1266 2795 1337; x_wconf 89' lang='lat' dir='ltr'><strong>percussit</strong></span> <span class='ocrx_word' id='word_1_206' title='bbox 2836 1282 3005 1338; x_wconf 91' lang='lat' dir='ltr'><strong>usque</strong></span> <span class='ocrx_word' id='word_1_207' title='bbox 3038 1268 3211 1322; x_wconf 86' lang='lat' dir='ltr'><strong>Azeca</strong></span> <span class='ocrx_word' id='word_1_208' title='bbox 3250 1276 3303 1321; x_wconf 92' lang='lat' dir='ltr'><strong>et</strong></span> <span class='ocrx_word' id='word_1_209' title='bbox 3348 1266 3590 1322; x_wconf 86' lang='lat' dir='ltr'><strong>Maceda.</strong></span> 
     </span>
    </p>
   </div>
   <div class='ocr_carea' id='block_1_28' title="bbox 1992 1357 3595 1432">
    <p class='ocr_par' dir='ltr' id='par_1_28' title="bbox 1992 1357 3595 1432">
     <span class='ocr_line' id='line_1_28' title="bbox 1992 1357 3595 1432; baseline 0.002 -19"><span class='ocrx_word' id='word_1_210' title='bbox 1992 1357 2074 1430; x_wconf 92' lang='lat' dir='ltr'><strong>[C.</strong></span> <span class='ocrx_word' id='word_1_211' title='bbox 2123 1358 2262 1430; x_wconf 82' lang='lat' dir='ltr'><strong>XL.]</strong></span> <span class='ocrx_word' id='word_1_212' title='bbox 2315 1358 2559 1431; x_wconf 90' lang='lat' dir='ltr'><strong>Cumque</strong></span> <span class='ocrx_word' id='word_1_213' title='bbox 2608 1358 2861 1429; x_wconf 87' lang='lat' dir='ltr'><strong>fugerent</strong></span> <span class='ocrx_word' id='word_1_214' title='bbox 2892 1359 3032 1415; x_wconf 91' lang='lat' dir='ltr'><strong>ﬁlios</strong></span> <span class='ocrx_word' id='word_1_215' title='bbox 3064 1358 3231 1415; x_wconf 89' lang='lat' dir='ltr'><strong>Israel</strong></span> <span class='ocrx_word' id='word_1_216' title='bbox 3270 1358 3347 1432; x_wconf 86' lang='lat' dir='ltr'><strong>[b.</strong></span> <span class='ocrx_word' id='word_1_217' title='bbox 3395 1373 3426 1413; x_wconf 93' lang='lat' dir='ltr'><strong>a</strong></span> <span class='ocrx_word' id='word_1_218' title='bbox 3457 1359 3595 1416; x_wconf 89' lang='lat' dir='ltr'><strong>facie</strong></span> 
     </span>
    </p>
   </div>
   <div class='ocr_carea' id='block_1_29' title="bbox 1991 1452 3597 1526">
    <p class='ocr_par' dir='ltr' id='par_1_29' title="bbox 1991 1452 3597 1526">
     <span class='ocr_line' id='line_1_29' title="bbox 1991 1452 3597 1526; baseline 0.001 -18"><span class='ocrx_word' id='word_1_219' title='bbox 1991 1452 2204 1526; x_wconf 90' lang='lat' dir='ltr'><strong>Israel],</strong></span> <span class='ocrx_word' id='word_1_220' title='bbox 2238 1464 2291 1510; x_wconf 93' lang='lat' dir='ltr'><strong>et</strong></span> <span class='ocrx_word' id='word_1_221' title='bbox 2322 1463 2508 1511; x_wconf 90' lang='lat' dir='ltr'><strong>essent</strong></span> <span class='ocrx_word' id='word_1_222' title='bbox 2536 1454 2587 1508; x_wconf 89' lang='lat' dir='ltr'><strong>itt</strong></span> <span class='ocrx_word' id='word_1_223' title='bbox 2620 1452 2884 1509; x_wconf 88' lang='lat' dir='ltr'><strong>descensu</strong></span> <span class='ocrx_word' id='word_1_224' title='bbox 2926 1452 3063 1509; x_wconf 89' lang='lat' dir='ltr'><strong>Betb</strong></span> <span class='ocrx_word' id='word_1_225' title='bbox 3095 1452 3298 1523; x_wconf 84' lang='lat' dir='ltr'><strong>Iloron,</strong></span> <span class='ocrx_word' id='word_1_226' title='bbox 3334 1452 3597 1509; x_wconf 87' lang='lat' dir='ltr'><strong>Dominus</strong></span> 
     </span>
    </p>
   </div>
   <div class='ocr_carea' id='block_1_30' title="bbox 1993 1544 3592 1617">
    <p class='ocr_par' dir='ltr' id='par_1_30' title="bbox 1993 1544 3592 1617">
     <span class='ocr_line' id='line_1_30' title="bbox 1993 1544 3592 1617; baseline 0.001 -17"><span class='ocrx_word' id='word_1_227' title='bbox 1993 1546 2145 1601; x_wconf 91' lang='lat' dir='ltr'><strong>misit</strong></span> <span class='ocrx_word' id='word_1_228' title='bbox 2178 1562 2343 1617; x_wconf 87' lang='lat' dir='ltr'><strong>super</strong></span> <span class='ocrx_word' id='word_1_229' title='bbox 2385 1560 2480 1601; x_wconf 89' lang='lat' dir='ltr'><strong>eos</strong></span> <span class='ocrx_word' id='word_1_230' title='bbox 2520 1544 2730 1615; x_wconf 89' lang='lat' dir='ltr'><strong>lapides</strong></span> <span class='ocrx_word' id='word_1_231' title='bbox 2768 1559 2993 1616; x_wconf 86' lang='lat' dir='ltr'><strong>magnos</strong></span> <span class='ocrx_word' id='word_1_232' title='bbox 3027 1545 3095 1600; x_wconf 92' lang='lat' dir='ltr'><strong>de</strong></span> <span class='ocrx_word' id='word_1_233' title='bbox 3130 1545 3274 1601; x_wconf 74' lang='lat' dir='ltr'><strong>cmlo</strong></span> <span class='ocrx_word' id='word_1_234' title='bbox 3302 1560 3471 1617; x_wconf 90' lang='lat' dir='ltr'><strong>usque</strong></span> <span class='ocrx_word' id='word_1_235' title='bbox 3522 1544 3592 1601; x_wconf 90' lang='lat' dir='ltr'><strong>ad</strong></span> 
     </span>
    </p>
   </div>
   <div class='ocr_carea' id='block_1_31' title="bbox 1994 1639 3589 1711">
    <p class='ocr_par' dir='ltr' id='par_1_31' title="bbox 1994 1639 3589 1711">
     <span class='ocr_line' id='line_1_31' title="bbox 1994 1639 3589 1711; baseline 0.001 -18"><span class='ocrx_word' id='word_1_236' title='bbox 1994 1642 2169 1695; x_wconf 82' lang='lat' dir='ltr'><strong>Azeca</strong></span> <span class='ocrx_word' id='word_1_237' title='bbox 2202 1656 2217 1696; x_wconf 86' lang='lat'><strong>:</strong></span> <span class='ocrx_word' id='word_1_238' title='bbox 2247 1650 2301 1695; x_wconf 91' lang='lat' dir='ltr'><strong>et</strong></span> <span class='ocrx_word' id='word_1_239' title='bbox 2335 1639 2534 1695; x_wconf 91' lang='lat' dir='ltr'><strong>mortui</strong></span> <span class='ocrx_word' id='word_1_240' title='bbox 2564 1649 2689 1695; x_wconf 93' lang='lat' dir='ltr'><strong>sunt</strong></span> <span class='ocrx_word' id='word_1_241' title='bbox 2715 1640 2888 1694; x_wconf 90' lang='lat' dir='ltr'><strong>multo</strong></span> <span class='ocrx_word' id='word_1_242' title='bbox 2916 1641 3099 1711; x_wconf 88' lang='lat' dir='ltr'><strong>plures</strong></span> <span class='ocrx_word' id='word_1_243' title='bbox 3127 1640 3397 1711; x_wconf 89' lang='lat' dir='ltr'><strong>lapidibus</strong></span> <span class='ocrx_word' id='word_1_244' title='bbox 3422 1656 3589 1711; x_wconf 87' lang='lat' dir='ltr'><strong>gran-</strong></span> 
     </span>
    </p>
   </div>
   <div class='ocr_carea' id='block_1_32' title="bbox 1994 1732 3589 1804">
    <p class='ocr_par' dir='ltr' id='par_1_32' title="bbox 1994 1732 3589 1804">
     <span class='ocr_line' id='line_1_32' title="bbox 1994 1732 3589 1804; baseline 0 -17"><span class='ocrx_word' id='word_1_245' title='bbox 1994 1732 2170 1800; x_wconf 89' lang='lat' dir='ltr'><strong>diuis,</strong></span> <span class='ocrx_word' id='word_1_246' title='bbox 2219 1748 2381 1804; x_wconf 89' lang='lat' dir='ltr'><strong>quam</strong></span> <span class='ocrx_word' id='word_1_247' title='bbox 2428 1748 2567 1804; x_wconf 90' lang='lat' dir='ltr'><strong>quos</strong></span> <span class='ocrx_word' id='word_1_248' title='bbox 2605 1732 2786 1803; x_wconf 91' lang='lat' dir='ltr'><strong>gladio</strong></span> <span class='ocrx_word' id='word_1_249' title='bbox 2832 1742 3219 1803; x_wconf 89' lang='lat' dir='ltr'><strong>percusserant</strong></span> <span class='ocrx_word' id='word_1_250' title='bbox 3262 1733 3359 1787; x_wconf 91' lang='lat' dir='ltr'><strong>ﬁlii</strong></span> <span class='ocrx_word' id='word_1_251' title='bbox 3399 1732 3589 1789; x_wconf 90' lang='lat' dir='ltr'><strong>Israel.</strong></span> 
     </span>
    </p>
   </div>
   <div class='ocr_carea' id='block_1_33' title="bbox 296 1823 3601 1901">
    <p class='ocr_par' dir='ltr' id='par_1_33' title="bbox 296 1823 3601 1901">
     <span class='ocr_line' id='line_1_33' title="bbox 296 1823 3601 1901; baseline 0.001 -22"><span class='ocrx_word' id='word_1_252' title='bbox 296 1823 453 1879; x_wconf 89' lang='lat' dir='ltr'><strong>Fecit</strong></span> <span class='ocrx_word' id='word_1_253' title='bbox 492 1839 624 1895; x_wconf 90' lang='lat' dir='ltr'><strong>ergo</strong></span> <span class='ocrx_word' id='word_1_254' title='bbox 648 1825 813 1882; x_wconf 90' lang='lat' dir='ltr'><strong>Iosue</strong></span> <span class='ocrx_word' id='word_1_255' title='bbox 837 1838 894 1882; x_wconf 93' lang='lat' dir='ltr'><strong>ut</strong></span> <span class='ocrx_word' id='word_1_256' title='bbox 921 1827 1163 1897; x_wconf 80' lang='lat' dir='ltr'><strong>dixerat,</strong></span> <span class='ocrx_word' id='word_1_257' title='bbox 1183 1839 1237 1885; x_wconf 92' lang='lat' dir='ltr'><strong>et</strong></span> <span class='ocrx_word' id='word_1_258' title='bbox 1258 1829 1619 1886; x_wconf 89' lang='lat' dir='ltr'><strong>Iiberaviteos</strong></span> <span class='ocrx_word' id='word_1_259' title='bbox 1638 1830 1705 1887; x_wconf 93' lang='lat' dir='ltr'><strong>de</strong></span> <span class='ocrx_word' id='word_1_260' title='bbox 1733 1847 1891 1886; x_wconf 91' lang='lat' dir='ltr'><strong>manu</strong></span> <span class='ocrx_word' id='word_1_261' title='bbox 1924 1839 1972 1901; x_wconf 84' lang='grc' dir='ltr'><strong>Β</strong></span> <span class='ocrx_word' id='word_1_262' title='bbox 1997 1827 2149 1884; x_wconf 89' lang='lat' dir='ltr'><strong>Tunc</strong></span> <span class='ocrx_word' id='word_1_263' title='bbox 2190 1827 2402 1883; x_wconf 89' lang='lat' dir='ltr'><strong>locutus</strong></span> <span class='ocrx_word' id='word_1_264' title='bbox 2431 1837 2514 1883; x_wconf 90' lang='lat' dir='ltr'><strong>est</strong></span> <span class='ocrx_word' id='word_1_265' title='bbox 2543 1827 2708 1883; x_wconf 88' lang='lat' dir='ltr'><strong>Iosue</strong></span> <span class='ocrx_word' id='word_1_266' title='bbox 2749 1827 3011 1895; x_wconf 89' lang='lat' dir='ltr'><strong>Domino,</strong></span> <span class='ocrx_word' id='word_1_267' title='bbox 3045 1828 3098 1883; x_wconf 94' lang='lat' dir='ltr'><strong>in</strong></span> <span class='ocrx_word' id='word_1_268' title='bbox 3130 1826 3218 1882; x_wconf 88' lang='lat' dir='ltr'><strong>die</strong></span> <span class='ocrx_word' id='word_1_269' title='bbox 3240 1842 3342 1896; x_wconf 90' lang='lat' dir='ltr'><strong>qua</strong></span> <span class='ocrx_word' id='word_1_270' title='bbox 3374 1825 3601 1881; x_wconf 85' lang='lat' dir='ltr'><strong>tradidit</strong></span> 
     </span>
    </p>
   </div>
   <div class='ocr_carea' id='block_1_34' title="bbox 312 1917 1893 1995">
    <p class='ocr_par' dir='ltr' id='par_1_34' title="bbox 312 1917 1893 1995">
     <span class='ocr_line' id='line_1_34' title="bbox 312 1917 1893 1995; baseline 0.006 -24"><span class='ocrx_word' id='word_1_271' title='bbox 312 1917 545 1973; x_wconf 82' lang='lat' dir='ltr'><strong>filiorum</strong></span> <span class='ocrx_word' id='word_1_272' title='bbox 580 1918 764 1986; x_wconf 86' lang='lat' dir='ltr'><strong>Israel,</strong></span> <span class='ocrx_word' id='word_1_273' title='bbox 795 1929 854 1975; x_wconf 93' lang='lat' dir='ltr'><strong>ut</strong></span> <span class='ocrx_word' id='word_1_274' title='bbox 878 1936 987 1977; x_wconf 92' lang='lat' dir='ltr'><strong>non</strong></span> <span class='ocrx_word' id='word_1_275' title='bbox 1018 1922 1417 1979; x_wconf 90' lang='lat' dir='ltr'><strong>occiderentur.</strong></span> <span class='ocrx_word' id='word_1_276' title='bbox 1450 1924 1809 1995; x_wconf 87' lang='lat' dir='ltr'><strong>Decrevitque</strong></span> <span class='ocrx_word' id='word_1_277' title='bbox 1838 1926 1893 1980; x_wconf 92' lang='lat' dir='ltr'><strong>in</strong></span> 
     </span>
    </p>
   </div>
   <div class='ocr_carea' id='block_1_35' title="bbox 300 2010 1895 2088">
    <p class='ocr_par' dir='ltr' id='par_1_35' title="bbox 300 2010 1895 2088">
     <span class='ocr_line' id='line_1_35' title="bbox 300 2010 1895 2088; baseline 0.004 -22"><span class='ocrx_word' id='word_1_278' title='bbox 300 2010 396 2066; x_wconf 90' lang='lat' dir='ltr'><strong>illo</strong></span> <span class='ocrx_word' id='word_1_279' title='bbox 423 2011 516 2066; x_wconf 90' lang='lat' dir='ltr'><strong>die</strong></span> <span class='ocrx_word' id='word_1_280' title='bbox 555 2026 650 2067; x_wconf 90' lang='lat' dir='ltr'><strong>eos</strong></span> <span class='ocrx_word' id='word_1_281' title='bbox 677 2026 803 2069; x_wconf 90' lang='lat' dir='ltr'><strong>esse</strong></span> <span class='ocrx_word' id='word_1_282' title='bbox 836 2013 889 2069; x_wconf 88' lang='lat' dir='ltr'><strong>in</strong></span> <span class='ocrx_word' id='word_1_283' title='bbox 924 2013 1233 2071; x_wconf 90' lang='lat' dir='ltr'><strong>ministerio</strong></span> <span class='ocrx_word' id='word_1_284' title='bbox 1259 2016 1439 2072; x_wconf 90' lang='lat' dir='ltr'><strong>cuncti</strong></span> <span class='ocrx_word' id='word_1_285' title='bbox 1472 2017 1687 2088; x_wconf 89' lang='lat' dir='ltr'><strong>populi,</strong></span> <span class='ocrx_word' id='word_1_286' title='bbox 1719 2026 1772 2073; x_wconf 92' lang='lat' dir='ltr'><strong>et</strong></span> <span class='ocrx_word' id='word_1_287' title='bbox 1813 2018 1895 2073; x_wconf 90' lang='lat' dir='ltr'><strong>al—</strong></span> 
     </span>
    </p>
   </div>
   <div class='ocr_carea' id='block_1_36' title="bbox 306 2106 1893 2182">
    <p class='ocr_par' dir='ltr' id='par_1_36' title="bbox 306 2106 1893 2182">
     <span class='ocr_line' id='line_1_36' title="bbox 306 2106 1893 2182; baseline 0.004 -21"><span class='ocrx_word' id='word_1_288' title='bbox 306 2108 437 2162; x_wconf 89' lang='lat' dir='ltr'><strong>taris</strong></span> <span class='ocrx_word' id='word_1_289' title='bbox 454 2106 694 2172; x_wconf 89' lang='lat' dir='ltr'><strong>Domini,</strong></span> <span class='ocrx_word' id='word_1_290' title='bbox 718 2108 996 2165; x_wconf 63' lang='lat' dir='ltr'><strong>caedentes</strong></span> <span class='ocrx_word' id='word_1_291' title='bbox 1015 2109 1182 2181; x_wconf 89' lang='lat' dir='ltr'><strong>ligna,</strong></span> <span class='ocrx_word' id='word_1_292' title='bbox 1202 2118 1257 2166; x_wconf 90' lang='lat' dir='ltr'><strong>et</strong></span> <span class='ocrx_word' id='word_1_293' title='bbox 1272 2126 1441 2182; x_wconf 87' lang='lat' dir='ltr'><strong>aquas</strong></span> <span class='ocrx_word' id='word_1_294' title='bbox 1462 2121 1893 2182; x_wconf 87' lang='lat' dir='ltr'><strong>comportantes,</strong></span> 
     </span>
    </p>
   </div>
   <div class='ocr_carea' id='block_1_37' title="bbox 298 2201 1897 2275">
    <p class='ocr_par' dir='ltr' id='par_1_37' title="bbox 298 2201 1897 2275">
     <span class='ocr_line' id='line_1_37' title="bbox 298 2201 1897 2275; baseline 0.004 -20"><span class='ocrx_word' id='word_1_295' title='bbox 298 2212 473 2271; x_wconf 88' lang='lat' dir='ltr'><strong>usque</strong></span> <span class='ocrx_word' id='word_1_296' title='bbox 502 2201 555 2255; x_wconf 92' lang='lat' dir='ltr'><strong>in</strong></span> <span class='ocrx_word' id='word_1_297' title='bbox 588 2215 834 2272; x_wconf 58' lang='lat' dir='ltr'><strong>praesens</strong></span> <span class='ocrx_word' id='word_1_298' title='bbox 885 2211 1137 2274; x_wconf 89' lang='lat' dir='ltr'><strong>tempus,</strong></span> <span class='ocrx_word' id='word_1_299' title='bbox 1167 2202 1221 2259; x_wconf 92' lang='lat' dir='ltr'><strong>in</strong></span> <span class='ocrx_word' id='word_1_300' title='bbox 1265 2204 1385 2260; x_wconf 91' lang='lat' dir='ltr'><strong>loco</strong></span> <span class='ocrx_word' id='word_1_301' title='bbox 1428 2219 1591 2275; x_wconf 90' lang='lat' dir='ltr'><strong>quem</strong></span> <span class='ocrx_word' id='word_1_302' title='bbox 1637 2205 1897 2263; x_wconf 89' lang='lat' dir='ltr'><strong>Dominus</strong></span> 
     </span>
    </p>
   </div>
   <div class='ocr_carea' id='block_1_38' title="bbox 296 2295 575 2365">
    <p class='ocr_par' dir='ltr' id='par_1_38' title="bbox 296 2295 575 2365">
     <span class='ocr_line' id='line_1_38' title="bbox 296 2295 575 2365; baseline 0.007 -16"><span class='ocrx_word' id='word_1_303' title='bbox 296 2295 575 2365; x_wconf 82' lang='lat' dir='ltr'><strong>elegisset.</strong></span> 
     </span>
    </p>
   </div>
   <div class='ocr_carea' id='block_1_39' title="bbox 371 2388 1899 2466">
    <p class='ocr_par' dir='ltr' id='par_1_39' title="bbox 371 2388 1899 2466">
     <span class='ocr_line' id='line_1_39' title="bbox 371 2388 1899 2466; baseline 0.005 -23"><span class='ocrx_word' id='word_1_304' title='bbox 371 2388 455 2461; x_wconf 86' lang='grc' dir='ltr'><strong>[Β.</strong></span> <span class='ocrx_word' id='word_1_305' title='bbox 483 2388 647 2457; x_wconf 80' lang='lat' dir='ltr'><strong>XVII,</strong></span> <span class='ocrx_word' id='word_1_306' title='bbox 681 2388 747 2446; x_wconf 90' lang='lat' dir='ltr'><strong>C.</strong></span> <span class='ocrx_word' id='word_1_307' title='bbox 776 2389 1077 2457; x_wconf 78' lang='lat' dir='ltr'><strong>XXXVIII,</strong></span> <span class='ocrx_word' id='word_1_308' title='bbox 1112 2392 1241 2466; x_wconf 83' lang='lat' dir='ltr'><strong>Cap.</strong></span> <span class='ocrx_word' id='word_1_309' title='bbox 1276 2392 1367 2465; x_wconf 85' lang='lat' dir='ltr'><strong>X.]</strong></span> <span class='ocrx_word' id='word_1_310' title='bbox 1406 2394 1537 2463; x_wconf 67' lang='lat' dir='ltr'><strong>Qua:</strong></span> <span class='ocrx_word' id='word_1_311' title='bbox 1565 2410 1688 2450; x_wconf 93' lang='lat' dir='ltr'><strong>cum</strong></span> <span class='ocrx_word' id='word_1_312' title='bbox 1716 2394 1899 2451; x_wconf 87' lang='lat' dir='ltr'><strong>audis-</strong></span> 
     </span>
    </p>
   </div>
   <div class='ocr_carea' id='block_1_40' title="bbox 300 2482 1901 2559">
    <p class='ocr_par' dir='ltr' id='par_1_40' title="bbox 300 2482 1901 2559">
     <span class='ocr_line' id='line_1_40' title="bbox 300 2482 1901 2559; baseline 0.005 -23"><span class='ocrx_word' id='word_1_313' title='bbox 300 2482 763 2551; x_wconf 75' lang='lat' dir='ltr'><strong>setAdonisetlec,</strong></span> <span class='ocrx_word' id='word_1_314' title='bbox 792 2499 888 2539; x_wconf 92' lang='lat' dir='ltr'><strong>rex</strong></span> <span class='ocrx_word' id='word_1_315' title='bbox 912 2484 1403 2559; x_wconf 52' lang='lat' dir='ltr'><strong>Ierusalem,jquod</strong></span> <span class='ocrx_word' id='word_1_316' title='bbox 1428 2488 1642 2544; x_wconf 89' lang='lat' dir='ltr'><strong>scilicet</strong></span> <span class='ocrx_word' id='word_1_317' title='bbox 1662 2490 1901 2559; x_wconf 87' lang='lat' dir='ltr'><strong>cepisset</strong></span> 
     </span>
    </p>
   </div>
   <div class='ocr_carea' id='block_1_41' title="bbox 302 2574 1903 2653">
    <p class='ocr_par' dir='ltr' id='par_1_41' title="bbox 302 2574 1903 2653">
     <span class='ocr_line' id='line_1_41' title="bbox 302 2574 1903 2653; baseline 0.004 -23"><span class='ocrx_word' id='word_1_318' title='bbox 302 2574 470 2631; x_wconf 78' lang='lat' dir='ltr'><strong>Iosue</strong></span> <span class='ocrx_word' id='word_1_319' title='bbox 521 2576 584 2632; x_wconf 81' lang='lat' dir='ltr'><strong>Ai</strong></span> <span class='ocrx_word' id='word_1_320' title='bbox 609 2618 623 2643; x_wconf 94' lang='lat'><strong>,</strong></span> <span class='ocrx_word' id='word_1_321' title='bbox 656 2584 713 2633; x_wconf 89' lang='lat' dir='ltr'><strong>et</strong></span> <span class='ocrx_word' id='word_1_322' title='bbox 754 2576 1114 2634; x_wconf 79' lang='lat' dir='ltr'><strong>Subvertisset</strong></span> <span class='ocrx_word' id='word_1_323' title='bbox 1153 2594 1274 2635; x_wconf 84' lang='lat' dir='ltr'><strong>eam</strong></span> <span class='ocrx_word' id='word_1_324' title='bbox 1309 2580 1480 2653; x_wconf 89' lang='lat' dir='ltr'><strong>(sicut</strong></span> <span class='ocrx_word' id='word_1_325' title='bbox 1512 2581 1658 2637; x_wconf 92' lang='lat' dir='ltr'><strong>enim</strong></span> <span class='ocrx_word' id='word_1_326' title='bbox 1697 2582 1903 2638; x_wconf 82' lang='lat' dir='ltr'><strong>fecerat</strong></span> 
     </span>
    </p>
   </div>
   <div class='ocr_carea' id='block_1_42' title="bbox 301 2670 1904 2748">
    <p class='ocr_par' dir='ltr' id='par_1_42' title="bbox 301 2670 1904 2748">
     <span class='ocr_line' id='line_1_42' title="bbox 301 2670 1904 2748; baseline 0.002 -21"><span class='ocrx_word' id='word_1_327' title='bbox 301 2670 524 2727; x_wconf 75' lang='lat' dir='ltr'><strong>Iericho</strong></span> <span class='ocrx_word' id='word_1_328' title='bbox 550 2681 605 2726; x_wconf 90' lang='lat' dir='ltr'><strong>et</strong></span> <span class='ocrx_word' id='word_1_329' title='bbox 651 2673 763 2742; x_wconf 86' lang='lat' dir='ltr'><strong>regi</strong></span> <span class='ocrx_word' id='word_1_330' title='bbox 796 2672 947 2743; x_wconf 86' lang='lat' dir='ltr'><strong>ejus,</strong></span> <span class='ocrx_word' id='word_1_331' title='bbox 1000 2674 1079 2730; x_wconf 90' lang='lat' dir='ltr'><strong>sic</strong></span> <span class='ocrx_word' id='word_1_332' title='bbox 1108 2673 1237 2730; x_wconf 89' lang='lat' dir='ltr'><strong>fecit</strong></span> <span class='ocrx_word' id='word_1_333' title='bbox 1282 2675 1345 2730; x_wconf 87' lang='lat' dir='ltr'><strong>Ai</strong></span> <span class='ocrx_word' id='word_1_334' title='bbox 1377 2684 1431 2731; x_wconf 92' lang='lat' dir='ltr'><strong>et</strong></span> <span class='ocrx_word' id='word_1_335' title='bbox 1460 2676 1575 2747; x_wconf 90' lang='lat' dir='ltr'><strong>regi</strong></span> <span class='ocrx_word' id='word_1_336' title='bbox 1606 2675 1801 2748; x_wconf 90' lang='lat' dir='ltr'><strong>illius),</strong></span> <span class='ocrx_word' id='word_1_337' title='bbox 1848 2685 1904 2732; x_wconf 90' lang='lat' dir='ltr'><strong>et</strong></span> 
     </span>
    </p>
   </div>
   <div class='ocr_carea' id='block_1_43' title="bbox 302 2765 1903 2842">
    <p class='ocr_par' dir='ltr' id='par_1_43' title="bbox 302 2765 1903 2842">
     <span class='ocr_line' id='line_1_43' title="bbox 302 2765 1903 2842; baseline 0.004 -24"><span class='ocrx_word' id='word_1_338' title='bbox 302 2766 447 2835; x_wconf 83' lang='lat' dir='ltr'><strong>quoI</strong></span> <span class='ocrx_word' id='word_1_339' title='bbox 489 2766 923 2836; x_wconf 89' lang='lat' dir='ltr'><strong>transfugissent</strong></span> <span class='ocrx_word' id='word_1_340' title='bbox 956 2765 1035 2839; x_wconf 83' lang='lat' dir='ltr'><strong>[b.</strong></span> <span class='ocrx_word' id='word_1_341' title='bbox 1072 2782 1261 2837; x_wconf 91' lang='lat' dir='ltr'><strong>pacem</strong></span> <span class='ocrx_word' id='word_1_342' title='bbox 1302 2768 1551 2842; x_wconf 85' lang='lat' dir='ltr'><strong>inissent]</strong></span> <span class='ocrx_word' id='word_1_343' title='bbox 1588 2769 1903 2825; x_wconf 78' lang='lat' dir='ltr'><strong>Gabaonitte</strong></span> 
     </span>
    </p>
   </div>
   <div class='ocr_carea' id='block_1_44' title="bbox 302 2857 1902 2930">
    <p class='ocr_par' dir='ltr' id='par_1_44' title="bbox 302 2857 1902 2930">
     <span class='ocr_line' id='line_1_44' title="bbox 302 2857 1902 2930; baseline 0.004 -20"><span class='ocrx_word' id='word_1_344' title='bbox 302 2859 368 2911; x_wconf 89' lang='lat' dir='ltr'><strong>ad</strong></span> <span class='ocrx_word' id='word_1_345' title='bbox 405 2857 614 2926; x_wconf 89' lang='lat' dir='ltr'><strong>Israel,</strong></span> <span class='ocrx_word' id='word_1_346' title='bbox 647 2867 703 2914; x_wconf 91' lang='lat' dir='ltr'><strong>et</strong></span> <span class='ocrx_word' id='word_1_347' title='bbox 744 2869 931 2915; x_wconf 91' lang='lat' dir='ltr'><strong>essent</strong></span> <span class='ocrx_word' id='word_1_348' title='bbox 960 2859 1211 2915; x_wconf 75' lang='lat' dir='ltr'><strong>fmderati</strong></span> <span class='ocrx_word' id='word_1_349' title='bbox 1239 2876 1463 2930; x_wconf 92' lang='lat' dir='ltr'><strong>eorum,</strong></span> <span class='ocrx_word' id='word_1_350' title='bbox 1518 2862 1699 2917; x_wconf 92' lang='lat' dir='ltr'><strong>timuit</strong></span> <span class='ocrx_word' id='word_1_351' title='bbox 1724 2862 1902 2918; x_wconf 90' lang='lat' dir='ltr'><strong>valde.</strong></span> 
     </span>
    </p>
   </div>
   <div class='ocr_carea' id='block_1_45' title="bbox 302 2948 1902 3026">
    <p class='ocr_par' dir='ltr' id='par_1_45' title="bbox 302 2948 1902 3026">
     <span class='ocr_line' id='line_1_45' title="bbox 302 2948 1902 3026; baseline 0.004 -22"><span class='ocrx_word' id='word_1_352' title='bbox 302 2948 451 3004; x_wconf 87' lang='lat' dir='ltr'><strong>Urbs</strong></span> <span class='ocrx_word' id='word_1_353' title='bbox 476 2952 623 3005; x_wconf 89' lang='lat' dir='ltr'><strong>enim</strong></span> <span class='ocrx_word' id='word_1_354' title='bbox 657 2966 851 3022; x_wconf 91' lang='lat' dir='ltr'><strong>magna</strong></span> <span class='ocrx_word' id='word_1_355' title='bbox 882 2961 1002 3008; x_wconf 90' lang='lat' dir='ltr'><strong>erat</strong></span> <span class='ocrx_word' id='word_1_356' title='bbox 1030 2952 1277 3021; x_wconf 89' lang='lat' dir='ltr'><strong>Gabaon,</strong></span> <span class='ocrx_word' id='word_1_357' title='bbox 1300 2963 1357 3010; x_wconf 89' lang='lat' dir='ltr'><strong>et</strong></span> <span class='ocrx_word' id='word_1_358' title='bbox 1384 2969 1492 3009; x_wconf 92' lang='lat' dir='ltr'><strong>una</strong></span> <span class='ocrx_word' id='word_1_359' title='bbox 1523 2955 1788 3026; x_wconf 87' lang='lat' dir='ltr'><strong>regalium</strong></span> <span class='ocrx_word' id='word_1_360' title='bbox 1822 2956 1902 3010; x_wconf 93' lang='lat' dir='ltr'><strong>ci-</strong></span> 
     </span>
    </p>
   </div>
   <div class='ocr_carea' id='block_1_46' title="bbox 303 3045 1905 3121">
    <p class='ocr_par' dir='ltr' id='par_1_46' title="bbox 303 3045 1905 3121">
     <span class='ocr_line' id='line_1_46' title="bbox 303 3045 1905 3121; baseline 0.006 -24"><span class='ocrx_word' id='word_1_361' title='bbox 303 3045 563 3111; x_wconf 80' lang='lat' dir='ltr'><strong>vitatum,</strong></span> <span class='ocrx_word' id='word_1_362' title='bbox 595 3054 653 3101; x_wconf 91' lang='lat' dir='ltr'><strong>et</strong></span> <span class='ocrx_word' id='word_1_363' title='bbox 678 3046 853 3118; x_wconf 86' lang='lat' dir='ltr'><strong>major</strong></span> <span class='ocrx_word' id='word_1_364' title='bbox 892 3047 1092 3118; x_wconf 88' lang='lat' dir='ltr'><strong>oppido</strong></span> <span class='ocrx_word' id='word_1_365' title='bbox 1130 3048 1235 3115; x_wconf 89' lang='lat' dir='ltr'><strong>Ai,</strong></span> <span class='ocrx_word' id='word_1_366' title='bbox 1269 3064 1568 3121; x_wconf 86' lang='lat' dir='ltr'><strong>omnesque</strong></span> <span class='ocrx_word' id='word_1_367' title='bbox 1609 3050 1905 3106; x_wconf 84' lang='lat' dir='ltr'><strong>bellatores</strong></span> 
     </span>
    </p>
   </div>
   <div class='ocr_carea' id='block_1_47' title="bbox 304 3138 1904 3213">
    <p class='ocr_par' dir='ltr' id='par_1_47' title="bbox 304 3138 1904 3213">
     <span class='ocr_line' id='line_1_47' title="bbox 304 3138 1904 3213; baseline 0.003 -21"><span class='ocrx_word' id='word_1_368' title='bbox 304 3140 423 3208; x_wconf 86' lang='lat' dir='ltr'><strong>ejus</strong></span> <span class='ocrx_word' id='word_1_369' title='bbox 453 3138 757 3195; x_wconf 83' lang='lat' dir='ltr'><strong>fortissimi.</strong></span> <span class='ocrx_word' id='word_1_370' title='bbox 782 3140 928 3196; x_wconf 88' lang='lat' dir='ltr'><strong>Misit</strong></span> <span class='ocrx_word' id='word_1_371' title='bbox 956 3156 1086 3213; x_wconf 90' lang='lat' dir='ltr'><strong>ergo</strong></span> <span class='ocrx_word' id='word_1_372' title='bbox 1111 3141 1456 3200; x_wconf 85' lang='lat' dir='ltr'><strong>Adonisedec</strong></span> <span class='ocrx_word' id='word_1_373' title='bbox 1477 3158 1571 3199; x_wconf 88' lang='lat' dir='ltr'><strong>rex</strong></span> <span class='ocrx_word' id='word_1_374' title='bbox 1600 3142 1904 3199; x_wconf 89' lang='lat' dir='ltr'><strong>Jerusalem</strong></span> 
     </span>
    </p>
   </div>
   <div class='ocr_carea' id='block_1_48' title="bbox 1995 1918 3601 1990">
    <p class='ocr_par' dir='ltr' id='par_1_48' title="bbox 1995 1918 3601 1990">
     <span class='ocr_line' id='line_1_48' title="bbox 1995 1918 3601 1990; baseline -0.001 -14"><span class='ocrx_word' id='word_1_375' title='bbox 1995 1920 2377 1977; x_wconf 75' lang='lat' dir='ltr'><strong>Amorrltteum</strong></span> <span class='ocrx_word' id='word_1_376' title='bbox 2420 1920 2471 1975; x_wconf 88' lang='lat' dir='ltr'><strong>in</strong></span> <span class='ocrx_word' id='word_1_377' title='bbox 2506 1928 2802 1990; x_wconf 77' lang='lat' dir='ltr'><strong>conspectu</strong></span> <span class='ocrx_word' id='word_1_378' title='bbox 2844 1920 3077 1975; x_wconf 84' lang='lat' dir='ltr'><strong>ﬁliorum</strong></span> <span class='ocrx_word' id='word_1_379' title='bbox 3107 1919 3311 1987; x_wconf 89' lang='lat' dir='ltr'><strong>Israel,</strong></span> <span class='ocrx_word' id='word_1_380' title='bbox 3357 1918 3601 1988; x_wconf 91' lang='lat' dir='ltr'><strong>dixitque</strong></span> 
     </span>
    </p>
   </div>
   <div class='ocr_carea' id='block_1_49' title="bbox 1996 2011 3601 2081">
    <p class='ocr_par' dir='ltr' id='par_1_49' title="bbox 1996 2011 3601 2081">
     <span class='ocr_line' id='line_1_49' title="bbox 1996 2011 3601 2081; baseline -0.004 -10"><span class='ocrx_word' id='word_1_381' title='bbox 1996 2029 2182 2071; x_wconf 91' lang='lat' dir='ltr'><strong>coram</strong></span> <span class='ocrx_word' id='word_1_382' title='bbox 2202 2014 2281 2070; x_wconf 90' lang='lat' dir='ltr'><strong>eis</strong></span> <span class='ocrx_word' id='word_1_383' title='bbox 2301 2031 2314 2068; x_wconf 88' lang='lat'><strong>:</strong></span> <span class='ocrx_word' id='word_1_384' title='bbox 2342 2013 2458 2081; x_wconf 90' lang='lat' dir='ltr'><strong>Sol,</strong></span> <span class='ocrx_word' id='word_1_385' title='bbox 2490 2024 2680 2069; x_wconf 88' lang='lat' dir='ltr'><strong>contra</strong></span> <span class='ocrx_word' id='word_1_386' title='bbox 2706 2012 2927 2069; x_wconf 87' lang='lat' dir='ltr'><strong>Gabaon</strong></span> <span class='ocrx_word' id='word_1_387' title='bbox 2946 2028 3013 2069; x_wconf 91' lang='lat' dir='ltr'><strong>ne</strong></span> <span class='ocrx_word' id='word_1_388' title='bbox 3034 2011 3341 2078; x_wconf 89' lang='lat' dir='ltr'><strong>movearis;</strong></span> <span class='ocrx_word' id='word_1_389' title='bbox 3366 2020 3421 2067; x_wconf 92' lang='lat' dir='ltr'><strong>et</strong></span> <span class='ocrx_word' id='word_1_390' title='bbox 3447 2011 3601 2074; x_wconf 86' lang='lat' dir='ltr'><strong>luna.</strong></span> 
     </span>
    </p>
   </div>
   <div class='ocr_carea' id='block_1_50' title="bbox 1997 2104 3603 2178">
    <p class='ocr_par' dir='ltr' id='par_1_50' title="bbox 1997 2104 3603 2178">
     <span class='ocr_line' id='line_1_50' title="bbox 1997 2104 3603 2178; baseline -0.002 -16"><span class='ocrx_word' id='word_1_391' title='bbox 1997 2118 2189 2163; x_wconf 90' lang='lat' dir='ltr'><strong>contra</strong></span> <span class='ocrx_word' id='word_1_392' title='bbox 2216 2107 2408 2163; x_wconf 88' lang='lat' dir='ltr'><strong>vallem</strong></span> <span class='ocrx_word' id='word_1_393' title='bbox 2449 2105 2664 2161; x_wconf 81' lang='lat' dir='ltr'><strong>Aialon.</strong></span> <span class='ocrx_word' id='word_1_394' title='bbox 2690 2105 2773 2178; x_wconf 91' lang='lat' dir='ltr'><strong>[C.</strong></span> <span class='ocrx_word' id='word_1_395' title='bbox 2808 2104 2969 2177; x_wconf 77' lang='lat' dir='ltr'><strong>XLI.]</strong></span> <span class='ocrx_word' id='word_1_396' title='bbox 3009 2104 3397 2174; x_wconf 90' lang='lat' dir='ltr'><strong>Steteruntque</strong></span> <span class='ocrx_word' id='word_1_397' title='bbox 3433 2104 3519 2160; x_wconf 92' lang='lat' dir='ltr'><strong>sol</strong></span> <span class='ocrx_word' id='word_1_398' title='bbox 3548 2113 3603 2161; x_wconf 90' lang='lat' dir='ltr'><strong>et</strong></span> 
     </span>
    </p>
   </div>
   <div class='ocr_carea' id='block_1_51' title="bbox 1997 2198 3600 2271">
    <p class='ocr_par' dir='ltr' id='par_1_51' title="bbox 1997 2198 3600 2271">
     <span class='ocr_line' id='line_1_51' title="bbox 1997 2198 3600 2271; baseline -0.001 -14"><span class='ocrx_word' id='word_1_399' title='bbox 1997 2202 2121 2257; x_wconf 89' lang='lat' dir='ltr'><strong>luna</strong></span> <span class='ocrx_word' id='word_1_400' title='bbox 2144 2244 2159 2269; x_wconf 92' lang='lat'><strong>,</strong></span> <span class='ocrx_word' id='word_1_401' title='bbox 2207 2201 2380 2257; x_wconf 90' lang='lat' dir='ltr'><strong>donec</strong></span> <span class='ocrx_word' id='word_1_402' title='bbox 2433 2200 2788 2257; x_wconf 88' lang='lat' dir='ltr'><strong>ulcisceretur</strong></span> <span class='ocrx_word' id='word_1_403' title='bbox 2826 2214 2886 2257; x_wconf 88' lang='lat' dir='ltr'><strong>se</strong></span> <span class='ocrx_word' id='word_1_404' title='bbox 2917 2213 3049 2271; x_wconf 87' lang='lat' dir='ltr'><strong>gens</strong></span> <span class='ocrx_word' id='word_1_405' title='bbox 3077 2199 3148 2255; x_wconf 91' lang='lat' dir='ltr'><strong>de</strong></span> <span class='ocrx_word' id='word_1_406' title='bbox 3176 2198 3413 2254; x_wconf 92' lang='lat' dir='ltr'><strong>inimicis</strong></span> <span class='ocrx_word' id='word_1_407' title='bbox 3467 2199 3600 2255; x_wconf 87' lang='lat' dir='ltr'><strong>suis.</strong></span> 
     </span>
    </p>
   </div>
   <div class='ocr_carea' id='block_1_52' title="bbox 1997 2291 3604 2365">
    <p class='ocr_par' dir='ltr' id='par_1_52' title="bbox 1997 2291 3604 2365">
     <span class='ocr_line' id='line_1_52' title="bbox 1997 2291 3604 2365; baseline -0.004 -13"><span class='ocrx_word' id='word_1_408' title='bbox 1997 2296 2188 2353; x_wconf 88' lang='lat' dir='ltr'><strong>Nonne</strong></span> <span class='ocrx_word' id='word_1_409' title='bbox 2219 2294 2476 2365; x_wconf 89' lang='lat' dir='ltr'><strong>scriptum</strong></span> <span class='ocrx_word' id='word_1_410' title='bbox 2501 2293 2707 2350; x_wconf 89' lang='lat' dir='ltr'><strong>esthoc</strong></span> <span class='ocrx_word' id='word_1_411' title='bbox 2730 2292 2785 2348; x_wconf 88' lang='lat' dir='ltr'><strong>itt</strong></span> <span class='ocrx_word' id='word_1_412' title='bbox 2814 2302 2839 2330; x_wconf 70' lang='grc'><strong>³</strong></span> <span class='ocrx_word' id='word_1_413' title='bbox 2867 2292 3006 2349; x_wconf 91' lang='lat' dir='ltr'><strong>libro</strong></span> <span class='ocrx_word' id='word_1_414' title='bbox 3032 2292 3311 2349; x_wconf 89' lang='lat' dir='ltr'><strong>Iustorum</strong></span> <span class='ocrx_word' id='word_1_415' title='bbox 3340 2291 3417 2365; x_wconf 89' lang='lat' dir='ltr'><strong>[b.</strong></span> <span class='ocrx_word' id='word_1_416' title='bbox 3443 2292 3604 2359; x_wconf 91' lang='lat' dir='ltr'><strong>recti,</strong></span> 
     </span>
    </p>
   </div>
   <div class='ocr_carea' id='block_1_53' title="bbox 1998 2385 3603 2459">
    <p class='ocr_par' dir='ltr' id='par_1_53' title="bbox 1998 2385 3603 2459">
     <span class='ocr_line' id='line_1_53' title="bbox 1998 2385 3603 2459; baseline -0.004 -13"><span class='ocrx_word' id='word_1_417' title='bbox 1998 2390 2053 2446; x_wconf 89' lang='lat' dir='ltr'><strong>id</strong></span> <span class='ocrx_word' id='word_1_418' title='bbox 2084 2398 2196 2456; x_wconf 88' lang='lat' dir='ltr'><strong>est,</strong></span> <span class='ocrx_word' id='word_1_419' title='bbox 2235 2388 2389 2459; x_wconf 84' lang='lat' dir='ltr'><strong>Dei]?</strong></span> <span class='ocrx_word' id='word_1_420' title='bbox 2417 2387 2579 2446; x_wconf 91' lang='lat' dir='ltr'><strong>Stetit</strong></span> <span class='ocrx_word' id='word_1_421' title='bbox 2609 2387 2791 2458; x_wconf 90' lang='lat' dir='ltr'><strong>itaque</strong></span> <span class='ocrx_word' id='word_1_422' title='bbox 2819 2386 2902 2442; x_wconf 92' lang='lat' dir='ltr'><strong>sol</strong></span> <span class='ocrx_word' id='word_1_423' title='bbox 2931 2386 2983 2441; x_wconf 88' lang='lat' dir='ltr'><strong>itt</strong></span> <span class='ocrx_word' id='word_1_424' title='bbox 3011 2385 3192 2443; x_wconf 90' lang='lat' dir='ltr'><strong>medio</strong></span> <span class='ocrx_word' id='word_1_425' title='bbox 3222 2385 3379 2451; x_wconf 76' lang='lat' dir='ltr'><strong>cceli,</strong></span> <span class='ocrx_word' id='word_1_426' title='bbox 3410 2394 3466 2440; x_wconf 90' lang='lat' dir='ltr'><strong>et</strong></span> <span class='ocrx_word' id='word_1_427' title='bbox 3495 2399 3603 2441; x_wconf 93' lang='lat' dir='ltr'><strong>non</strong></span> 
     </span>
    </p>
   </div>
   <div class='ocr_carea' id='block_1_54' title="bbox 2002 2478 3603 2551">
    <p class='ocr_par' dir='ltr' id='par_1_54' title="bbox 2002 2478 3603 2551">
     <span class='ocr_line' id='line_1_54' title="bbox 2002 2478 3603 2551; baseline -0.002 -13"><span class='ocrx_word' id='word_1_428' title='bbox 2002 2483 2282 2540; x_wconf 83' lang='lat' dir='ltr'><strong>festinavit</strong></span> <span class='ocrx_word' id='word_1_429' title='bbox 2304 2481 2633 2537; x_wconf 91' lang='lat' dir='ltr'><strong>occumbere</strong></span> <span class='ocrx_word' id='word_1_430' title='bbox 2661 2481 2838 2551; x_wconf 89' lang='lat' dir='ltr'><strong>spatio</strong></span> <span class='ocrx_word' id='word_1_431' title='bbox 2868 2480 3027 2537; x_wconf 91' lang='lat' dir='ltr'><strong>unius</strong></span> <span class='ocrx_word' id='word_1_432' title='bbox 3045 2479 3174 2536; x_wconf 93' lang='lat' dir='ltr'><strong>diei.</strong></span> <span class='ocrx_word' id='word_1_433' title='bbox 3201 2478 3319 2535; x_wconf 90' lang='lat' dir='ltr'><strong>Non</strong></span> <span class='ocrx_word' id='word_1_434' title='bbox 3343 2478 3447 2534; x_wconf 85' lang='lat' dir='ltr'><strong>fuit</strong></span> <span class='ocrx_word' id='word_1_435' title='bbox 3474 2488 3603 2534; x_wconf 90' lang='lat' dir='ltr'><strong>ante</strong></span> 
     </span>
    </p>
   </div>
   <div class='ocr_carea' id='block_1_55' title="bbox 2002 2572 3601 2651">
    <p class='ocr_par' dir='ltr' id='par_1_55' title="bbox 2002 2572 3601 2651">
     <span class='ocr_line' id='line_1_55' title="bbox 2002 2572 3601 2651; baseline -0.004 -16"><span class='ocrx_word' id='word_1_436' title='bbox 2002 2588 2059 2635; x_wconf 91' lang='lat' dir='ltr'><strong>et</strong></span> <span class='ocrx_word' id='word_1_437' title='bbox 2090 2578 2274 2651; x_wconf 82' lang='lat' dir='ltr'><strong>[Vulg.</strong></span> <span class='ocrx_word' id='word_1_438' title='bbox 2309 2576 2431 2649; x_wconf 90' lang='lat' dir='ltr'><strong>nec]</strong></span> <span class='ocrx_word' id='word_1_439' title='bbox 2467 2587 2655 2647; x_wconf 91' lang='lat' dir='ltr'><strong>postea</strong></span> <span class='ocrx_word' id='word_1_440' title='bbox 2688 2585 2798 2632; x_wconf 92' lang='lat' dir='ltr'><strong>tam</strong></span> <span class='ocrx_word' id='word_1_441' title='bbox 2827 2576 2987 2649; x_wconf 88' lang='lat' dir='ltr'><strong>longa</strong></span> <span class='ocrx_word' id='word_1_442' title='bbox 3025 2577 3142 2633; x_wconf 92' lang='lat' dir='ltr'><strong>dies</strong></span> <span class='ocrx_word' id='word_1_443' title='bbox 3173 2576 3249 2648; x_wconf 78' lang='lat' dir='ltr'><strong>[b.</strong></span> <span class='ocrx_word' id='word_1_444' title='bbox 3285 2576 3409 2631; x_wconf 91' lang='lat' dir='ltr'><strong>talis</strong></span> <span class='ocrx_word' id='word_1_445' title='bbox 3439 2572 3601 2647; x_wconf 89' lang='lat' dir='ltr'><strong>dies],</strong></span> 
     </span>
    </p>
   </div>
   <div class='ocr_carea' id='block_1_56' title="bbox 2002 2668 3596 2743">
    <p class='ocr_par' dir='ltr' id='par_1_56' title="bbox 2002 2668 3596 2743">
     <span class='ocr_line' id='line_1_56' title="bbox 2002 2668 3596 2743; baseline -0.006 -11"><span class='ocrx_word' id='word_1_446' title='bbox 2002 2674 2293 2732; x_wconf 90' lang='lat' dir='ltr'><strong>obediente</strong></span> <span class='ocrx_word' id='word_1_447' title='bbox 2320 2674 2551 2729; x_wconf 90' lang='lat' dir='ltr'><strong>Domino</strong></span> <span class='ocrx_word' id='word_1_448' title='bbox 2578 2674 2701 2729; x_wconf 89' lang='lat' dir='ltr'><strong>voci</strong></span> <span class='ocrx_word' id='word_1_449' title='bbox 2723 2672 2978 2739; x_wconf 89' lang='lat' dir='ltr'><strong>hominis,</strong></span> <span class='ocrx_word' id='word_1_450' title='bbox 3002 2682 3271 2743; x_wconf 83' lang='lat' dir='ltr'><strong>pugnante</strong></span> <span class='ocrx_word' id='word_1_451' title='bbox 3287 2685 3382 2740; x_wconf 85' lang='lat' dir='ltr'><strong>pro</strong></span> <span class='ocrx_word' id='word_1_452' title='bbox 3405 2668 3596 2725; x_wconf 90' lang='lat' dir='ltr'><strong>Israel.</strong></span> 
     </span>
    </p>
   </div>
   <div class='ocr_carea' id='block_1_57' title="bbox 2003 2765 3606 2839">
    <p class='ocr_par' dir='ltr' id='par_1_57' title="bbox 2003 2765 3606 2839">
     <span class='ocr_line' id='line_1_57' title="bbox 2003 2765 3606 2839; baseline -0.004 -15"><span class='ocrx_word' id='word_1_453' title='bbox 2003 2768 2387 2839; x_wconf 86' lang='lat' dir='ltr'><strong>Reversusque</strong></span> <span class='ocrx_word' id='word_1_454' title='bbox 2432 2776 2516 2823; x_wconf 86' lang='lat' dir='ltr'><strong>est</strong></span> <span class='ocrx_word' id='word_1_455' title='bbox 2545 2767 2713 2823; x_wconf 91' lang='lat' dir='ltr'><strong>Iosue</strong></span> <span class='ocrx_word' id='word_1_456' title='bbox 2750 2781 2873 2823; x_wconf 91' lang='lat' dir='ltr'><strong>cum</strong></span> <span class='ocrx_word' id='word_1_457' title='bbox 2914 2766 3064 2822; x_wconf 90' lang='lat' dir='ltr'><strong>omni</strong></span> <span class='ocrx_word' id='word_1_458' title='bbox 3112 2765 3281 2822; x_wconf 91' lang='lat' dir='ltr'><strong>Israel</strong></span> <span class='ocrx_word' id='word_1_459' title='bbox 3322 2765 3377 2820; x_wconf 92' lang='lat' dir='ltr'><strong>in</strong></span> <span class='ocrx_word' id='word_1_460' title='bbox 3426 2772 3606 2819; x_wconf 90' lang='lat' dir='ltr'><strong>castra</strong></span> 
     </span>
    </p>
   </div>
   <div class='ocr_carea' id='block_1_58' title="bbox 2005 2861 3612 2935">
    <p class='ocr_par' dir='ltr' id='par_1_58' title="bbox 2005 2861 3612 2935">
     <span class='ocr_line' id='line_1_58' title="bbox 2005 2861 3612 2935; baseline -0.002 -16"><span class='ocrx_word' id='word_1_461' title='bbox 2005 2863 2263 2935; x_wconf 67' lang='lat' dir='ltr'><strong>Calgalaz.</strong></span> <span class='ocrx_word' id='word_1_462' title='bbox 2296 2862 2378 2935; x_wconf 92' lang='lat' dir='ltr'><strong>[C.</strong></span> <span class='ocrx_word' id='word_1_463' title='bbox 2404 2861 2592 2935; x_wconf 81' lang='lat' dir='ltr'><strong>XLII.]</strong></span> <span class='ocrx_word' id='word_1_464' title='bbox 2617 2862 2898 2935; x_wconf 88' lang='lat' dir='ltr'><strong>Fugerunt</strong></span> <span class='ocrx_word' id='word_1_465' title='bbox 2919 2862 3065 2919; x_wconf 91' lang='lat' dir='ltr'><strong>enim</strong></span> <span class='ocrx_word' id='word_1_466' title='bbox 3095 2862 3333 2933; x_wconf 91' lang='lat' dir='ltr'><strong>quinque</strong></span> <span class='ocrx_word' id='word_1_467' title='bbox 3356 2875 3534 2931; x_wconf 91' lang='lat' dir='ltr'><strong>reges,</strong></span> <span class='ocrx_word' id='word_1_468' title='bbox 3556 2867 3612 2916; x_wconf 90' lang='lat' dir='ltr'><strong>et</strong></span> 
     </span>
    </p>
   </div>
   <div class='ocr_carea' id='block_1_59' title="bbox 2006 2952 3612 3027">
    <p class='ocr_par' dir='ltr' id='par_1_59' title="bbox 2006 2952 3612 3027">
     <span class='ocr_line' id='line_1_59' title="bbox 2006 2952 3612 3027; baseline -0.004 -14"><span class='ocrx_word' id='word_1_469' title='bbox 2006 2973 2067 3013; x_wconf 92' lang='lat' dir='ltr'><strong>se</strong></span> <span class='ocrx_word' id='word_1_470' title='bbox 2088 2956 2502 3013; x_wconf 83' lang='lat' dir='ltr'><strong>abseonderunt</strong></span> <span class='ocrx_word' id='word_1_471' title='bbox 2530 2956 2583 3011; x_wconf 91' lang='lat' dir='ltr'><strong>in</strong></span> <span class='ocrx_word' id='word_1_472' title='bbox 2628 2955 2889 3027; x_wconf 81' lang='lat' dir='ltr'><strong>Spelunca</strong></span> <span class='ocrx_word' id='word_1_473' title='bbox 2925 2953 3073 3011; x_wconf 91' lang='lat' dir='ltr'><strong>urbis</strong></span> <span class='ocrx_word' id='word_1_474' title='bbox 3112 2954 3352 3010; x_wconf 86' lang='lat' dir='ltr'><strong>Maceda.</strong></span> <span class='ocrx_word' id='word_1_475' title='bbox 3384 2952 3612 3008; x_wconf 88' lang='lat' dir='ltr'><strong>Nuntia-</strong></span> 
     </span>
    </p>
   </div>
   <div class='ocr_carea' id='block_1_60' title="bbox 2007 3048 3612 3121">
    <p class='ocr_par' dir='ltr' id='par_1_60' title="bbox 2007 3048 3612 3121">
     <span class='ocr_line' id='line_1_60' title="bbox 2007 3048 3612 3121; baseline -0.001 -17"><span class='ocrx_word' id='word_1_476' title='bbox 2007 3058 2230 3121; x_wconf 90' lang='lat' dir='ltr'><strong>tumque</strong></span> <span class='ocrx_word' id='word_1_477' title='bbox 2252 3058 2335 3105; x_wconf 92' lang='lat' dir='ltr'><strong>est</strong></span> <span class='ocrx_word' id='word_1_478' title='bbox 2355 3049 2547 3116; x_wconf 89' lang='lat' dir='ltr'><strong>Iosue,</strong></span> <span class='ocrx_word' id='word_1_479' title='bbox 2578 3048 2725 3120; x_wconf 92' lang='lat' dir='ltr'><strong>quod</strong></span> <span class='ocrx_word' id='word_1_480' title='bbox 2751 3048 2955 3104; x_wconf 90' lang='lat' dir='ltr'><strong>inventi</strong></span> <span class='ocrx_word' id='word_1_481' title='bbox 2979 3055 3165 3103; x_wconf 88' lang='lat' dir='ltr'><strong>essent</strong></span> <span class='ocrx_word' id='word_1_482' title='bbox 3185 3050 3426 3117; x_wconf 85' lang='lat' dir='ltr'><strong>quinque</strong></span> <span class='ocrx_word' id='word_1_483' title='bbox 3453 3060 3612 3117; x_wconf 88' lang='lat' dir='ltr'><strong>reges</strong></span> 
     </span>
    </p>
   </div>
   <div class='ocr_carea' id='block_1_61' title="bbox 2007 3139 3610 3215">
    <p class='ocr_par' dir='ltr' id='par_1_61' title="bbox 2007 3139 3610 3215">
     <span class='ocr_line' id='line_1_61' title="bbox 2007 3139 3610 3215; baseline -0.002 -17"><span class='ocrx_word' id='word_1_484' title='bbox 2007 3143 2243 3199; x_wconf 91' lang='lat' dir='ltr'><strong>latentes</strong></span> <span class='ocrx_word' id='word_1_485' title='bbox 2272 3143 2325 3197; x_wconf 93' lang='lat' dir='ltr'><strong>in</strong></span> <span class='ocrx_word' id='word_1_486' title='bbox 2354 3143 2609 3213; x_wconf 90' lang='lat' dir='ltr'><strong>spelunca</strong></span> <span class='ocrx_word' id='word_1_487' title='bbox 2643 3140 2827 3215; x_wconf 85' lang='lat' dir='ltr'><strong>[Vulg.</strong></span> <span class='ocrx_word' id='word_1_488' title='bbox 2853 3141 3001 3195; x_wconf 85' lang='lat' dir='ltr'><strong>addit</strong></span> <span class='ocrx_word' id='word_1_489' title='bbox 3024 3139 3194 3213; x_wconf 90' lang='lat' dir='ltr'><strong>urbis]</strong></span> <span class='ocrx_word' id='word_1_490' title='bbox 3227 3140 3469 3196; x_wconf 87' lang='lat' dir='ltr'><strong>Maceda.</strong></span> <span class='ocrx_word' id='word_1_491' title='bbox 3505 3139 3610 3208; x_wconf 83' lang='lat' dir='ltr'><strong>Qui</strong></span> 
     </span>
    </p>
   </div>
   <div class='ocr_carea' id='block_1_62' title="bbox 304 3231 3613 3310">
    <p class='ocr_par' dir='ltr' id='par_1_62' title="bbox 304 3231 3613 3310">
     <span class='ocr_line' id='line_1_62' title="bbox 304 3231 3613 3310; baseline -0.001 -21"><span class='ocrx_word' id='word_1_492' title='bbox 304 3234 373 3289; x_wconf 80' lang='lat' dir='ltr'><strong>ad</strong></span> <span class='ocrx_word' id='word_1_493' title='bbox 405 3234 575 3291; x_wconf 89' lang='lat' dir='ltr'><strong>Oham</strong></span> <span class='ocrx_word' id='word_1_494' title='bbox 605 3251 786 3307; x_wconf 87' lang='lat' dir='ltr'><strong>regem</strong></span> <span class='ocrx_word' id='word_1_495' title='bbox 816 3236 1066 3306; x_wconf 81' lang='lat' dir='ltr'><strong>Hebron,</strong></span> <span class='ocrx_word' id='word_1_496' title='bbox 1109 3246 1165 3293; x_wconf 94' lang='lat' dir='ltr'><strong>et</strong></span> <span class='ocrx_word' id='word_1_497' title='bbox 1200 3238 1268 3293; x_wconf 91' lang='lat' dir='ltr'><strong>ad</strong></span> <span class='ocrx_word' id='word_1_498' title='bbox 1295 3237 1514 3293; x_wconf 89' lang='lat' dir='ltr'><strong>Phiram</strong></span> <span class='ocrx_word' id='word_1_499' title='bbox 1546 3254 1729 3310; x_wconf 89' lang='lat' dir='ltr'><strong>regem</strong></span> <span class='ocrx_word' id='word_1_500' title='bbox 1766 3239 1909 3294; x_wconf 86' lang='lat' dir='ltr'><strong>Iari-</strong></span> <span class='ocrx_word' id='word_1_501' title='bbox 1936 3236 1982 3302; x_wconf 88' lang='lat' dir='ltr'><strong>C</strong></span> <span class='ocrx_word' id='word_1_502' title='bbox 2016 3236 2269 3305; x_wconf 76' lang='lat' dir='ltr'><strong>prtecepit</strong></span> <span class='ocrx_word' id='word_1_503' title='bbox 2293 3234 2477 3302; x_wconf 92' lang='lat' dir='ltr'><strong>sociis,</strong></span> <span class='ocrx_word' id='word_1_504' title='bbox 2508 3242 2566 3289; x_wconf 90' lang='lat' dir='ltr'><strong>et</strong></span> <span class='ocrx_word' id='word_1_505' title='bbox 2600 3234 2679 3288; x_wconf 92' lang='lat' dir='ltr'><strong>ait</strong></span> <span class='ocrx_word' id='word_1_506' title='bbox 2727 3252 2739 3285; x_wconf 90' lang='lat'>:</span> <span class='ocrx_word' id='word_1_507' title='bbox 2768 3232 2978 3289; x_wconf 85' lang='lat' dir='ltr'><strong>Volvite</strong></span> <span class='ocrx_word' id='word_1_508' title='bbox 3006 3248 3137 3288; x_wconf 84' lang='lat' dir='ltr'><strong>saxa</strong></span> <span class='ocrx_word' id='word_1_509' title='bbox 3166 3232 3407 3303; x_wconf 83' lang='lat' dir='ltr'><strong>ingentia</strong></span> <span class='ocrx_word' id='word_1_510' title='bbox 3437 3231 3505 3285; x_wconf 91' lang='lat' dir='ltr'><strong>ad</strong></span> <span class='ocrx_word' id='word_1_511' title='bbox 3549 3245 3613 3286; x_wconf 88' lang='lat' dir='ltr'><strong>os</strong></span> 
     </span>
    </p>
   </div>
   <div class='ocr_carea' id='block_1_63' title="bbox 304 3328 1907 3402">
    <p class='ocr_par' dir='ltr' id='par_1_63' title="bbox 304 3328 1907 3402">
     <span class='ocr_line' id='line_1_63' title="bbox 304 3328 1907 3402; baseline 0.003 -19"><span class='ocrx_word' id='word_1_512' title='bbox 304 3328 483 3397; x_wconf 88' lang='lat' dir='ltr'><strong>mutb,</strong></span> <span class='ocrx_word' id='word_1_513' title='bbox 515 3329 580 3382; x_wconf 91' lang='lat' dir='ltr'><strong>ad</strong></span> <span class='ocrx_word' id='word_1_514' title='bbox 609 3329 804 3399; x_wconf 87' lang='lat' dir='ltr'><strong>Japltie</strong></span> <span class='ocrx_word' id='word_1_515' title='bbox 831 3345 1045 3402; x_wconf 90' lang='lat' dir='ltr'><strong>quoque</strong></span> <span class='ocrx_word' id='word_1_516' title='bbox 1077 3346 1261 3402; x_wconf 84' lang='lat' dir='ltr'><strong>regem</strong></span> <span class='ocrx_word' id='word_1_517' title='bbox 1301 3331 1529 3397; x_wconf 90' lang='lat' dir='ltr'><strong>Lachis,</strong></span> <span class='ocrx_word' id='word_1_518' title='bbox 1563 3340 1619 3387; x_wconf 93' lang='lat' dir='ltr'><strong>et</strong></span> <span class='ocrx_word' id='word_1_519' title='bbox 1644 3332 1709 3387; x_wconf 92' lang='lat' dir='ltr'><strong>ad</strong></span> <span class='ocrx_word' id='word_1_520' title='bbox 1743 3332 1907 3388; x_wconf 93' lang='lat' dir='ltr'><strong>Dabir</strong></span> 
     </span>
    </p>
   </div>
   <div class='ocr_carea' id='block_1_64' title="bbox 305 3421 1907 3495">
    <p class='ocr_par' dir='ltr' id='par_1_64' title="bbox 305 3421 1907 3495">
     <span class='ocr_line' id='line_1_64' title="bbox 305 3421 1907 3495; baseline 0.003 -18"><span class='ocrx_word' id='word_1_521' title='bbox 305 3436 492 3492; x_wconf 89' lang='lat' dir='ltr'><strong>regem</strong></span> <span class='ocrx_word' id='word_1_522' title='bbox 539 3421 711 3492; x_wconf 86' lang='lat' dir='ltr'><strong>Eglon</strong></span> <span class='ocrx_word' id='word_1_523' title='bbox 735 3464 750 3490; x_wconf 92' lang='lat'><strong>,</strong></span> <span class='ocrx_word' id='word_1_524' title='bbox 791 3424 980 3480; x_wconf 92' lang='lat' dir='ltr'><strong>dicens</strong></span> <span class='ocrx_word' id='word_1_525' title='bbox 1011 3441 1024 3478; x_wconf 89' lang='lat'><strong>:</strong></span> <span class='ocrx_word' id='word_1_526' title='bbox 1058 3425 1354 3481; x_wconf 85' lang='lat' dir='ltr'><strong>Aseendite</strong></span> <span class='ocrx_word' id='word_1_527' title='bbox 1393 3425 1461 3481; x_wconf 92' lang='lat' dir='ltr'><strong>ad</strong></span> <span class='ocrx_word' id='word_1_528' title='bbox 1497 3441 1620 3495; x_wconf 92' lang='lat' dir='ltr'><strong>me,</strong></span> <span class='ocrx_word' id='word_1_529' title='bbox 1666 3435 1719 3482; x_wconf 92' lang='lat' dir='ltr'><strong>et</strong></span> <span class='ocrx_word' id='word_1_530' title='bbox 1769 3425 1907 3482; x_wconf 90' lang='lat' dir='ltr'><strong>ferte</strong></span> 
     </span>
    </p>
   </div>
   <div class='ocr_carea' id='block_1_65' title="bbox 306 3515 1907 3588">
    <p class='ocr_par' dir='ltr' id='par_1_65' title="bbox 306 3515 1907 3588">
     <span class='ocr_line' id='line_1_65' title="bbox 306 3515 1907 3588; baseline 0.004 -22"><span class='ocrx_word' id='word_1_531' title='bbox 306 3515 660 3585; x_wconf 72' lang='lat' dir='ltr'><strong>przesidium,</strong></span> <span class='ocrx_word' id='word_1_532' title='bbox 695 3523 756 3571; x_wconf 90' lang='lat' dir='ltr'><strong>ut</strong></span> <span class='ocrx_word' id='word_1_533' title='bbox 798 3531 1173 3588; x_wconf 88' lang='lat' dir='ltr'><strong>expugnemus</strong></span> <span class='ocrx_word' id='word_1_534' title='bbox 1213 3518 1433 3574; x_wconf 88' lang='lat' dir='ltr'><strong>Gabaon</strong></span> <span class='ocrx_word' id='word_1_535' title='bbox 1458 3560 1471 3585; x_wconf 92' lang='lat'><strong>,</strong></span> <span class='ocrx_word' id='word_1_536' title='bbox 1519 3532 1689 3588; x_wconf 89' lang='lat' dir='ltr'><strong>quare</strong></span> <span class='ocrx_word' id='word_1_537' title='bbox 1731 3526 1907 3573; x_wconf 88' lang='lat' dir='ltr'><strong>trans-</strong></span> 
     </span>
    </p>
   </div>
   <div class='ocr_carea' id='block_1_66' title="bbox 306 3607 1901 3683">
    <p class='ocr_par' dir='ltr' id='par_1_66' title="bbox 306 3607 1901 3683">
     <span class='ocr_line' id='line_1_66' title="bbox 306 3607 1901 3683; baseline 0.003 -22"><span class='ocrx_word' id='word_1_538' title='bbox 306 3607 506 3677; x_wconf 77' lang='lat' dir='ltr'><strong>fugerit</strong></span> <span class='ocrx_word' id='word_1_539' title='bbox 538 3608 616 3680; x_wconf 86' lang='lat' dir='ltr'><strong>[b.</strong></span> <span class='ocrx_word' id='word_1_540' title='bbox 642 3624 826 3677; x_wconf 89' lang='lat' dir='ltr'><strong>pacem</strong></span> <span class='ocrx_word' id='word_1_541' title='bbox 855 3610 1055 3683; x_wconf 90' lang='lat' dir='ltr'><strong>inierit]</strong></span> <span class='ocrx_word' id='word_1_542' title='bbox 1080 3610 1145 3667; x_wconf 93' lang='lat' dir='ltr'><strong>ad</strong></span> <span class='ocrx_word' id='word_1_543' title='bbox 1172 3612 1339 3667; x_wconf 86' lang='lat' dir='ltr'><strong>Iosue</strong></span> <span class='ocrx_word' id='word_1_544' title='bbox 1363 3620 1417 3667; x_wconf 90' lang='lat' dir='ltr'><strong>et</strong></span> <span class='ocrx_word' id='word_1_545' title='bbox 1455 3610 1522 3665; x_wconf 91' lang='lat' dir='ltr'><strong>ad</strong></span> <span class='ocrx_word' id='word_1_546' title='bbox 1554 3610 1695 3666; x_wconf 90' lang='lat' dir='ltr'><strong>ﬁlios</strong></span> <span class='ocrx_word' id='word_1_547' title='bbox 1717 3610 1901 3667; x_wconf 90' lang='lat' dir='ltr'><strong>Israel.</strong></span> 
     </span>
    </p>
   </div>
   <div class='ocr_carea' id='block_1_67' title="bbox 310 3700 1907 3774">
    <p class='ocr_par' dir='ltr' id='par_1_67' title="bbox 310 3700 1907 3774">
     <span class='ocr_line' id='line_1_67' title="bbox 310 3700 1907 3774; baseline 0.003 -19"><span class='ocrx_word' id='word_1_548' title='bbox 310 3701 393 3771; x_wconf 78' lang='grc' dir='ltr'><strong>[Τ.</strong></span> <span class='ocrx_word' id='word_1_549' title='bbox 433 3700 521 3772; x_wconf 82' lang='lat' dir='ltr'><strong>V.]</strong></span> <span class='ocrx_word' id='word_1_550' title='bbox 550 3702 869 3773; x_wconf 85' lang='lat' dir='ltr'><strong>Congregati</strong></span> <span class='ocrx_word' id='word_1_551' title='bbox 901 3704 1066 3774; x_wconf 86' lang='lat' dir='ltr'><strong>igitur</strong></span> <span class='ocrx_word' id='word_1_552' title='bbox 1096 3703 1465 3759; x_wconf 89' lang='lat' dir='ltr'><strong>ascenderunt</strong></span> <span class='ocrx_word' id='word_1_553' title='bbox 1489 3703 1725 3774; x_wconf 91' lang='lat' dir='ltr'><strong>quinque</strong></span> <span class='ocrx_word' id='word_1_554' title='bbox 1751 3718 1907 3773; x_wconf 84' lang='lat' dir='ltr'><strong>reges</strong></span> 
     </span>
    </p>
   </div>
   <div class='ocr_carea' id='block_1_68' title="bbox 307 3796 1909 3865">
    <p class='ocr_par' dir='ltr' id='par_1_68' title="bbox 307 3796 1909 3865">
     <span class='ocr_line' id='line_1_68' title="bbox 307 3796 1909 3865; baseline 0.002 -16"><span class='ocrx_word' id='word_1_555' title='bbox 307 3796 781 3865; x_wconf 73' lang='lat' dir='ltr'><strong>Amorrhmornm,</strong></span> <span class='ocrx_word' id='word_1_556' title='bbox 807 3812 907 3852; x_wconf 92' lang='lat' dir='ltr'><strong>rex</strong></span> <span class='ocrx_word' id='word_1_557' title='bbox 939 3797 1269 3863; x_wconf 84' lang='lat' dir='ltr'><strong>Jerusalem,</strong></span> <span class='ocrx_word' id='word_1_558' title='bbox 1304 3813 1401 3854; x_wconf 80' lang='lat' dir='ltr'><strong>rex</strong></span> <span class='ocrx_word' id='word_1_559' title='bbox 1426 3797 1666 3865; x_wconf 84' lang='lat' dir='ltr'><strong>Hebron,</strong></span> <span class='ocrx_word' id='word_1_560' title='bbox 1692 3814 1785 3853; x_wconf 88' lang='lat' dir='ltr'><strong>rex</strong></span> <span class='ocrx_word' id='word_1_561' title='bbox 1814 3799 1909 3853; x_wconf 86' lang='lat' dir='ltr'><strong>Ja-</strong></span> 
     </span>
    </p>
   </div>
   <div class='ocr_carea' id='block_1_69' title="bbox 306 3890 1907 3963">
    <p class='ocr_par' dir='ltr' id='par_1_69' title="bbox 306 3890 1907 3963">
     <span class='ocr_line' id='line_1_69' title="bbox 306 3890 1907 3963; baseline 0.001 -18"><span class='ocrx_word' id='word_1_562' title='bbox 306 3890 543 3957; x_wconf 87' lang='lat' dir='ltr'><strong>rimuth,</strong></span> <span class='ocrx_word' id='word_1_563' title='bbox 573 3906 669 3946; x_wconf 86' lang='lat' dir='ltr'><strong>rex</strong></span> <span class='ocrx_word' id='word_1_564' title='bbox 697 3891 916 3960; x_wconf 75' lang='lat' dir='ltr'><strong>Lachis,</strong></span> <span class='ocrx_word' id='word_1_565' title='bbox 944 3906 1040 3947; x_wconf 88' lang='lat' dir='ltr'><strong>rex</strong></span> <span class='ocrx_word' id='word_1_566' title='bbox 1073 3891 1274 3963; x_wconf 88' lang='lat' dir='ltr'><strong>Eglon,</strong></span> <span class='ocrx_word' id='word_1_567' title='bbox 1299 3891 1463 3946; x_wconf 88' lang='lat' dir='ltr'><strong>simul</strong></span> <span class='ocrx_word' id='word_1_568' title='bbox 1496 3906 1617 3946; x_wconf 93' lang='lat' dir='ltr'><strong>cum</strong></span> <span class='ocrx_word' id='word_1_569' title='bbox 1646 3892 1907 3947; x_wconf 88' lang='lat' dir='ltr'><strong>exerciti-</strong></span> 
     </span>
    </p>
   </div>
   <div class='ocr_carea' id='block_1_70' title="bbox 308 3983 1911 4055">
    <p class='ocr_par' dir='ltr' id='par_1_70' title="bbox 308 3983 1911 4055">
     <span class='ocr_line' id='line_1_70' title="bbox 308 3983 1911 4055; baseline -0.001 -14"><span class='ocrx_word' id='word_1_570' title='bbox 308 3984 416 4041; x_wconf 86' lang='lat' dir='ltr'><strong>bus</strong></span> <span class='ocrx_word' id='word_1_571' title='bbox 455 3984 570 4040; x_wconf 89' lang='lat' dir='ltr'><strong>suis</strong></span> <span class='ocrx_word' id='word_1_572' title='bbox 592 4028 607 4053; x_wconf 93' lang='lat'><strong>,</strong></span> <span class='ocrx_word' id='word_1_573' title='bbox 644 3996 698 4041; x_wconf 92' lang='lat' dir='ltr'><strong>et</strong></span> <span class='ocrx_word' id='word_1_574' title='bbox 718 3984 1090 4040; x_wconf 86' lang='lat' dir='ltr'><strong>eastrametati</strong></span> <span class='ocrx_word' id='word_1_575' title='bbox 1119 3992 1243 4039; x_wconf 92' lang='lat' dir='ltr'><strong>sunt</strong></span> <span class='ocrx_word' id='word_1_576' title='bbox 1273 3984 1416 4039; x_wconf 88' lang='lat' dir='ltr'><strong>circa</strong></span> <span class='ocrx_word' id='word_1_577' title='bbox 1438 3983 1664 4040; x_wconf 91' lang='lat' dir='ltr'><strong>Gabaon</strong></span> <span class='ocrx_word' id='word_1_578' title='bbox 1692 4026 1706 4051; x_wconf 93' lang='lat'><strong>,</strong></span> <span class='ocrx_word' id='word_1_579' title='bbox 1736 3999 1911 4055; x_wconf 90' lang='lat' dir='ltr'><strong>oppu-</strong></span> 
     </span>
    </p>
   </div>
   <div class='ocr_carea' id='block_1_71' title="bbox 308 4076 1907 4151">
    <p class='ocr_par' dir='ltr' id='par_1_71' title="bbox 308 4076 1907 4151">
     <span class='ocr_line' id='line_1_71' title="bbox 308 4076 1907 4151; baseline 0 -19"><span class='ocrx_word' id='word_1_580' title='bbox 308 4091 543 4149; x_wconf 82' lang='lat' dir='ltr'><strong>gnantes</strong></span> <span class='ocrx_word' id='word_1_581' title='bbox 561 4094 702 4134; x_wconf 91' lang='lat' dir='ltr'><strong>eam.</strong></span> <span class='ocrx_word' id='word_1_582' title='bbox 722 4076 804 4151; x_wconf 94' lang='lat' dir='ltr'><strong>[C.</strong></span> <span class='ocrx_word' id='word_1_583' title='bbox 832 4078 1105 4151; x_wconf 53' lang='lat' dir='ltr'><strong>XXXIX]</strong></span> <span class='ocrx_word' id='word_1_584' title='bbox 1124 4079 1468 4135; x_wconf 82' lang='lat' dir='ltr'><strong>Habitatores</strong></span> <span class='ocrx_word' id='word_1_585' title='bbox 1488 4087 1669 4137; x_wconf 89' lang='lat' dir='ltr'><strong>autem</strong></span> <span class='ocrx_word' id='word_1_586' title='bbox 1688 4077 1907 4135; x_wconf 91' lang='lat' dir='ltr'><strong>Gabaon</strong></span> 
     </span>
    </p>
   </div>
   <div class='ocr_carea' id='block_1_72' title="bbox 308 4169 1911 4245">
    <p class='ocr_par' dir='ltr' id='par_1_72' title="bbox 308 4169 1911 4245">
     <span class='ocr_line' id='line_1_72' title="bbox 308 4169 1911 4245; baseline 0.001 -20"><span class='ocrx_word' id='word_1_587' title='bbox 308 4172 457 4226; x_wconf 80' lang='lat' dir='ltr'><strong>urbis</strong></span> <span class='ocrx_word' id='word_1_588' title='bbox 495 4172 715 4226; x_wconf 73' lang='lat' dir='ltr'><strong>obsessa:</strong></span> <span class='ocrx_word' id='word_1_589' title='bbox 742 4172 819 4245; x_wconf 89' lang='lat' dir='ltr'><strong>[b.</strong></span> <span class='ocrx_word' id='word_1_590' title='bbox 850 4187 961 4227; x_wconf 93' lang='lat' dir='ltr'><strong>non</strong></span> <span class='ocrx_word' id='word_1_591' title='bbox 990 4170 1174 4244; x_wconf 89' lang='lat' dir='ltr'><strong>habet]</strong></span> <span class='ocrx_word' id='word_1_592' title='bbox 1206 4173 1467 4227; x_wconf 88' lang='lat' dir='ltr'><strong>miserunt</strong></span> <span class='ocrx_word' id='word_1_593' title='bbox 1488 4170 1555 4227; x_wconf 91' lang='lat' dir='ltr'><strong>ad</strong></span> <span class='ocrx_word' id='word_1_594' title='bbox 1585 4169 1750 4227; x_wconf 91' lang='lat' dir='ltr'><strong>Iosue</strong></span> <span class='ocrx_word' id='word_1_595' title='bbox 1770 4212 1785 4238; x_wconf 94' lang='lat'><strong>,</strong></span> <span class='ocrx_word' id='word_1_596' title='bbox 1818 4170 1911 4241; x_wconf 89' lang='lat' dir='ltr'><strong>qui</strong></span> 
     </span>
    </p>
   </div>
   <div class='ocr_carea' id='block_1_73' title="bbox 308 4263 1912 4335">
    <p class='ocr_par' dir='ltr' id='par_1_73' title="bbox 308 4263 1912 4335">
     <span class='ocr_line' id='line_1_73' title="bbox 308 4263 1912 4335; baseline -0.001 -16"><span class='ocrx_word' id='word_1_597' title='bbox 308 4274 444 4319; x_wconf 87' lang='lat' dir='ltr'><strong>tunc</strong></span> <span class='ocrx_word' id='word_1_598' title='bbox 465 4265 779 4320; x_wconf 87' lang='lat' dir='ltr'><strong>morabatur</strong></span> <span class='ocrx_word' id='word_1_599' title='bbox 803 4265 854 4319; x_wconf 91' lang='lat' dir='ltr'><strong>in</strong></span> <span class='ocrx_word' id='word_1_600' title='bbox 876 4263 1067 4319; x_wconf 91' lang='lat' dir='ltr'><strong>castris</strong></span> <span class='ocrx_word' id='word_1_601' title='bbox 1088 4263 1231 4335; x_wconf 88' lang='lat' dir='ltr'><strong>apud</strong></span> <span class='ocrx_word' id='word_1_602' title='bbox 1254 4264 1553 4335; x_wconf 87' lang='lat' dir='ltr'><strong>Calgalam,</strong></span> <span class='ocrx_word' id='word_1_603' title='bbox 1579 4272 1634 4320; x_wconf 91' lang='lat' dir='ltr'><strong>et</strong></span> <span class='ocrx_word' id='word_1_604' title='bbox 1654 4265 1912 4319; x_wconf 84' lang='lat' dir='ltr'><strong>dixerunt</strong></span> 
     </span>
    </p>
   </div>
   <div class='ocr_carea' id='block_1_74' title="bbox 307 4360 1911 4418">
    <p class='ocr_par' dir='ltr' id='par_1_74' title="bbox 307 4360 1911 4418">
     <span class='ocr_line' id='line_1_74' title="bbox 307 4360 1911 4418; baseline -0.002 0"><span class='ocrx_word' id='word_1_605' title='bbox 307 4362 361 4418; x_wconf 92' lang='lat' dir='ltr'><strong>ei</strong></span> <span class='ocrx_word' id='word_1_606' title='bbox 400 4378 417 4417; x_wconf 89' lang='lat'><strong>:</strong></span> <span class='ocrx_word' id='word_1_607' title='bbox 456 4361 535 4417; x_wconf 86' lang='lat' dir='ltr'><strong>Ne</strong></span> <span class='ocrx_word' id='word_1_608' title='bbox 576 4360 826 4417; x_wconf 90' lang='lat' dir='ltr'><strong>retrahas</strong></span> <span class='ocrx_word' id='word_1_609' title='bbox 859 4376 1053 4418; x_wconf 91' lang='lat' dir='ltr'><strong>manus</strong></span> <span class='ocrx_word' id='word_1_610' title='bbox 1099 4370 1219 4416; x_wconf 93' lang='lat' dir='ltr'><strong>tuas</strong></span> <span class='ocrx_word' id='word_1_611' title='bbox 1261 4360 1331 4415; x_wconf 92' lang='lat' dir='ltr'><strong>ab</strong></span> <span class='ocrx_word' id='word_1_612' title='bbox 1384 4360 1586 4415; x_wconf 90' lang='lat' dir='ltr'><strong>auxilio</strong></span> <span class='ocrx_word' id='word_1_613' title='bbox 1629 4374 1911 4417; x_wconf 85' lang='lat' dir='ltr'><strong>servorum</strong></span> 
     </span>
    </p>
   </div>
   <div class='ocr_carea' id='block_1_75' title="bbox 310 4451 1913 4525">
    <p class='ocr_par' dir='ltr' id='par_1_75' title="bbox 310 4451 1913 4525">
     <span class='ocr_line' id='line_1_75' title="bbox 310 4451 1913 4525; baseline 0 -17"><span class='ocrx_word' id='word_1_614' title='bbox 310 4461 538 4509; x_wconf 90' lang='lat' dir='ltr'><strong>tuorum</strong></span> <span class='ocrx_word' id='word_1_615' title='bbox 573 4471 586 4508; x_wconf 91' lang='lat'><strong>:</strong></span> <span class='ocrx_word' id='word_1_616' title='bbox 617 4452 853 4511; x_wconf 89' lang='lat' dir='ltr'><strong>ascende</strong></span> <span class='ocrx_word' id='word_1_617' title='bbox 878 4454 1019 4523; x_wconf 92' lang='lat' dir='ltr'><strong>cito,</strong></span> <span class='ocrx_word' id='word_1_618' title='bbox 1048 4462 1108 4509; x_wconf 93' lang='lat' dir='ltr'><strong>et</strong></span> <span class='ocrx_word' id='word_1_619' title='bbox 1130 4454 1302 4511; x_wconf 89' lang='lat' dir='ltr'><strong>libera</strong></span> <span class='ocrx_word' id='word_1_620' title='bbox 1334 4468 1466 4521; x_wconf 91' lang='lat' dir='ltr'><strong>nos,</strong></span> <span class='ocrx_word' id='word_1_621' title='bbox 1501 4451 1692 4525; x_wconf 91' lang='lat' dir='ltr'><strong>ferque</strong></span> <span class='ocrx_word' id='word_1_622' title='bbox 1727 4452 1913 4524; x_wconf 67' lang='lat' dir='ltr'><strong>praesi-</strong></span> 
     </span>
    </p>
   </div>
   <div class='ocr_carea' id='block_1_76' title="bbox 308 4547 1914 4617">
    <p class='ocr_par' dir='ltr' id='par_1_76' title="bbox 308 4547 1914 4617">
     <span class='ocr_line' id='line_1_76' title="bbox 308 4547 1914 4617; baseline -0.002 -13"><span class='ocrx_word' id='word_1_623' title='bbox 308 4548 467 4606; x_wconf 90' lang='lat' dir='ltr'><strong>dium</strong></span> <span class='ocrx_word' id='word_1_624' title='bbox 506 4566 520 4604; x_wconf 90' lang='lat'><strong>:</strong></span> <span class='ocrx_word' id='word_1_625' title='bbox 551 4556 928 4605; x_wconf 84' lang='lat' dir='ltr'><strong>convenerunt</strong></span> <span class='ocrx_word' id='word_1_626' title='bbox 949 4547 1093 4605; x_wconf 88' lang='lat' dir='ltr'><strong>enim</strong></span> <span class='ocrx_word' id='word_1_627' title='bbox 1115 4547 1402 4604; x_wconf 89' lang='lat' dir='ltr'><strong>adversum</strong></span> <span class='ocrx_word' id='word_1_628' title='bbox 1427 4562 1527 4604; x_wconf 93' lang='lat' dir='ltr'><strong>nos</strong></span> <span class='ocrx_word' id='word_1_629' title='bbox 1548 4561 1741 4603; x_wconf 91' lang='lat' dir='ltr'><strong>omnes</strong></span> <span class='ocrx_word' id='word_1_630' title='bbox 1758 4559 1914 4617; x_wconf 90' lang='lat' dir='ltr'><strong>reges</strong></span> 
     </span>
    </p>
   </div>
   <div class='ocr_carea' id='block_1_77' title="bbox 2011 3324 3615 3398">
    <p class='ocr_par' dir='ltr' id='par_1_77' title="bbox 2011 3324 3615 3398">
     <span class='ocr_line' id='line_1_77' title="bbox 2011 3324 3615 3398; baseline -0.001 -15"><span class='ocrx_word' id='word_1_631' title='bbox 2011 3328 2327 3398; x_wconf 73' lang='lat' dir='ltr'><strong>speluncm,</strong></span> <span class='ocrx_word' id='word_1_632' title='bbox 2379 3338 2429 3383; x_wconf 90' lang='lat' dir='ltr'><strong>et</strong></span> <span class='ocrx_word' id='word_1_633' title='bbox 2478 3330 2665 3398; x_wconf 89' lang='lat' dir='ltr'><strong>ponite</strong></span> <span class='ocrx_word' id='word_1_634' title='bbox 2704 3327 2853 3383; x_wconf 91' lang='lat' dir='ltr'><strong>viros</strong></span> <span class='ocrx_word' id='word_1_635' title='bbox 2886 3324 3187 3381; x_wconf 90' lang='lat' dir='ltr'><strong>industrios</strong></span> <span class='ocrx_word' id='word_1_636' title='bbox 3215 3366 3231 3393; x_wconf 89' lang='lat'><strong>,</strong></span> <span class='ocrx_word' id='word_1_637' title='bbox 3263 3326 3355 3393; x_wconf 89' lang='lat' dir='ltr'><strong>qui</strong></span> <span class='ocrx_word' id='word_1_638' title='bbox 3397 3325 3615 3381; x_wconf 87' lang='lat' dir='ltr'><strong>clausos</strong></span> 
     </span>
    </p>
   </div>
   <div class='ocr_carea' id='block_1_78' title="bbox 2008 3416 3612 3489">
    <p class='ocr_par' dir='ltr' id='par_1_78' title="bbox 2008 3416 3612 3489">
     <span class='ocr_line' id='line_1_78' title="bbox 2008 3416 3612 3489; baseline -0.003 -13"><span class='ocrx_word' id='word_1_639' title='bbox 2008 3421 2316 3476; x_wconf 88' lang='lat' dir='ltr'><strong>custodiant</strong></span> <span class='ocrx_word' id='word_1_640' title='bbox 2349 3436 2484 3475; x_wconf 84' lang='lat' dir='ltr'><strong>:vos</strong></span> <span class='ocrx_word' id='word_1_641' title='bbox 2511 3428 2692 3476; x_wconf 92' lang='lat' dir='ltr'><strong>autem</strong></span> <span class='ocrx_word' id='word_1_642' title='bbox 2717 3418 2888 3475; x_wconf 88' lang='lat' dir='ltr'><strong>nolite</strong></span> <span class='ocrx_word' id='word_1_643' title='bbox 2904 3427 3074 3488; x_wconf 92' lang='lat' dir='ltr'><strong>stare,</strong></span> <span class='ocrx_word' id='word_1_644' title='bbox 3099 3417 3195 3473; x_wconf 89' lang='lat' dir='ltr'><strong>sed</strong></span> <span class='ocrx_word' id='word_1_645' title='bbox 3220 3416 3612 3489; x_wconf 88' lang='lat' dir='ltr'><strong>persequimiui</strong></span> 
     </span>
    </p>
   </div>
   <div class='ocr_carea' id='block_1_79' title="bbox 2008 3511 3613 3586">
    <p class='ocr_par' dir='ltr' id='par_1_79' title="bbox 2008 3511 3613 3586">
     <span class='ocr_line' id='line_1_79' title="bbox 2008 3511 3613 3586; baseline -0.001 -17"><span class='ocrx_word' id='word_1_646' title='bbox 2008 3514 2221 3581; x_wconf 90' lang='lat' dir='ltr'><strong>hostes,</strong></span> <span class='ocrx_word' id='word_1_647' title='bbox 2259 3523 2313 3570; x_wconf 94' lang='lat' dir='ltr'><strong>et</strong></span> <span class='ocrx_word' id='word_1_648' title='bbox 2342 3525 2617 3571; x_wconf 84' lang='lat' dir='ltr'><strong>extremos</strong></span> <span class='ocrx_word' id='word_1_649' title='bbox 2646 3528 2890 3586; x_wconf 83' lang='lat' dir='ltr'><strong>quosque</strong></span> <span class='ocrx_word' id='word_1_650' title='bbox 2915 3511 3235 3584; x_wconf 78' lang='lat' dir='ltr'><strong>fugientium</strong></span> <span class='ocrx_word' id='word_1_651' title='bbox 3260 3511 3459 3567; x_wconf 65' lang='lat' dir='ltr'><strong>cmdite</strong></span> <span class='ocrx_word' id='word_1_652' title='bbox 3495 3528 3509 3566; x_wconf 91' lang='lat'><strong>:</strong></span> <span class='ocrx_word' id='word_1_653' title='bbox 3540 3525 3613 3567; x_wconf 89' lang='lat' dir='ltr'><strong>ne</strong></span> 
     </span>
    </p>
   </div>
   <div class='ocr_carea' id='block_1_80' title="bbox 2009 3606 3696 3677">
    <p class='ocr_par' dir='ltr' id='par_1_80' title="bbox 2009 3606 3696 3677">
     <span class='ocr_line' id='line_1_80' title="bbox 2009 3606 3696 3677; baseline -0.001 -14"><span class='ocrx_word' id='word_1_654' title='bbox 2009 3607 2299 3663; x_wconf 86' lang='lat' dir='ltr'><strong>dimittatis</strong></span> <span class='ocrx_word' id='word_1_655' title='bbox 2328 3624 2423 3664; x_wconf 90' lang='lat' dir='ltr'><strong>eos</strong></span> <span class='ocrx_word' id='word_1_656' title='bbox 2444 3609 2657 3665; x_wconf 91' lang='lat' dir='ltr'><strong>urbium</strong></span> <span class='ocrx_word' id='word_1_657' title='bbox 2685 3623 2910 3664; x_wconf 91' lang='lat' dir='ltr'><strong>suarum</strong></span> <span class='ocrx_word' id='word_1_658' title='bbox 2943 3608 3148 3663; x_wconf 88' lang='lat' dir='ltr'><strong>intrare</strong></span> <span class='ocrx_word' id='word_1_659' title='bbox 3173 3606 3448 3677; x_wconf 61' lang='lat' dir='ltr'><strong>praesidia,</strong></span> <span class='ocrx_word' id='word_1_660' title='bbox 3472 3620 3612 3676; x_wconf 92' lang='lat' dir='ltr'><strong>quos</strong></span> <span class='ocrx_word' id='word_1_661' title='bbox 3682 3609 3696 3623; x_wconf 88' lang='lat'><strong><em>’</em></strong></span> 
     </span>
    </p>
   </div>
   <div class='ocr_carea' id='block_1_81' title="bbox 2010 3698 3614 3770">
    <p class='ocr_par' dir='ltr' id='par_1_81' title="bbox 2010 3698 3614 3770">
     <span class='ocr_line' id='line_1_81' title="bbox 2010 3698 3614 3770; baseline -0.001 -13"><span class='ocrx_word' id='word_1_662' title='bbox 2010 3701 2231 3757; x_wconf 90' lang='lat' dir='ltr'><strong>tradidit</strong></span> <span class='ocrx_word' id='word_1_663' title='bbox 2252 3701 2513 3757; x_wconf 92' lang='lat' dir='ltr'><strong>Dominus</strong></span> <span class='ocrx_word' id='word_1_664' title='bbox 2538 3702 2680 3757; x_wconf 87' lang='lat' dir='ltr'><strong>Deus</strong></span> <span class='ocrx_word' id='word_1_665' title='bbox 2702 3701 2756 3756; x_wconf 91' lang='lat' dir='ltr'><strong>in</strong></span> <span class='ocrx_word' id='word_1_666' title='bbox 2780 3716 2976 3758; x_wconf 88' lang='lat' dir='ltr'><strong>manus</strong></span> <span class='ocrx_word' id='word_1_667' title='bbox 3000 3709 3230 3758; x_wconf 88' lang='lat' dir='ltr'><strong>vestras.</strong></span> <span class='ocrx_word' id='word_1_668' title='bbox 3255 3698 3425 3755; x_wconf 66' lang='lat' dir='ltr'><strong>Caesis</strong></span> <span class='ocrx_word' id='word_1_669' title='bbox 3449 3700 3614 3770; x_wconf 86' lang='lat' dir='ltr'><strong>igitur</strong></span> 
     </span>
    </p>
   </div>
   <div class='ocr_carea' id='block_1_82' title="bbox 2010 3794 3609 3867">
    <p class='ocr_par' dir='ltr' id='par_1_82' title="bbox 2010 3794 3609 3867">
     <span class='ocr_line' id='line_1_82' title="bbox 2010 3794 3609 3867; baseline 0.001 -18"><span class='ocrx_word' id='word_1_670' title='bbox 2010 3795 2342 3851; x_wconf 77' lang='lat' dir='ltr'><strong>adversariis</strong></span> <span class='ocrx_word' id='word_1_671' title='bbox 2366 3795 2522 3866; x_wconf 88' lang='lat' dir='ltr'><strong>plaga</strong></span> <span class='ocrx_word' id='word_1_672' title='bbox 2554 3810 2771 3867; x_wconf 88' lang='lat' dir='ltr'><strong>magna,</strong></span> <span class='ocrx_word' id='word_1_673' title='bbox 2796 3804 2850 3851; x_wconf 94' lang='lat' dir='ltr'><strong>et</strong></span> <span class='ocrx_word' id='word_1_674' title='bbox 2880 3810 3049 3867; x_wconf 92' lang='lat' dir='ltr'><strong>usque</strong></span> <span class='ocrx_word' id='word_1_675' title='bbox 3080 3794 3147 3850; x_wconf 92' lang='lat' dir='ltr'><strong>ad</strong></span> <span class='ocrx_word' id='word_1_676' title='bbox 3173 3794 3609 3851; x_wconf 91' lang='lat' dir='ltr'><strong>internecionem</strong></span> 
     </span>
    </p>
   </div>
   <div class='ocr_carea' id='block_1_83' title="bbox 2012 3885 3610 3958">
    <p class='ocr_par' dir='ltr' id='par_1_83' title="bbox 2012 3885 3610 3958">
     <span class='ocr_line' id='line_1_83' title="bbox 2012 3885 3610 3958; baseline -0.001 -14"><span class='ocrx_word' id='word_1_677' title='bbox 2012 3902 2152 3957; x_wconf 89' lang='lat' dir='ltr'><strong>pene</strong></span> <span class='ocrx_word' id='word_1_678' title='bbox 2181 3888 2522 3957; x_wconf 87' lang='lat' dir='ltr'><strong>consumptis</strong></span> <span class='ocrx_word' id='word_1_679' title='bbox 2542 3929 2557 3954; x_wconf 90' lang='lat'><strong>,</strong></span> <span class='ocrx_word' id='word_1_680' title='bbox 2588 3885 2641 3942; x_wconf 91' lang='lat' dir='ltr'><strong>bi</strong></span> <span class='ocrx_word' id='word_1_681' title='bbox 2678 3886 2772 3958; x_wconf 92' lang='lat' dir='ltr'><strong>qui</strong></span> <span class='ocrx_word' id='word_1_682' title='bbox 2803 3886 2971 3943; x_wconf 87' lang='lat' dir='ltr'><strong>Israel</strong></span> <span class='ocrx_word' id='word_1_683' title='bbox 3001 3886 3247 3957; x_wconf 86' lang='lat' dir='ltr'><strong>effugere</strong></span> <span class='ocrx_word' id='word_1_684' title='bbox 3274 3894 3610 3958; x_wconf 87' lang='lat' dir='ltr'><strong>potuerunt,</strong></span> 
     </span>
    </p>
   </div>
   <div class='ocr_carea' id='block_1_84' title="bbox 2014 3982 3620 4055">
    <p class='ocr_par' dir='ltr' id='par_1_84' title="bbox 2014 3982 3620 4055">
     <span class='ocr_line' id='line_1_84' title="bbox 2014 3982 3620 4055; baseline -0.002 -16"><span class='ocrx_word' id='word_1_685' title='bbox 2014 3982 2248 4055; x_wconf 90' lang='lat' dir='ltr'><strong>ingressi</strong></span> <span class='ocrx_word' id='word_1_686' title='bbox 2294 3992 2423 4039; x_wconf 92' lang='lat' dir='ltr'><strong>sunt</strong></span> <span class='ocrx_word' id='word_1_687' title='bbox 2474 3983 2726 4039; x_wconf 89' lang='lat' dir='ltr'><strong>civitates</strong></span> <span class='ocrx_word' id='word_1_688' title='bbox 2776 3983 3036 4039; x_wconf 85' lang='lat' dir='ltr'><strong>munitas.</strong></span> <span class='ocrx_word' id='word_1_689' title='bbox 3090 3983 3478 4054; x_wconf 79' lang='lat' dir='ltr'><strong>Reversusque</strong></span> <span class='ocrx_word' id='word_1_690' title='bbox 3536 3989 3620 4039; x_wconf 91' lang='lat' dir='ltr'><strong>est</strong></span> 
     </span>
    </p>
   </div>
   <div class='ocr_carea' id='block_1_85' title="bbox 2013 4076 3616 4145">
    <p class='ocr_par' dir='ltr' id='par_1_85' title="bbox 2013 4076 3616 4145">
     <span class='ocr_line' id='line_1_85' title="bbox 2013 4076 3616 4145; baseline -0.001 -10"><span class='ocrx_word' id='word_1_691' title='bbox 2013 4079 2192 4135; x_wconf 88' lang='lat' dir='ltr'><strong>omnis</strong></span> <span class='ocrx_word' id='word_1_692' title='bbox 2220 4077 2497 4134; x_wconf 84' lang='lat' dir='ltr'><strong>exercitus</strong></span> <span class='ocrx_word' id='word_1_693' title='bbox 2525 4077 2593 4133; x_wconf 93' lang='lat' dir='ltr'><strong>ad</strong></span> <span class='ocrx_word' id='word_1_694' title='bbox 2618 4076 2785 4135; x_wconf 91' lang='lat' dir='ltr'><strong>Iosue</strong></span> <span class='ocrx_word' id='word_1_695' title='bbox 2816 4079 2869 4134; x_wconf 91' lang='lat' dir='ltr'><strong>in</strong></span> <span class='ocrx_word' id='word_1_696' title='bbox 2897 4077 3138 4145; x_wconf 81' lang='lat' dir='ltr'><strong>Maceda,</strong></span> <span class='ocrx_word' id='word_1_697' title='bbox 3168 4078 3261 4134; x_wconf 92' lang='lat' dir='ltr'><strong>ubi</strong></span> <span class='ocrx_word' id='word_1_698' title='bbox 3294 4086 3421 4134; x_wconf 93' lang='lat' dir='ltr'><strong>tunc</strong></span> <span class='ocrx_word' id='word_1_699' title='bbox 3455 4086 3616 4134; x_wconf 89' lang='lat' dir='ltr'><strong>erant</strong></span> 
     </span>
    </p>
   </div>
   <div class='ocr_carea' id='block_1_86' title="bbox 2015 4171 3615 4244">
    <p class='ocr_par' dir='ltr' id='par_1_86' title="bbox 2015 4171 3615 4244">
     <span class='ocr_line' id='line_1_86' title="bbox 2015 4171 3615 4244; baseline -0.004 -13"><span class='ocrx_word' id='word_1_700' title='bbox 2015 4183 2192 4231; x_wconf 90' lang='lat' dir='ltr'><strong>castra</strong></span> <span class='ocrx_word' id='word_1_701' title='bbox 2218 4215 2235 4243; x_wconf 94' lang='lat'><strong>,</strong></span> <span class='ocrx_word' id='word_1_702' title='bbox 2278 4171 2397 4229; x_wconf 86' lang='lat' dir='ltr'><strong>sani</strong></span> <span class='ocrx_word' id='word_1_703' title='bbox 2442 4182 2498 4230; x_wconf 91' lang='lat' dir='ltr'><strong>et</strong></span> <span class='ocrx_word' id='word_1_704' title='bbox 2530 4172 2743 4243; x_wconf 84' lang='lat' dir='ltr'><strong>integro</strong></span> <span class='ocrx_word' id='word_1_705' title='bbox 2774 4188 3003 4231; x_wconf 91' lang='lat' dir='ltr'><strong>numero</strong></span> <span class='ocrx_word' id='word_1_706' title='bbox 3051 4172 3382 4244; x_wconf 88' lang='lat' dir='ltr'><strong>:nullusque</strong></span> <span class='ocrx_word' id='word_1_707' title='bbox 3420 4182 3615 4228; x_wconf 91' lang='lat' dir='ltr'><strong>contra</strong></span> 
     </span>
    </p>
   </div>
   <div class='ocr_carea' id='block_1_87' title="bbox 2016 4265 3614 4341">
    <p class='ocr_par' dir='ltr' id='par_1_87' title="bbox 2016 4265 3614 4341">
     <span class='ocr_line' id='line_1_87' title="bbox 2016 4265 3614 4341; baseline -0.001 -18"><span class='ocrx_word' id='word_1_708' title='bbox 2016 4268 2153 4324; x_wconf 89' lang='lat' dir='ltr'><strong>filios</strong></span> <span class='ocrx_word' id='word_1_709' title='bbox 2176 4266 2342 4323; x_wconf 88' lang='lat' dir='ltr'><strong>Israel</strong></span> <span class='ocrx_word' id='word_1_710' title='bbox 2362 4266 2561 4323; x_wconf 90' lang='lat' dir='ltr'><strong>mutirc</strong></span> <span class='ocrx_word' id='word_1_711' title='bbox 2583 4281 2748 4323; x_wconf 91' lang='lat' dir='ltr'><strong>ausus</strong></span> <span class='ocrx_word' id='word_1_712' title='bbox 2765 4276 2870 4324; x_wconf 92' lang='lat' dir='ltr'><strong>est.</strong></span> <span class='ocrx_word' id='word_1_713' title='bbox 2905 4267 2989 4341; x_wconf 84' lang='lat' dir='ltr'><strong>[C.</strong></span> <span class='ocrx_word' id='word_1_714' title='bbox 3010 4265 3218 4339; x_wconf 84' lang='lat' dir='ltr'><strong>XLlll.]</strong></span> <span class='ocrx_word' id='word_1_715' title='bbox 3241 4266 3614 4337; x_wconf 80' lang='lat' dir='ltr'><strong>Praccepitque</strong></span> 
     </span>
    </p>
   </div>
   <div class='ocr_carea' id='block_1_88' title="bbox 2014 4357 3619 4431">
    <p class='ocr_par' dir='ltr' id='par_1_88' title="bbox 2014 4357 3619 4431">
     <span class='ocr_line' id='line_1_88' title="bbox 2014 4357 3619 4431; baseline -0.001 -15"><span class='ocrx_word' id='word_1_716' title='bbox 2014 4359 2203 4427; x_wconf 89' lang='lat' dir='ltr'><strong>Iosue,</strong></span> <span class='ocrx_word' id='word_1_717' title='bbox 2234 4360 2425 4416; x_wconf 91' lang='lat' dir='ltr'><strong>dicens</strong></span> <span class='ocrx_word' id='word_1_718' title='bbox 2458 4377 2471 4415; x_wconf 90' lang='lat'>:</span> <span class='ocrx_word' id='word_1_719' title='bbox 2498 4361 2719 4431; x_wconf 82' lang='lat' dir='ltr'><strong>Aperite</strong></span> <span class='ocrx_word' id='word_1_720' title='bbox 2748 4376 2810 4417; x_wconf 93' lang='lat' dir='ltr'><strong>os</strong></span> <span class='ocrx_word' id='word_1_721' title='bbox 2836 4359 3133 4431; x_wconf 77' lang='lat' dir='ltr'><strong>speluncm,</strong></span> <span class='ocrx_word' id='word_1_722' title='bbox 3158 4371 3211 4416; x_wconf 91' lang='lat' dir='ltr'><strong>et</strong></span> <span class='ocrx_word' id='word_1_723' title='bbox 3241 4358 3523 4429; x_wconf 91' lang='lat' dir='ltr'><strong>producite</strong></span> <span class='ocrx_word' id='word_1_724' title='bbox 3550 4357 3619 4414; x_wconf 86' lang='lat' dir='ltr'><strong>ad</strong></span> 
     </span>
    </p>
   </div>
   <div class='ocr_carea' id='block_1_89' title="bbox 2016 4451 3620 4526">
    <p class='ocr_par' dir='ltr' id='par_1_89' title="bbox 2016 4451 3620 4526">
     <span class='ocr_line' id='line_1_89' title="bbox 2016 4451 3620 4526; baseline -0.001 -17"><span class='ocrx_word' id='word_1_725' title='bbox 2016 4469 2102 4509; x_wconf 91' lang='lat' dir='ltr'><strong>me</strong></span> <span class='ocrx_word' id='word_1_726' title='bbox 2126 4454 2365 4526; x_wconf 88' lang='lat' dir='ltr'><strong>quinque</strong></span> <span class='ocrx_word' id='word_1_727' title='bbox 2395 4469 2554 4526; x_wconf 85' lang='lat' dir='ltr'><strong>reges</strong></span> <span class='ocrx_word' id='word_1_728' title='bbox 2580 4499 2594 4523; x_wconf 94' lang='lat'><strong>,</strong></span> <span class='ocrx_word' id='word_1_729' title='bbox 2628 4452 2720 4525; x_wconf 90' lang='lat' dir='ltr'><strong>qui</strong></span> <span class='ocrx_word' id='word_1_730' title='bbox 2767 4453 2821 4509; x_wconf 93' lang='lat' dir='ltr'><strong>in</strong></span> <span class='ocrx_word' id='word_1_731' title='bbox 2850 4467 2915 4509; x_wconf 91' lang='lat' dir='ltr'><strong>ea</strong></span> <span class='ocrx_word' id='word_1_732' title='bbox 2956 4452 3196 4509; x_wconf 90' lang='lat' dir='ltr'><strong>latitant.</strong></span> <span class='ocrx_word' id='word_1_733' title='bbox 3240 4451 3620 4522; x_wconf 85' lang='lat' dir='ltr'><strong>Feceruntque</strong></span> 
     </span>
    </p>
   </div>
   <div class='ocr_carea' id='block_1_90' title="bbox 2018 4539 3618 4615">
    <p class='ocr_par' dir='ltr' id='par_1_90' title="bbox 2018 4539 3618 4615">
     <span class='ocr_line' id='line_1_90' title="bbox 2018 4539 3618 4615; baseline -0.004 -14"><span class='ocrx_word' id='word_1_734' title='bbox 2018 4545 2251 4601; x_wconf 90' lang='lat' dir='ltr'><strong>ministri</strong></span> <span class='ocrx_word' id='word_1_735' title='bbox 2279 4554 2338 4601; x_wconf 91' lang='lat' dir='ltr'><strong>ut</strong></span> <span class='ocrx_word' id='word_1_736' title='bbox 2365 4544 2471 4601; x_wconf 88' lang='lat' dir='ltr'><strong>sibi</strong></span> <span class='ocrx_word' id='word_1_737' title='bbox 2503 4544 2681 4601; x_wconf 89' lang='lat' dir='ltr'><strong>fuerat</strong></span> <span class='ocrx_word' id='word_1_738' title='bbox 2717 4544 3041 4615; x_wconf 90' lang='lat' dir='ltr'><strong>imperatum</strong></span> <span class='ocrx_word' id='word_1_739' title='bbox 3064 4585 3079 4610; x_wconf 94' lang='lat'><strong>,</strong></span> <span class='ocrx_word' id='word_1_740' title='bbox 3129 4550 3185 4598; x_wconf 92' lang='lat' dir='ltr'><strong>et</strong></span> <span class='ocrx_word' id='word_1_741' title='bbox 3212 4541 3520 4599; x_wconf 83' lang='lat' dir='ltr'><strong>eduxerunt</strong></span> <span class='ocrx_word' id='word_1_742' title='bbox 3548 4539 3618 4596; x_wconf 92' lang='lat' dir='ltr'><strong>ad</strong></span> 
     </span>
    </p>
   </div>
   <div class='ocr_carea' id='block_1_91' title="bbox 389 4678 3620 4766">
    <p class='ocr_par' dir='ltr' id='par_1_91' title="bbox 389 4678 3620 4766">
     <span class='ocr_line' id='line_1_91' title="bbox 389 4678 3620 4766; baseline -0.005 -18"><span class='ocrx_word' id='word_1_743' title='bbox 389 4700 417 4727; x_wconf 70' lang='grc' dir='ltr'><strong><em>λ</em></strong></span> <span class='ocrx_word' id='word_1_744' title='bbox 445 4690 754 4766; x_wconf 68' lang='lat' dir='ltr'><strong>Indeﬁnita</strong></span> <span class='ocrx_word' id='word_1_745' title='bbox 781 4693 943 4751; x_wconf 92' lang='lat' dir='ltr'><strong>nimis</strong></span> <span class='ocrx_word' id='word_1_746' title='bbox 980 4699 1205 4766; x_wconf 83' lang='lat' dir='ltr'><strong>apparet</strong></span> <span class='ocrx_word' id='word_1_747' title='bbox 1236 4688 1353 4744; x_wconf 73' lang='lat' dir='ltr'><strong>haec</strong></span> <span class='ocrx_word' id='word_1_748' title='bbox 1380 4691 1449 4747; x_wconf 92' lang='lat' dir='ltr'><strong>de</strong></span> <span class='ocrx_word' id='word_1_749' title='bbox 1480 4690 1611 4766; x_wconf 71' lang='lat' dir='ltr'><strong>libro</strong></span> <span class='ocrx_word' id='word_1_750' title='bbox 1630 4693 1916 4766; x_wconf 73' lang='lat' dir='ltr'><strong>justorum,</strong></span> <span class='ocrx_word' id='word_1_751' title='bbox 1944 4694 1998 4757; x_wconf 81' lang='grc' dir='ltr'><strong>ι)</strong></span> <span class='ocrx_word' id='word_1_752' title='bbox 2027 4684 2114 4757; x_wconf 76' lang='grc'><strong>10)</strong></span> <span class='ocrx_word' id='word_1_753' title='bbox 2151 4704 2162 4737; x_wconf 91' lang='lat'><strong>:</strong></span> <span class='ocrx_word' id='word_1_754' title='bbox 2193 4686 2261 4741; x_wconf 83' lang='lat' dir='ltr'><strong>Si</strong></span> <span class='ocrx_word' id='word_1_755' title='bbox 2286 4683 2630 4766; x_wconf 73' lang='lat' dir='ltr'><strong>B_alaapt.....</strong></span> <span class='ocrx_word' id='word_1_756' title='bbox 2664 4699 2853 4766; x_wconf 64' lang='lat' dir='ltr'><strong>canum</strong></span> <span class='ocrx_word' id='word_1_757' title='bbox 2900 4678 3154 4764; x_wconf 59' lang='lat' dir='ltr'><strong>papillam</strong></span> <span class='ocrx_word' id='word_1_758' title='bbox 3201 4687 3373 4766; x_wconf 66' lang='lat' dir='ltr'><strong>sonat,</strong></span> <span class='ocrx_word' id='word_1_759' title='bbox 3416 4678 3620 4766; x_wconf 65' lang='lat' dir='ltr'><strong>perspi-</strong></span> 
     </span>
    </p>
   </div>
   <div class='ocr_carea' id='block_1_92' title="bbox 310 4761 1918 4838">
    <p class='ocr_par' dir='ltr' id='par_1_92' title="bbox 310 4761 1918 4838">
     <span class='ocr_line' id='line_1_92' title="bbox 310 4761 1918 4838; baseline -0.003 -20"><span class='ocrx_word' id='word_1_760' title='bbox 310 4765 455 4838; x_wconf 76' lang='lat' dir='ltr'><strong>sive,</strong></span> <span class='ocrx_word' id='word_1_761' title='bbox 480 4761 1253 4838; x_wconf 57' lang='lat' dir='ltr'><strong>rectiintelligentia{nullum</strong></span> <span class='ocrx_word' id='word_1_762' title='bbox 1294 4775 1375 4838; x_wconf 80' lang='lat' dir='ltr'><strong>e_St</strong></span> <span class='ocrx_word' id='word_1_763' title='bbox 1406 4764 1552 4819; x_wconf 90' lang='lat' dir='ltr'><strong>enim</strong></span> <span class='ocrx_word' id='word_1_764' title='bbox 1578 4778 1609 4818; x_wconf 93' lang='lat' dir='ltr'><strong>e</strong></span> <span class='ocrx_word' id='word_1_765' title='bbox 1631 4761 1918 4838; x_wconf 80' lang='lat' dir='ltr'><strong>canonicis</strong></span> 
     </span>
    </p>
   </div>
   <div class='ocr_carea' id='block_1_93' title="bbox 312 4833 1922 4909">
    <p class='ocr_par' dir='ltr' id='par_1_93' title="bbox 312 4833 1922 4909">
     <span class='ocr_line' id='line_1_93' title="bbox 312 4833 1922 4909; baseline -0.003 -17"><span class='ocrx_word' id='word_1_766' title='bbox 312 4837 617 4909; x_wconf 87' lang='lat' dir='ltr'><strong>Scripturis</strong></span> <span class='ocrx_word' id='word_1_767' title='bbox 646 4833 929 4904; x_wconf 76' lang='lat' dir='ltr'><strong>volumen,</strong></span> <span class='ocrx_word' id='word_1_768' title='bbox 961 4838 1104 4909; x_wconf 91' lang='lat' dir='ltr'><strong>quod</strong></span> <span class='ocrx_word' id='word_1_769' title='bbox 1137 4851 1242 4891; x_wconf 92' lang='lat' dir='ltr'><strong>non</strong></span> <span class='ocrx_word' id='word_1_770' title='bbox 1291 4836 1379 4909; x_wconf 70' lang='lat' dir='ltr'><strong>sit,</strong></span> <span class='ocrx_word' id='word_1_771' title='bbox 1406 4849 1470 4890; x_wconf 93' lang='lat' dir='ltr'><strong>ac</strong></span> <span class='ocrx_word' id='word_1_772' title='bbox 1516 4843 1662 4890; x_wconf 88' lang='lat' dir='ltr'><strong>recte</strong></span> <span class='ocrx_word' id='word_1_773' title='bbox 1703 4833 1922 4909; x_wconf 69' lang='lat' dir='ltr'><strong>dicatur</strong></span> 
     </span>
    </p>
   </div>
   <div class='ocr_carea' id='block_1_94' title="bbox 310 4904 1919 4985">
    <p class='ocr_par' dir='ltr' id='par_1_94' title="bbox 310 4904 1919 4985">
     <span class='ocr_line' id='line_1_94' title="bbox 310 4904 1919 4985; baseline -0.003 -22"><span class='ocrx_word' id='word_1_774' title='bbox 310 4904 457 4985; x_wconf 71' lang='lat' dir='ltr'><strong>liber</strong></span> <span class='ocrx_word' id='word_1_775' title='bbox 474 4912 592 4966; x_wconf 88' lang='lat' dir='ltr'><strong>Dei.</strong></span> <span class='ocrx_word' id='word_1_776' title='bbox 624 4910 814 4985; x_wconf 74' lang='lat' dir='ltr'><strong>Melius</strong></span> <span class='ocrx_word' id='word_1_777' title='bbox 838 4904 1029 4985; x_wconf 82' lang='lat' dir='ltr'><strong>itaque</strong></span> <span class='ocrx_word' id='word_1_778' title='bbox 1059 4922 1286 4985; x_wconf 83' lang='lat' dir='ltr'><strong>sanctus</strong></span> <span class='ocrx_word' id='word_1_779' title='bbox 1310 4907 1675 4985; x_wconf 77' lang='lat' dir='ltr'><strong>Ilieronymus</strong></span> <span class='ocrx_word' id='word_1_780' title='bbox 1703 4904 1799 4985; x_wconf 59' lang='lat' dir='ltr'><strong>lib:</strong></span> <span class='ocrx_word' id='word_1_781' title='bbox 1844 4919 1919 4985; x_wconf 70' lang='lat' dir='ltr'><strong>X_I|</strong></span> 
     </span>
    </p>
   </div>
   <div class='ocr_carea' id='block_1_95' title="bbox 312 4976 1923 5051">
    <p class='ocr_par' dir='ltr' id='par_1_95' title="bbox 312 4976 1923 5051">
     <span class='ocr_line' id='line_1_95' title="bbox 312 4976 1923 5051; baseline -0.004 -16"><span class='ocrx_word' id='word_1_782' title='bbox 312 4982 626 5038; x_wconf 77' lang='lat' dir='ltr'><strong>Comment.</strong></span> <span class='ocrx_word' id='word_1_783' title='bbox 662 4982 715 5037; x_wconf 90' lang='lat' dir='ltr'><strong>in</strong></span> <span class='ocrx_word' id='word_1_784' title='bbox 748 4980 871 5036; x_wconf 83' lang='lat' dir='ltr'><strong>Isai.</strong></span> <span class='ocrx_word' id='word_1_785' title='bbox 906 4976 1027 5051; x_wconf 80' lang='lat' dir='ltr'><strong>cap.</strong></span> <span class='ocrx_word' id='word_1_786' title='bbox 1057 4996 1203 5045; x_wconf 87' lang='lat' dir='ltr'><strong>thv,</strong></span> <span class='ocrx_word' id='word_1_787' title='bbox 1236 4979 1325 5034; x_wconf 92' lang='lat' dir='ltr'><strong>ubi</strong></span> <span class='ocrx_word' id='word_1_788' title='bbox 1350 4976 1627 5051; x_wconf 83' lang='lat' dir='ltr'><strong>conceptis</strong></span> <span class='ocrx_word' id='word_1_789' title='bbox 1650 4976 1923 5051; x_wconf 74' lang='lat' dir='ltr'><strong>verbisli-</strong></span> 
     </span>
    </p>
   </div>
   <div class='ocr_carea' id='block_1_96' title="bbox 312 5046 1920 5125">
    <p class='ocr_par' dir='ltr' id='par_1_96' title="bbox 312 5046 1920 5125">
     <span class='ocr_line' id='line_1_96' title="bbox 312 5046 1920 5125; baseline -0.004 -18"><span class='ocrx_word' id='word_1_790' title='bbox 312 5052 478 5125; x_wconf 77' lang='lat' dir='ltr'><strong>brum</strong></span> <span class='ocrx_word' id='word_1_791' title='bbox 511 5055 811 5122; x_wconf 82' lang='lat' dir='ltr'><strong>Geneseos,</strong></span> <span class='ocrx_word' id='word_1_792' title='bbox 846 5046 1034 5125; x_wconf 51' lang='lat' dir='ltr'><strong>librum</strong></span> <span class='ocrx_word' id='word_1_793' title='bbox 1051 5054 1312 5125; x_wconf 73' lang='lat' dir='ltr'><strong>justorum</strong></span> <span class='ocrx_word' id='word_1_794' title='bbox 1353 5046 1611 5120; x_wconf 77' lang='lat' dir='ltr'><strong>appellari</strong></span> <span class='ocrx_word' id='word_1_795' title='bbox 1640 5046 1883 5125; x_wconf 81' lang='lat' dir='ltr'><strong>deﬁnivit</strong></span> <span class='ocrx_word' id='word_1_796' title='bbox 1900 5065 1920 5125; x_wconf 59' lang='grc' dir='ltr'>ς</span> 
     </span>
    </p>
   </div>
   <div class='ocr_carea' id='block_1_97' title="bbox 308 5118 1918 5209">
    <p class='ocr_par' dir='ltr' id='par_1_97' title="bbox 308 5118 1918 5209">
     <span class='ocr_line' id='line_1_97' title="bbox 308 5118 1918 5209; baseline 0 -30"><span class='ocrx_word' id='word_1_797' title='bbox 308 5123 440 5180; x_wconf 81' lang='lat' dir='ltr'><strong>Alio</strong></span> <span class='ocrx_word' id='word_1_798' title='bbox 471 5128 703 5195; x_wconf 78' lang='lat' dir='ltr'><strong>nomine,</strong></span> <span class='ocrx_word' id='word_1_799' title='bbox 736 5118 931 5197; x_wconf 86' lang='lat' dir='ltr'><strong>inquit,</strong></span> <span class='ocrx_word' id='word_1_800' title='bbox 958 5118 1211 5180; x_wconf 71' lang='lat' dir='ltr'><strong>Israetem</strong></span> <span class='ocrx_word' id='word_1_801' title='bbox 1250 5118 1648 5191; x_wconf 57' lang='grc' dir='ltr'><strong>υοεατίιευιιυη</strong></span> <span class='ocrx_word' id='word_1_802' title='bbox 1678 5118 1918 5209; x_wconf 60' lang='grc' dir='ltr'><strong>(ττηιυν)</strong></span> 
     </span>
    </p>
   </div>
   <div class='ocr_carea' id='block_1_98' title="bbox 308 5212 1921 5288">
    <p class='ocr_par' dir='ltr' id='par_1_98' title="bbox 308 5212 1921 5288">
     <span class='ocr_line' id='line_1_98' title="bbox 308 5212 1921 5288; baseline -0.004 -14"><span class='ocrx_word' id='word_1_803' title='bbox 308 5220 453 5274; x_wconf 87' lang='lat' dir='ltr'><strong>enim</strong></span> <span class='ocrx_word' id='word_1_804' title='bbox 495 5219 704 5274; x_wconf 76' lang='lat' dir='ltr'><strong>verbum</strong></span> <span class='ocrx_word' id='word_1_805' title='bbox 754 5218 1093 5288; x_wconf 87' lang='lat' dir='ltr'><strong>Hebraicum,</strong></span> <span class='ocrx_word' id='word_1_806' title='bbox 1132 5219 1302 5273; x_wconf 68' lang='lat' dir='ltr'><strong>caueri</strong></span> <span class='ocrx_word' id='word_1_807' title='bbox 1342 5217 1632 5280; x_wconf 73' lang='grc' dir='ltr'><strong>εὐθύτατον,</strong></span> <span class='ocrx_word' id='word_1_808' title='bbox 1668 5212 1803 5288; x_wconf 82' lang='lat' dir='ltr'><strong>sive,</strong></span> <span class='ocrx_word' id='word_1_809' title='bbox 1840 5216 1921 5269; x_wconf 81' lang='grc' dir='ltr'><strong>εὐ-</strong></span> 
     </span>
    </p>
   </div>
   <div class='ocr_carea' id='block_1_99' title="bbox 309 5286 1923 5361">
    <p class='ocr_par' dir='ltr' id='par_1_99' title="bbox 309 5286 1923 5361">
     <span class='ocr_line' id='line_1_99' title="bbox 309 5286 1923 5361; baseline -0.003 -16"><span class='ocrx_word' id='word_1_810' title='bbox 309 5294 427 5361; x_wconf 74' lang='grc' dir='ltr'><strong>θὺν,</strong></span> <span class='ocrx_word' id='word_1_811' title='bbox 474 5294 527 5345; x_wconf 86' lang='lat' dir='ltr'><strong>id</strong></span> <span class='ocrx_word' id='word_1_812' title='bbox 560 5302 656 5359; x_wconf 71' lang='lat' dir='ltr'><strong>est,</strong></span> <span class='ocrx_word' id='word_1_813' title='bbox 685 5294 1027 5348; x_wconf 75' lang='lat' dir='ltr'><strong>rectissimum</strong></span> <span class='ocrx_word' id='word_1_814' title='bbox 1069 5286 1115 5345; x_wconf 81' lang='lat' dir='ltr'><strong>et</strong></span> <span class='ocrx_word' id='word_1_815' title='bbox 1144 5301 1337 5345; x_wconf 86' lang='lat' dir='ltr'><strong>rectum</strong></span> <span class='ocrx_word' id='word_1_816' title='bbox 1382 5286 1705 5361; x_wconf 83' lang='lat' dir='ltr'><strong>interpretati</strong></span> <span class='ocrx_word' id='word_1_817' title='bbox 1736 5296 1923 5361; x_wconf 72' lang='lat' dir='ltr'><strong>_sunt_:</strong></span> 
     </span>
    </p>
   </div>
   <div class='ocr_carea' id='block_1_100' title="bbox 311 5355 1919 5433">
    <p class='ocr_par' dir='ltr' id='par_1_100' title="bbox 311 5355 1919 5433">
     <span class='ocr_line' id='line_1_100' title="bbox 311 5355 1919 5433; baseline -0.004 -16"><span class='ocrx_word' id='word_1_818' title='bbox 311 5355 1108 5432; x_wconf 60' lang='grc' dir='ltr'><strong>δοιὶιΧΧ,’(1ἰΙθειίεεὶηιυιη,</strong></span> <span class='ocrx_word' id='word_1_819' title='bbox 1143 5364 1418 5433; x_wconf 83' lang='lat' dir='ltr'><strong>jungentes</strong></span> <span class='ocrx_word' id='word_1_820' title='bbox 1470 5355 1534 5413; x_wconf 77' lang='lat' dir='ltr'><strong>de</strong></span> <span class='ocrx_word' id='word_1_821' title='bbox 1576 5376 1692 5433; x_wconf 75' lang='lat' dir='ltr'><strong>sup,</strong></span> <span class='ocrx_word' id='word_1_822' title='bbox 1725 5355 1919 5433; x_wconf 65' lang='lat' dir='ltr'><strong>Israel.</strong></span> 
     </span>
    </p>
   </div>
   <div class='ocr_carea' id='block_1_101' title="bbox 312 5426 1916 5509">
    <p class='ocr_par' dir='ltr' id='par_1_101' title="bbox 312 5426 1916 5509">
     <span class='ocr_line' id='line_1_101' title="bbox 312 5426 1916 5509; baseline -0.006 -19"><span class='ocrx_word' id='word_1_823' title='bbox 312 5435 547 5508; x_wconf 83' lang='lat' dir='ltr'><strong>Pr0prie</strong></span> <span class='ocrx_word' id='word_1_824' title='bbox 579 5426 727 5509; x_wconf 75' lang='lat' dir='ltr'><strong>enim_</strong></span> <span class='ocrx_word' id='word_1_825' title='bbox 736 5439 898 5509; x_wconf 76' lang='lat' dir='ltr'><strong>juxta</strong></span> <span class='ocrx_word' id='word_1_826' title='bbox 928 5426 1180 5509; x_wconf 61' lang='lat' dir='ltr'><strong>Hebragos</strong></span> <span class='ocrx_word' id='word_1_827' title='bbox 1220 5426 1268 5487; x_wconf 63' lang='lat' dir='ltr'><strong>ei</strong></span> <span class='ocrx_word' id='word_1_828' title='bbox 1307 5434 1596 5509; x_wconf 67' lang='lat' dir='ltr'><strong>litterarum</strong></span> <span class='ocrx_word' id='word_1_829' title='bbox 1617 5429 1799 5509; x_wconf 62' lang='lat' dir='ltr'><strong>(idem,</strong></span> <span class='ocrx_word' id='word_1_830' title='bbox 1832 5426 1916 5481; x_wconf 87' lang='lat' dir='ltr'><strong>Is-</strong></span> 
     </span>
    </p>
   </div>
   <div class='ocr_carea' id='block_1_102' title="bbox 315 5502 1921 5572">
    <p class='ocr_par' dir='ltr' id='par_1_102' title="bbox 315 5502 1921 5572">
     <span class='ocr_line' id='line_1_102' title="bbox 315 5502 1921 5572; baseline -0.005 -12"><span class='ocrx_word' id='word_1_831' title='bbox 315 5502 452 5572; x_wconf 66' lang='lat' dir='ltr'><strong>rael,</strong></span> <span class='ocrx_word' id='word_1_832' title='bbox 470 5519 664 5571; x_wconf 76' lang='lat' dir='ltr'><strong>rectus,</strong></span> <span class='ocrx_word' id='word_1_833' title='bbox 689 5502 788 5561; x_wconf 75' lang='lat' dir='ltr'><strong>Dei</strong></span> <span class='ocrx_word' id='word_1_834' title='bbox 814 5508 1001 5562; x_wconf 87' lang='lat' dir='ltr'><strong>dicitur</strong></span> <span class='ocrx_word' id='word_1_835' title='bbox 1025 5523 1043 5561; x_wconf 92' lang='lat'><em>:</em></span> <span class='ocrx_word' id='word_1_836' title='bbox 1082 5505 1172 5559; x_wconf 86' lang='lat' dir='ltr'><strong>Vir</strong></span> <span class='ocrx_word' id='word_1_837' title='bbox 1202 5512 1374 5558; x_wconf 88' lang='lat' dir='ltr'><strong>autem</strong></span> <span class='ocrx_word' id='word_1_838' title='bbox 1402 5502 1575 5556; x_wconf 82' lang='lat' dir='ltr'><strong>videns</strong></span> <span class='ocrx_word' id='word_1_839' title='bbox 1609 5502 1794 5572; x_wconf 84' lang='lat' dir='ltr'><strong>Deum,</strong></span> <span class='ocrx_word' id='word_1_840' title='bbox 1819 5515 1921 5572; x_wconf 86' lang='lat' dir='ltr'><strong>n_on</strong></span> 
     </span>
    </p>
   </div>
   <div class='ocr_carea' id='block_1_103' title="bbox 311 5567 1921 5645">
    <p class='ocr_par' dir='ltr' id='par_1_103' title="bbox 311 5567 1921 5645">
     <span class='ocr_line' id='line_1_103' title="bbox 311 5567 1921 5645; baseline -0.003 -16"><span class='ocrx_word' id='word_1_841' title='bbox 311 5579 371 5630; x_wconf 80' lang='lat' dir='ltr'><strong>in</strong></span> <span class='ocrx_word' id='word_1_842' title='bbox 407 5567 691 5645; x_wconf 72' lang='lat' dir='ltr'><strong>elementis,</strong></span> <span class='ocrx_word' id='word_1_843' title='bbox 716 5579 805 5633; x_wconf 82' lang='lat' dir='ltr'><strong>sed</strong></span> <span class='ocrx_word' id='word_1_844' title='bbox 833 5581 886 5633; x_wconf 87' lang='lat' dir='ltr'><strong>in</strong></span> <span class='ocrx_word' id='word_1_845' title='bbox 930 5594 1056 5633; x_wconf 83' lang='lat' dir='ltr'><strong>sono</strong></span> <span class='ocrx_word' id='word_1_846' title='bbox 1086 5578 1225 5630; x_wconf 80' lang='lat' dir='ltr'><strong>vocis</strong></span> <span class='ocrx_word' id='word_1_847' title='bbox 1266 5584 1361 5629; x_wconf 86' lang='lat' dir='ltr'><strong>est.</strong></span> <span class='ocrx_word' id='word_1_848' title='bbox 1394 5572 1544 5629; x_wconf 87' lang='lat' dir='ltr'><strong>Unde</strong></span> <span class='ocrx_word' id='word_1_849' title='bbox 1585 5580 1635 5627; x_wconf 91' lang='lat' dir='ltr'><strong>et</strong></span> <span class='ocrx_word' id='word_1_850' title='bbox 1657 5569 1793 5645; x_wconf 67' lang='lat' dir='ltr'><strong>fiber</strong></span> <span class='ocrx_word' id='word_1_851' title='bbox 1820 5567 1921 5624; x_wconf 85' lang='lat' dir='ltr'><strong>Ge-</strong></span> 
     </span>
    </p>
   </div>
   <div class='ocr_carea' id='block_1_104' title="bbox 310 5640 1919 5723">
    <p class='ocr_par' dir='ltr' id='par_1_104' title="bbox 310 5640 1919 5723">
     <span class='ocr_line' id='line_1_104' title="bbox 310 5640 1919 5723; baseline -0.006 -21"><span class='ocrx_word' id='word_1_852' title='bbox 310 5665 502 5723; x_wconf 67' lang='lat' dir='ltr'><strong>neseus</strong></span> <span class='ocrx_word' id='word_1_853' title='bbox 532 5640 854 5723; x_wconf 57' lang='lat' dir='ltr'><strong>appellatur,</strong></span> <span class='ocrx_word' id='word_1_854' title='bbox 882 5653 1082 5717; x_wconf 77' lang='grc' dir='ltr'><strong>εὖθέων,</strong></span> <span class='ocrx_word' id='word_1_855' title='bbox 1106 5648 1604 5723; x_wconf 61' lang='lat' dir='ltr'><strong>id__est,_justorugt,</strong></span> <span class='ocrx_word' id='word_1_856' title='bbox 1632 5640 1919 5723; x_wconf 70' lang='lat' dir='ltr'><strong>Abraham,</strong></span> 
     </span>
    </p>
   </div>
   <div class='ocr_carea' id='block_1_105' title="bbox 308 5713 1920 5795">
    <p class='ocr_par' dir='ltr' id='par_1_105' title="bbox 308 5713 1920 5795">
     <span class='ocr_line' id='line_1_105' title="bbox 308 5713 1920 5795; baseline -0.009 -15"><span class='ocrx_word' id='word_1_857' title='bbox 308 5719 497 5795; x_wconf 70' lang='lat' dir='ltr'><strong>I_saac.</strong></span> <span class='ocrx_word' id='word_1_858' title='bbox 526 5713 576 5777; x_wconf 74' lang='lat' dir='ltr'><strong>et</strong></span> <span class='ocrx_word' id='word_1_859' title='bbox 607 5713 811 5777; x_wconf 50' lang='lat' dir='ltr'><strong>&#39;Israel.</strong></span> <span class='ocrx_word' id='word_1_860' title='bbox 843 5713 1076 5795; x_wconf 42' lang='lat' dir='ltr'><strong>&#39;Eadem&#39;</strong></span> <span class='ocrx_word' id='word_1_861' title='bbox 1114 5718 1270 5795; x_wconf 56' lang='lat' dir='ltr'><strong>affert</strong></span> <span class='ocrx_word' id='word_1_862' title='bbox 1298 5713 1393 5795; x_wconf 76' lang='lat' dir='ltr'><strong>lib.</strong></span> <span class='ocrx_word' id='word_1_863' title='bbox 1425 5732 1480 5795; x_wconf 49' lang='lat' dir='ltr'><strong>vl</strong></span> <span class='ocrx_word' id='word_1_864' title='bbox 1524 5713 1831 5795; x_wconf 71' lang='lat' dir='ltr'><strong>Comment.</strong></span> <span class='ocrx_word' id='word_1_865' title='bbox 1851 5713 1920 5795; x_wconf 41' lang='lat' dir='ltr'><strong>.in</strong></span> 
     </span>
    </p>
   </div>
   <div class='ocr_carea' id='block_1_106' title="bbox 310 5784 1919 5866">
    <p class='ocr_par' dir='ltr' id='par_1_106' title="bbox 310 5784 1919 5866">
     <span class='ocr_line' id='line_1_106' title="bbox 310 5784 1919 5866; baseline -0.004 -20"><span class='ocrx_word' id='word_1_866' title='bbox 310 5792 546 5857; x_wconf 61' lang='lat' dir='ltr'><strong>Ezecln,</strong></span> <span class='ocrx_word' id='word_1_867' title='bbox 574 5810 697 5866; x_wconf 92' lang='lat' dir='ltr'><strong>cap.</strong></span> <span class='ocrx_word' id='word_1_868' title='bbox 719 5809 866 5861; x_wconf 87' lang='lat' dir='ltr'><strong>xvnt,</strong></span> <span class='ocrx_word' id='word_1_869' title='bbox 888 5794 1119 5866; x_wconf 86' lang='lat' dir='ltr'><strong>recitans</strong></span> <span class='ocrx_word' id='word_1_870' title='bbox 1138 5792 1225 5846; x_wconf 87' lang='lat' dir='ltr'><strong>illa</strong></span> <span class='ocrx_word' id='word_1_871' title='bbox 1250 5792 1414 5847; x_wconf 90' lang='lat' dir='ltr'><strong>verba</strong></span> <span class='ocrx_word' id='word_1_872' title='bbox 1444 5788 1696 5866; x_wconf 67' lang='lat' dir='ltr'><strong>Balaam:</strong></span> <span class='ocrx_word' id='word_1_873' title='bbox 1722 5784 1919 5839; x_wconf 77' lang='lat' dir='ltr'><strong>Moria-</strong></span> 
     </span>
    </p>
   </div>
   <div class='ocr_carea' id='block_1_107' title="bbox 311 5859 1917 5938">
    <p class='ocr_par' dir='ltr' id='par_1_107' title="bbox 311 5859 1917 5938">
     <span class='ocr_line' id='line_1_107' title="bbox 311 5859 1917 5938; baseline -0.006 -17"><span class='ocrx_word' id='word_1_874' title='bbox 311 5872 409 5921; x_wconf 86' lang='lat' dir='ltr'><strong>tur</strong></span> <span class='ocrx_word' id='word_1_875' title='bbox 436 5866 614 5920; x_wconf 82' lang='lat' dir='ltr'><strong>anima</strong></span> <span class='ocrx_word' id='word_1_876' title='bbox 642 5859 773 5921; x_wconf 60' lang='lat' dir='ltr'><strong>&#39;mea</strong></span> <span class='ocrx_word' id='word_1_877' title='bbox 812 5859 864 5920; x_wconf 77' lang='lat' dir='ltr'><strong>in</strong></span> <span class='ocrx_word' id='word_1_878' title='bbox 895 5864 1163 5920; x_wconf 79' lang='lat' dir='ltr'><strong>animabus</strong></span> <span class='ocrx_word' id='word_1_879' title='bbox 1185 5867 1452 5938; x_wconf 76' lang='lat' dir='ltr'><strong>justorum</strong></span> <span class='ocrx_word' id='word_1_880' title='bbox 1482 5859 1731 5931; x_wconf 87' lang='lat' dir='ltr'><strong>(Numer.</strong></span> <span class='ocrx_word' id='word_1_881' title='bbox 1764 5872 1917 5923; x_wconf 84' lang='lat' dir='ltr'><strong>xxm,</strong></span> 
     </span>
    </p>
   </div>
   <div class='ocr_carea' id='block_1_108' title="bbox 2024 4752 3623 4828">
    <p class='ocr_par' dir='ltr' id='par_1_108' title="bbox 2024 4752 3623 4828">
     <span class='ocr_line' id='line_1_108' title="bbox 2024 4752 3623 4828; baseline -0.004 -17"><span class='ocrx_word' id='word_1_882' title='bbox 2024 4752 2178 4811; x_wconf 78' lang='lat' dir='ltr'><strong>cuum</strong></span> <span class='ocrx_word' id='word_1_883' title='bbox 2201 4767 2297 4820; x_wconf 77' lang='lat' dir='ltr'><strong>est,</strong></span> <span class='ocrx_word' id='word_1_884' title='bbox 2324 4757 2517 4825; x_wconf 89' lang='lat' dir='ltr'><strong>inquit,</strong></span> <span class='ocrx_word' id='word_1_885' title='bbox 2551 4756 2689 4828; x_wconf 85' lang='lat' dir='ltr'><strong>quod</strong></span> <span class='ocrx_word' id='word_1_886' title='bbox 2725 4771 2889 4810; x_wconf 80' lang='lat' dir='ltr'><strong>vanus</strong></span> <span class='ocrx_word' id='word_1_887' title='bbox 2932 4754 3076 4821; x_wconf 83' lang='lat' dir='ltr'><strong>prius</strong></span> <span class='ocrx_word' id='word_1_888' title='bbox 3101 4752 3358 4828; x_wconf 72' lang='lat' dir='ltr'><strong>_gentium_</strong></span> <span class='ocrx_word' id='word_1_889' title='bbox 3396 4752 3623 4820; x_wconf 67' lang='lat' dir='ltr'><strong>poyulus</strong></span> 
     </span>
    </p>
   </div>
   <div class='ocr_carea' id='block_1_109' title="bbox 2026 4822 3615 4894">
    <p class='ocr_par' dir='ltr' id='par_1_109' title="bbox 2026 4822 3615 4894">
     <span class='ocr_line' id='line_1_109' title="bbox 2026 4822 3615 4894; baseline -0.004 -13"><span class='ocrx_word' id='word_1_890' title='bbox 2026 4829 2279 4883; x_wconf 83' lang='lat' dir='ltr'><strong>desideret</strong></span> <span class='ocrx_word' id='word_1_891' title='bbox 2304 4822 2490 4883; x_wconf 83' lang='lat' dir='ltr'><strong>habere</strong></span> <span class='ocrx_word' id='word_1_892' title='bbox 2518 4822 2834 4893; x_wconf 75' lang='lat' dir='ltr'><strong>consortium</strong></span> <span class='ocrx_word' id='word_1_893' title='bbox 2862 4841 2979 4879; x_wconf 85' lang='lat' dir='ltr'><strong>cum</strong></span> <span class='ocrx_word' id='word_1_894' title='bbox 3023 4822 3294 4877; x_wconf 78' lang='lat' dir='ltr'><strong>animabus</strong></span> <span class='ocrx_word' id='word_1_895' title='bbox 3329 4824 3615 4894; x_wconf 77' lang='lat' dir='ltr'><strong>justorum,</strong></span> 
     </span>
    </p>
   </div>
   <div class='ocr_carea' id='block_1_110' title="bbox 2024 4894 3620 4967">
    <p class='ocr_par' dir='ltr' id='par_1_110' title="bbox 2024 4894 3620 4967">
     <span class='ocr_line' id='line_1_110' title="bbox 2024 4894 3620 4967; baseline -0.004 -13"><span class='ocrx_word' id='word_1_896' title='bbox 2024 4900 2310 4965; x_wconf 85' lang='lat' dir='ltr'><strong>Abraham,</strong></span> <span class='ocrx_word' id='word_1_897' title='bbox 2334 4898 2511 4965; x_wconf 87' lang='lat' dir='ltr'><strong>Isaac,</strong></span> <span class='ocrx_word' id='word_1_898' title='bbox 2537 4908 2587 4955; x_wconf 88' lang='lat' dir='ltr'><strong>et</strong></span> <span class='ocrx_word' id='word_1_899' title='bbox 2608 4898 2796 4967; x_wconf 73' lang='lat' dir='ltr'><strong>Iacob,</strong></span> <span class='ocrx_word' id='word_1_900' title='bbox 2827 4897 2913 4966; x_wconf 84' lang='lat' dir='ltr'><strong>qui</strong></span> <span class='ocrx_word' id='word_1_901' title='bbox 2964 4898 3148 4961; x_wconf 79' lang='grc' dir='ltr'><strong>ιύθεῖς,</strong></span> <span class='ocrx_word' id='word_1_902' title='bbox 3185 4894 3239 4967; x_wconf 69' lang='lat' dir='ltr'><strong>id</strong></span> <span class='ocrx_word' id='word_1_903' title='bbox 3283 4905 3380 4957; x_wconf 79' lang='lat' dir='ltr'><strong>est,</strong></span> <span class='ocrx_word' id='word_1_904' title='bbox 3410 4898 3534 4947; x_wconf 83' lang='lat' dir='ltr'><strong>recti</strong></span> <span class='ocrx_word' id='word_1_905' title='bbox 3571 4903 3620 4947; x_wconf 86' lang='lat' dir='ltr'><strong>et</strong></span> 
     </span>
    </p>
   </div>
   <div class='ocr_carea' id='block_1_111' title="bbox 2016 4963 3617 5044">
    <p class='ocr_par' dir='ltr' id='par_1_111' title="bbox 2016 4963 3617 5044">
     <span class='ocr_line' id='line_1_111' title="bbox 2016 4963 3617 5044; baseline -0.004 -20"><span class='ocrx_word' id='word_1_906' title='bbox 2016 4974 2155 5044; x_wconf 85' lang='lat' dir='ltr'><strong>justi</strong></span> <span class='ocrx_word' id='word_1_907' title='bbox 2189 4963 2577 5042; x_wconf 78' lang='lat' dir='ltr'><strong>nuncupantur.</strong></span> <span class='ocrx_word' id='word_1_908' title='bbox 2615 4970 2765 5026; x_wconf 86' lang='lat' dir='ltr'><strong>Unde</strong></span> <span class='ocrx_word' id='word_1_909' title='bbox 2785 4963 2847 5044; x_wconf 36' lang='lat' dir='ltr'><strong>&#39;_e_i</strong></span> <span class='ocrx_word' id='word_1_910' title='bbox 2888 4967 3137 5044; x_wconf 67' lang='lat' dir='ltr'><strong>Genereos</strong></span> <span class='ocrx_word' id='word_1_911' title='bbox 3180 4963 3309 5019; x_wconf 87' lang='lat' dir='ltr'><strong>liber</strong></span> <span class='ocrx_word' id='word_1_912' title='bbox 3337 4980 3617 5044; x_wconf 37' lang='lat' dir='ltr'><strong>ancoram</strong></span> 
     </span>
    </p>
   </div>
   <div class='ocr_carea' id='block_1_112' title="bbox 2024 5035 3617 5119">
    <p class='ocr_par' dir='ltr' id='par_1_112' title="bbox 2024 5035 3617 5119">
     <span class='ocr_line' id='line_1_112' title="bbox 2024 5035 3617 5119; baseline -0.003 -23"><span class='ocrx_word' id='word_1_913' title='bbox 2024 5035 2274 5119; x_wconf 56' lang='lat' dir='ltr'><strong>uocabulo</strong></span> <span class='ocrx_word' id='word_1_914' title='bbox 2322 5035 2518 5119; x_wconf 68' lang='lat' dir='ltr'><strong>nomen</strong></span> <span class='ocrx_word' id='word_1_915' title='bbox 2546 5044 2761 5115; x_wconf 78' lang='lat' dir='ltr'><strong>accepit.</strong></span> <span class='ocrx_word' id='word_1_916' title='bbox 2800 5040 2925 5119; x_wconf 66' lang='lat' dir='ltr'><strong>liceo</strong></span> <span class='ocrx_word' id='word_1_917' title='bbox 2965 5055 2995 5094; x_wconf 92' lang='lat' dir='ltr'><strong>e</strong></span> <span class='ocrx_word' id='word_1_918' title='bbox 3041 5035 3459 5119; x_wconf 67' lang='lat' dir='ltr'><strong>Commentariis</strong></span> <span class='ocrx_word' id='word_1_919' title='bbox 3489 5036 3617 5091; x_wconf 82' lang='lat' dir='ltr'><strong>Ilie-</strong></span> 
     </span>
    </p>
   </div>
   <div class='ocr_carea' id='block_1_113' title="bbox 2027 5111 3618 5187">
    <p class='ocr_par' dir='ltr' id='par_1_113' title="bbox 2027 5111 3618 5187">
     <span class='ocr_line' id='line_1_113' title="bbox 2027 5111 3618 5187; baseline -0.005 -17"><span class='ocrx_word' id='word_1_920' title='bbox 2027 5118 2238 5187; x_wconf 90' lang='lat' dir='ltr'><strong>ronymi</strong></span> <span class='ocrx_word' id='word_1_921' title='bbox 2269 5111 2676 5187; x_wconf 63' lang='lat' dir='ltr'><strong>annotavimus,</strong></span> <span class='ocrx_word' id='word_1_922' title='bbox 2705 5123 2762 5168; x_wconf 88' lang='lat' dir='ltr'><strong>ttt</strong></span> <span class='ocrx_word' id='word_1_923' title='bbox 2791 5111 3011 5167; x_wconf 87' lang='lat' dir='ltr'><strong>videant</strong></span> <span class='ocrx_word' id='word_1_924' title='bbox 3038 5124 3184 5187; x_wconf 81' lang='lat' dir='ltr'><strong>nunc</strong></span> <span class='ocrx_word' id='word_1_925' title='bbox 3212 5111 3389 5164; x_wconf 91' lang='lat' dir='ltr'><strong>critici</strong></span> <span class='ocrx_word' id='word_1_926' title='bbox 3422 5122 3618 5163; x_wconf 86' lang='lat' dir='ltr'><strong>recen-</strong></span> 
     </span>
    </p>
   </div>
   <div class='ocr_carea' id='block_1_114' title="bbox 2025 5182 3620 5257">
    <p class='ocr_par' dir='ltr' id='par_1_114' title="bbox 2025 5182 3620 5257">
     <span class='ocr_line' id='line_1_114' title="bbox 2025 5182 3620 5257; baseline -0.004 -17"><span class='ocrx_word' id='word_1_927' title='bbox 2025 5182 2198 5242; x_wconf 78' lang='lat' dir='ltr'><strong>tiores</strong></span> <span class='ocrx_word' id='word_1_928' title='bbox 2218 5202 2378 5257; x_wconf 91' lang='lat' dir='ltr'><strong>quam</strong></span> <span class='ocrx_word' id='word_1_929' title='bbox 2426 5186 2585 5255; x_wconf 86' lang='lat' dir='ltr'><strong>longe</strong></span> <span class='ocrx_word' id='word_1_930' title='bbox 2631 5186 2743 5257; x_wconf 71' lang='lat' dir='ltr'><strong>sint</strong></span> <span class='ocrx_word' id='word_1_931' title='bbox 2764 5199 2792 5237; x_wconf 90' lang='lat' dir='ltr'><strong>a</strong></span> <span class='ocrx_word' id='word_1_932' title='bbox 2818 5182 3309 5257; x_wconf 31' lang='lat' dir='ltr'><strong>vero,_qui_Aputant</strong></span> <span class='ocrx_word' id='word_1_933' title='bbox 3338 5192 3620 5257; x_wconf 68' lang='lat' dir='ltr'><strong>commen-</strong></span> 
     </span>
    </p>
   </div>
   <div class='ocr_carea' id='block_1_115' title="bbox 2024 5249 3622 5321">
    <p class='ocr_par' dir='ltr' id='par_1_115' title="bbox 2024 5249 3622 5321">
     <span class='ocr_line' id='line_1_115' title="bbox 2024 5249 3622 5321; baseline -0.004 -8"><span class='ocrx_word' id='word_1_934' title='bbox 2024 5268 2135 5313; x_wconf 90' lang='lat' dir='ltr'><strong>tum</strong></span> <span class='ocrx_word' id='word_1_935' title='bbox 2194 5249 2315 5315; x_wconf 80' lang='lat' dir='ltr'><strong>esse</strong></span> <span class='ocrx_word' id='word_1_936' title='bbox 2370 5249 2654 5313; x_wconf 61' lang='lat' dir='ltr'><strong>aucto&#39;rum</strong></span> <span class='ocrx_word' id='word_1_937' title='bbox 2706 5249 3035 5321; x_wconf 70' lang='lat' dir='ltr'><strong>Gemaroth&#39;,</strong></span> <span class='ocrx_word' id='word_1_938' title='bbox 3084 5251 3281 5307; x_wconf 90' lang='lat' dir='ltr'><strong>librum</strong></span> <span class='ocrx_word' id='word_1_939' title='bbox 3336 5249 3622 5307; x_wconf 69' lang='lat' dir='ltr'><strong>Genesews</strong></span> 
     </span>
    </p>
   </div>
   <div class='ocr_carea' id='block_1_116' title="bbox 2024 5323 3617 5404">
    <p class='ocr_par' dir='ltr' id='par_1_116' title="bbox 2024 5323 3617 5404">
     <span class='ocr_line' id='line_1_116' title="bbox 2024 5323 3617 5404; baseline -0.006 -19"><span class='ocrx_word' id='word_1_940' title='bbox 2024 5330 2285 5404; x_wconf 81' lang='lat' dir='ltr'><strong>appellari</strong></span> <span class='ocrx_word' id='word_1_941' title='bbox 2320 5331 2519 5404; x_wconf 90' lang='lat' dir='ltr'><strong>librum</strong></span> <span class='ocrx_word' id='word_1_942' title='bbox 2538 5330 2831 5399; x_wconf 85' lang='lat' dir='ltr'><strong>justorum.</strong></span> <span class='ocrx_word' id='word_1_943' title='bbox 2857 5327 3018 5404; x_wconf 68' lang='lat' dir='ltr'><strong>Certe</strong></span> <span class='ocrx_word' id='word_1_944' title='bbox 3042 5323 3089 5379; x_wconf 89' lang='lat' dir='ltr'><strong>si</strong></span> <span class='ocrx_word' id='word_1_945' title='bbox 3099 5332 3482 5404; x_wconf 49' lang='lat' dir='ltr'><strong>commentum</strong></span> <span class='ocrx_word' id='word_1_946' title='bbox 3510 5331 3617 5388; x_wconf 86' lang='lat' dir='ltr'><strong>est,</strong></span> 
     </span>
    </p>
   </div>
   <div class='ocr_carea' id='block_1_117' title="bbox 2024 5392 3621 5471">
    <p class='ocr_par' dir='ltr' id='par_1_117' title="bbox 2024 5392 3621 5471">
     <span class='ocr_line' id='line_1_117' title="bbox 2024 5392 3621 5471; baseline -0.004 -17"><span class='ocrx_word' id='word_1_947' title='bbox 2024 5392 2300 5471; x_wconf 64' lang='lat' dir='ltr'><strong>antiquius</strong></span> <span class='ocrx_word' id='word_1_948' title='bbox 2343 5392 2748 5457; x_wconf 76' lang='lat' dir='ltr'><strong>demonstratur</strong></span> <span class='ocrx_word' id='word_1_949' title='bbox 2796 5397 3047 5471; x_wconf 84' lang='lat' dir='ltr'><strong>omnibus</strong></span> <span class='ocrx_word' id='word_1_950' title='bbox 3099 5392 3491 5471; x_wconf 79' lang='lat' dir='ltr'><strong>&#39;I‘halmudicis,</strong></span> <span class='ocrx_word' id='word_1_951' title='bbox 3518 5408 3621 5448; x_wconf 89' lang='lat' dir='ltr'><strong>nec</strong></span> 
     </span>
    </p>
   </div>
   <div class='ocr_carea' id='block_1_118' title="bbox 2024 5466 3620 5543">
    <p class='ocr_par' dir='ltr' id='par_1_118' title="bbox 2024 5466 3620 5543">
     <span class='ocr_line' id='line_1_118' title="bbox 2024 5466 3620 5543; baseline -0.004 -17"><span class='ocrx_word' id='word_1_952' title='bbox 2024 5466 2201 5527; x_wconf 84' lang='lat' dir='ltr'><strong>solum</strong></span> <span class='ocrx_word' id='word_1_953' title='bbox 2244 5474 2387 5543; x_wconf 93' lang='lat' dir='ltr'><strong>apud</strong></span> <span class='ocrx_word' id='word_1_954' title='bbox 2435 5472 2715 5543; x_wconf 65' lang='lat' dir='ltr'><strong>Hebraeos,</strong></span> <span class='ocrx_word' id='word_1_955' title='bbox 2745 5471 2839 5525; x_wconf 90' lang='lat' dir='ltr'><strong>sed</strong></span> <span class='ocrx_word' id='word_1_956' title='bbox 2892 5467 3032 5539; x_wconf 92' lang='lat' dir='ltr'><strong>apud</strong></span> <span class='ocrx_word' id='word_1_957' title='bbox 3062 5476 3277 5543; x_wconf 68' lang='lat' dir='ltr'><strong>veteres</strong></span> <span class='ocrx_word' id='word_1_958' title='bbox 3324 5466 3620 5543; x_wconf 74' lang='lat' dir='ltr'><strong>scriptores</strong></span> 
     </span>
    </p>
   </div>
   <div class='ocr_carea' id='block_1_119' title="bbox 2025 5518 3621 5619">
    <p class='ocr_par' dir='ltr' id='par_1_119' title="bbox 2025 5518 3621 5619">
     <span class='ocr_line' id='line_1_119' title="bbox 2025 5518 3621 5619; baseline -0.005 -21"><span class='ocrx_word' id='word_1_959' title='bbox 2025 5518 2205 5619; x_wconf 62' lang='grc' dir='ltr'><strong>ξῖίεῑιςῖ</strong></span> <span class='ocrx_word' id='word_1_960' title='bbox 2220 5518 2790 5619; x_wconf 48' lang='lat' dir='ltr'><strong>etiametiam</strong></span> <span class='ocrx_word' id='word_1_961' title='bbox 2818 5518 3130 5619; x_wconf 54' lang='lat' dir='ltr'><strong>acceptum,</strong></span> <span class='ocrx_word' id='word_1_962' title='bbox 3156 5538 3331 5619; x_wconf 42' lang='grc' dir='ltr'><strong>ιηυηε,</strong></span> <span class='ocrx_word' id='word_1_963' title='bbox 3347 5518 3525 5619; x_wconf 53' lang='grc' dir='ltr'><strong>δαέρα</strong></span> <span class='ocrx_word' id='word_1_964' title='bbox 3548 5536 3621 5590; x_wconf 71' lang='grc' dir='ltr'>αθ</span> 
     </span>
    </p>
   </div>
   <div class='ocr_carea' id='block_1_120' title="bbox 2024 5608 3617 5685">
    <p class='ocr_par' dir='ltr' id='par_1_120' title="bbox 2024 5608 3617 5685">
     <span class='ocr_line' id='line_1_120' title="bbox 2024 5608 3617 5685; baseline -0.004 -17"><span class='ocrx_word' id='word_1_965' title='bbox 2024 5615 2156 5669; x_wconf 86' lang='lat' dir='ltr'><strong>libro</strong></span> <span class='ocrx_word' id='word_1_966' title='bbox 2176 5616 2465 5685; x_wconf 81' lang='lat' dir='ltr'><strong>justorum,</strong></span> <span class='ocrx_word' id='word_1_967' title='bbox 2488 5630 2611 5670; x_wconf 91' lang='lat' dir='ltr'><strong>cum</strong></span> <span class='ocrx_word' id='word_1_968' title='bbox 2640 5614 2711 5671; x_wconf 90' lang='lat' dir='ltr'><strong>ad</strong></span> <span class='ocrx_word' id='word_1_969' title='bbox 2755 5608 3053 5671; x_wconf 85' lang='lat' dir='ltr'><strong>secundum</strong></span> <span class='ocrx_word' id='word_1_970' title='bbox 3097 5609 3367 5667; x_wconf 83' lang='lat' dir='ltr'><strong>Samuelis</strong></span> <span class='ocrx_word' id='word_1_971' title='bbox 3418 5608 3617 5662; x_wconf 89' lang='lat' dir='ltr'><strong>librum</strong></span> 
     </span>
    </p>
   </div>
   <div class='ocr_carea' id='block_1_121' title="bbox 2024 5686 2613 5743">
    <p class='ocr_par' dir='ltr' id='par_1_121' title="bbox 2024 5686 2613 5743">
     <span class='ocr_line' id='line_1_121' title="bbox 2024 5686 2613 5743; baseline -0.002 -1"><span class='ocrx_word' id='word_1_972' title='bbox 2024 5695 2246 5743; x_wconf 89' lang='lat' dir='ltr'><strong>ventum</strong></span> <span class='ocrx_word' id='word_1_973' title='bbox 2278 5687 2402 5743; x_wconf 90' lang='lat' dir='ltr'><strong>erit.</strong></span> <span class='ocrx_word' id='word_1_974' title='bbox 2434 5686 2613 5742; x_wconf 80' lang='lat' dir='ltr'><strong>MART.</strong></span> 
     </span>
    </p>
   </div>
   <div class='ocr_carea' id='block_1_122' title="bbox 2093 5768 3615 5851">
    <p class='ocr_par' dir='ltr' id='par_1_122' title="bbox 2093 5768 3615 5851">
     <span class='ocr_line' id='line_1_122' title="bbox 2093 5768 3615 5851; baseline -0.009 -15"><span class='ocrx_word' id='word_1_975' title='bbox 2093 5779 2307 5837; x_wconf 87' lang='lat' dir='ltr'><strong>—Vide</strong></span> <span class='ocrx_word' id='word_1_976' title='bbox 2333 5795 2456 5851; x_wconf 69' lang='lat' dir='ltr'><strong>qua:</strong></span> <span class='ocrx_word' id='word_1_977' title='bbox 2496 5779 2655 5835; x_wconf 92' lang='lat' dir='ltr'><strong>nobis</strong></span> <span class='ocrx_word' id='word_1_978' title='bbox 2688 5777 2744 5851; x_wconf 87' lang='lat' dir='ltr'><strong>in</strong></span> <span class='ocrx_word' id='word_1_979' title='bbox 2782 5773 3208 5834; x_wconf 89' lang='lat' dir='ltr'><strong>Commentariis</strong></span> <span class='ocrx_word' id='word_1_980' title='bbox 3230 5768 3463 5851; x_wconf 71' lang='lat' dir='ltr'><strong>in_Isaiae</strong></span> <span class='ocrx_word' id='word_1_981' title='bbox 3494 5783 3615 5841; x_wconf 89' lang='lat' dir='ltr'><strong>cap.</strong></span> 
     </span>
    </p>
   </div>
   <div class='ocr_carea' id='block_1_123' title="bbox 2022 5841 3617 5923">
    <p class='ocr_par' dir='ltr' id='par_1_123' title="bbox 2022 5841 3617 5923">
     <span class='ocr_line' id='line_1_123' title="bbox 2022 5841 3617 5923; baseline -0.007 -14"><span class='ocrx_word' id='word_1_982' title='bbox 2022 5868 2149 5909; x_wconf 69' lang='grc' dir='ltr'><strong>κων</strong></span> <span class='ocrx_word' id='word_1_983' title='bbox 2161 5861 2212 5910; x_wconf 91' lang='lat' dir='ltr'><strong>et</strong></span> <span class='ocrx_word' id='word_1_984' title='bbox 2228 5841 2529 5910; x_wconf 78' lang='lat' dir='ltr'><strong>Ezechielis</strong></span> <span class='ocrx_word' id='word_1_985' title='bbox 2551 5866 2682 5908; x_wconf 80' lang='lat' dir='ltr'><strong>xvnt</strong></span> <span class='ocrx_word' id='word_1_986' title='bbox 2697 5850 3045 5923; x_wconf 86' lang='lat' dir='ltr'><strong>bacsuperre</strong></span> <span class='ocrx_word' id='word_1_987' title='bbox 3065 5852 3198 5903; x_wconf 90' lang='lat' dir='ltr'><strong>sunt</strong></span> <span class='ocrx_word' id='word_1_988' title='bbox 3218 5841 3617 5901; x_wconf 88' lang='lat' dir='ltr'><strong>animadversa.</strong></span> 
     </span>
    </p>
   </div>
  </div>
