4098 6366
506 291 624 354 ίιπ

1508 290 1562 348 S.
1608 284 1993 348 HIERONYIII
2031 286 2268 350 DIVINA
2307 288 2787 355 BIBLIOTIIECA.

3702 299 3813 360 ιει

506 425 637 466 eum
666 408 906 480 quinque
948 419 1108 480 reges
1131 406 1202 465 de
1229 406 1486 479 spelunca
1508 448 1523 475 ,
1555 422 1739 479 regem
1770 407 2107 477 Jerusalem,
2140 415 2193 475 Α
2220 410 2366 467 Deus
2396 411 2562 467 Israel
2604 413 2877 485 pugnabat
2903 427 3001 484 pro
3024 426 3092 470 eo
3117 455 3132 480 ,
3183 422 3544 489 reversusque
3574 427 3659 476 est
3685 434 3808 478 cun

512 518 697 574 regem
747 503 995 570 Hebron,
1046 516 1233 573 regem
1274 498 1578 567 Iarimutb,
1638 514 1825 571 regem
1875 498 2106 567 Lacltis,

512 607 694 666 regem
734 593 931 666 Eglou.
974 591 1056 667 [(1.
1089 591 1299 664 χιιι]
1343 590 1588 663 Cumque
1613 592 1794 647 educti
1820 602 2004 648 essent
2041 591 2109 649 ad

510 703 661 756 eum,
690 688 909 745 vocavit
936 701 1128 745 omnes
1151 688 1301 743 viros
1322 683 1513 754 Israel,
1547 695 1601 741 et
1629 686 1707 741 ait
1738 685 1805 740 ad
1833 686 2109 757 principes

510 781 791 838 etereitus
841 781 933 853 qui
981 790 1168 836 secum
1215 789 1370 835 erant
1411 794 1426 832 :
1472 778 1556 835 Ite
1609 788 1665 834 et
1714 779 1900 850 ponite
1942 778 2110 849 pedes

498 890 678 947 super
703 874 848 930 colla
869 887 1055 944 regum
1081 872 1335 927 istorum.
1363 870 1610 941 Quicum
1634 872 2025 942 perrexissent,
2054 878 2112 927 et

510 970 882 1041 subjectorum
909 965 1141 1037 pedibus
1162 966 1305 1023 colla
1326 964 1646 1033 calcarent,
1677 978 1889 1021 rursum
1918 966 1995 1020 ait
2042 963 2110 1020 ad

512 1079 609 1120 eos
644 1081 658 1119 ι
705 1060 888 1118 Nolite
918 1060 1143 1124 timere,
1173 1070 1272 1115 nec
1299 1058 1541 1129 paveatis
1565 1098 1582 1125 ,
1620 1057 2007 1113 eonfortamini
2055 1069 2118 1114 et-

508 1164 689 1212 estote
716 1153 924 1210 robusti
955 1169 971 1208 ι
999 1153 1079 1207 sic
1101 1152 1247 1208 enim
1274 1151 1433 1207 faciet
1462 1149 1721 1206 Dominus
1745 1151 1957 1206 cunctis
1979 1150 2108 1205 hos-

507 1247 655 1304 tibus
679 1246 894 1309 vestris,
920 1245 1210 1302 adversum
1235 1258 1373 1315 quos
1397 1244 1693 1300 dimicatis.
1721 1243 2111 1315 Percussitque

510 1337 702 1407 Iosue,
735 1345 792 1394 et
815 1336 1093 1394 interfecit
1122 1350 1239 1407 eos,
1267 1346 1431 1407 atque
1449 1334 1735 1404 suspendit
1763 1348 1927 1406 super
1952 1335 2113 1406 quin-

507 1448 620 1506 que
657 1433 872 1504 stipites
914 1449 931 1490 :
961 1431 1294 1503 fueruntque
1318 1429 1572 1500 suspensi
1619 1429 1886 1505 usquead
1913 1442 2110 1499 vespe-

506 1543 652 1585 rum.
681 1527 930 1597 Cumque
970 1524 1324 1582 occumberet
1369 1522 1454 1580 sol
1481 1562 1495 1588 ,
1537 1520 1794 1592 praecepit
1824 1520 2021 1586 sociis,
2053 1530 2113 1574 ut

504 1621 849 1693 deponerent
876 1629 974 1675 eos
1001 1618 1071 1674 de
1101 1616 1381 1687 patibulis.
1414 1614 1521 1682 Qui
1551 1613 1832 1684 depusitos
1859 1610 2112 1682 projece-

507 1725 636 1773 runt
679 1715 734 1771 in
763 1712 1082 1794 speluncam
1106 1748 1122 1775 ,
1156 1710 1209 1763 in
1245 1723 1351 1779 qua
1385 1707 1686 1773 latuerant,
1713 1712 1773 1760 et
1808 1710 2114 1775 posuerunt

2212 508 2359 562 omni
2384 504 2550 564 Israel
2578 509 2644 563 ad
2669 510 2845 564 locum
2866 518 3168 565 castrorum
3201 512 3253 566 in
3279 510 3522 583 Galgaia.

2287 597 2380 670 [(3.
2415 597 2528 666 LII,
2562 600 2693 672 Cap.
2726 598 2856 672 XL]
2899 601 3032 669 Qum
3075 614 3198 656 cum
3227 603 3469 660 audisset
3516 603 3675 663 Iabin
3717 624 3811 665 rex

2212 691 2376 758 Aser,
2407 693 2555 748 misit
2580 692 2648 748 ad
2671 693 2845 750 Iobab
2874 706 3057 765 regem
3091 694 3305 765 Iliaden,
3337 704 3394 752 et
3418 696 3486 753 ad
3515 712 3693 771 regem
3715 700 3815 758 Se-

2214 801 2404 842 mernn
2424 829 2439 855 ,
2464 796 2628 859 atque
2652 784 2719 842 ad
2747 796 2930 860 regem
2958 787 3208 859 Aciisaph
3238 802 3249 842 :
3277 789 3347 844 ad
3398 804 3553 861 reges
3594 802 3813 865 quoque

2212 880 2500 951 Aquilonis
2519 922 2536 949 ,
2567 881 2656 952 qui
2685 879 3003 937 habitabant
3031 881 3086 937 in
3110 883 3389 939 montanis
3426 891 3482 940 et
3508 884 3563 941 in
3588 886 3815 958 planitie

2214 980 2403 1029 contra
2452 973 2732 1030 meridiem
2778 972 3103 1043 Cbineroth,
3133 976 3186 1029 in
3237 978 3632 1047 campestribus
3677 992 3813 1050 quo-

2214 1080 2320 1136 que
2348 1075 2405 1121 et
2440 1066 2492 1120 in
2523 1065 2842 1138 regionibus
2876 1067 2983 1122 Dor
3008 1068 3160 1137 juxta
3191 1076 3374 1135 mare;
3405 1066 3810 1129 Cltunanmum-

2213 1174 2321 1227 que
2350 1161 2419 1215 ab
2448 1160 2661 1216 oriente
2700 1169 2758 1216 et
2784 1159 3074 1218 occidente
3102 1200 3117 1227 ,
3155 1171 3209 1217 et
3239 1163 3618 1220 Amorritmum
3648 1175 3813 1237 atque

2215 1254 2525 1311 Hettltaanm
2555 1270 2617 1311 ac
2636 1255 2985 1325 Plterezmum
3008 1264 3065 1311 et
3091 1255 3405 1312 Iebusteum
3437 1256 3491 1312 in
3512 1257 3815 1314 montanis:

2216 1349 2441 1406 Evaenm
2468 1363 2685 1422 quoque
2714 1352 2803 1422 qui
2834 1348 3116 1407 habitabat
3142 1351 3211 1406 ad
3245 1350 3461 1408 radices
3490 1347 3729 1410 Harmon
3756 1354 3813 1410 in

2215 1454 2360 1503 terra
2394 1447 2626 1518 Misplia.
2682 1444 3010 1518 Egressique
3058 1454 3186 1502 sunt
3237 1458 3433 1503 omnes
3465 1458 3588 1504 cum
3623 1448 3816 1504 turmis

2215 1539 2352 1608 suis,
2386 1540 2619 1611 populus
2644 1540 2845 1595 multus
2892 1540 3054 1595 nimis
3084 1539 3226 1595 sicut
3251 1550 3417 1594 arena
3445 1584 3460 1611 ,
3491 1552 3616 1611 quae
3643 1546 3731 1597 est
3759 1541 3812 1596 in

2218 1631 2402 1688 littore
2434 1632 2622 1702 maris,
2653 1633 2779 1702 equi
2809 1644 3026 1703 quoque
3055 1638 3109 1687 et
3135 1642 3329 1687 currus
3362 1630 3643 1688 immensas
3672 1631 3816 1688 mul-

2219 1724 2488 1780 titudinis.
2515 1724 3017 1795 Conveneruntque
3044 1736 3235 1779 omnes
3256 1738 3413 1795 reges
3445 1723 3532 1780 isti
3561 1725 3617 1779 in
3646 1736 3815 1780 unum

506 1821 677 1880 ιυρθι·
703 1821 767 1863 08
804 1805 923 1876 811³⁸
963 1800 1359 1873 εωιεινίιιεειιιίί·
1385 1838 1400 1865 ν
1432 1812 1555 1870 (ΙυίΒ
1587 1806 1911 1868 P‘m“auem
1937 1809 2109 1866 “sque
2141 1813 2189 1874 B
2215 1819 2280 1872 d
2308 1832 2477 1889 aquas
2504 1816 2730 1884 Merom,
2767 1825 2825 1872 ut
2855 1825 3162 1888 pugnarent
3199 1826 3387 1872 contra
3415 1810 3605 1872 Israel.
3641 1810 3814 1872 Dixit-

507 1903 565 1959 in
611 1914 876 1973 prtesens.
902 1897 985 1971 [Ο.
1014 1893 1204 1967 XLV.]
1229 1892 1435 1955 Eodem
1465 1892 1555 1948 die
1581 1888 1858 1947 Macedam
1893 1903 2109 1960 quoque

504 1995 651 2066 cepit
676 1993 866 2057 Iosue,
891 1999 948 2047 et
978 1986 1245 2059 percussit
1276 1987 1331 2041 in
1358 2000 1457 2042 ore
1486 1984 1676 2056 gladii,
1715 1996 2014 2053 regemque
2042 1983 2111 2037 il-

507 2088 612 2145 lius
640 2085 912 2143 interfecit
935 2094 991 2140 et
1028 2095 1221 2139 omnes
1250 2080 1585 2136 habitatores
1613 2078 1732 2149 ejus
1762 2094 1778 2133 :
1810 2092 1917 2132 non
1945 2075 2106 2132 dimi-

506 2185 583 2241 sit
618 2184 677 2239 in
719 2196 783 2238 ea
804 2181 995 2236 saltem
1027 2192 1224 2250 parvas
1258 2174 1540 2245 reliquias.
1566 2171 1828 2242 Fecitque
1853 2170 1967 2241 regi
1996 2169 2111 2225 Ma-

506 2278 662 2346 ceda,
694 2277 837 2333 sicut
874 2274 1080 2331 fecerat
1128 2270 1245 2342 regi
1275 2269 1515 2326 Iericho.
1557 2266 1939 2336 Transivitque
1983 2279 2107 2319 cum

505 2371 654 2427 omni
688 2367 856 2424 Israel
883 2365 952 2423 de
980 2363 1198 2421 Maceda
1228 2364 1279 2417 in
1317 2361 1510 2427 Libna,
1535 2370 1591 2415 et
1621 2358 1898 2430 pugnabat
1918 2368 2109 2412 contra

505 2480 628 2521 eam
660 2481 675 2517 :
706 2478 869 2535 quam
896 2459 1120 2516 tradidit
1146 2458 1409 2513 Dominus
1430 2469 1554 2511 cum
1583 2466 1714 2523 rege
1739 2466 1837 2507 suo
1857 2451 1912 2506 in
1945 2466 2109 2506 manu

506 2556 680 2615 Israel
738 2572 752 2611 :
804 2561 1302 2627 percusseruntque
1345 2549 1535 2605 urbem
1570 2549 1623 2602 in
1666 2562 1764 2603 ore
1803 2546 1969 2618 gladii
1995 2586 2010 2612 ,
2055 2556 2111 2603 et

505 2665 702 2708 omnes
744 2648 1080 2705 habitatores
1112 2647 1256 2716 ejus.
1284 2642 1405 2699 Non
1433 2642 1762 2697 dimiserunt
1785 2640 1839 2695 in
1878 2654 1941 2695 ea
1972 2638 2111 2695 ullas

505 2745 795 2818 reliquias.
842 2740 1220 2812 Feceruntque
1250 2737 1366 2808 regi
1416 2736 1623 2803 Libna,
1675 2734 1819 2789 sicut
1867 2732 2112 2788 fecerant

506 2841 622 2912 regi
654 2838 896 2896 Iericho.
922 2834 1007 2907 [Ο.
1046 2831 1255 2904 XLVI.]
1277 2832 1354 2887 De
1375 2830 1547 2885 Libna
1570 2826 1821 2884 transivit
1838 2826 1890 2881 in
1915 2824 2110 2880 Lacltis

508 2948 634 2990 cum
680 2930 831 2989 Omni
861 2929 1027 2986 Israel
1060 2943 1076 2985 :
1107 2934 1163 2982 et
1207 2925 1452 2981 exercitu
1484 2936 1581 2991 per
1600 2935 1794 2993 gyrum
1842 2915 2110 2988 disposito

503 3024 857 3096 oppugnabat
896 3036 1039 3077 eam.
1090 3017 1447 3086 Tradiditque
1495 3014 1759 3069 Dominus
1812 3010 2010 3066 Lacltis
2052 3009 2109 3064 in

506 3129 672 3174 manu
701 3113 895 3181 Israel,
921 3121 979 3170 et
996 3111 1144 3181 cepit
1166 3125 1287 3165 eam
1317 3108 1406 3163 die
1426 3107 1622 3171 altero,
1645 3114 1811 3175 atque
1839 3101 2111 3174 percussit

2213 1926 2319 1981 que
2348 1910 2616 1966 Dominus
2644 1909 2713 1966 ad
2742 1910 2910 1966 Iosue
2938 1926 2952 1966 τ
2985 1909 3065 1966 Ne
3113 1909 3308 1966 timeas
3334 1920 3472 1966 eos:
3502 1924 3626 1967 cras
3667 1911 3811 1965 enim

2214 2004 2317 2061 hac
2339 2006 2530 2061 eadem
2559 2005 2692 2061 hora
2720 2019 2825 2076 ego
2848 2004 3054 2061 tradam
3076 2016 3267 2060 omnes
3289 2005 3425 2061 istos
3444 2001 3816 2060 vulnerandos

2214 2098 2307 2172 [h.
2356 2099 2703 2170 vulneratos]
2735 2101 2787 2154 in
2834 2107 3132 2165 conSpeCtu
3174 2096 3382 2153 Israel:
3413 2108 3586 2169 equos
3623 2108 3814 2153 eorum

2213 2191 2593 2259 subnervabis,
2625 2200 2681 2247 et
2703 2204 2896 2247 currus
2921 2191 3042 2262 igne
3063 2190 3371 2246 comburas.
3404 2189 3501 2261 [Ο.
3523 2184 3633 2245 LIII
3650 2189 3689 2261 .]
3708 2189 3814 2245 Vc-

2214 2286 2404 2356 nitqne
2434 2287 2620 2352 Iosue,
2651 2296 2705 2340 et
2733 2284 2911 2339 omnis
2937 2285 3209 2339 exercitus
3240 2298 3364 2338 cum
3408 2298 3474 2338 eo
3522 2282 3813 2338 adversum

2214 2377 2336 2433 illos
2365 2378 2433 2434 ad
2464 2393 2637 2448 aquas
2663 2377 2870 2434 Mcrom
2895 2376 3101 2447 subito,
3125 2386 3179 2432 et
3196 2374 3476 2433 irruerunt
3501 2390 3669 2448 super
3693 2390 3813 2443 eos,

2215 2471 2547 2542 tradiditque
2586 2471 2713 2527 illos
2742 2470 3006 2526 Dominus
3038 2471 3089 2524 in
3140 2482 3301 2524 manu
3334 2469 3521 2525 Israel.
3554 2468 3655 2539 Qui
3687 2482 3817 2541 per-

2214 2572 2504 2620 cusserunt
2532 2576 2660 2631 eos,
2688 2572 2745 2618 et
2775 2564 3048 2633 persecuti
3089 2573 3215 2618 sttnt
3246 2576 3421 2633 usque
3450 2561 3515 2615 ad
3547 2560 3811 2618 Sidonem

2215 2666 2491 2726 magnam,
2523 2665 2579 2711 et
2609 2668 2779 2723 aquas
2807 2653 3177 2723 Miserephotlt
3210 2652 3298 2725 [h.
3334 2652 3733 2724 Miserepltoth,
3759 2652 3813 2708 in

2214 2746 2470 2803 Latinum
2495 2786 2510 2813 ,
2541 2762 2711 2819 aquas
2738 2745 3000 2818 calidas],
3034 2761 3399 2817 campumque
3424 2745 3636 2815 Misphe
3657 2786 3672 2811 ,
3722 2748 3814 2818 qui

2212 2846 2299 2895 est
2320 2840 2387 2894 ad
2416 2839 2736 2896 orientalem
2763 2839 2910 2895 illius
2941 2847 3172 2908 partem.
3207 2839 3286 2895 Ita
3307 2838 3581 2909 percussit
3599 2852 3814 2904 omnes,

2215 2940 2271 2987 ut
2308 2932 2488 2987 nullas
2517 2931 2820 2989 dimitteret
2854 2948 2918 2987 ex
2950 2931 3032 2987 eis
3061 2931 3326 3004 reliquias
3356 2947 3373 2989 :
3406 2931 3645 3002 fecitque
3675 2932 3818 2987 sicut

2216 3035 2551 3095 praeceperat
2577 3025 2628 3081 ei
2655 3025 2938 3093 Dominus,
2973 3040 3145 3097 equos
3192 3041 3385 3082 eorunt
3416 3026 3774 3086 subnervavit
3797 3068 3812 3094 ,

2212 3132 2517 3187 currusque
2539 3120 2664 3190 igne
2688 3120 3008 3175 combussit.
3040 3120 3420 3192 Reversusqne
3451 3123 3636 3177 statim
3670 3123 3818 3193 cepit

504 3213 560 3268 in
589 3224 688 3267 ore
715 3208 907 3280 gladii,
932 3220 1266 3275 omnemque
1292 3204 1556 3266 animam,
1586 3216 1706 3272 qua:
1732 3199 1908 3254 fuerat
1937 3199 1988 3251 in
2021 3212 2105 3264 ea,

2215 3214 2381 3281 Asor,
2440 3222 2496 3270 et
2537 3228 2719 3283 regem
2769 3214 2887 3285 ejus
2927 3217 3199 3286 percussit
3240 3216 3443 3288 gladio.
3495 3220 3634 3272 Asor
3669 3218 3815 3273 enim

504 3306 652 3363 sicut
677 3304 881 3360 fecerat
912 3300 1107 3356 Libua.
1141 3297 1224 3371 [Β.
1254 3294 1491 3365 XLVII.]
1520 3294 1599 3349 Eo
1630 3302 1873 3361 tempore
1920 3305 2108 3345 ascen-

506 3398 590 3456 dit
618 3397 844 3462 IIoram,
874 3408 973 3449 rex
1004 3392 1203 3456 Gener,
1234 3398 1295 3444 ut
1323 3388 1677 3442 auxiliaretur
1701 3383 1918 3446 Lacinis,
1946 3395 2106 3450 quem

504 3490 778 3565 percussit
804 3487 973 3544 Iosue
1010 3500 1135 3540 cum
1166 3482 1317 3538 omni
1349 3478 1551 3551 popqu
1576 3478 1696 3547 ejus
1724 3490 1894 3544 usque
1930 3475 1998 3529 ad
2029 3474 2110 3565 iu-

507 3564 904 3641 teruecionent.
955 3578 1040 3652 [Β.
1094 3573 1352 3645 XLVIII.]
1383 3571 1767 3640 Transivilque
1806 3567 1874 3622 de
1911 3564 2109 3623 Lacbis

510 3677 565 3733 in
598 3674 773 3745 Eglon
801 3714 817 3739 ,
865 3681 922 3728 et
966 3665 1369 3732 circumdedit,
1411 3671 1575 3735 atque
1620 3660 1948 3731 crpugnavit
1987 3673 2107 3714 eam

503 3766 697 3824 eadem
716 3764 808 3821 die
832 3780 847 3818 :
875 3763 1252 3834 percussitque
1275 3759 1329 3814 in
1354 3772 1452 3813 ore
1472 3754 1635 3827 gladii
1659 3768 1850 3810 omnes
1872 3751 2107 3820 animas,

506 3876 628 3933 qua:
652 3867 811 3917 erant
854 3857 910 3914 in
943 3871 1041 3923 ea,
1068 3854 1221 3926 juxta
1255 3852 1439 3907 omnia
1469 3864 1592 3922 qua
1636 3847 1845 3903 fecerat
1891 3844 2105 3901 Lacltis.

508 3952 590 4028 [ε.
640 3948 858 4021 χιιι]
908 3948 1169 4005 Ascendit
1214 3959 1433 4017 quoque
1462 3959 1585 4000 cum
1634 3943 1782 3997 omni
1824 3940 1986 3996 Israel
2041 3939 2110 3995 de

512 4047 684 4120 Eglon
719 4047 774 4102 in
809 4044 1052 4110 Hebron,
1084 4050 1139 4098 et
1159 4039 1416 4112 pugnavit
1439 4046 1631 4094 contra
1661 4049 1804 4103 eam,
1834 4034 2109 4104 cepitque,

507 4153 563 4199 et
596 4139 863 4213 percussit
913 4138 968 4192 in
1011 4150 1108 4191 ore
1137 4133 1339 4206 gladii,
1370 4145 1553 4202 regem
1594 4143 1811 4201 quoque
1842 4127 1960 4199 ejus
1985 4166 2000 4194 ,
2056 4134 2112 4181 et

506 4233 691 4291 omnia
736 4228 934 4303 oppida
978 4227 1216 4300 regionis
1249 4226 1428 4293 illius,
1478 4224 1872 4293 universasque
1900 4220 2110 4276 animas

506 4343 630 4401 qute
654 4327 709 4383 in
739 4341 803 4382 ea
830 4325 1045 4381 fuerant
1082 4326 1434 4376 commorata:
1466 4332 1481 4373 :
1529 4332 1637 4371 non
1686 4313 1906 4385 reliquit
1951 4312 2006 4367 in
2046 4326 2110 4368 ea

510 4420 654 4479 ullas
679 4417 940 4488 reliquias
970 4431 985 4469 :
1012 4413 1155 4470 sicut
1194 4410 1402 4467 fecerat
1432 4408 1629 4479 Eglon,
1659 4406 1737 4461 sic
1767 4404 1897 4460 fecit
1921 4413 1975 4459 et
2008 4403 2113 4459 Ile-

511 4514 648 4570 bron
668 4550 684 4580 ,
712 4520 1062 4578 cunctaquze
1104 4504 1158 4561 in
1190 4518 1254 4559 ea
1279 4501 1509 4572 creperit
1547 4512 1880 4555 consumens
1903 4494 2104 4568 gladio.

2214 3306 2520 3376 antiquitus
2550 3306 2694 3363 inter
2721 3308 2904 3362 omnia
2935 3323 3101 3378 regns
3134 3308 3254 3364 haec
3277 3309 3638 3381 principatum
3670 3318 3818 3365 tene-

2212 3397 2321 3453 bat.
2356 3398 2742 3469 Percussitqne
2770 3415 2962 3455 omnes
2985 3400 3218 3467 animas,
3245 3416 3366 3469 qua:
3394 3399 3596 3455 ibidem
3630 3415 3816 3456 mora-

2208 3490 2409 3547 bantur
2440 3507 2453 3545 :
2487 3508 2592 3547 non
2625 3492 2830 3548 dimisit
2859 3494 2910 3547 in
2941 3510 3001 3548 ea
3031 3493 3170 3549 ullas
3201 3494 3483 3565 reliquias,
3511 3494 3607 3550 sed
3638 3509 3817 3565 usque

2211 3583 2279 3637 ad
2322 3584 2755 3640 internecionem
2799 3587 3055 3641 universa
3099 3586 3358 3653 vastavit,
3402 3585 3687 3658 ipsamque
3726 3600 3820 3641 ur-

2211 3676 2336 3732 bem
2378 3674 2505 3749 [h.]
2537 3678 2838 3733 combussit
2880 3679 3158 3735 incendio.
3188 3678 3281 3751 [(3.
3314 3678 3484 3751 LIV.]
3517 3678 3587 3734 Et
3624 3694 3816 3735 omnes

2212 3782 2310 3839 per
2339 3770 2629 3825 circuitum
2657 3771 2932 3835 civitates,
2965 3782 3232 3842 regesque
3248 3766 3439 3827 earum
3470 3771 3653 3841 cepit,
3687 3784 3819 3842 per-

2211 3864 2385 3918 cussit
2406 3870 2568 3932 atque
2590 3861 2817 3929 delevit,
2846 3863 2987 3918 sicut
3009 3872 3343 3933 praeceperat
3363 3864 3410 3918 ei
3431 3861 3610 3919 Moses
3636 3862 3815 3918 famu—

2214 3955 2298 4011 lus
2333 3954 2567 4010 Domini.
2598 3954 2821 4025 Absque
2851 3954 3101 4018 urbibus.
3135 3970 3257 4026 quae
3300 3962 3454 4009 crant
3487 3954 3541 4009 in
3572 3953 3815 4009 collibus

2212 4057 2269 4102 et
2297 4047 2349 4101 in
2382 4047 2605 4102 tumulis
2645 4046 2800 4115 Sila},
2832 4054 3061 4102 caeteras
3088 4045 3377 4102 succendit
3408 4045 3574 4102 Israel
3602 4062 3615 4099 :
3649 4061 3814 4103 unam

2215 4148 2426 4195 tantum
2501 4141 2643 4194 Asor
2711 4137 3133 4195 munitissimam
3198 4138 3417 4195 ﬂamma
3472 4141 3815 4214 consumpsit

2214 4232 2307 4305 [h.
2344 4232 2729 4288 Verumtamen
2762 4231 2926 4287 urbes
2965 4246 3086 4302 quas
3125 4239 3288 4288 erant
3335 4233 3388 4289 in
3435 4233 3663 4290 tumulis
3690 4235 3815 4291 sitae

2213 4342 2322 4383 non
2354 4325 2638 4382 succendit
2665 4324 2857 4382 Israel.
2889 4324 3062 4382 Unam
3091 4334 3305 4382 tantum
3337 4329 3477 4383 Asor
3507 4328 3815 4383 munitissi-

2215 4434 2359 4475 mam
2401 4417 2570 4475 Iosue
2614 4418 2829 4474 ﬂamma
2859 4417 3256 4491 consumpsit].
3286 4419 3630 4491 Omnemque
3667 4436 3811 4491 prat-

2215 4512 2340 4567 dam
2374 4514 2603 4569 istarum
2629 4514 2847 4569 urbium
2874 4527 2941 4569 ac
2967 4513 3215 4585 iumenta
3245 4514 3552 4571 diviserunt
3577 4515 3683 4572 sibi
3714 4515 3810 4570 Iilii

509 4607 595 4683 [Ο.
646 4604 738 4679 L.]
767 4603 895 4659 lude
922 4612 1180 4657 reversus
1224 4597 1278 4652 in
1307 4595 1595 4661 Dabil‘am.
1626 4594 1769 4662 cei)“
1795 4606 1916 4647 eam
1943 4600 2108 4662 alque
2136 4595 2189 4657 Ι)
2213 4603 2376 4661 Israel
2400 4647 2414 4669 ,
2448 4605 2658 4661 cunctis
2705 4604 3018 4661 hominibus
3065 4604 3388 4662 interfectis.
3425 4607 3577 4663 Sicut
3606 4622 3815 4677 prace—

508 4702 748 4761 vastavit
778 4718 791 4756 :
830 4708 1013 4769 regem
1046 4704 1267 4766 quoque
1298 4688 1420 4762 ejus
1439 4732 1454 4757 ,
1482 4696 1539 4745 et
1562 4686 1743 4744 omnia
1777 4698 1874 4757 per
1902 4684 2105 4741 circui-

510 4816 626 4863 tum
653 4803 856 4877 oppida
876 4843 893 4871 ,
928 4798 1202 4871 percussit
1232 4796 1286 4850 in
1316 4808 1413 4854 ore
1436 4792 1607 4865 gladii
1640 4808 1654 4845 :
1694 4805 1800 4846 non
1821 4787 2027 4845 dimisit
2052 4788 2104 4845 in

2208 4707 2364 4767 perat
2405 4692 2667 4753 Dominus
2709 4694 2843 4751 Mosi
2891 4708 3051 4752 servo
3081 4710 3201 4762 suo,
3231 4696 3299 4752 ita
3331 4696 3596 4769 praecepit
3633 4696 3813 4754 Moses

2208 4788 2403 4855 Iosue,
2432 4796 2489 4844 et
2518 4788 2607 4844 ille
2639 4787 2894 4845 universa
2927 4786 3227 4859 complevit
3254 4807 3266 4842 :
3303 4805 3410 4845 non
3442 4791 3711 4861 praeteriit
3742 4789 3812 4849 de

510 4922 575 4966 ea
605 4904 741 4964 ullas
764 4905 1027 4977 reliquias
1057 4916 1073 4959 :
1104 4903 1250 4958 sicut
1279 4898 1485 4955 fecerat
1512 4895 1733 4951 Hebron
1762 4901 1817 4949 et
1854 4893 2024 4950 Libna
2053 4899 2109 4949 et
2207 4884 2497 4977 universis
2510 4882 2897 4977 mandatiine
2931 4896 3104 4977 unum
3134 4881 3353 4950 quibem
3381 4883 3633 4977 verbum,
3662 4882 3809 4954 quod

513 5009 739 5082 regibus
762 5022 976 5072 earum,

511 5109 789 5172 Percussit
816 5109 1000 5180 itaque
1020 5105 1192 5163 Iosue
1220 5114 1436 5157 omnem
1472 5106 1676 5155 terram
1712 5102 2021 5151 montanam
2051 5101 2107 5148 et

510 5208 869 5273 meridianam
894 5218 1056 5281 atque
1077 5207 1463 5277 campestrem,
1494 5206 1548 5256 et
1574 5196 1831 5264 Asedotlt,
1859 5208 1983 5251 cum
2013 5206 2103 5251 re-

510 5315 672 5390 gibus
698 5314 816 5370 suis
864 5328 877 5364 :
911 5325 1017 5366 non
1054 5307 1259 5365 dimisit
1302 5307 1356 5361 in
1388 5299 1492 5377 [h.]
1522 5301 1603 5357 eis
1627 5299 1769 5357 ullas
1813 5297 2102 5370 reliquias,

506 5418 604 5477 sed
628 5426 793 5473 omne
822 5411 966 5486 quod
990 5409 1195 5482 spirare
1223 5414 1456 5477 putarat,
1477 5401 1770 5468 interfecit,
1795 5399 1937 5454 sicut
1960 5406 2101 5469 pra?-

508 5526 731 5591 ceperat
781 5516 832 5572 ei
882 5511 1142 5569 Dominus
1193 5509 1337 5565 Deus
1380 5502 1581 5573 Israel,
1640 5518 1670 5559 a
1719 5498 2101 5559 Gades-Rarus

511 5630 688 5695 usque
734 5608 804 5705 ad
853 5614 1059 5674 Gazam
1092 5610 1172 5685 [h.
1204 5608 1357 5682 Asti].
1392 5600 1624 5665 Omnem
1673 5613 1879 5662 terram
1919 5601 2103 5659 Goscn

510 5741 685 5800 usque
726 5722 952 5782 Gabaon
980 5761 995 5786 ,
1030 5717 1315 5774 universos
1336 5727 1494 5785 reges
1518 5714 1575 5768 et
1600 5709 1850 5783 regiones
1879 5720 2101 5775 eorum,

482 5843 617 5888 .tmo
643 5826 790 5899 cepit
838 5824 1082 5897 impetu,
1133 5829 1298 5890 atque
1344 5814 1607 5881 vastavit;
1654 5806 1914 5869 Dominus
1958 5809 2102 5867 enim

999 5003 1079 5060 δίο
1112 4992 1241 5059 fecit
1264 4994 1429 5055 Dabir
1456 5007 1511 5054 οι
1537 4995 1650 5067 τρεῖ
1679 4992 1848 5051 illius,
1880 4992 1963 5065 [α
1993 4990 2103 5063 LL]
2204 4975 2445 5048 jusserat
2471 4974 2735 5030 Dominus
2765 4970 2923 5030 Mosi.
2955 4973 3119 5067 Cepit
3149 4976 3334 5045 itaque
3375 4975 3546 5032 Iosue
3589 4988 3807 5067 omnem

2214 5074 2413 5124 terram
2443 5076 2776 5132 montanam,
2795 5078 2849 5123 et
2865 5064 3247 5136 meridianam,
3265 5077 3582 5140 terramque
3602 5062 3807 5138 Gosen,

2210 5169 2268 5219 et
2298 5159 2577 5231 planitiem
2602 5202 2617 5226 ,
2658 5169 2715 5216 et
2740 5158 3136 5217 occidentalem
3164 5161 3375 5231 plagam
3405 5202 3421 5228 ,
3455 5168 3811 5233 montemque

2211 5251 2403 5319 Israel,
2445 5258 2503 5307 et
2531 5253 2859 5323 campestria
2904 5251 3056 5322 ejus:
3084 5261 3141 5307 et
3192 5263 3401 5322 partem
3454 5255 3657 5308 montis
3686 5267 3811 5324 quis

2210 5343 2461 5401 ascendit
2514 5343 2637 5400 Seir
2690 5356 2864 5415 usque
2894 5342 2964 5400 ad
3020 5343 3337 5411 Baai-Gad,
3386 5356 3485 5415 per
3526 5342 3811 5416 planitiem

2210 5434 2401 5494 Libani
2428 5436 2616 5493 subter
2643 5444 2883 5493 montem
2911 5434 3148 5493 Hermon
3179 5454 3193 5492 :
3221 5448 3412 5494 omnes
3432 5448 3592 5510 reges
3618 5450 3811 5494 corum

2208 5532 2380 5603 cepit,
2413 5528 2680 5603 percussit
2708 5542 2763 5587 et
2790 5526 3015 5588 occidit.
3049 5528 3220 5587 Multo
3277 5541 3525 5604 tempore
3554 5534 3813 5606 pugnavit

2208 5623 2381 5681 Iosue
2408 5633 2599 5680 contra
2630 5638 2788 5696 reges
2821 5625 2975 5682 istos.
3019 5624 3139 5681 Non
3168 5623 3273 5681 fuit
3296 5627 3490 5682 civitas
3519 5642 3642 5698 qua
3685 5626 3809 5699 [h.]

2210 5730 2274 5774 se
2307 5714 2545 5774 traderet
2575 5715 2705 5773 ﬁliis
2735 5715 2928 5786 Israel,
2962 5726 3160 5788 preter
3190 5716 3437 5785 Evmunt,
3470 5720 3562 5789 qni
3595 5720 3812 5775 habita-

2206 5808 2305 5871 bat
2330 5808 2386 5868 iu
2409 5802 2637 5869 Gabaon
2666 5824 2682 5865 :
2714 5816 2907 5867 omnes
2936 5802 3193 5868 bellando
3219 5810 3385 5881 cepit.
3412 5808 3503 5883 [ϐ.
3536 5808 3673 5882 LV.]
3699 5806 3810 5867 Do-
