4098 6366
294 324 404 381 185

1716 318 1921 379 LIBER
1959 320 2188 379 tostis.

3487 328 3596 387 486

296 441 430 497 mini
464 440 931 496 enim'senlentia
962 440 1164 504 fuerat,
1213 449 1271 492 ut
1318 438 1701 494 indurareutur
1739 438 1903 494 corda
1932 448 1978 505 Α
2011 455 2165 494 naam
2215 439 2493 495 Cltarmeli
2561 455 2743 508 unus,
2800 458 2893 498 rex
2964 443 3112 510 Dor,
3182 452 3237 499 et
3304 445 3598 515 provincia!

297 549 520 600 eorum,
552 543 605 587 et
635 542 945 603 pugnarent
973 540 1159 586 contra
1190 530 1378 595 Israel,
1412 539 1468 586 et
1509 531 1803 595 caderent,
1849 540 1905 585 et

298 644 407 685 non
463 638 810 683 mererentur
864 627 1031 682 ullam
1086 625 1459 692 clementiam,
1510 639 1575 679 ac
1618 624 1902 695 perirent,

299 722 447 775 sicut
500 731 841 791 praeceperat
887 720 1150 775 Dominus
1199 719 1355 773 Mosi.
1389 718 1484 790 [T.
1518 716 1605 780 VI,
1634 716 1696 772 Ο.
1730 715 1905 788 LVI.]

306 814 367 870 ln
402 825 649 886 tempore
670 815 768 871 illo
794 816 939 870 venit
968 813 1155 882 Josue,
1186 822 1241 867 et
1272 811 1549 867 interiecit
1587 810 1809 865 Euacim
1838 810 1906 865 de

298 910 603 978 montanis,
634 909 703 965 de
740 908 937 981 [Vulg.
973 916 1107 961 tacet
1138 905 1237 978 de]
1271 906 1511 972 Ilebron,
1549 915 1603 960 et
1638 900 1828 971 Dehir',
1852 909 1907 958 et

304 1004 495 1072 Auab,
530 1015 585 1059 et
628 1003 697 1058 de
724 1002 872 1057 omni
908 1010 1091 1057 monte
1118 999 1256 1056 Iuda
1285 1006 1342 1053 et
1387 998 1584 1063 Israel,
1636 998 1907 1066 urbesque

299 1110 499 1153 eorum
532 1097 753 1153 delevit.
781 1095 900 1151 Non
932 1096 1153 1163 reliquit
1176 1093 1348 1148 ullum
1372 1092 1441 1147 de
1462 1092 1634 1161 stirpe
1658 1089 1904 1152 Enacim,

300 1192 359 1246 in
425 1200 572 1246 terra
641 1188 879 1245 ﬁliorum
932 1187 1104 1244 Israel
1156 1204 1167 1240 :
1214 1187 1423 1255 absque
1482 1188 1535 1239 in
1588 1182 1907 1238 civitatibus

306 1282 397 1353 lli.
454 1298 565 1336 non
615 1282 783 1337 habet
829 1282 879 1334 in
913 1276 1260 1348 civitatibus]
1298 1276 1476 1341 Gaza,
1535 1286 1587 1329 et
1628 1272 1800 1339 Getlt,
1853 1282 1908 1327 et

303 1379 506 1445 Azoto,
537 1378 587 1430 in
612 1376 812 1445 quibus
851 1372 987 1429 solis
1020 1372 1196 1427 relicti
1226 1382 1372 1427 sunt.
1405 1371 1560 1439 Cepit
1590 1383 1721 1438 ergo
1745 1366 1910 1423 Josue

312 1483 537 1524 omnem
568 1476 794 1529 terram,
815 1465 957 1520 sicut
981 1464 1199 1518 locutus
1219 1472 1305 1517 est
1330 1462 1591 1517 Dominus
1612 1461 1675 1515 ad
1701 1460 1909 1526 Mosen,

308 1569 371 1617 et
393 1560 619 1615 tradidit
652 1574 772 1615 eam
799 1557 854 1614 in
888 1560 1296 1628 possessionem
1332 1555 1458 1610 ﬁliis
1488 1554 1687 1620 Israel,
1719 1568 1914 1607 secun-

306 1656 443 1709 dum
494 1663 677 1725 partes
745 1663 800 1717 et
867 1651 1039 1706 tribus
1088 1663 1237 1705 suas.
1291 1649 1622 1718 Quievitque
1686 1656 1830 1701 terra
1881 1658 1911 1699 a

308 1748 546 1819 prtcliis.

2009 532 2107 604 [h.
2139 532 2206 587 de
2238 533 2579 604 provincia]
2609 534 2716 589 Dor
2762 550 2921 601 ttuus,
2976 551 3067 591 rex
3100 536 3356 591 Gentium
3413 535 3605 606 Calgal

2008 640 2169 688 unus,
2193 640 2286 679 rex
2309 624 2504 679 Thirsa
2527 640 2668 681 unus
2686 644 2701 682 :
2718 642 2912 683 omnes
2942 644 3098 699 reges
3123 628 3337 699 triginta
3362 641 3412 685 et
3440 643 3603 684 unus.

2082 716 2177 787 [T.
2211 715 2322 779 VII,
2355 716 2417 771 C.
2445 716 2585 782 LIX,
2624 716 2752 790 Cap.
2786 717 2962 791 XIII.]
3011 719 3178 776 Josue
3215 736 3380 777 senex
3407 762 3420 787 ,
3473 736 3603 791 pro-

2009 821 2287 880 vectmque
2323 808 2501 864 astatis
2544 820 2697 879 erat,
2749 822 2801 866 et
2842 812 2977 866 dixit
3011 812 3274 868 Dominus
3312 814 3377 865 ad
3431 826 3552 867 eum
3585 829 3600 869 :

2010 903 2247 960 Senuisti
2276 945 2291 972 ,
2322 914 2378 961 et
2420 906 2704 976 longaevus
2731 922 2813 973 es,
2850 917 3105 979 terraque
3134 909 3401 964 latissima
3443 908 3605 963 dere-

2010 997 2133 1053 iicta
2161 1007 2267 1063 est,
2300 1012 2419 1069 quae
2454 999 2679 1055 necdum
2708 1008 2788 1057 est
2816 1012 2963 1057 sorte
2987 1001 3161 1057 divisa
3191 1019 3203 1054 :
3239 1002 3420 1057 omnis
3451 1001 3605 1057 vide-

2009 1089 2139 1145 licet
2189 1090 2437 1158 Galilma,
2500 1092 2846 1160 Philisthim,
2903 1102 2961 1148 et
3010 1096 3261 1150 universa
3309 1094 3527 1150 Gesuri.
3562 1095 3606 1148 A

2009 1182 2174 1240 ﬂuvio
2206 1186 2443 1253 turbido,
2475 1185 2569 1259 qui
2601 1186 2794 1258 irrigat
2822 1187 3119 1259 {Egyptum
3142 1233 3155 1257 ,
3189 1202 3361 1259 usque
3391 1188 3457 1243 ad
3500 1196 3609 1242 ter-

2010 1280 2190 1334 minos
2218 1278 2466 1335 Accaron
2509 1290 2702 1336 contra
2734 1282 3047 1353 aquilonem
3081 1299 3093 1337 :
3128 1290 3275 1337 terra
3308 1280 3566 1337 Chanaan
3589 1325 3603 1351 ,

2010 1384 2130 1442 quae
2162 1370 2216 1426 in
2261 1373 2504 1443 quinque
2550 1373 2768 1444 regulos
2802 1373 3113 1428 Philistltim
3164 1373 3461 1434 dividitur.
3502 1373 3609 1430 Gas

2010 1480 2175 1531 zceos,
2208 1475 2265 1521 et
2296 1468 2545 1533 Azotins,
2603 1466 2970 1535 Ascalonitas,
3022 1466 3329 1535 Gettltteos,
3357 1475 3413 1521 et
3442 1465 3613 1521 Acca-

2013 1558 2240 1614 ronitas.
2291 1559 2373 1614 Ad
2419 1560 2705 1615 meridiem
2762 1576 2893 1616 vero
2941 1560 3185 1633 suntlh.
3235 1560 3317 1615 Ad
3358 1570 3604 1616 austrum

2014 1652 2174 1725 sunt]
2208 1651 2383 1719 Evasi,
2416 1656 2593 1708 omnis
2640 1661 2789 1709 terra
2817 1653 3116 1719 Chanaan,
3150 1663 3205 1709 et
3248 1654 3426 1708 Maara
3454 1653 3613 1710 Sido-

2017 1747 2268 1811 niorum,
2324 1761 2501 1816 usque
2560 1745 2777 1816 Apheca
2835 1756 2891 1801 et
2943 1749 3206 1802 terminos
3272 1745 3611 1811 AmOI'I‘IIﬂfI,

387 1841 548 1914 [ϐαρ.
573 1838 692 1895 XII.
716 1839 732 1912 ]
755 1840 816 1894 Ili
850 1849 977 1895 sunt
1009 1852 1198 1909 reges,
1232 1851 1368 1906 quos
1399 1841 1790 1905 percusserunt
1814 1831 1908 1887 lilii
1943 1839 1985 1899 Β
2016 1839 2241 1909 ejusque
2267 1840 2506 1893 confinia
2540 1837 2720 1910 |h...].
2752 1839 2947 1894 Liltaui
2995 1856 3211 1909 quoque
3244 1840 3393 1910 regio
3422 1852 3611 1894 contra

315 1937 578 2004 lsrael,et
604 1934 963 2005 possederunt
992 1941 1192 1988 terram
1216 1945 1406 1985 eorum
1435 1940 1587 1983 trans
1617 1925 1909 1981 Iordanem

315 2040 342 2068 ⁸
372 2030 441 2084 ad
480 2029 615 2084 solis
640 2040 843 2093 ortum,
886 2045 912 2081 a
965 2037 1210 2082 torrente
1242 2026 1430 2081 Arnon
1460 2040 1629 2093 usque
1659 2023 1724 2075 ad
1760 2036 1912 2075 tuon-

315 2134 425 2179 tcm
477 2124 750 2188 Hermon,
784 2131 837 2175 et
885 2136 1103 2176 omnem
1150 2120 1475 2175 orientalem
1509 2117 1760 2188 plagam,
1793 2129 1913 2185 quae

315 2219 539 2288 respicit
588 2216 963 2271 solitudinem.
1013 2215 1104 2286 |C.
1151 2211 1350 2283 LVIl.j
1398 2212 1543 2267 Seon
1592 2227 1683 2265 rex
1730 2209 1918 2264 Amor-

323 2311 730 2380 rltzeorum,qui
770 2305 1106 2362 ltabitavitin
1144 2306 1380 2369 Esebon,
1407 2304 1717 2358 dominatus
1747 2311 1826 2355 cst
1850 2300 1919 2353 ab

320 2404 517 2468 Aroer,
550 2419 669 2473 qua:
694 2404 800 2456 sita
824 2414 909 2456 est
939 2415 1103 2470 super
1132 2400 1305 2468 ripam
1338 2397 1599 2451 torrentis
1622 2395 1831 2457 Aruou,
1865 2402 1917 2446 et

318 2498 519 2553 media:
546 2498 712 2564 partis
740 2498 790 2549 in
824 2494 999 2560 valle,
1034 2493 1356 2562 dimidiique
1388 2488 1619 2556 Galnad,
1653 2502 1825 2557 usque
1850 2484 1917 2540 ad

319 2600 629 2645 torrentem
651 2588 841 2655 Jaboc,
866 2591 953 2658 qui
984 2595 1065 2641 est
1095 2587 1359 2641 terminus
1391 2582 1625 2636 ﬁliorum
1658 2583 1916 2633 Ammon.

234 2726 237 2729 -
318 2685 387 2740 Ει
420 2700 451 2739 a
500 2683 802 2739 solitudine
849 2696 1019 2751 usque
1060 2679 1125 2733 ad
1175 2694 1327 2732 mare
1369 2672 1682 2731 Clieoerotlt
1729 2681 1917 2726 contra

320 2779 616 2841 orientem,
640 2788 691 2831 et
720 2790 896 2845 usque
927 2772 995 2828 ad
1026 2786 1174 2826 mare
1201 2770 1429 2836 deserti,
1480 2765 1627 2839 quod
1659 2774 1745 2820 est
1772 2779 1923 2818 mare

318 2871 708 2935 salsissimum,
738 2868 805 2921 ad
833 2865 1155 2921 orientalem
1205 2866 1414 2933 plagam
1461 2877 1554 2931 per
1591 2859 1755 2923 viam,
1802 2872 1922 2925 quae

319 2964 469 3021 ducit
502 2959 925 3018 BetIt-Jisimoth
956 2976 969 3013 :
1004 2968 1057 3015 et
1082 2959 1149 3012 ab
1176 2955 1405 3011 australi
1436 2965 1609 3024 parte,
1654 2967 1773 3022 quae
1798 2948 1925 3003 sub-

317 3062 463 3133 jacet
489 3058 985 3128 Asedotb~Phisga.
1017 3057 1109 3128 [Β.
1141 3053 1282 3109 XIX.
1312 3052 1329 3123 ]
1359 3052 1652 3107 Terminus
1679 3050 1756 3117 0g
1782 3045 1925 3116 regis

322 3155 525 3217 Basan,
550 3152 617 3207 de
650 3150 897 3222 reliquiis
927 3147 1214 3219 Raphaim,
1248 3145 1340 3216 qui
1371 3144 1640 3199 habitavit
1668 3142 1719 3194 in
1767 3138 1925 3195 Asta-

2016 1932 2283 1987 orientem
2318 1931 2505 2004 lIl...],
2541 1948 2567 1987 a
2620 1934 2748 1988 Baal
2801 1934 2916 1989 (ind
2964 1935 3064 1987 sub
3114 1944 3299 1989 monte
3348 1932 3613 2002 Hermon,

2014 2028 2195 2083 donec
2226 2028 2550 2099 ingrediaris
2598 2027 2812 2083 Entath.
2860 2027 3115 2083 Omnium
3148 2027 3236 2097 qui
3271 2028 3514 2083 habitant
3566 2028 3616 2082 iu

2016 2131 2224 2191 monte,
2252 2138 2279 2174 a
2322 2120 2531 2175 Libano
2558 2135 2729 2187 usque
2762 2122 2828 2175 ad
2855 2135 3024 2191 aquas
3050 2120 3422 2190 Misercphotlt
3443 2159 3456 2183 ,
3494 2121 3616 2173 uui-

2014 2214 2267 2283 versiquc
2318 2213 2545 2269 Sidonii.
2597 2213 2690 2285 [Β.
2746 2212 2926 2286 XXI.]
2975 2213 3087 2283 Ego
3126 2224 3243 2267 sum
3287 2214 3376 2284 qui
3425 2212 3621 2269 delebo

2022 2306 2105 2377 [h.
2138 2306 2353 2376 ejiciam
2386 2306 2403 2380 ]
2438 2322 2535 2361 eos
2566 2322 2593 2359 a
2628 2305 2765 2361 facie
2791 2307 3025 2361 filiorum
3049 2306 3235 2361 Israel.
3270 2307 3465 2361 Veniat
3492 2321 3623 2377 ergo

2024 2399 2076 2452 iu
2132 2409 2338 2467 partem
2392 2398 2733 2455 hacreditatis
2779 2400 2979 2465 Israel,
3034 2401 3175 2455 sicut
3223 2402 3453 2471 praecepi
3507 2400 3622 2455 tibi.

2023 2489 2112 2561 [0.
2140 2490 2294 2563 LX.]
2348 2492 2416 2546 Et
2458 2500 2604 2548 nunc
2647 2493 2835 2549 divide
2878 2504 3078 2549 terram
3117 2496 3170 2548 in
3224 2496 3629 2563 possessionem

2020 2596 2216 2639 novem
2253 2583 2501 2639 tribubm
2526 2624 2541 2652 ,
2594 2596 2645 2639 et
2678 2586 2920 2640 dimidia:
2956 2587 3122 2641 tribui
3155 2588 3403 2642 Manasse
3429 2627 3444 2653 ,
3495 2603 3618 2642 cum

2023 2691 2125 2743 qua
2159 2675 2351 2731 Ruben
2379 2687 2437 2732 et
2468 2677 2583 2733 Gad
2615 2680 2977 2748 possederunt
3006 2689 3227 2743 terram,
3256 2695 3417 2750 quam
3452 2682 3621 2735 tradi—

2025 2771 2106 2826 dit
2136 2772 2214 2826 cis
2254 2772 2431 2827 Moses
2463 2773 2693 2827 famulus
2722 2772 2933 2827 Domini
2967 2783 3115 2828 trans
3143 2774 3343 2828 ﬂuenta
3368 2773 3625 2829 Jordauis

2026 2864 2094 2918 ad
2123 2864 2446 2920 orientalem
2493 2866 2726 2936 plagam.
2778 2864 2859 2921 Ab
2904 2867 3081 2921 Aroer
3108 2908 3123 2933 ,
3170 2883 3292 2935 quae
3325 2868 3424 2921 sita
3458 2879 3540 2923 est
3570 2869 3623 2923 in

2028 2958 2144 3028 ripa
2179 2958 2440 3014 torrentis
2455 2958 2667 3022 Arnen,
2696 2969 2747 3013 et
2772 2960 2822 3014 in
2847 2959 3005 3013 vallis
3033 2960 3239 3025 medio,
3265 2960 3628 3031 universaque

2026 3052 2358 3122 campestria
2394 3052 2641 3121 Medaba,
2676 3068 2851 3123 usque
2886 3054 3080 3121 Dibon,
3110 3064 3164 3109 et
3194 3062 3417 3109 cunctas
3436 3054 3629 3109 civita-

2028 3155 2111 3202 tes
2140 3147 2285 3203 Seou
2318 3147 2461 3217 regis
2496 3148 2804 3202 Amorrhzci
2826 3190 2840 3215 ,
2876 3149 2965 3216 qui
3000 3149 3243 3218 regnavit
3284 3149 3334 3202 in
3370 3148 3590 3203 Esebon
3616 3190 3630 3213 ,

322 3250 474 3316 roth,
528 3259 579 3304 et
612 3250 663 3302 in
700 3246 883 3308 Edrai,
910 3256 965 3299 et
1006 3244 1325 3299 dominatus
1356 3249 1441 3294 est
1482 3240 1534 3293 in
1570 3245 1751 3291 monte
1782 3235 1919 3288 Iler-
1950 3224 1995 3287 C
2028 3255 2204 3311 usque
2236 3240 2300 3295 ad
2336 3242 2604 3295 terminos
2648 3240 2884 3295 ﬁliorum
2919 3245 3183 3309 Ammon,
3218 3251 3274 3297 et
3303 3242 3537 3309 Galaad,
3571 3258 3633 3297 ac

323 3359 477 3406 mon,
511 3352 565 3396 et
595 3339 853 3403 Salacha,
880 3348 1039 3409 atque
1066 3338 1117 3390 in
1149 3336 1405 3390 universa
1432 3333 1629 3400 Basan,
1665 3344 1833 3400 usque
1855 3327 1922 3381 ad

329 3438 627 3492 terminum
656 3435 873 3499 Ge<uri,
908 3442 960 3486 ct
985 3431 1238 3494 Macltati,
1270 3436 1325 3482 et
1347 3425 1586 3481 dimidim
1616 3423 1785 3494 partis
1815 3422 1919 3477 Ga-

327 3530 451 3584 laad
485 3546 500 3587 ;
535 3529 827 3584 terminum
861 3526 1005 3581 Seou
1037 3523 1179 3592 regis
1210 3520 1450 3575 Esehon.
1488 3518 1665 3571 Moses
1696 3513 1926 3567 famulus

325 3623 568 3687 Domini,
604 3622 774 3677 etﬁlii
808 3620 975 3675 Israel
1006 3626 1389 3687 percusserunt
1438 3627 1563 3675 eos,
1599 3607 1928 3676 tradiditqne

328 3725 535 3773 terrain
565 3730 756 3771 eorum
791 3714 972 3768 Moses
1007 3713 1056 3765 in
1094 3709 1501 3780 possessionem
1536 3701 1843 3765 ltubenitis,
1875 3708 1931 3754 et

328 3806 581 3865 Gadditis
630 3814 683 3859 rt
736 3804 976 3858 dimidia:
1027 3802 1191 3856 tribui
1235 3800 1504 3854 Mauasse.
1544 3796 1645 3868 [Β.
1699 3792 1821 3859 XX,
1866 3791 1927 3847 Ο.

329 3897 551 3968 LVIIL]
581 3897 642 3950 lli
666 3905 789 3950 sunt
817 3911 971 3966 reges
1002 3905 1183 3958 terrai,
1209 3906 1344 3962 quos
1376 3888 1644 3959 percussit
1673 3885 1859 3953 Josue,
1880 3892 1933 3939 et

332 3992 437 4046 lilii
459 3991 648 4056 Israel,
681 4000 828 4045 trans
851 3988 1143 4044 Iordanem
1174 3987 1238 4041 ad
1265 3984 1661 4040 occidentalem
1698 3980 1930 4050 pingant,

332 4104 361 4140 a
398 4089 670 4144 BaaI-Gad
704 4092 753 4142 in
808 4102 1002 4157 campo
1052 4083 1268 4148 Libani,
1319 4094 1493 4148 usque
1539 4076 1605 4130 ad
1663 4081 1933 4139 montem,

333 4183 500 4252 cujus
536 4197 660 4253 pars
689 4179 941 4235 ascendit
971 4180 1025 4231 in
1055 4176 1174 4232 Seir
1206 4191 1219 4227 :
1253 4171 1581 4240 tradiditque
1622 4182 1740 4222 eam
1768 4163 1936 4219 Josue

334 4277 394 4332 in
454 4274 857 4347 possessionem
908 4270 1162 4325 tribubus
1214 4265 1422 4330 Israel,
1487 4260 1714 4331 singulis
1758 4265 1938 4327 partes

336 4384 503 4433 suas,
558 4378 663 4421 tam
713 4367 766 4419 in
804 4362 1076 4419 montanis
1103 4374 1267 4432 quam
1298 4358 1350 4411 in
1398 4355 1572 4425 planis
1599 4362 1760 4421 atque
1791 4364 1939 4405 cam-

336 4461 637 4533 pestribus.
686 4459 739 4514 lu
772 4454 1019 4513 Asedoth
1046 4496 1061 4521 ,
1112 4461 1170 4509 et
1214 4448 1513 4505 solitudine
1539 4489 1555 4515 ,
1596 4460 1661 4500 ac
1710 4440 1938 4498 meridie

337 4555 625 4613 Helthzcus
660 4554 758 4608 fuit
784 4561 838 4607 et
866 4544 1623 4613 Antorrhaeus,Chauautcus,
1656 4548 1712 4595 et
1742 4538 1937 4593 Pltere~

2028 3333 2322 3388 terminum
2373 3332 2565 3387 Gesuri
2612 3341 2668 3387 et
2694 3333 2971 3400 Macltati,
3026 3344 3080 3388 et
3123 3349 3342 3389 omnem
3393 3343 3633 3389 montem

2028 3425 2292 3490 Ilermon,
2324 3434 2377 3480 et
2406 3426 2723 3481 universam
2751 3428 2949 3489 Basan,
2985 3438 3159 3497 uSqtte
3189 3428 3444 3497 Saleclta,
3470 3442 3632 3487 omne

2030 3536 2257 3590 regnum
2285 3521 2363 3591 0g
2412 3521 2463 3575 in
2489 3521 2699 3589 Basan,
2733 3522 2823 3593 qui
2869 3522 3123 3589 regnavit
3165 3524 3215 3577 in
3247 3524 3549 3579 Astltamth
3580 3534 3637 3580 et

2033 3612 2221 3675 Edrai,
2257 3613 2375 3681 ipse
2408 3612 2506 3666 fuit
2531 3613 2599 3668 de
2636 3615 2882 3682 reliquiis
2910 3613 3177 3683 Rapltaim
3212 3632 3225 3667 :
3259 3618 3639 3688 percussitque

2033 3721 2129 3761 eos
2158 3705 2372 3772 Moses,
2420 3716 2583 3775 atque
2614 3706 2835 3762 delevit.
2869 3706 3296 3779 Nolueruntque'
3321 3709 3642 3777 disperdere

2036 3797 2131 3853 lilii
2183 3799 2347 3853 Israel
2393 3799 2587 3853 Gesuri
2634 3809 2687 3854 et
2732 3800 2994 3855 Maachati
3038 3810 3141 3856 :et
3172 3802 3564 3859 habitaverunt
3588 3805 3640 3860 in

2036 3893 2215 3948 medio
2246 3893 2411 3948 Israel
2454 3908 2624 3963 usque
2672 3896 2723 3948 in
2754 3904 3079 3965 praesentem
3111 3896 3282 3953 diem.
3316 3897 3505 3953 Tribui
3544 3911 3644 3953 au-

2039 3996 2146 4040 tem
2190 3984 2317 4040 Levi
2367 4002 2473 4041 non
2531 3986 2682 4041 dedit
2744 3989 3193 4057 possessionem;
3239 3991 3335 4046 sed
3381 3991 3643 4047 sacriﬁcia

2037 4088 2095 4135 et
2122 4078 2357 4134 victima:
2390 4078 2481 4151 [ὴ.
2515 4088 2570 4135 ει
2596 4080 2832 4136 victimae
2859 4126 2873 4149 ,
2932 4098 3038 4137 non
3068 4080 3263 4154 habet]
3298 4085 3506 4140 Domini
3551 4086 3643 4142 Dei

2038 4175 2230 4241 Israel,
2265 4177 2376 4245 ipsa
2411 4186 2494 4231 est
2520 4176 2637 4247 ejus
2672 4177 2987 4244 Itzercditas,
3013 4182 3154 4235 sicut
3180 4181 3395 4237 locutus
3424 4192 3509 4239 est
3539 4182 3638 4237 illi.

2042 4266 2132 4340 lC.
2165 4267 2340 4341 LXI.]
2400 4269 2557 4325 Dedit
2604 4286 2733 4342 ergo
2791 4271 2968 4327 Moses
3017 4274 3421 4341 possessionem
3479 4275 3641 4330 tribui

2041 4361 2275 4417 ﬁliorum
2304 4362 2504 4418 Ruben
2529 4362 2684 4433 juxta
2716 4364 3075 4434 cognationes
3107 4381 3255 4421 suas.
3277 4366 3512 4438 Fuitque
3542 4378 3648 4423 ter-

2041 4452 2220 4508 minus
2252 4470 2441 4508 eorum
2470 4454 2539 4509 ab
2564 4456 2739 4510 Aroer
2768 4472 2887 4525 qua:
2916 4458 3019 4511 sita
3049 4465 3135 4512 est
3163 4459 3215 4511 iu
3246 4457 3362 4529 ripa
3393 4460 3649 4515 torrentis

2042 4546 2252 4611 Aruou,
2290 4557 2345 4601 et
2388 4548 2439 4600 in
2494 4548 2634 4603 valle
2684 4548 2931 4617 ejusdem
2980 4552 3238 4605 torrentis
3270 4550 3446 4607 media
3478 4570 3491 4605 :
3523 4552 3643 4606 uni-

338 4665 510 4716 usus,
544 4649 737 4704 Evmus
778 4658 832 4701 et
870 4645 1170 4701 Jebusacus.
1225 4642 1339 4695 Itex
1377 4637 1595 4693 Jericlio
1626 4650 1763 4688 unus
1798 4650 1810 4686 :
1844 4646 1941 4687 rex
1968 4628 2023 4688 D
2051 4656 2263 4695 versam
2314 4641 2592 4711 planitiem
2622 4642 2711 4714 [h.
2747 4652 2803 4699 et
2853 4644 3041 4699 urbem
3090 4661 3212 4717 quae
3256 4655 3342 4701 est
3370 4647 3423 4701 in
3469 4648 3649 4701 medio

340 4743 437 4810 Ai,
465 4756 585 4813 qua:
615 4749 699 4795 est
729 4756 796 4795 ex
826 4739 996 4793 latere
1030 4734 1242 4801 Betltel,
1273 4747 1414 4788 unus
1450 4750 1460 4784 :
1500 4745 1591 4785 rex
1633 4726 1940 4783 Jerusalem

344 4851 489 4891 unus
512 4872 529 4902 ,
567 4849 663 4889 rex
698 4829 915 4887 Ilebrou
966 4842 1107 4883 unus
1137 4846 1149 4883 :
1188 4842 1283 4881 rex
1315 4820 1587 4881 Jarimuth
1619 4836 1795 4885 unus,
1850 4834 1945 4873 rex

341 4928 545 4986 Lachis
575 4943 737 4993 unus,
772 4941 865 4981 rex
900 4924 1069 4994 Eglon
1101 4938 1239 4977 unus
1259 4961 1273 4985 ,
1312 4935 1407 4974 rex
1437 4917 1608 4973 Gezer
1636 4930 1773 4969 unus
1802 4954 1814 4977 ,
1848 4927 1945 4968 rex

343 5024 513 5080 Dchir
544 5038 709 5088 unus,
736 5035 830 5077 rex
860 5018 1041 5074 Geder
1074 5031 1234 5081 unus,
1264 5028 1356 5068 rex
1398 5011 1594 5066 Hartna
1620 5023 1763 5063 unus
1786 5049 1802 5074 ,
1851 5021 1947 5061 rex

345 5118 530 5175 Harad
563 5132 704 5172 unus
730 5157 745 5181 ,
790 5130 884 5169 rex
930 5112 1100 5167 Libna
1134 5123 1311 5173 unus,
1365 5121 1458 5160 rex
1500 5102 1730 5159 Adulam
1774 5116 1943 5164 untts,

344 5229 450 5268 rex
477 5212 699 5267 Maceda
732 5225 891 5274 unus,
924 5223 1017 5261 rex
1051 5204 1185 5259 Beth
1227 5203 1286 5257 EI
1336 5216 1472 5254 unus
1500 5240 1515 5263 ,
1561 5214 1657 5254 rex
1684 5196 1943 5267 Tapphua

348 5324 524 5375 unus,
557 5324 652 5365 rex
684 5308 867 5379 Eplter
899 5322 1058 5373 unus,
1106 5319 1199 5358 rex
1227 5301 1411 5368 Aphec
1441 5315 1602 5364 unus,
1636 5314 1727 5352 rex
1755 5296 1945 5351 Lassa-

352 5420 461 5458 rou
496 5418 659 5463 unus,
693 5416 784 5455 rex
821 5399 1015 5454 Maden
1047 5411 1210 5462 unus,
1244 5410 1339 5449 rex
1368 5395 1506 5447 Asor
1541 5408 1698 5454 unus,
1744 5405 1836 5443 rex
1865 5387 1949 5443 Si-

351 5511 549 5550 merou
602 5492 787 5547 Maron
818 5508 978 5555 unus,
1013 5506 1106 5545 rex
1140 5488 1389 5557 Acbsaplt
1421 5502 1582 5550 unus,
1616 5500 1705 5537 rex
1732 5481 1952 5536 Tltauac

352 5601 522 5651 unus,
557 5601 649 5640 rex
677 5584 940 5655 Mageddo
971 5598 1130 5647 unus,
1155 5595 1249 5635 rex
1286 5572 1458 5633 Ccdcs
1480 5590 1643 5643 unus,
1676 5589 1767 5629 rex
1798 5574 1954 5629 Jaca-

435 5784 456 5805 ι·
495 5772 551 5823 Iu
577 5785 783 5823 cattouc
833 5768 1117 5837 lvgitttr,ga_
1153 5760 1278 5837 solis
1330 5770 1465 5813 ortu.
1503 5754 1555 5814 Id
1589 5774 1715 5837 vero
1745 5754 1961 5837 ﬂuxite

354 5822 951 5911 LXXIoterpretibus,
984 5822 1072 5907 qui
1106 5834 1356 5906 legebant
1382 5838 1541 5893 i'hm
1566 5822 1859 5885 mizzerach
1894 5826 1966 5882 si-

2050 4735 2293 4806 ejusdem
2347 4736 2646 4802 torrentis,
2694 4743 2750 4791 et
2800 4738 3105 4793 universam
3154 4738 3495 4812 planitiem],
3527 4755 3650 4810 quae

2053 4829 2203 4883 ducit
2261 4827 2521 4892 Medaba,
2580 4828 2828 4898 Esebon,
2877 4840 3217 4901 cunctosque
3264 4832 3474 4887 viculos
3532 4831 3653 4902 ejus

2054 4920 2247 4992 [γαίῃ.
2297 4918 2545 4993 earum],
2579 4922 2668 4989 qui
2717 4931 2843 4977 sunt
2888 4923 2940 4977 in
2992 4924 3394 4990 campeStribus
3429 4941 3440 4977 :
3476 4924 3651 4980 Dihon

2053 5030 2269 5085 quoque
2297 5055 2312 5081 ,
2358 5022 2413 5068 et
2444 5014 2839 5070 Bamoth-Banl
2860 5056 2874 5081 ,
2908 5025 2963 5071 et
2994 5016 3253 5085 oppidum
3294 5017 3421 5072 Baal
3450 5016 3605 5073 Maon
3631 5056 3649 5087 ,

2054 5108 2213 5176 Jasa,
2244 5118 2297 5163 et
2327 5105 2653 5176 Cedemoth,
2690 5117 2743 5162 et
2774 5108 3061 5178 Mepliaath
3087 5152 3100 5177 ,
3132 5118 3189 5164 et
3220 5109 3565 5176 Ciriatltaim,
3596 5120 3655 5167 et

2054 5199 2296 5265 Sibama,
2320 5200 2855 5256 etSeretlt-Assabar
2885 5201 2939 5255 in
2966 5210 3149 5255 monte
3175 5203 3459 5257 convallis.
3488 5203 3624 5258 Belli
3642 5233 3655 5243 -

2058 5294 2282 5349 Pltoltor
2296 5302 2349 5349 et
2368 5293 2861 5364 Asedoth-Pbisga,
2892 5302 2947 5348 et
2974 5294 3395 5351 BetIt-Jisimotlt
3417 5313 3432 5361 ;
3456 5310 3650 5352 omnes

2058 5388 2223 5443 urbes
2272 5399 2637 5456 campestres,
2691 5388 3060 5456 universaque
3102 5402 3266 5459 regna
3320 5388 3465 5445 Seon
3514 5389 3656 5459 regis

2062 5479 2393 5545 Amen-basi,
2420 5480 2510 5549 qui
2540 5478 2790 5548 regnavit
2840 5478 2892 5531 in
2926 5478 3167 5546 Esebou,
3201 5496 3360 5551 quem
3394 5479 3662 5550 percussit

2063 5572 2241 5629 Moses
2271 5587 2392 5627 cum
2425 5571 2761 5643 principibus
2790 5570 3003 5628 Madian
3036 5590 3049 5627 :
3086 5573 3205 5643 Evi,
3239 5585 3294 5630 et
3322 5573 3521 5629 Reccm
3550 5606 3564 5640 ,
3602 5582 3661 5627 ει

2072 5770 2141 5809 ηε
2163 5765 2201 5810 :‘t
2232 5753 2387 5823 locali
2418 5754 2469 5807 in
2505 5753 2632 5808 line.
2660 5753 2834 5811 Hodie
2856 5756 2909 5823 in
2940 5756 3165 5812 Hebraio
3193 5764 3273 5812 est
3292 5766 3509 5823 mam,
3534 5757 3662 5811 mis-

2072 5824 2293 5895 rehhah,
2322 5818 2372 5880 id
2405 5834 2508 5894 est,
2534 5825 2603 5879 ad
2630 5836 2817 5881 ortum.
2846 5820 3026 5884 Mur.
