3956 6338
413 316 519 376 ιδγ

1430 310 1488 370 S.
1530 307 1907 368 HIERONYMI
1946 305 2176 366 DIVINA
2217 306 2692 368 BIBLIOTHECA.

3618 309 3727 371 I88

425 431 533 488 Snr
560 471 574 496 ,
635 439 692 486 et
740 427 886 495 IIur,
945 433 998 484 et
1042 425 1225 495 Reba,
1255 424 1423 482 duces
1453 423 1649 500 [Vulg.
1682 435 1785 479 tae.
1817 425 2024 498 duces]
2058 431 2103 490 Α
2133 432 2246 495 tua,
2270 436 2323 481 et
2351 425 2585 481 ﬁliorum
2618 433 2836 481 tuorum
2861 424 2915 480 in
2947 430 3210 480 mternum
3241 423 3400 496 :quia
3422 435 3642 482 secutus
3664 443 3727 483 es

416 525 564 580 Seon
596 524 942 578 habitatores
975 531 1156 577 terrm.
1195 521 1260 576 Et
1289 521 1510 576 Balaam
1542 520 1711 575 ﬁlium
1745 520 1886 575 Beor
1918 523 2016 574 ha-

417 617 622 673 riolum
655 613 983 671 occiderunt
1010 614 1108 669 ﬁlii
1132 613 1299 669 Israel
1329 611 1513 683 gladio
1542 628 1663 667 cum
1696 612 1912 666 cancris
1940 610 2022 666 in-

419 709 691 769 terfectis.
741 709 1051 780 Factusque
1100 717 1186 764 est
1227 708 1496 762 terminus
1544 705 1783 761 ﬁliorum
1830 704 2019 760 Ruben

425 807 684 865 Iordanis
721 804 945 859 fluvius.
995 803 1122 857 Haec
1163 810 1248 857 est
1295 799 1573 872 possessio
1622 799 2020 854 Rubenitarum

421 917 520 974 per
604 898 958 969 cognationes
1037 909 1164 951 suas
1255 893 1469 950 urbium
1554 904 1612 949 et
1693 893 2020 950 viculorum.

423 993 516 1067 lC.
569 992 734 1048 LXII.
761 992 777 1062 1]
809 990 1076 1061 Deditque
1113 988 1289 1044 Moses
1321 987 1483 1042 tribui
1509 985 1624 1043 Gad
1653 995 1710 1043 et
1751 986 1876 1040 ﬁliis
1905 985 2023 1055 ejus

425 1103 522 1159 per
546 1085 904 1158 cognationes
931 1097 1058 1139 suas
1088 1080 1520 1153 possessionem,
1551 1080 1710 1150 cujus
1737 1079 1855 1135 haec
1885 1079 2023 1134 divi-

424 1181 509 1238 sio
534 1189 618 1236 est
642 1178 733 1252 [h.
765 1177 922 1248 cujus
945 1175 1051 1232 iste
1078 1186 1164 1232 est
1187 1172 1510 1245 terminus].
1527 1173 1818 1229 Terminus
1845 1170 2022 1235 Iaser,

428 1287 482 1332 et
525 1288 720 1331 omnes
769 1272 1020 1328 civitates
1069 1267 1318 1336 Galaad,
1362 1265 1752 1335 dimidiamque
1814 1275 2024 1334 partem

422 1377 588 1425 terra:
619 1366 852 1420 filiorum
894 1363 1164 1428 Ammon,
1196 1375 1369 1430 usque
1407 1357 1475 1414 ad
1518 1359 1728 1424 Aroer,
1776 1372 1894 1427 qua:
1943 1363 2026 1410 est

425 1470 616 1516 contra
645 1457 857 1512 Rabba.
887 1457 956 1512 Et
986 1457 1054 1510 ab
1085 1455 1299 1510 Esebon
1329 1466 1504 1524 usque
1531 1450 1786 1516 Ramath,
1816 1447 2026 1518 Mispbe

424 1562 478 1609 et
509 1551 759 1606 Batonim
796 1557 893 1606 :et
931 1565 962 1604 a
994 1547 1224 1603 Manaim
1268 1560 1438 1616 usque
1475 1543 1540 1598 ad
1565 1542 1689 1615 [h.]
1735 1541 2024 1596 terminum

424 1647 610 1703 Dabir.
637 1645 695 1700 In
725 1643 867 1698 valle
892 1657 1108 1712 quoque
1143 1639 1500 1703 Beth-Aram,
1530 1646 1583 1690 et
1615 1633 1979 1689 Betb-Ncmra
2007 1674 2022 1699 ,

420 1747 476 1795 et
505 1736 764 1806 Soccoth,
799 1746 852 1790 et
881 1733 1104 1806 Saphon
1136 1731 1408 1802 reliquam
1451 1737 1663 1800 partem
1700 1725 1857 1797 regni
1884 1725 2026 1780 Seon

2127 520 2416 575 Dominum
2449 520 2619 575 Deum
2657 535 2858 574 meum.
2885 517 3174 575 Concessit
3207 534 3336 590 ergo
3363 520 3625 576 Dominus
3647 522 3730 576 vi-

2125 623 2234 670 tam
2251 614 2402 680 mihi,
2421 614 2560 669 sicut
2575 613 2849 685 pollicitus
2861 623 2944 668 est
2969 629 3137 684 nsque
3150 613 3201 668 in
3217 623 3542 684 praesentem
3556 613 3726 669 diem.

2123 708 2494 780 Quadraginta
2514 718 2567 764 et
2588 707 2824 779 quinque
2847 708 2975 763 anni
3000 716 3152 774 sunt,
3175 723 3243 763 ex
3268 722 3378 779 quo
3402 707 3612 762 locutus
3641 715 3730 762 cst

2126 801 2389 857 Dominus
2429 803 2651 857 verbum
2680 801 2822 856 istud
2847 802 2914 857 ad
2945 801 3149 868 Mosen,
3175 802 3391 874 quando
3411 803 3731 858 ambulabat

2129 894 2294 951 Israel
2331 910 2428 965 per
2456 895 2808 951 solitudinem
2843 895 3039 950 :bodic
3069 896 3341 966 octoginta
3369 897 3607 966 quinque
3625 911 3731 951 an-

2129 1004 2321 1042 norum
2340 1003 2481 1057 sum,
2504 990 2585 1043 sic
2617 989 2822 1052 valens,
2848 997 2905 1043 ut
2925 1003 2990 1043 eo
3013 990 3254 1044 valebam
3281 997 3524 1060 tempore
3551 1004 3730 1060 quan-

2128 1080 2200 1136 do
2227 1081 2292 1135 ad
2312 1081 2701 1151 explorandum
2728 1082 2928 1138 missus
2942 1099 3083 1150 sum,
3101 1083 3241 1138 illius
3263 1084 3314 1138 in
3347 1099 3434 1139 ine
3466 1084 3730 1152 temporis

2145 1173 2401 1227 fortitudo
2427 1189 2598 1244 usque
2625 1174 2786 1230 hodie
2807 1186 3149 1245 perseverat,
3187 1186 3294 1231 tam
3318 1177 3383 1230 ad
3412 1176 3731 1232 bellandum

2128 1279 2290 1336 quam
2325 1266 2392 1320 ad
2425 1266 2805 1335 gradiendum.
2836 1269 2910 1323 Da
2933 1285 3062 1340 ergo
3093 1269 3225 1326 mihi
3255 1279 3496 1325 montem
3531 1269 3726 1337 istum,

2127 1373 2287 1429 quem
2319 1359 2589 1429 pollicitus
2620 1370 2700 1416 cst
2727 1362 3009 1432 Dominus,
3044 1373 3094 1419 te
3127 1380 3343 1436 quoque
3368 1365 3644 1432 audiente,
3672 1367 3732 1421 in

2127 1466 2236 1520 quo
2267 1451 2494 1508 Enacim
2526 1463 2652 1509 sunt
2695 1464 2748 1509 et
2800 1455 2965 1511 urbes
2995 1455 3092 1528 [h.
3123 1473 3282 1528 quem
3327 1457 3604 1527 pollicitus
3639 1468 3736 1514 est

2133 1543 2391 1600 Dominus
2422 1546 2475 1600 in
2518 1547 2608 1602 die
2654 1547 2765 1613 illa,
2794 1549 2917 1618 quia
2966 1557 3020 1604 tu
3065 1565 3282 1621 quoque
3329 1551 3552 1618 audiSIi,
3581 1552 3732 1623 quod

2131 1634 2354 1690 Enacim
2388 1647 2514 1692 sunt
2557 1639 2627 1694 ibi
2665 1648 2723 1694 ct
2755 1639 2943 1713 urbes]
2973 1657 3183 1711 magnae
3215 1651 3381 1714 atque
3409 1645 3649 1712 munitm,
3685 1644 3736 1700 si

2130 1727 2270 1783 forte
2303 1731 2370 1784 sit
2401 1731 2661 1788 Dominus
2683 1749 2918 1800 mecum,
2941 1744 2995 1790 et
3025 1744 3218 1806 potero
3243 1736 3422 1793 delere
3441 1721 3561 1807 eos,
3587 1736 3737 1795 sicut

424 1837 570 1904 regis
621 1829 842 1886 Esebon
878 1847 891 1883 :
929 1828 1090 1897 hujus
1157 1840 1375 1897 quoque
1418 1821 1673 1879 Iordanis
1738 1820 1858 1874 ﬁnis
1905 1826 2024 1884 est,
2056 1825 2106 1887 B
2132 1820 2382 1890 promisit
2412 1823 2567 1882 mihi.
2602 1824 2682 1896 [C.
2716 1824 2931 1898 LXV/1.]
2957 1827 3347 1898 Benedixitque
3376 1830 3430 1885 ei
3453 1829 3643 1898 Iosue,
3679 1841 3738 1887 et

425 1940 595 1996 usque
624 1922 691 1978 ad
735 1930 1041 1977 extremam
1073 1927 1282 1992 partem
1315 1914 1482 1972 maris
1528 1912 1840 1968 Chenereth
1877 1921 2026 1965 trans

422 2018 719 2074 Iordanem
745 2015 813 2071 ad
840 2014 1166 2070 orientalem
1196 2012 1435 2083 plagam.
1468 2008 1595 2066 Ilaec
1621 2018 1706 2064 est
1746 2006 2027 2078 possessio

428 2111 669 2166 ﬁliorum
723 2108 838 2164 Gad
884 2122 985 2178 per
1027 2105 1263 2161 familias
1307 2118 1460 2171 suas,
1506 2101 1755 2158 civitates
1803 2109 1858 2154 et
1886 2099 2028 2153 villae

421 2221 639 2261 earum.
672 2203 771 2278 [Ο.
805 2200 1030 2274 LXIII.]
1056 2200 1285 2256 Deditet
1310 2195 2025 2263 dimidiaetribuiManasse,

425 2300 660 2370 ﬁliisque
687 2298 808 2368 ejus
836 2297 994 2368 juxta
1027 2294 1386 2367 cognationes
1415 2309 1542 2349 suas
1575 2292 1982 2365 possessionem
2011 2331 2026 2357 ,

425 2392 583 2463 cujus
608 2391 713 2446 hoc
741 2375 1070 2461 prinCipium
1099 2397 1185 2445 est
1217 2405 1230 2442 :
1262 2403 1293 2442 a
1322 2386 1550 2442 Manaim
1583 2385 1888 2441 universam
1923 2383 2025 2438 Ba-

423 2501 567 2554 san,
616 2493 673 2541 et
718 2493 915 2540 cuncta
960 2497 1126 2554 regna
1157 2482 1236 2552 0g
1281 2481 1431 2553 regis
1479 2480 1678 2547 Basan,
1729 2493 2028 2550 omnesque

427 2582 579 2635 vicos
605 2577 740 2642 Jair,
769 2576 862 2648 qui
896 2584 1026 2631 sunt
1055 2575 1108 2630 in
1141 2574 1317 2629 Basan
1347 2615 1364 2642 ,
1394 2574 1677 2644 sexaginta
1704 2571 1922 2642 Oppida.
1959 2570 2028 2626 Et

424 2672 704 2730 dimidiam
737 2679 949 2742 partem
982 2667 1208 2735 Galaad,
1242 2665 1568 2732 Astbaroth,
1613 2676 1667 2718 et
1701 2664 1891 2729 Edrai,
1935 2678 2028 2717 ur-

425 2767 523 2823 bes
553 2765 710 2836 regni
740 2764 819 2835 Og
847 2764 901 2818 in
934 2763 1108 2819 Basan
1151 2780 1162 2816 :
1200 2761 1327 2816 ﬁliis
1353 2760 1584 2826 Machir,
1613 2758 1712 2812 ﬁlii
1755 2758 2024 2822 Manasse,

430 2858 672 2914 dimidiae
733 2856 872 2927 parti
924 2855 1160 2910 ﬁliorum
1213 2851 1422 2908 Machir
1465 2851 1621 2920 juxta
1677 2848 2027 2920 cognationes

428 2966 578 3007 suas.
627 2949 778 3005 Hanc
821 2947 1228 3019 possessionem
1273 2943 1458 2999 divisit
1511 2941 1688 2997 Moses
1718 2941 1771 2995 in
1811 2954 2029 3010 campe-

426 3043 635 3100 stribus
692 3042 850 3098 Moab
897 3051 1046 3096 trans
1091 3038 1388 3095 Iordanem
1449 3044 1641 3092 contra
1685 3033 1908 3090 Iericho
1959 3033 2027 3088 ad

428 3137 755 3194 orientalem
810 3135 1042 3206 plagam.
1094 3131 1284 3188 Tribui
1331 3138 1515 3187 autem
1553 3129 1682 3185 Levi
1727 3145 1833 3183 non
1877 3127 2029 3183 dedit

2136 1915 2356 1971 tradidit
2409 1917 2595 1989 [Vulg.
2640 1919 2767 1974 add.
2821 1920 2892 1992 ei]
2938 1921 3162 1979 Hebron
3201 1923 3254 1978 in
3302 1927 3732 1994 possessionem.

2131 2014 2310 2086 Atque
2346 2031 2414 2071 ex
2443 2031 2509 2072 eo
2541 2016 2640 2072 fuit
2671 2017 2892 2074 Hebron
2925 2019 3134 2076 Chaleb
3164 2021 3276 2077 filio
3306 2021 3591 2092 Jephonne
3624 2024 3738 2081 Ce-

2133 2125 2316 2164 nezzco
2347 2125 2519 2182 usque
2552 2113 2603 2166 in
2641 2122 2968 2182 praesentem
2998 2115 3143 2172 diem
3179 2135 3192 2172 :
3224 2118 3350 2189 quia
3392 2131 3610 2174 secutus
3647 2130 3736 2176 est

2134 2201 2414 2257 Dominum
2448 2205 2614 2259 Deum
2645 2205 2831 2261 Israel.
2862 2207 3072 2264 Nomen
3105 2209 3321 2266 Hebron
3355 2222 3481 2268 ante
3505 2214 3738 2268 vocaba-

2134 2302 2221 2348 tur
2246 2294 2646 2353 Cariat—Arbe:
2680 2299 2850 2354 Adam
2897 2303 3167 2357 maximus
3208 2302 3280 2357 ibi
3330 2303 3474 2360 inter
3503 2305 3733 2362 Enacim

2133 2388 2273 2444 situs
2305 2397 2390 2444 est
2421 2407 2433 2443 :
2465 2400 2518 2445 et
2543 2401 2688 2447 terra
2719 2395 2953 2450 cessavit
2981 2411 3010 2450 a
3041 2397 3263 2466 praeliis.

2206 2481 2286 2552 ire.
2313 2481 2506 2551 xxnr,
2536 2484 2598 2539 c.
2632 2484 2847 2564 van,
2874 2486 3004 2558 Cap.
3033 2487 3179 2562 xv.]
3225 2489 3401 2562 Igitur
3426 2506 3547 2547 sors
3580 2494 3732 2550 ﬁlio-

2130 2591 2248 2630 rum
2273 2575 2426 2631 Iudae
2453 2592 2550 2647 per
2577 2574 2935 2649 cognationes
2962 2597 3092 2638 suas
3130 2584 3232 2639 ista
3281 2585 3402 2652 fuit,
3433 2603 3460 2640 a
3488 2589 3731 2646 termino

2129 2667 2322 2738 Edom,
2357 2669 2633 2727 desertum
2670 2672 2765 2728 Sin
2801 2684 2987 2730 contra
3027 2677 3335 2744 meridiem,
3370 2690 3424 2736 et
3455 2696 3624 2753 usque
3657 2684 3727 2739 ad

2129 2772 2430 2817 extremam
2473 2773 2680 2832 partem
2726 2767 2983 2823 australis
3028 2769 3218 2842 plagae.
3271 2770 3479 2826 Initium
3520 2773 3644 2842 ejus
3695 2789 3728 2831 a

2128 2855 2442 2911 summitate
2501 2858 2671 2914 maris
2711 2858 3023 2928 salsissimi,
3057 2871 3111 2916 et
3154 2878 3182 2915 a
3218 2862 3398 2933 lingua
3431 2864 3570 2932 ejus,
3601 2880 3729 2935 quae

2130 2945 2354 3015 respicit
2397 2947 2704 3003 meridiem.
2746 2949 3143 3022 Egrediturque
3195 2960 3382 3008 contra
3433 2969 3729 3010 ascensum

2131 3042 2473 3113 Scorpionis,
2523 3054 2574 3100 et
2627 3047 2923 3115 pertransit
2964 3046 3018 3101 in
3059 3047 3188 3103 Sina
3233 3066 3247 3104 :
3283 3049 3637 3120 ascenditque
3669 3052 3731 3106 in

2130 3135 2322 3191 Cadesv
2342 3136 2538 3203 Barne,
2563 3147 2616 3192 et
2646 3139 2895 3207 pervenit
2915 3139 2967 3192 in
2999 3140 3195 3207 Esron,
3217 3142 3522 3198 ascendens
3549 3143 3735 3199 Adda-

429 3232 838 3305 possessionem
865 3249 877 3286 :
903 3230 1162 3302 quoniam
1210 3228 1471 3283 Dominus
1517 3227 1660 3282 Deus
1701 3224 1870 3280 Israel
1908 3224 2025 3294 ipse
2053 3215 2099 3280 C
2129 3246 2212 3296 ra,
2241 3241 2296 3287 et
2320 3232 2646 3287 circumiens
2671 3231 2900 3302 Carcaa,
2927 3245 3091 3306 atque
3119 3237 3246 3293 inde
3275 3241 3649 3308 pertransiens
3673 3242 3731 3296 in

429 3337 514 3383 est
537 3327 812 3397 possessio
841 3323 981 3395 ejus,
1011 3332 1072 3378 ut
1103 3323 1315 3378 locutus
1339 3330 1425 3376 est
1457 3319 1556 3375 illi.

501 3420 582 3493 [C.
612 3416 800 3484 LXIV,
834 3415 965 3488 Cap.
994 3415 1164 3488 XIV.]
1193 3414 1308 3470 Hoc
1344 3423 1427 3470 est
1468 3413 1613 3485 quod
1662 3411 2026 3484 possederunt

433 3515 526 3570 ﬁlii
569 3513 736 3570 Israel
786 3513 839 3568 in
881 3520 1025 3568 terra
1066 3508 1360 3578 Chanaan,
1417 3524 1578 3579 quam
1627 3507 1903 3564 dederunt
1946 3508 2028 3562 eis

431 3607 660 3662 Eleazar
704 3603 970 3660 sacerdos
1007 3610 1063 3658 et
1099 3601 1270 3658 Iosue
1309 3600 1455 3656 ﬁlius
1496 3600 1642 3666 Nun,
1667 3611 1721 3656 et
1752 3599 2026 3670 principes

430 3699 757 3756 familiarum
790 3712 886 3769 per
917 3696 1094 3751 tribus
1124 3695 1291 3751 Israel
1323 3713 1335 3749 :
1368 3705 1518 3752 sorte
1556 3695 1735 3750 omnia
1782 3694 2029 3749 dividen-

438 3803 538 3860 tes,
560 3793 698 3849 sicut
727 3800 1065 3862 prmceperat
1086 3789 1350 3846 Dominus
1376 3789 1433 3844 in
1460 3805 1620 3845 manu
1651 3789 1806 3853 Mosi,
1831 3803 2028 3843 novem

438 3888 686 3944 tribubus
735 3894 792 3941 et
832 3885 1070 3942 dimidia:
1113 3883 1302 3940 tribui.
1335 3883 1555 3940 Duabus
1595 3882 1736 3938 enim
1785 3882 2029 3937 tribubus

435 3993 492 4041 et
519 3980 756 4039 dimidiae
785 3980 1015 4036 dederat
1041 3978 1217 4036 Moses
1250 3989 1400 4035 trans
1416 3978 1705 4035 Iordanem
1733 3977 2031 4048 possessio-

439 4091 563 4133 nem
600 4093 614 4132 :
653 4076 860 4146 absque
899 4073 1136 4143 Levitis,
1169 4072 1264 4146 qui
1306 4072 1440 4128 nihil
1484 4081 1648 4127 terrae
1704 4077 2032 4140 acceperunt

439 4171 582 4227 inter
608 4169 802 4224 fratres
834 4181 964 4222 suos
1006 4184 1020 4220 :
1051 4167 1143 4222 sed
1173 4167 1228 4221 in
1268 4182 1443 4222 eorum
1471 4172 1828 4220 successerunt
1861 4162 2032 4216 locum

436 4265 516 4339 [h.
553 4280 660 4320 non
707 4261 870 4318 habet
897 4278 976 4329 ea,
1008 4262 1098 4317 sed
1139 4261 1212 4316 sic
1242 4277 1258 4314 :
1287 4260 1558 4329 Quoniam
1605 4259 1698 4312 ﬁlii
1729 4259 1932 4328 Josepb
1975 4257 2031 4313 in

437 4358 575 4415 duas
603 4357 755 4413 fuere
783 4355 944 4412 divisi
986 4354 1179 4425 tribus]
1212 4354 1306 4408 ﬁlii
1351 4353 1554 4424 Ioseph
1597 4353 1650 4408 in
1693 4351 1827 4408 duas
1874 4352 2034 4408 divisi

434 4451 630 4518 tribus,
660 4449 909 4506 Manasse
929 4455 986 4505 et
1023 4446 1282 4518 Ephraim
1313 4463 1327 4500 :
1355 4459 1461 4502 nec
1492 4454 1839 4516 acceperunt.
1875 4445 2036 4502 Levi-

435 4554 506 4601 ta:
531 4545 689 4600 aliam
715 4545 768 4599 in
793 4553 934 4600 terra
960 4550 1190 4613 partem,
1219 4540 1322 4596 nisi
1347 4539 1511 4596 urbes
1544 4539 1611 4594 ad
1653 4539 2028 4606 habitandum,

2128 3325 2424 3392 Asemona,
2477 3337 2533 3380 et
2584 3328 2911 3395 perveniens
2957 3328 3024 3383 ad
3089 3338 3385 3387 torrentem
3437 3332 3656 3404 [Egypti
3713 3353 3729 3388 :

2130 3430 2395 3484 eruntque
2424 3418 2642 3472 termini
2682 3419 2801 3488 ejus
2829 3435 2979 3476 mare
3006 3437 3258 3492 magnum
3300 3423 3375 3495 [h.
3403 3440 3508 3479 non
3537 3425 3732 3494 habet,

2131 3510 2427 3582 magnum].
2459 3509 2558 3564 Hic
2582 3511 2688 3567 erit
2716 3512 2840 3567 ﬁnis
2871 3502 3189 3572 meridiana:
3222 3518 3416 3588 plagas.
3442 3519 3524 3575 Ab
3542 3521 3737 3578 orien-

2131 3609 2184 3657 te
2206 3617 2334 3656 vero
2364 3604 2471 3658 erit
2500 3603 2741 3672 initium,
2771 3621 2924 3662 mare
2955 3609 3312 3664 salsissimum
3345 3626 3514 3683 usque
3543 3614 3608 3669 ad
3634 3631 3739 3672 ex-

2132 3705 2302 3751 trema
2327 3695 2604 3763 Iordanis,
2637 3708 2690 3754 et
2718 3714 2785 3754 ea
2815 3714 2936 3770 quae
2966 3701 3267 3772 respiciunt
3294 3703 3362 3760 ad
3395 3706 3736 3777 aquilonem,

2133 3804 2162 3842 a
2193 3789 2374 3858 lingua
2405 3788 2571 3844 maris
2595 3803 2765 3860 usque
2787 3791 2854 3846 ad
2879 3793 3126 3848 eumdem
3153 3794 3450 3853 Iordanem
3480 3798 3739 3858 ﬂuvium.

2134 3885 2500 3956 Ascenditque
2541 3888 2806 3942 terminus
2843 3887 2897 3944 in
2931 3889 3237 3963 Beth-Agla
3263 3935 3278 3957 ,
3323 3902 3380 3950 et
3415 3896 3610 3951 transit
3666 3896 3744 3953 ab

2133 3978 2386 4047 aquilone
2410 3980 2462 4033 in
2489 3979 2844 4036 Betb-Araba
2874 3985 3210 4041 :ascendens
3233 3987 3299 4042 ad
3334 3971 3565 4060 lapidem
3582 3991 3742 4047 Doen

2136 4071 2229 4125 filii
2261 4072 2472 4128 Ruben.
2508 4073 2577 4128 Et
2616 4074 2852 4131 tendens
2889 4093 3059 4148 usque
3099 4078 3166 4135 ad
3210 4082 3472 4136 terminos
3516 4083 3740 4140 Debera

2133 4165 2203 4220 de
2237 4164 2386 4222 Valle
2418 4165 2625 4237 Acbor,
2655 4177 2846 4224 contra
2877 4171 3190 4242 aquilonem
3220 4174 3516 4243 respiciens
3543 4175 3746 4248 Calga-

2135 4257 2206 4325 la,
2242 4274 2362 4328 quae
2405 4269 2490 4317 est
2521 4277 2590 4318 ex
2629 4262 2861 4319 adverso
2900 4266 3241 4322 ascensionis
3285 4265 3594 4324 Adommim
3619 4312 3635 4338 ,
3665 4273 3744 4328 ab

2135 4357 2362 4412 australi
2399 4370 2553 4428 parte
2591 4359 2848 4416 torrentis
2881 4378 2894 4416 :
2922 4362 3224 4432 transitque
3257 4370 3444 4434 aquas,
3476 4379 3596 4435 qum
3637 4381 3747 4422 vo-

2137 4461 2330 4506 cantur
2362 4450 2511 4508 Fons
2547 4454 2710 4522 solis,
2745 4465 2799 4511 et
2834 4465 2994 4510 erunt
3041 4457 3221 4512 exitus
3260 4457 3381 4528 ejus
3425 4457 3492 4513 ad
3525 4457 3744 4517 fontem

2136 4547 2329 4618 Rogel.
2379 4549 2750 4620 Ascenditque
2788 4566 2886 4621 per
2929 4551 3231 4608 convallem
3271 4552 3366 4608 ﬁlii
3409 4553 3626 4611 Ennom
3667 4571 3747 4613 ex

436 4647 491 4696 et
529 4639 836 4695 suburbana
878 4652 1066 4694 earum
1105 4636 1172 4692 ad
1215 4635 1406 4692 alenda
1451 4636 1694 4706 iumenta
1740 4643 1796 4690 et
1837 4650 2032 4706 pecora
2060 4625 2114 4686 Ι)
2139 4643 2309 4698 latere
2335 4642 2571 4699 Iebusrci
2600 4643 2668 4699 ad
2702 4645 3009 4715 meridiem,
3045 4647 3162 4703 lucc
3196 4655 3282 4704 est
3319 4647 3648 4717 Ierusalem,
3682 4661 3749 4707 et

435 4747 552 4788 sua.
599 4731 753 4788 Sicut
793 4737 1126 4801 praeceperat
1173 4729 1433 4784 Dominus
1481 4727 1636 4794 Mosi,
1669 4726 1742 4782 ita
1789 4727 2036 4783 fecerunt

441 4823 537 4878 ﬁlii
565 4822 754 4890 Israel,
787 4835 842 4878 et
869 4822 1170 4880 diviserunt
1198 4832 1421 4878 terram.
1455 4820 1538 4894 [Β.
1566 4820 1733 4890 XXII,
1758 4821 1821 4877 C.
1844 4819 2032 4895 LXV.]

439 4916 805 4972 Accesserunt
835 4914 1019 4988 itaque
1067 4915 1162 4970 ﬁlii
1192 4913 1328 4970 Iuda
1374 4914 1439 4970 ad
1471 4913 1638 4970 Iosue
1688 4914 1743 4970 in
1786 4915 2032 4987 Galgala,

439 5007 762 5080 Iocutusque
789 5019 874 5066 est
895 5009 963 5064 ad
992 5023 1115 5065 eum
1150 5008 1356 5065 Chaleb
1384 5008 1525 5063 ﬁlius
1553 5007 1838 5077 Jephonne
1862 5007 2034 5064 Cene-

441 5115 587 5156 zmus
620 5120 634 5154 :
673 5100 827 5157 Nosti
874 5101 1004 5174 quid
1049 5103 1260 5158 locutus
1310 5102 1381 5157 sit
1419 5101 1684 5157 Dominus
1737 5101 1803 5157 ad
1845 5103 2031 5158 Mosen

438 5193 718 5251 hominem
747 5195 843 5252 Dei
871 5197 938 5252 de
975 5211 1062 5252 me
1101 5205 1158 5252 et
1199 5195 1331 5250 tein
1362 5194 1767 5252 Cades-Barne.
1792 5196 2034 5265 Quadra-

440 5287 590 5359 ginta
616 5302 880 5342 annorum
905 5303 1052 5344 eram
1083 5287 1300 5360 quando
1323 5303 1408 5344 me
1429 5288 1575 5344 misit
1601 5289 1775 5345 Moses
1801 5290 2034 5348 famulus

443 5380 656 5437 Domini
697 5380 766 5436 de
813 5378 1207 5446 Gades-Barne,
1248 5390 1308 5437 ut
1353 5383 1760 5439 considerarem
1805 5392 2030 5452 terram,

442 5473 794 5545 nuntiavique
823 5475 876 5530 ei
905 5475 1047 5546 quod
1080 5474 1211 5530 mihi
1241 5492 1431 5533 verum
1475 5478 1784 5536 videbatur.
1814 5478 2034 5537 Fratres

438 5575 622 5624 autem
676 5567 809 5635 mei,
850 5567 942 5640 qui
985 5567 1347 5625 ascenderant
1399 5586 1638 5638 mecum,
1669 5573 2036 5630 dissolverant

439 5678 535 5720 cor
565 5663 750 5736 populi
784 5682 798 5718 :
833 5673 886 5720 et
915 5663 1269 5721 nihilominus
1300 5681 1402 5738 ego
1430 5677 1649 5724 secutus
1688 5685 1805 5725 sum
1851 5669 2035 5726 Domi-

438 5772 568 5813 num
596 5757 766 5814 Deum
809 5773 1015 5816 meum.
1043 5757 1365 5829 Iuravitque
1393 5761 1572 5819 Moses
1604 5764 1657 5819 in
1685 5763 1774 5821 die
1806 5763 1919 5830 illo,
1951 5763 2036 5819 di—

432 5865 562 5909 cens
588 5868 601 5907 :
629 5851 822 5924 Terra,
854 5869 1016 5926 quam
1047 5851 1283 5910 calcavit
1315 5868 1414 5926 pes
1446 5862 1592 5924 tuus,
1625 5857 1732 5914 erit
1754 5859 2032 5928 possessio

2136 4735 2263 4792 inde
2295 4750 2354 4792 se
2386 4737 2605 4808 erigens
2631 4737 2698 4791 ad
2731 4740 2994 4794 verticem
3043 4740 3267 4805 montis,
3293 4743 3383 4813 qui
3429 4752 3513 4798 est
3541 4753 3743 4801 contra

2137 4829 2461 4886 Ge-Enuom
2499 4831 2566 4885 ad
2606 4831 2944 4893 occidentem
2981 4831 3036 4888 in
3076 4834 3392 4891 summitate
3427 4836 3582 4892 vallis
3628 4837 3745 4892 Ra-

2137 4905 2321 4994 plfaim
2366 4931 2558 4978 contra
2610 4925 2945 4995 aquilonem.
2987 4925 3396 4999 Pcrtransitque
3442 4943 3473 4984 a
3523 4929 3742 4986 vertice

2136 5017 2337 5070 montis
2366 5031 2536 5084 usque
2561 5017 2632 5072 ad
2662 5016 2866 5073 fontem
2895 5033 3049 5086 aqua
3067 5017 3376 5085 Nephthoa,
3396 5028 3453 5076 et
3479 5021 3743 5091 pervenit

2139 5125 2314 5180 usque
2362 5109 2428 5164 ad
2477 5110 2630 5166 vicos
2681 5111 2882 5167 montis
2930 5111 3152 5182 Ephron
3181 5131 3194 5168 :
3228 5113 3628 5186 inclinaturque
3678 5116 3742 5174 in

2140 5205 2319 5271 Baala,
2351 5220 2471 5276 quas
2509 5213 2594 5261 est
2621 5204 3063 5274 Cariath-Jarim,
3102 5207 3157 5261 id
3191 5217 3290 5279 est,
3324 5209 3445 5264 urbs
3478 5210 3743 5266 silvarum

2141 5296 2218 5370 [h.
2243 5312 2349 5353 non
2382 5296 2589 5370 habet].
2609 5297 2678 5352 Et
2694 5297 2949 5353 circumit
2974 5299 3041 5354 de
3064 5299 3230 5356 Baala
3253 5310 3439 5358 contra
3472 5301 3745 5359 occiden-

2141 5400 2272 5456 tem,
2297 5406 2470 5461 usque
2501 5390 2568 5447 ad
2600 5401 2842 5447 montem
2873 5390 2996 5448 Seir
3029 5409 3043 5448 :
3075 5394 3382 5463 transitque
3412 5395 3564 5466 juxta
3593 5395 3748 5455 latus

2142 5485 2343 5539 montis
2372 5481 2542 5539 Iarim
2573 5483 2638 5538 ad
2676 5483 2986 5556 aquilonem
3034 5484 3092 5542 in
3133 5486 3398 5557 Cheslou,
3422 5497 3476 5544 et
3500 5487 3751 5546 descen-

2140 5577 2218 5633 dit
2242 5579 2297 5634 in
2329 5576 2703 5645 Beth-Sames,
2729 5579 3040 5651 transitque
3072 5580 3125 5636 in
3149 5580 3415 5637 'I‘hamna.
3449 5581 3744 5652 Etperve-

2139 5670 2222 5726 nit
2255 5682 2442 5727 contra
2482 5670 2794 5742 aquilonem
2822 5674 2993 5744 partis
3031 5671 3279 5730 Accaron
3307 5689 3375 5729 ex
3408 5673 3576 5730 latere
3603 5693 3617 5729 :
3650 5676 3746 5732 in-

2137 5765 2476 5836 clinaturque
2523 5764 2841 5835 Sechrona,
2879 5775 2934 5824 et
2984 5768 3184 5824 transit
3227 5779 3466 5825 montem
3520 5768 3740 5827 Baala:

2138 5859 2494 5931 pervenitque
2518 5857 2572 5915 in
2601 5857 2852 5929 Iebneel,
2875 5862 3128 5936 et_maris
3159 5859 3344 5933 magni
3370 5869 3560 5919 contra
3592 5864 3744 5922 occi-
