3956 6338
465 276 568 364 ‘91

1470 302 1529 360 S.
1574 296 1963 359 lllERONYMl
1998 295 2229 356 DIVINA
2273 297 2750 358 BIBLIOTHECA.

3630 303 3725 361 493

468 421 611 477 villae
637 431 849 477 earum.
883 414 1043 475 Maou
1085 422 1142 474 et
1167 414 1425 472 Chermel
1453 425 1509 472 et
1540 415 1709 487 Ziph,
1741 428 1796 469 et
1825 415 1946 470 Iota
1967 457 1981 479 ,
2010 423 2063 468 et
2093 431 2139 489 Α
2170 426 2221 471 et
2241 415 2412 470 Baean
2433 408 3077 471 transIordanetn.Filiae
3094 408 3239 468 enim
3261 409 3728 482 Manassepossctlc.

471 516 686 575 Iezrael
725 527 783 571 et
809 513 1095 570 Iacadaam
1140 519 1196 567 et
1235 511 1445 575 Zanoe,
1478 510 1712 576 Aceain,
1755 508 1971 574 Gebaa,
2015 516 2071 562 et

469 612 717 668 Thamna
750 627 764 665 :
796 609 1054 665 'eivitates
1082 605 1295 671 decem,
1328 615 1383 659 et
1413 603 1561 661 villae
1593 618 1805 659 earum.
1838 601 1987 667 Alul,
2018 610 2074 658 et

474 703 777 770 Beth-Sur,
803 710 862 759 et
883 700 1088 769 Gedor,
1116 698 1349 767 Mareth,
1373 704 1429 753 et
1452 696 1782 759 Beth-Anot,
1805 703 1862 751 et
1881 694 2072 750 Elthe-

475 815 576 856 con
608 814 624 854 :
655 798 909 854 civitates
948 808 1044 850 sex
1076 792 1222 847 villas
1248 806 1462 846 earum.
1493 788 1882 845 Cariath-Baal
1907 832 1921 855 ,
1956 786 2075 842 base

476 900 563 949 est
600 886 1041 950 Cariath-Iarim,
1063 885 1188 939 urbs
1224 882 1475 938 silvarum
1513 881 1593 955 [h.
1635 898 1745 936 non
1780 878 1988 950 habet],
2021 885 2081 933 et

480 985 697 1041 Arebba
732 1001 746 1039 :
778 981 1029 1038 civitates
1071 980 1191 1035 duae
1235 987 1291 1033 et
1327 977 1475 1033 villae
1520 991 1731 1033 earum.
1767 976 1823 1031 In
1854 976 2078 1030 deserto

477 1074 855 1141 Belli-Arabe,
882 1072 1109 1136 Middin,
1131 1054 1187 1127 et
1211 1069 1485 1138 Schacha,
1513 1068 1791 1131 Anebsan,
1816 1078 1872 1122 et
1888 1066 2079 1122 civitas

480 1171 660 1235 Salis,
691 1177 747 1223 et
773 1163 1059 1223 En-Gaddi
1094 1182 1109 1219 :
1153 1164 1400 1219 civitates
1427 1177 1523 1218 sex
1548 1203 1563 1229 ,
1597 1173 1651 1215 et
1677 1161 1826 1216 villa:
1854 1174 2076 1222 earum,

478 1265 562 1337 [C.
604 1259 875 1331 LXXIIH
911 1258 1222 1315 Iebusmum
1254 1263 1435 1311 autem
1470 1255 1836 1310 habitatorem
1863 1253 2084 1310 Ierusa-

480 1361 588 1413 lem
635 1372 740 1411 non
779 1361 1078 1426 potuerunt
1107 1350 1206 1406 ﬁlii
1237 1350 1375 1406 Iuda
1410 1349 1600 1405 delere
1644 1368 1655 1403 :
1707 1348 2083 1418 habitavitque

483 1449 766 1506 Iehusacus
793 1462 916 1503 cum
944 1444 1069 1501 ﬁliis
1093 1442 1229 1500 Iuda
1259 1445 1313 1499 in
1340 1443 1639 1500 Ierusalem
1668 1456 1841 1511 usque
1865 1442 1917 1496 in
1946 1456 2082 1510 pra:-

486 1548 696 1596 sentem
725 1539 893 1594 diem.

556 1632 638 1705 [Β.
665 1628 855 1696 XXIV,
884 1626 1015 1699 Cap.
1042 1626 1209 1699 X\’l.]
1234 1626 1445 1683 Cecidit
1467 1639 1684 1697 quoque
1706 1639 1829 1681 sors
1852 1624 2083 1680 ﬁliorum

478 1727 703 1796 Ioseph,
736 1724 805 1779 ab
834 1722 1076 1778 Iordane
1102 1730 1296 1776 contra
1323 1718 1545 1776 Iericho
1573 1726 1630 1773 et
1658 1733 1829 1788 aquas
1860 1716 1981 1787 ejus
2010 1716 2081 1769 ab

485 1820 697 1874 oriente
729 1832 743 1871 :
772 1815 1008 1871 solitudo
1038 1830 1162 1886 qua:
1198 1813 1445 1869 ascendit
1481 1812 1551 1867 de
1579 1811 1803 1867 Iericho
1829 1809 1898 1866 ad
1929 1826 2086 1863 tuon-

485 1919 612 1966 tana
631 1908 819 1982 [ναις.
848 1904 1110 1977 montem]
1136 1904 1367 1960 Betti-El
1392 1919 1409 1959 :
1439 1913 1495 1959 et
1519 1903 1798 1974 egreditur
1831 1901 1897 1957 de
1921 1900 2086 1955 Beth-

490 2003 575 2068 ΕΙ,
606 2000 806 2056 Luzam
841 2016 854 2052 :
883 1999 1185 2069 transitque
1215 1997 1507 2052 terminum
1531 1994 1988 2052 ArchiAtaroth.
2026 1995 2089 2047 Et

487 2097 772 2155 descendit
797 2095 865 2150 ad
909 2093 1255 2150 occidentem
1284 2092 1439 2162 juxta
1468 2092 1763 2147 terminum
1804 2089 2043 2160 Iephleti
2071 2127 2087 2153 ,

491 2207 662 2262 usque
704 2189 772 2243 ad
820 2185 925 2262 [h.]
975 2185 1267 2242 terminum
1304 2184 1655 2241 Both-Horon
1701 2182 1995 2245 inferioris,
2036 2188 2092 2236 et

491 2285 665 2341 Gazcr
721 2300 736 2338 :
795 2283 1167 2354 ﬁniuntttrque
1223 2283 1478 2354 regiones
1523 2281 1643 2353 ejus
1682 2282 1820 2334 mari
1870 2293 2089 2350 magno.

493 2376 577 2448 [C.
611 2373 871 2447 LXXIV.]
900 2373 1379 2443 Possederuntque
1407 2372 1504 2427 ﬁlii
1529 2370 1735 2442 Ioseph
1763 2372 2012 2427 Manasse
2036 2377 2093 2426 et

493 2467 778 2539 Ephraim.
822 2469 891 2523 Et
929 2469 1102 2522 factus
1128 2477 1214 2522 est
1248 2467 1521 2523 terminus
1561 2465 1794 2521 ﬁliorum
1829 2465 2090 2535 Epitraim

490 2576 587 2633 per
624 2560 985 2631 cognationes
1022 2573 1153 2616 suas
1195 2576 1210 2614 :
1258 2569 1315 2614 et
1358 2551 1642 2630 possessio
1673 2574 1862 2614 eorum
1903 2568 2092 2613 contra

494 2657 789 2721 orientem,
813 2653 1259 2710 Atarotlt-Addar
1281 2669 1453 2722 usque
1473 2652 1827 2708 Beth-lloron
1852 2651 2097 2719 superio-

496 2766 633 2805 rem.
674 2748 1158 2820 Egrediunturque
1198 2749 1434 2803 conﬁnia
1477 2749 1530 2803 in
1582 2762 1777 2803 mare:
1823 2747 2095 2802 Mechme-

501 2842 653 2897 thath
679 2858 806 2896 vero
832 2840 1141 2912 aquilonem
1169 2840 1412 2911 respicit,
1439 2849 1496 2896 et
1514 2840 1762 2895 circumit
1784 2838 1885 2912 [h.]
1916 2840 2097 2895 termi-

502 2951 629 2991 num
661 2942 852 2990 coutra
884 2930 1153 2987 orientem
1190 2935 1241 2986 in
1271 2930 1649 2987 'l'auath-Selo
1670 2948 1693 2983 ,ε
1727 2940 1783 2985 et
1807 2933 2101 3000 pertransit

498 3030 568 3083 ab
598 3027 811 3083 oriente
837 3025 1029 3082 Ianoe.
1060 3023 1467 3095 Deseenditque
1489 3024 1557 3080 de
1584 3024 1758 3080 Ianoe
1786 3025 1837 3078 in
1869 3024 2098 3079 Ataroth

499 3131 553 3176 et
587 3118 826 3175 Naratha
863 3136 876 3174 :
909 3126 963 3173 et
992 3117 1247 3189 pervenit
1275 3116 1329 3171 in
1361 3116 1613 3186 Iericho,
1647 3126 1701 3171 et
1731 3115 2008 3189 egreditur
2034 3115 2100 3171 ad

2173 514 2298 560 runt
2317 504 2689 560 htcrcditatem
2710 506 2763 559 in
2785 502 2963 557 medio
2985 500 3215 557 ﬁliorum
3236 502 3372 573 ejus.
3388 504 3471 576 lC.
3489 504 3731 583 LXXIX]

2175 597 2340 653 Terra
2379 608 2558 654 autem
2602 596 2803 653 Galaad
2834 595 3034 652 cecidit
3058 597 3111 649 in
3150 605 3348 651 sortem
3376 596 3597 654 ﬁliorunt
3634 603 3733 658 Ma-

2177 707 2335 748 nasse
2372 693 2462 764 qni
2509 692 2701 763 reliqui
2739 700 2917 748 erant.
2959 688 3194 761 Fuitque
3229 692 3488 746 terminus
3515 693 3738 756 Manassc

2178 784 2246 838 ab
2292 786 2451 852 Aser,
2494 783 2929 851 Machmathath,
2980 797 3105 854 qua:
3143 783 3363 851 respicit
3410 783 3649 857 Sichem,
3691 797 3740 845 et

2179 878 2459 950 egreditur
2486 878 2552 933 ad
2577 878 2830 933 dextram
2853 877 3012 948 juxta
3040 877 3376 934 habitatores
3402 878 3560 934 fontis
3578 880 3743 954 Taplt-

2182 971 2361 1041 phuae.
2404 971 2618 1027 Etenim
2660 972 2713 1025 in
2765 980 2970 1026 sortem
3012 970 3259 1026 Manasse
3304 971 3570 1028 ceciderat
3613 983 3743 1032 terra

2181 1061 2518 1133 Taphphum,
2541 1078 2663 1133 qua:
2687 1071 2773 1118 est
2792 1062 2946 1134 juxta
2975 1063 3244 1118 terminos
3265 1062 3503 1119 Manasse
3528 1064 3746 1124 ﬁliorum

2186 1155 2468 1226 Ephraim.
2491 1155 2889 1227 Descenditque
2912 1154 3176 1211 terminus
3197 1155 3358 1211 vallis
3380 1157 3678 1214 arundineti
3700 1161 3746 1215 in

2185 1248 2471 1303 meridiem
2503 1249 2766 1303 torrentis
2799 1249 3078 1302 civitatum
3110 1246 3399 1318 Ephraim,
3428 1264 3548 1320 qua:
3574 1250 3623 1304 in
3648 1266 3752 1307 meo

2186 1340 2276 1395 dio
2324 1348 2453 1395 sunt
2496 1340 2713 1396 urbium
2757 1340 3006 1395 Manasse
3050 1358 3061 1391 :
3107 1340 3377 1395 terminus
3420 1340 3654 1398 Manasse
3692 1343 3752 1400 ab

2185 1432 2438 1504 aquilone
2482 1434 2777 1500 torrentis,
2820 1443 2875 1489 ct
2900 1434 3081 1489 exitus
3106 1433 3229 1504 ejus
3274 1435 3447 1506 pergit
3487 1436 3551 1491 ad
3581 1451 3750 1493 mare:

2190 1528 2266 1584 ita
2305 1538 2362 1584 ut
2394 1529 2463 1585 ab
2488 1537 2673 1583 austro
2698 1529 2773 1583 sit
2801 1528 3084 1598 possessio
3115 1527 3373 1598 Ephraim
3396 1567 3411 1594 ,
3438 1537 3494 1584 et
3523 1528 3587 1583 ab
3618 1531 3755 1599 aqui-

2188 1619 2312 1675 lone
2336 1618 2605 1685 Manasse,
2629 1626 2686 1673 et
2712 1628 3000 1686 utramque
3027 1616 3241 1673 claudat
3270 1632 3441 1687 mare,
3475 1628 3527 1674 et
3550 1620 3757 1689 conjun-

2187 1722 2345 1783 gatur
2394 1712 2505 1767 sibi
2549 1712 2601 1766 in
2643 1710 2787 1767 tribu
2831 1713 2968 1766 Aser
3009 1710 3077 1764 ab
3113 1709 3392 1780 aquilone,
3445 1719 3501 1766 et
3539 1711 3589 1766 in
3630 1712 3757 1768 tribu

2192 1804 2441 1859 lssachar
2481 1805 2550 1858 ab
2584 1803 2822 1859 oriente.
2863 1802 3095 1874 Fuitque
3126 1802 3424 1860 haereditas
3453 1802 3684 1859 Ilauasse
3711 1804 3758 1858 in

2193 1897 2436 1952 Issaehar
2475 1907 2531 1952 et
2571 1897 2624 1950 in
2659 1898 2795 1951 Aser
2829 1896 3099 1953 Both-Sen
3139 1907 3194 1952 et
3222 1896 3391 1953 vieuli
3419 1897 3566 1967 ejus,
3598 1906 3651 1953 et
3684 1897 3765 1953 Ie-

2191 1992 2364 2046 hlaam
2395 2007 2519 2047 cum
2551 1991 2739 2047 viculis
2770 1992 2903 2051 suis.
2936 2000 2996 2047 et
3025 1991 3365 2048 habitatores
3396 1992 3504 2049 Dor
3529 2008 3645 2049 cum
3671 2005 3763 2065 op~

2191 2085 2330 2154 pidis
2373 2086 2485 2140 suis
2509 2128 2524 2153 ,
2568 2085 2903 2142 habitatores
2941 2100 3155 2157 quoque
3186 2086 3412 2143 En-Dor
3445 2102 3565 2144 cum
3594 2086 3767 2143 viculis

2192 2178 2341 2245 suis,
2392 2178 2755 2249 similiterque
2796 2179 3129 2235 habitatores
3170 2179 3435 2237 Thanach
3475 2196 3592 2237 cum
3639 2179 3768 2234 Villis

2196 2270 2381 2343 [ναις.
2415 2271 2627 2343 viculis]
2658 2271 2793 2338 suis,
2824 2283 2879 2327 et
2907 2272 3246 2329 habitatores
3276 2274 3540 2345 Mageddo
3561 2289 3676 2330 cum
3701 2274 3772 2327 vi.

2194 2368 2333 2422 culis
2364 2368 2504 2435 suis,
2526 2377 2584 2422 et
2616 2367 2771 2423 tertia
2804 2384 2931 2435 pars
2957 2369 3111 2424 urbis
3136 2368 3418 2440 Napheth.
3447 2368 3527 2441 [C.
3551 2366 3771 2438 LXXX]

2197 2459 2307 2515 Nec
2332 2470 2623 2531 potuerunt
2652 2461 2743 2513 lilii
2766 2457 3014 2516 Manasse
3042 2461 3139 2517 has
3159 2462 3424 2526 civitates
3444 2460 3773 2526 subvertere,

2196 2555 2291 2608 sed
2319 2551 2482 2624 cmpit
2510 2554 2854 2608 Chananeus
2892 2552 3141 2609 habitare
3186 2556 3240 2610 in
3289 2562 3435 2611 terra
3479 2556 3577 2611 ista
3604 2554 3772 2627 [Vulg.

2195 2643 2333 2716 sua].
2370 2645 2662 2715 Postquam
2690 2658 2871 2703 autem
2893 2648 3297 2703 COIIVulIIEﬂlnl
3326 2649 3426 2704 ﬁlii
3453 2647 3643 2714 Israel,
3664 2647 3780 2702 subs

2194 2737 2448 2805 jeceruut
2465 2738 2828 2807 Uitalianmos,
2852 2749 2908 2795 et
2934 2740 3180 2797 fecerunt
3204 2742 3316 2798 sibi
3340 2743 3671 2808 tributarios,
3690 2753 3781 2796 nec

2200 2831 2593 2890 interﬁcerent
2638 2850 2757 2909 eos.
2812 2834 2896 2908 [Β.
2930 2834 3122 2910 XXV.]
3170 2838 3485 2911 Locutique
3535 2848 3659 2895 sunt
3699 2836 3784 2892 ﬁlii

2200 2928 2399 2999 Ioseph
2454 2929 2519 2984 ad
2566 2932 2753 2997 Josne,
2806 2940 2972 3003 atque
3021 2934 3287 2990 dixerunt
3328 2955 3342 2990 :
3386 2935 3565 3005 Quare
3603 2932 3785 2989 dedisﬁ

2202 3021 2334 3076 mihi
2366 3023 2765 3091 possessionem
2808 3025 2975 3081 sortis
3007 3024 3234 3083 funiculi
3288 3029 3452 3083 unius
3477 3069 3492 3094 ,
3532 3040 3655 3081 cum
3695 3025 3789 3079 sim

2200 3122 2364 3168 tautae
2403 3115 2788 3185 multitudinis,
2830 3127 2884 3174 et
2930 3118 3277 3176 lienedixerit
3326 3120 3461 3174 mihi
3502 3108 3788 3176 Dominus?

502 3211 818 3270 Iordanem.
852 3210 932 3267 De
960 3209 1264 3281 Taphphua
1306 3208 1603 3281 pertransit
1640 3219 1829 3265 contra
1867 3224 2017 3266 mare
2046 3208 2097 3264 in
2127 3228 2171 3289 ς
2203 3204 2283 3260 Ad
2312 3222 2449 3277 quos
2479 3206 2645 3263 Iosue
2676 3209 2750 3262 ait
2781 3225 2794 3262 :
2826 3211 2871 3264 si
2908 3213 3138 3281 populus
3181 3212 3396 3269 multus
3437 3228 3499 3269 es
3522 3254 3537 3281 ,
3577 3210 3793 3275 ascende

507 3307 713 3364 Vallem
749 3305 1084 3370 arundineti,
1132 3316 1368 3374 suntque
1406 3318 1663 3374 egressus
1704 3306 1821 3375 ejus
1863 3305 1915 3358 in
1950 3320 2101 3360 mare

505 3399 864 3456 salsissimmn
891 3397 969 3470 [h.
1006 3410 1111 3452 non
1144 3398 1305 3451 habet
1326 3396 1728 3469 salsissimttm].
1759 3396 1839 3470 [C.
1867 3395 2105 3469 LXXV.j

506 3492 633 3547 llam
649 3501 732 3547 est
749 3490 1021 3560 possessio
1045 3491 1216 3544 tribus
1234 3489 1467 3543 ﬁliorum
1487 3488 1740 3558 Ephraim
1757 3505 1856 3561 per
1877 3488 2107 3546 familias

507 3597 652 3638 suas.
686 3581 967 3652 Urbesque
992 3591 1254 3651 separatae
1273 3590 1398 3636 sunt
1426 3579 1549 3635 ﬁliis
1565 3580 1819 3650 Ephraim
1850 3582 1900 3635 in
1927 3581 2108 3636 medio

510 3674 871 3746 possessionis
912 3673 1146 3728 ﬁliorum
1191 3673 1469 3739 Hanassc,
1510 3683 1563 3728 et
1606 3672 1748 3726 villze
1789 3688 1972 3727 earum
2022 3671 2106 3744 [C.

512 3764 774 3836 LXXVI.]
813 3764 881 3819 Et
911 3779 1018 3820 non
1052 3764 1439 3820 interfecerunt
1480 3765 1571 3818 ﬁlii
1614 3763 1866 3835 Epitraim
1894 3764 2109 3821 Chana-

515 3876 712 3925 uznum,
727 3860 817 3930 qui
836 3857 1110 3912 habitabat
1122 3859 1174 3913 in
1189 3856 1379 3913 Gazer:
1397 3856 1627 3912 habitavi
1639 3859 2111 3929 tqueChananazus

514 3956 568 4011 in
604 3954 786 4010 medio
816 3951 1073 4023 Ephraim
1119 3966 1290 4021 usque
1327 3952 1383 4006 in
1420 3952 1565 4007 diem
1608 3953 1742 4005 hanc
1775 3955 2109 4011 tributarius.

587 4046 669 4119 [C.
692 4043 958 4113 LXXVII,
984 4044 1112 4117 Cap.
1145 4043 1333 4117 XVll.]
1353 4042 1569 4101 Cecidit
1598 4054 1777 4101 autem
1801 4062 1925 4102 sors
1949 4047 2112 4105 tribui

514 4144 764 4203 Manasse
790 4143 810 4217 (
833 4143 948 4213 ipse
983 4150 1069 4198 est
1095 4130 1655 4211 enimquimogeuiths
1681 4140 1883 4214 Ioseph
1906 4144 1924 4216 )
1956 4162 1972 4201 :
2004 4147 2115 4201 Ma-

516 4240 636 4296 chir
665 4238 1027 4310 primogenito
1052 4237 1304 4292 Manasse
1334 4238 1470 4308 patri
1498 4236 1702 4293 Galaad
1726 4281 1739 4305 ,
1772 4240 1862 4309 qui
1908 4239 2004 4294 fuit
2032 4242 2115 4296 vir

517 4330 705 4405 [Vulg].
728 4343 831 4385 tac.
844 4330 953 4405 vir]
969 4339 1259 4402 pugnator,
1276 4331 1570 4401 habuitque
1588 4333 1991 4401 possessionem
2011 4333 2118 4391 Ga-

517 4425 638 4479 laad
661 4435 715 4480 et
741 4422 953 4479 Basan:
988 4432 1043 4478 et
1063 4420 1310 4494 reliquiis
1336 4421 1570 4478 ﬁliorum
1591 4423 1838 4479 Manasse
1862 4423 2013 4495 juxta
2037 4426 2116 4482 fa-

522 4520 701 4573 milias
718 4534 866 4584 suas,
886 4518 1011 4573 ﬁliis
1037 4517 1289 4583 Abiezer,
1307 4528 1365 4572 et
1386 4517 1511 4572 ﬁliis
1542 4518 1773 4585 Helech,
1802 4534 1851 4574 et
1879 4521 2001 4577 ﬁliis
2022 4523 2118 4577 Es-

2207 3298 2260 3351 iu
2297 3298 2491 3354 silvam
2517 3342 2532 3365 ,
2565 3312 2620 3355 et
2650 3301 2867 3359 surcide
2893 3304 2995 3359 tibi
3024 3306 3200 3375 spatia
3242 3306 3304 3361 in
3351 3316 3500 3363 terra
3531 3301 3793 3361 Pherezzei

2206 3398 2259 3443 et
2294 3389 2557 3461 Raphaim
2588 3410 2598 3446 :
2632 3395 2760 3463 quia
2789 3405 3021 3467 angusta
3046 3406 3134 3452 est
3160 3398 3260 3452 tibi
3299 3399 3583 3470 possessio
3608 3396 3797 3452 montis

2214 3485 2492 3550 Epitraim.
2522 3486 2623 3542 Cui
2652 3490 3049 3561 responderunt
3086 3492 3181 3548 ﬁlii
3211 3493 3432 3564 Ioseph
3470 3513 3481 3546 :
3510 3492 3625 3549 Non
3655 3500 3796 3561 pote-

2211 3577 2381 3631 rimus
2409 3578 2475 3632 ad
2510 3590 2759 3636 montana
2792 3582 3168 3639 conscendere
3193 3629 3208 3654 ,
3242 3601 3378 3640 cum
3414 3585 3609 3643 ferreis
3636 3582 3802 3640 curri-

2213 3671 2309 3726 bus
2346 3680 2563 3726 utantur
2591 3674 2886 3730 Chanantei
2914 3714 2936 3740 ,.
2971 3680 3062 3747 qui
3102 3677 3364 3735 habitant
3403 3681 3460 3735 in
3494 3689 3640 3736 terra
3670 3691 3805 3732 eam-

2214 3766 2405 3830 pesll‘l,
2439 3768 2626 3836 inqua
2658 3769 2780 3824 sitm
2813 3781 2939 3825 sunt
2970 3770 3249 3828 Beth—Sau
3283 3789 3415 3831 cum
3449 3774 3651 3832 viculis
3679 3771 3806 3837 suis,

2215 3866 2269 3914 et
2297 3856 2511 3914 Iezrael
2541 3861 2772 3917 mediam
2796 3862 3085 3933 possidens
3110 3866 3342 3923 vallem.
3372 3868 3632 3940 Dixitque
3654 3867 3807 3923 Iosue

2216 3956 2281 4011 ad
2317 3957 2539 4013 domum
2569 3958 2795 4031 Ioseph,
2843 3962 3098 4033 Ephraim
3138 3975 3194 4019 et
3224 3965 3493 4023 Manasse
3530 3984 3543 4020 :
3588 3965 3813 4036 Populos

2216 4050 2420 4104 multus
2448 4065 2512 4105 es
2538 4096 2551 4119 ,
2594 4060 2652 4106 et
2681 4064 2891 4127 magna:
2935 4056 3274 4113 fortitudinis
3301 4102 3317 4129 ,
3355 4070 3414 4116 ct
3459 4074 3570 4115 non
3602 4057 3813 4112 habebis

2218 4152 2418 4196 sortem
2446 4159 2607 4199 unam
2637 4162 2651 4213 ;
2680 4148 2777 4203 sed
2807 4148 3066 4204 transibis
3091 4152 3158 4205 ad
3190 4162 3471 4218 montem,
3495 4162 3551 4208 et
3580 4146 3819 4206 succides

2221 4235 2344 4300 tibi,
2372 4246 2533 4308 atque
2555 4241 2815 4310 purgabis
2834 4242 2902 4298 ad
2926 4243 3280 4300 habitandum
3303 4248 3487 4318 spatia
3512 4264 3528 4302 :
3555 4256 3611 4302 ct
3630 4243 3820 4317 poteris

2218 4329 2357 4383 ultra
2392 4332 2689 4400 procedere
2709 4350 2831 4389 cum
2862 4338 3194 4395 subveneris
3217 4337 3608 4397 Chananacnm
3630 4384 3644 4407 ,
3671 4350 3822 4411 quem

2219 4422 2357 4477 dicis
2383 4421 2590 4481 ferreos
2621 4426 2820 4484 habere
2849 4443 3068 4498 currus,
3111 4440 3167 4487 et
3190 4448 3318 4491 esse
3349 4433 3730 4491 fortissimum.

2294 4514 2381 4588 [T.
2416 4516 2549 4585 Vill,
2577 4517 2638 4575 Β.
2674 4519 2864 4585 XXVI,
2897 4523 2954 4579 C.
2989 4525 3228 4594 LXXXI,
3259 4526 3406 4597 Cap.
3443 4528 3661 4600 XVIIH
3687 4525 3824 4583 Con-

522 4611 643 4676 riel,
666 4619 723 4665 et
745 4610 870 4664 ﬁliis
901 4609 1157 4676 Set-hem,
1186 4618 1243 4665 et
1263 4610 1387 4664 ﬁliis
1412 4609 1611 4679 Epher,
1647 4620 1700 4666 et
1725 4611 1849 4667 ﬁliis
1879 4613 2115 4671 Semida.
2146 4631 2200 4691 D
2222 4614 2544 4684 gregatique
2583 4626 2713 4670 sunt
2752 4632 2942 4673 omnes
2987 4619 3078 4674 ﬁlii
3126 4620 3296 4678 lsrael
3347 4624 3404 4677 in
3452 4623 3574 4680 Silo
3597 4666 3612 4690 ,
3654 4620 3826 4691 ibique

525 4703 617 4758 lsti
651 4711 779 4758 sunt
801 4701 891 4756 ﬁlii
918 4702 1188 4768 Manasse,
1216 4702 1311 4757 ﬁlii
1336 4701 1562 4772 Ioseph,
1590 4718 1788 4771 mares,
1810 4722 1906 4777 per
1923 4723 2123 4779 cogna-

526 4797 703 4852 tiones
729 4811 876 4851 suas.
904 4796 987 4870 [C.
1014 4795 1321 4869 LXXVIIH
1342 4796 1610 4866 Salphaad
1630 4814 1762 4854 vero
1788 4801 1897 4853 lilio
1923 4801 2121 4870 Eplier,

530 4888 623 4942 ﬁlii
651 4888 877 4953 Galaad,
908 4889 1003 4944 ﬁlii
1030 4889 1257 4955 Machir,
1280 4889 1375 4944 ﬁlii
1400 4890 1666 4958 Manasse,
1694 4906 1799 4946 non
1823 4903 1973 4949 erant
2003 4894 2119 4963 lilii,

529 4981 626 5036 sed
648 4983 776 5038 solae
791 4983 917 5037 ﬁliae
939 5001 951 5037 :
977 4998 1205 5053 quarum
1227 4984 1325 5037 ista
1345 4994 1469 5037 sunt
1494 4986 1732 5039 nomina.
1752 4986 1923 5041 Maala
1939 4999 1991 5043 et
2010 4988 2121 5044 Noa

530 5083 586 5130 et
604 5073 734 5145 Egla
746 5086 797 5130 et
811 5076 1020 5131 Melcha
1040 5074 1335 5131 etThersa.
1354 5075 1742 5146 cheruntque
1758 5077 1810 5132 in
1830 5090 2122 5151 conspectu

530 5168 773 5224 Eleazari
800 5169 1123 5234 sacerdotis,
1143 5178 1201 5224 et
1224 5170 1406 5232 Iosue,
1430 5169 1524 5224 ﬁlii
1550 5170 1691 5235 Nun,
1715 5184 1766 5225 et
1796 5172 2120 5244 principum,

533 5262 823 5317 dicentes:
866 5260 1126 5315 Dominus
1170 5264 1423 5333 praecepit
1466 5276 1564 5333 per
1600 5278 1816 5318 manum
1859 5266 2025 5332 Mosi,
2067 5276 2128 5324 ut

531 5355 751 5410 daretur
802 5351 957 5408 nobis
1005 5356 1277 5422 possessio
1320 5355 1374 5409 iu
1419 5356 1597 5411 medio
1640 5354 1864 5413 fratrum
1908 5369 2123 5415 nostro-

527 5462 667 5501 rum.
714 5441 981 5514 Deditque
1021 5443 1098 5498 eis
1131 5444 1279 5515 juxta
1328 5446 1611 5518 imperium
1654 5448 1864 5507 Domini
1912 5466 2124 5520 posses-

524 5543 756 5606 sionem,
804 5539 856 5593 in
902 5538 1079 5593 medio
1136 5538 1358 5595 fratrum
1394 5543 1559 5611 patris
1596 5560 1806 5600 earum.
1863 5546 1929 5601 Et
1974 5548 2120 5602 ceci-

523 5634 721 5693 derunt
746 5634 965 5707 funiculi
997 5632 1242 5690 Manasse
1268 5636 1476 5705 decem,
1521 5639 1724 5710 absque
1754 5650 1893 5696 terra
1920 5640 2121 5698 Galaad

531 5749 806 5824 davimus,
839 5757 896 5824 ut
918 5747 1117 5824 millies
1150 5747 1371 5804 laederet
1399 5752 1561 5819 ('(Bpli
1586 5752 1785 5807 laboris
1812 5769 1875 5811 ac
1900 5754 2125 5824 hujusce

542 5820 925 5878 restitutionis.
954 5818 1135 5877 Mur.

2229 4705 2467 4761 lixernnt
2499 4708 2912 4763 tabernaculum
2949 4712 3282 4782 testimonii,
3328 4725 3387 4771 et
3429 4713 3534 4771 fuit
3576 4715 3657 4772 eis
3695 4724 3830 4768 terra
3915 4757 3922 4764 .

2225 4800 2491 4869 subjecta.
2522 4800 2604 4874 [C.
2632 4801 2916 4878 LXXXll.]
2947 4805 3361 4866 Remanserant
3387 4822 3578 4867 autem
3607 4810 3829 4865 ﬁliorum

2226 4892 2393 4948 Israel
2425 4904 2638 4965 septem
2671 4898 2845 4953 tribus
2865 4940 2879 4963 ,
2914 4915 3035 4968 qua:
3066 4903 3305 4957 necdum
3334 4911 3682 4975 acceperant
3709 4916 3833 4976 pos-

2226 4986 2509 5042 sessiones
2539 5003 2687 5044 suas.
2724 4990 2804 5044 Ad
2837 5007 2975 5061 quos
3001 4991 3166 5050 Io~ue
3193 4997 3271 5050 ait
3302 5013 3315 5050 :
3354 4995 3672 5069 Usquequo
3702 5009 3839 5050 mar-

2227 5079 2363 5134 cotis
2388 5081 2623 5150 ignavia,
2648 5093 2700 5138 et
2724 5092 2836 5139 uou‘
2854 5086 3075 5145 intratis
3093 5089 3160 5144 ad
3185 5091 3598 5159 possidendam
3624 5102 3839 5153 terram,

2229 5188 2388 5243 quam
2415 5172 2679 5231 Dominus
2702 5177 2847 5235 Deus
2872 5190 3090 5249 patrum
3113 5192 3437 5240 vestrorum
3467 5186 3627 5241 dedit
3653 5180 3842 5237 Vobis?

2231 5264 2426 5335 Eligite
2456 5266 2525 5323 de
2552 5270 2786 5341 singulis
2815 5273 3063 5329 tribubus
3092 5283 3285 5330 ternos
3317 5278 3507 5347 viros,
3543 5287 3606 5334 ut
3637 5277 3844 5333 mittam

2229 5374 2347 5424 eos,
2377 5368 2431 5415 et
2462 5372 2688 5433 pergant
2717 5376 2875 5435 atque
2905 5369 3239 5422 circumeant
3272 5376 3524 5436 terram,
3556 5381 3607 5426 et
3643 5367 3845 5424 deseri-

2232 5455 2507 5521 bautheatn
2536 5457 2686 5524 juxta
2722 5473 3003 5514 numerum
3048 5459 3502 5534 uniusCojnsque
3538 5457 3848 5519 multitudi-

2231 5550 2363 5604 nis:
2408 5549 2754 5620 referantque
2800 5553 2867 5606 ad
2911 5552 3170 5623 mequod
3210 5551 3660 5625 descripserint.
3711 5551 3853 5609 Divi-

2225 5642 2338 5697 ditc
2378 5642 2531 5699 vobis
2573 5651 2775 5698 terram
2818 5642 2872 5697 in
2907 5654 3118 5711 septem
3164 5653 3359 5718 partes
3408 5663 3423 5700 :
3474 5646 3656 5704 Iudas
3697 5647 3772 5703 sit
3803 5642 3855 5701 in

2302 5786 2375 5796 —
2392 5756 2619 5810 Palatio.
2636 5772 2792 5821 mss.,
2818 5756 2970 5812 Alma
2987 5774 3004 5813 :
3023 5757 3272 5826 Urbinas,
3294 5759 3565 5818 Amatha.
3594 5762 3857 5821 lit-braiee

2243 5836 2326 5882 est
2363 5836 2560 5888 mann.
