4098 6366
386 323 487 383 495

1789 320 1994 382 LIBER
2033 322 2271 382 JOSUE.

3575 336 3679 392 ιρι

380 437 635 492 terminis
666 436 778 492 suis
803 437 872 491 ab
900 437 1130 493 australi
1165 439 1344 510 plaga,
1371 448 1426 495 et
1452 439 1646 495 domus
1675 440 1876 512 Joseph
1908 441 1975 495 ab
2008 449 2049 506 Α
2083 439 2259 492 Aralta
2285 449 2338 493 ct
2361 439 2664 496 Semaraim
2699 451 2750 496 et
2785 443 3017 499 Beth-El
3044 453 3096 500 et
3127 445 3284 501 Avim
3311 456 3368 504 et
3387 447 3676 521 Apliphara

381 531 654 600 aquilone.
687 531 918 586 Mediam
949 531 1092 586 inter
1117 531 1214 586 hos
1245 541 1444 588 terram
1477 533 1531 588 in
1555 541 1762 604 septem
1791 541 1977 603 partes

380 625 678 680 describite
709 625 787 698 [h.
823 626 930 680 Vos
960 642 1092 682 vero
1126 637 1324 681 terram
1356 627 1408 682 in
1434 635 1644 695 septem
1672 637 1859 698 partes
1887 627 1980 681 dc-

377 715 620 787 scribhe]
657 733 670 769 :
703 724 757 770 et
784 715 888 771 huc
915 717 1153 773 venietis
1184 717 1250 771 ad
1290 733 1404 784 me,
1445 730 1495 772 ιιι
1531 733 1715 774 coram
1752 718 1982 772 Domino

379 810 493 865 Deo
524 819 711 866 vestro
741 812 955 866 mittam
1000 812 1154 868 vobis
1188 813 1275 867 hic
1305 821 1514 867 sortem
1535 856 1547 877 ,
1581 813 1708 880 quia
1755 827 1862 867 non
1896 823 1982 867 est

377 904 524 959 inter
554 919 649 958 vos
685 919 809 974 pars
842 904 1148 959 Levitarum
1173 947 1187 966 ,
1225 904 1322 960 sed
1355 905 1720 960 sacerdotium
1767 903 1981 959 Domini

377 1006 460 1051 est
512 1011 703 1051 eorum
753 995 1067 1053 hzereditas.
1125 996 1240 1052 Gad
1290 1005 1474 1052 autem
1527 1005 1584 1051 et
1637 996 1872 1060 Ruben,
1925 1002 1982 1050 et

378 1088 601 1144 dimidia
628 1089 800 1146 tribus
826 1090 1093 1155 Manasse,
1117 1090 1227 1160 jam
1251 1101 1581 1161 acceperunt
1604 1091 1983 1160 possessiones

376 1197 505 1236 suas
543 1191 692 1236 trans
731 1182 1026 1238 Jordanem
1066 1182 1132 1238 ad
1171 1183 1497 1239 orientalem
1544 1185 1755 1254 plagam
1792 1203 1804 1238 :
1847 1199 1983 1255 quas

376 1271 533 1330 dedit
570 1274 654 1329 eis
681 1274 861 1330 Moses
886 1275 1119 1330 famulus
1149 1276 1386 1351 Domini.
1421 1276 1502 1348 [Β.
1541 1275 1781 1347 XXVIM
1814 1277 1984 1330 Com-

375 1383 483 1437 que
511 1367 886 1423 surrexissent
912 1368 1044 1433 viri,
1073 1381 1129 1423 ut
1154 1379 1448 1439 pergerent
1474 1369 1540 1424 ad
1565 1369 1982 1424 describendam

378 1469 609 1524 terram,
641 1460 902 1529 prmcepit
924 1461 1008 1515 eis
1028 1460 1217 1529 Josue,
1247 1461 1438 1518 dicens
1465 1481 1478 1516 :
1515 1462 1756 1518 Circuite
1781 1473 1982 1518 terram

375 1559 434 1606 et
451 1552 750 1607 describite
782 1567 928 1618 eam,
961 1567 1024 1607 ac
1055 1553 1398 1607 revertimini
1435 1554 1502 1608 ad
1536 1569 1644 1620 me,
1679 1562 1738 1607 ut
1773 1553 1864 1608 hic
1890 1569 1987 1608 co-

379 1663 496 1702 ram
528 1647 758 1701 Domino
786 1654 836 1713 δ,
863 1647 916 1701 in
946 1646 1086 1714 Silo,
1117 1647 1326 1701 mittam
1356 1647 1514 1702 vobis
1541 1656 1767 1703 sortem.
1801 1645 1987 1717 itaque

377 1750 784 1810 perrexerunt,
828 1747 884 1794 et
925 1739 1230 1796 lustrantes
1261 1755 1416 1810 eam,
1462 1742 1515 1794 in
1559 1750 1769 1810 septem
1805 1750 1988 1810 partes

2084 542 2139 585 et
2161 533 2365 602 Ophra,
2397 533 2533 589 Villa
2567 535 2772 592 Emona
2800 545 2854 592 et
2879 535 3060 608 Opimi
3089 548 3144 595 et
3171 539 3357 598 Gabee
3389 560 3404 598 :
3434 545 3685 602 civitates

2084 624 2388 690 duodecim,
2413 634 2469 684 et
2492 628 2634 684 villae
2656 645 2864 686 carum.
2889 630 3111 688 Gabaon
3134 644 3186 689 et
3210 634 3378 692 Rama
3404 647 3456 693 et
3481 638 3683 695 Beroui

2085 725 2140 771 et
2168 717 2418 788 Mesphe,
2446 720 2695 789 Caphera
2723 733 2778 777 et
2803 723 3057 781 Ammosa
3087 737 3139 783 et
3169 726 3367 786 Recem
3389 774 3404 797 ,
3427 729 3684 803 Jarephei

2085 817 2141 862 et
2172 807 2428 872 Tharaia.
2463 821 2520 868 et
2547 812 2696 880 Scia,
2736 815 2929 884 Eleph,
2958 825 3010 872 et
3039 817 3229 889 Jehus,
3262 836 3384 892 quae
3415 830 3501 879 est
3526 824 3684 880 Jeru-

2083 900 2278 962 salem.
2306 902 2576 971 Gabaath,
2600 906 2817 963 Cariath
2849 927 2859 961 :
2894 911 3148 968 civitates
3173 915 3586 984 quatuor-decim
3630 926 3687 973 et

2089 994 2236 1048 villae
2267 1011 2468 1052 earnm.
2519 999 2643 1055 lizec
2686 1009 2775 1056 est
2815 1002 3092 1070 possessio
3125 1003 3355 1060 ﬁliorum
3389 1005 3680 1076 Benjamin

2080 1085 2233 1156 juxta
2267 1087 2500 1145 fainiiias
2530 1107 2682 1151 suas.

2161 1179 2242 1251 [(3.
2295 1180 2559 1252 LXXXV,
2611 1186 2740 1256 Cap.
2795 1183 2962 1257 XlX.[
3021 1185 3091 1242 Et
3144 1202 3362 1260 egressa
3430 1199 3512 1246 est
3564 1207 3686 1248 sors

2088 1273 2322 1327 secunda
2345 1274 2578 1330 ﬁliorum
2606 1276 2825 1332 Simeon
2855 1293 2952 1347 per
2978 1282 3334 1346 cognationes
3360 1296 3488 1337 suas
3517 1303 3530 1336 ε
3560 1283 3693 1338 iuit-

2089 1381 2196 1436 que
2223 1366 2515 1425 lia-reditas
2545 1385 2736 1426 eorum
2765 1372 2820 1427 iu
2853 1372 3030 1430 medio
3060 1375 3426 1445 possessionis
3449 1378 3684 1433 ﬁliorum

2089 1458 2224 1516 Juda
2255 1479 2268 1514 :
2303 1462 2615 1519 Ber-Sabee
2649 1475 2704 1519 et
2733 1466 2914 1522 Sabee
2942 1474 2998 1520 et
3035 1467 3241 1522 Molada
3277 1477 3331 1522 et
3361 1470 3653 1527 Aser-Sual
3673 1513 3687 1536 ,

2091 1553 2218 1608 Bala
2251 1565 2306 1610 et
2336 1558 2498 1612 Asem
2527 1567 2583 1612 et
2608 1558 2882 1630 Elthoiadv,
2913 1559 3106 1615 Bethul
3127 1571 3179 1614 et
3201 1560 3362 1616 Arma
3392 1571 3448 1617 et
3473 1547 3690 1633 Sicelcg

2090 1655 2145 1701 et
2177 1645 2691 1704 Belli-Marchalioth
2720 1660 2774 1705 et
2801 1650 2940 1707 Aser
2959 1652 3096 1708 Susa
3126 1665 3176 1710 et
3211 1653 3345 1710 Beth
3369 1654 3612 1712 Lebaonh
3637 1667 3694 1714 et

2091 1741 2294 1796 Sareon
2337 1757 2350 1797 :
2399 1742 2656 1800 civitates
2697 1745 2952 1801 tredecim
3007 1757 3060 1802 ct
3098 1748 3245 1803 villa:
3291 1765 3500 1805 earum.
3549 1751 3689 1818 Ain,

377 1835 711 1900 diviserunt,
741 1834 1047 1890 scribentes
1081 1835 1134 1889 in
1159 1835 1459 1891 volumine.
1486 1835 1828 1905 Reversique
1857 1844 1986 1890 sunt
2015 1855 2062 1916 Β
2092 1832 2392 1899 Remmon,
2419 1843 2476 1891 et
2503 1837 2696 1905 Athar,
2746 1823 2806 1893 et
2829 1838 2973 1894 Asan
3007 1856 3022 1894 :
3069 1840 3319 1897 civitates
3358 1852 3595 1912 quatuor
3636 1852 3692 1896 et

377 1928 447 1982 ad
482 1926 649 1983 Josue
686 1928 739 1981 in
787 1938 969 1983 castra
1005 1927 1141 1984 Silo.
1190 1928 1270 2000 [(3.
1317 1927 1629 2000 LXXXlll.]
1681 1927 1786 1995 Qui
1834 1930 1983 1984 misit

379 2031 562 2077 sortes
605 2036 790 2076 coram
841 2022 1076 2077 Domino
1125 2025 1176 2078 in
1226 2023 1378 2088 Silo,
1435 2023 1736 2094 dividitque
1779 2033 1978 2079 terram

384 2113 512 2169 filiis
535 2114 706 2171 Israel
740 2119 792 2170 in
821 2128 1030 2186 septeni
1063 2131 1244 2186 partes
1279 2118 1355 2188 [h.
1384 2118 1533 2187 juxta
1565 2117 1865 2173 divisiones
1891 2134 1982 2172 ea-

382 2206 550 2280 rum].
585 2210 653 2263 Et
678 2210 926 2266 ascendit
957 2226 1076 2265 sors
1107 2211 1278 2280 prima
1309 2210 1544 2266 ﬁliorum
1576 2211 1854 2281 Benjamin
1886 2227 1982 2281 per

377 2302 614 2360 familias
635 2320 787 2368 snas,
818 2315 877 2358 ut
901 2305 1250 2376 possiderent
1279 2313 1482 2360 terram
1514 2303 1700 2378 [ναις.
1737 2313 1836 2358 (ac.
1869 2315 1978 2358 ter-

377 2397 522 2469 ram]
553 2398 705 2454 inter
737 2398 878 2453 ﬁlios
907 2397 1044 2452 .luda
1077 2408 1133 2454 et
1171 2398 1312 2454 ﬁlios
1341 2397 1563 2467 Ioseph.
1601 2397 1832 2468 Fuitque
1866 2406 1977 2452 ter-

376 2492 555 2546 minus
580 2506 774 2546 eorum
800 2502 990 2545 contra
1014 2490 1322 2562 aquilonem
1351 2491 1419 2543 ah
1442 2490 1681 2546 Jordane
1706 2509 1718 2543 :
1747 2506 1979 2558 pergens

368 2584 524 2653 juxta
570 2584 714 2639 latus
743 2583 968 2639 Jrricho
1011 2584 1461 2653 septentrionalis
1501 2584 1713 2653 blagtn,
1759 2593 1814 2637 ct
1855 2583 1978 2638 inde

373 2686 563 2731 contra
595 2676 945 2732 occidentem
972 2675 1036 2729 ad
1063 2686 1320 2730 montana
1347 2675 1747 2742 conscendens,
1779 2683 1831 2729 et
1855 2689 1981 2744 per-

373 2770 673 2826 veniensin
691 2770 1039 2826 solitudinem
1063 2770 1400 2834 Beth-Aven,
1421 2780 1582 2840 atque
1608 2768 1978 2838 pertransiens

366 2865 524 2935 juxta
548 2865 749 2920 Luzam
773 2865 838 2919 ad
871 2865 1180 2930 meridiem,
1208 2864 1320 2934 ipsa
1344 2872 1429 2919 est
1451 2863 1674 2918 Beth-Ei
1708 2879 1720 2916 :
1745 2861 1978 2916 descen-

373 2960 564 3031 ditque
591 2961 646 3015 in
676 2959 1144 3026 Ataroth-Addar,
1180 2959 1231 3013 in
1263 2970 1503 3015 montem
1537 2959 1627 3029 qui
1657 2966 1740 3013 est
1769 2957 1835 3012 ad
1864 2972 1978 3013 me-

372 3054 572 3110 ridiem
603 3052 953 3110 Belli-Horon
981 3052 1281 3108 inferioris.
1313 3053 1377 3107 Et
1407 3051 1700 3107 inclinatur
1741 3051 1976 3104 circum-

373 3150 496 3204 iens
543 3159 738 3204 contra
787 3163 935 3202 mare
961 3146 1029 3202 ad
1062 3146 1350 3202 meridiem
1380 3145 1579 3201 montis
1610 3145 1700 3215 qui
1754 3146 1976 3210 respicit

2087 1925 2230 1981 villa:
2269 1941 2458 1981 earnm
2503 1945 2515 1981 :
2561 1943 2755 1984 omnes
2801 1931 2962 1985 viculi
3003 1946 3102 2000 per
3141 1933 3429 1988 circuitum
3475 1933 3690 1989 urbium

2084 2017 2309 2070 istarum
2333 2032 2501 2087 usque
2523 2018 2588 2073 ad
2620 2017 2984 2075 Balath-Beer
3011 2019 3242 2076 Ramath
3268 2031 3459 2076 contra
3483 2033 3693 2078 austra-

2083 2109 2186 2164 lem
2211 2110 2440 2180 plagam.
2473 2111 2597 2166 llaec
2617 2122 2699 2167 est
2724 2113 3014 2168 inureditas
3039 2113 3270 2168 ﬁliorum
3295 2113 3515 2171 Simeon
3534 2113 3688 2186 juxta

2081 2204 2436 2274 cognationes
2465 2220 2614 2273 suas,
2648 2206 2700 2260 in
2727 2204 2976 2261 folliculo
3001 2218 3053 2262 et
3085 2210 3430 2274 possessione
3457 2209 3688 2265 ﬁliorum

2081 2296 2250 2364 Juda,
2283 2314 2403 2367 quae
2437 2299 2612 2368 major
2653 2306 2793 2354 erat.
2843 2300 2907 2353 Et
2950 2300 3152 2355 idcirco
3193 2301 3553 2370 possederunt
3590 2301 3690 2356 ﬁlii

2081 2387 2305 2443 Simeon
2343 2390 2393 2441 in
2429 2390 2608 2443 medio
2639 2389 2972 2446 haereditatis
3001 2406 3213 2447 eorum.
3255 2392 3333 2464 [(3.
3370 2391 3690 2466 LXXXVI.]

2081 2482 2290 2537 Cecidit
2340 2498 2556 2552 quoque
2612 2498 2732 2538 sors
2790 2486 2947 2538 tertia
3007 2485 3237 2538 ﬁliorum
3293 2484 3533 2541 Zabulon
3595 2502 3691 2556 per

2080 2576 2436 2647 cognationes
2467 2593 2615 2644 suas,
2648 2586 2703 2632 et
2731 2577 2902 2632 lactus
2928 2586 3011 2634 est
3034 2580 3307 2634 terminus
3333 2581 3694 2649 posses<ionis

2079 2683 2268 2724 corum
2303 2685 2473 2740 usque
2503 2670 2683 2725 Sarid.
2717 2669 3086 2740 Ascenditque
3111 2669 3180 2725 de
3211 2672 3345 2725 mari
3379 2681 3433 2726 et
3465 2671 3688 2736 Maraia,

2079 2771 2133 2816 et
2165 2764 2420 2832 pervenit
2453 2763 2504 2816 in
2535 2761 2852 2818 Debbaseth
2879 2801 2895 2830 ,
2939 2763 3219 2837 usquead
3263 2773 3560 2819 torrentem
3602 2751 3696 2835 qni

2079 2866 2162 2912 est
2188 2867 2378 2912 contra
2409 2855 2722 2912 Jecennam.
2772 2857 2837 2912 Et
2881 2859 3173 2912 revertitur
3213 2857 3280 2912 de
3311 2858 3468 2914 Sarid
3500 2869 3689 2914 eontra

2078 2949 2349 3005 orientem
2384 2949 2435 3002 in
2469 2948 2605 3006 ﬁnes
2626 2948 3191 3015 Cheseletli-Thabor,
3216 2960 3269 3007 et
3293 2950 3600 3022 egredietur
3621 2952 3688 3008 ad

2082 3042 2342 3110 Dabrath,
2361 3043 2714 3115 ascenditque
2736 3053 2923 3100 contra
2940 3046 3152 3114 Japhie.
3173 3045 3240 3101 Et
3255 3045 3378 3101 inde
3398 3046 3691 3117 pertransit

2078 3132 2262 3206 [Vulg.
2297 3135 2422 3190 add.
2471 3135 2679 3208 usque]
2728 3136 2793 3192 ad
2843 3136 3175 3192 Orientalcm
3232 3138 3442 3210 plagam
3486 3139 3688 3195 Getha—

372 3241 725 3298 Beth-Horon
755 3252 946 3296 contra
978 3240 1217 3295 Alricum
1255 3256 1267 3292 :
1301 3249 1534 3309 suntque
1565 3238 1744 3292 exitus
1773 3236 1888 3305 ejus
1919 3235 1972 3290 in
2006 3243 2052 3308 ς
2084 3227 2284 3297 Ephel'.
2317 3227 2628 3283 [lita-cast"
2655 3269 2668 3292 .
2703 3235 2759 3282 (δι
2787 3228 3099 3299 egredietur
3145 3229 3196 3283 itt
3229 3229 3518 3286 Remmott.
3561 3233 3688 3287 Am-

371 3335 789 3406 Cariath-Baal,
824 3351 943 3407 qua:
974 3347 1198 3391 vocatur
1227 3345 1281 3390 et
1311 3333 1757 3397 Cﬁi‘iﬂlh-Jat'lili,
1791 3332 1980 3386 urbem

373 3427 610 3483 ﬁliorum
641 3427 800 3483 Juda.
822 3429 949 3484 Haac
975 3436 1059 3484 est
1094 3428 1249 3498 plaga
1281 3435 1469 3482 contra
1502 3442 1672 3492 mare,
1706 3435 1760 3481 et
1792 3424 1980 3498 [Vulg.

371 3519 465 3592 ad]
500 3521 867 3576 occidentem.
900 3522 941 3575 A
977 3520 1208 3575 meridie
1238 3529 1418 3574 antem
1451 3535 1517 3575 ex
1553 3527 1705 3588 parte
1733 3517 1984 3573 Cariath-

368 3615 540 3671 Jarim
574 3616 856 3685 egreditur
882 3616 1151 3670 terminus
1193 3627 1389 3669 contra
1424 3629 1575 3669 mare
1600 3655 1614 3678 ,
1648 3623 1701 3667 et
1731 3611 1982 3682 pervenit

371 3723 544 3780 usque
563 3709 633 3764 ad
658 3709 861 3765 inuitem
884 3724 1148 3779 aquarum
1172 3707 1481 3779 Nephthoa.
1504 3706 1905 3776 Descenditque
1928 3706 1980 3760 in

372 3816 582 3874 partem
615 3804 818 3860 montis
839 3804 932 3874 qui
966 3803 1194 3874 reapicit
1221 3803 1425 3858 Vallem
1455 3800 1697 3856 ﬁliorum
1724 3799 1932 3854 Eunoni
1964 3816 1978 3854 :

369 3909 432 3952 et
472 3909 559 3952 est
605 3907 800 3952 contra
842 3895 1332 3967 septentrionalem
1379 3894 1592 3964 plagam
1642 3893 1692 3945 in
1735 3900 1978 3946 extrema

371 4001 532 4061 parte
562 3990 728 4046 Vallis
759 3989 915 4060 Raph
937 3991 1052 4044 uim.
1094 3988 1499 4057 Descenditque
1537 3988 1586 4039 in
1617 3984 1973 4050 Gc-Ennom,

373 4085 431 4137 id
460 4091 560 4150 est,
600 4082 768 4140 Vallis
800 4082 990 4137 Ennon
1017 4083 1098 4153 [h.
1130 4097 1237 4136 non
1265 4078 1448 4150 habet]
1471 4078 1624 4148 jtma
1653 4080 1792 4130 latus
1815 4074 1978 4130 Jcbu-

369 4178 468 4234 smi
490 4177 558 4234 ad
582 4190 830 4232 austrum
857 4194 871 4232 ε
899 4186 953 4232 cl
978 4176 1232 4246 pervenit
1252 4173 1318 4228 ad
1350 4173 1552 4228 fontem
1583 4171 1775 4237 Rogrl,
1803 4179 1980 4223 trans-

373 4273 494 4328 iens
538 4273 607 4327 ad
649 4273 989 4342 aquilonem,
1030 4281 1084 4326 et
1124 4268 1413 4340 egrediens
1443 4267 1510 4323 ad
1547 4265 1891 4332 En-Semes,
1923 4264 1980 4317 id

374 4377 472 4434 est,
500 4369 693 4436 fontem
725 4365 870 4422 Solis
899 4365 976 4438 [ιι.
1008 4380 1116 4418 non
1153 4361 1374 4432 habet]:
1409 4373 1461 4418 et
1493 4359 1784 4429 pertransit
1811 4372 1980 4426 usque

369 4458 440 4513 ad
474 4459 736 4527 tumulos,
765 4458 856 4529 qui
887 4468 1014 4512 sunt
1037 4471 1068 4511 e
1090 4455 1315 4524 regione
1337 4466 1616 4512 ascensus,
1643 4450 1934 4506 Adommin
1959 4462 1974 4502 :

368 4553 769 4623 descenditque
808 4551 876 4607 ad
916 4550 1248 4606 Abeu-Boen
1272 4591 1286 4616 ,
1337 4549 1390 4603 id
1428 4556 1525 4611 est,
1565 4545 1796 4616 lapidem
1833 4543 1977 4598 Boen

2086 3320 2266 3386 tltoar,
2315 3326 2484 3376 Anea.
2520 3321 2585 3376 Et
2615 3322 2862 3378 circumit
2904 3328 2966 3376 ad
3001 3326 3310 3391 aquilonem
3344 3326 3634 3383 Annathon
3673 3350 3686 3385 :

2083 3425 2320 3483 suntque
2364 3429 2616 3486 egressus
2655 3415 2774 3483 ejus
2821 3415 2989 3470 Vallis
3032 3415 3354 3486 Jepbta—El,
3400 3428 3455 3475 et
3495 3419 3687 3478 Cateth

2084 3517 2136 3561 et
2177 3505 2357 3562 Nealal
2402 3518 2456 3562 et
2497 3507 2725 3564 Semron
2759 3519 2812 3563 et
2852 3508 3042 3564 .lcdala
3084 3517 3138 3565 et
3187 3509 3513 3569 Beth-Leem
3551 3532 3563 3567 :
3612 3515 3692 3569 ci-

2084 3601 2278 3654 vitales
2325 3599 2606 3655 duodecim
2657 3609 2711 3656 et
2759 3602 2904 3655 vitim
2933 3617 3139 3656 earnm.
3182 3601 3307 3658 Haec
3336 3615 3421 3660 est
3463 3605 3692 3662 haeredi-

2085 3702 2164 3746 tas
2211 3691 2385 3746 tribus
2420 3692 2652 3746 ﬁliorum
2696 3687 2938 3747 Zabuiou
2989 3711 3084 3761 per
3124 3697 3479 3764 cognationes
3521 3713 3684 3765 suas,

2085 3784 2244 3838 urbes
2300 3795 2356 3840 et
2389 3783 2549 3840 viculi
2603 3799 2811 3840 earum.
2869 3781 2960 3858 [C.
3022 3781 3378 3860 LXXXVIII]
3444 3789 3693 3846 lssachar

2080 3892 2295 3947 egressa
2323 3887 2405 3931 est
2427 3892 2548 3933 sors
2565 3886 2754 3947 quarta
2779 3892 2875 3947 per
2891 3882 3250 3948 cognationes
3274 3896 3424 3936 suas.
3456 3879 3687 3954 Fuitque

2083 3973 2204 4042 ejus
2254 3971 2547 4028 haereditas
2593 3972 2670 4044 [Ιι.
2705 3972 3015 4043 terminus[,
3041 3973 3286 4030 Jezraeia
3317 3985 3370 4031 et.
3397 3976 3686 4033 Cliasaloth

2083 4073 2136 4117 ct
2173 4066 2375 4120 Snnem
2405 4074 2459 4120 et
2492 4065 2775 4136 Aphraim,
2816 4065 2980 4133 Seon,
3032 4077 3086 4121 et
3132 4065 3406 4122 Anaarath
3445 4078 3502 4125 et
3542 4068 3684 4125 Ral»-

2082 4159 2194 4215 bith
2229 4169 2285 4216 et
2312 4160 2530 4226 Cesion,
2568 4157 2735 4226 Abes,
2765 4170 2820 4213 et
2867 4160 3116 4224 itatueth,
3149 4171 3202 4215 et
3232 4161 3597 4227 En-Gannim,
3625 4177 3676 4218 et

2085 4255 2383 4322 Eri-Adda,
2433 4266 2487 4310 et
2545 4253 2936 4310 Beth-Pheses.
2995 4255 3061 4308 Et
3113 4257 3356 4322 pervenit
3411 4259 3676 4313 terminus

2081 4348 2200 4417 ejus
2222 4362 2395 4417 usque
2419 4345 2638 4401 Thabor
2659 4327 2966 4401 etseesima
2987 4353 3037 4400 et
3060 4344 3421 4402 Beth-Semes
3445 4365 3458 4401 :
3486 4359 3671 4402 erunt-

2082 4457 2186 4510 que
2215 4442 2394 4496 exitus
2423 4441 2542 4510 ejus
2589 4439 2841 4496 Jordanis
2876 4457 2888 4492 :
2923 4439 3178 4496 civitates
3206 4441 3441 4496 sedecim
3482 4451 3537 4497 et
3581 4445 3680 4497 vil-

2084 4533 2148 4588 lat:
2178 4549 2386 4590 earum.
2419 4533 2545 4588 llaec
2582 4543 2665 4587 est
2697 4535 2971 4601 possessio
3012 4531 3243 4585 ﬁliorum
3289 4531 3535 4588 lssachar
3580 4549 3676 4604 per

370 4644 449 4718 [ιι.
482 4661 590 4699 non
623 4642 804 4715 habet]
850 4643 943 4698 ﬁlii
987 4643 1217 4709 Ruben,
1259 4651 1312 4695 et
1356 4639 1651 4710 pertransit
1695 4653 1764 4692 ex
1809 4636 1978 4691 latere
2009 4629 2438 4705 "cognationes
2494 4639 2618 4680 suas
2651 4669 2665 4690 ,
2735 4625 2899 4679 urbes
2950 4633 3007 4679 et
3073 4624 3232 4718 viculi
3293 4642 3503 4680 earum.
3563 4626 3671 4699 [(3.

369 4738 646 4809 aquileiiis
672 4737 738 4792 ad
765 4735 1093 4806 campestria
1125 4753 1135 4786 :
1170 4732 1560 4801 descenditque
1585 4732 1636 4784 in
1663 4728 1966 4800 planitiem,

366 4843 426 4888 et
477 4832 927 4903 praetergreditur
987 4839 1181 4885 contra
1243 4829 1551 4898 aquilonem
1606 4824 1906 4894 Bcth-Agla
1953 4841 1966 4877 ε

363 4935 606 4995 suntque
633 4925 813 4980 exitus
839 4923 958 4992 ejus
983 4932 1172 4977 contra
1207 4921 1446 4990 linguam
1479 4919 1650 4974 maris
1680 4915 1968 4971 saisissimi

363 5017 435 5072 ab
466 5017 729 5089 aquilone
767 5016 820 5070 in
859 5017 963 5069 line
1003 5013 1258 5070 Jordanis
1289 5012 1352 5066 ad
1385 5012 1680 5066 australem
1719 5009 1969 5080 plagam,

362 5112 460 5181 qui
487 5122 574 5166 est
597 5111 864 5166 terminus
895 5109 1037 5164 illius
1065 5110 1132 5164 ab
1153 5109 1387 5164 oriente.
1433 5107 1560 5162 Haec
1586 5115 1668 5161 est
1691 5104 1967 5175 possessio

362 5203 607 5258 ﬁliorum
637 5202 921 5271 Benjamin
953 5217 1048 5270 per
1074 5201 1334 5256 terminos
1363 5214 1490 5253 suos
1524 5199 1576 5253 in
1609 5198 1880 5263 circuitu,
1913 5203 1970 5252 et

360 5295 604 5350 familias
632 5294 660 5333 ιι
687 5309 834 5350 suas.
870 5292 950 5365 [Ο.
986 5289 1298 5362 LXXXIV.]
1331 5290 1686 5361 Fueruntque
1719 5291 1968 5345 civitates

361 5390 506 5458 ejus,
556 5388 782 5445 Iericho
823 5399 878 5444 et
921 5386 1218 5456 Beth-Agla
1262 5395 1317 5441 et
1363 5385 1533 5441 Vallis
1583 5384 1756 5449 Casis,
1800 5382 1966 5438 Beth-

437 5559 463 5587 ει
499 5550 624 5604 Mss.
658 5564 830 5603 coram
857 5545 1082 5601 Domino
1115 5545 1258 5612 Deo;
1285 5543 1376 5600 sed
1411 5541 1670 5612 Hebrmus
1715 5558 1818 5596 non
1859 5540 1954 5612 ha-

359 5623 458 5678 bet
481 5635 670 5677 vocem
708 5618 832 5672 Deo.
863 5615 1088 5673 Nomina
1121 5609 1296 5671 autem
1332 5615 1424 5670 Dei
1451 5626 1504 5670 et
1533 5609 1744 5668 Domini
1773 5611 1953 5665 addita

358 5694 668 5763 Saepissime
704 5690 1054 5759 reperiuntur
1093 5691 1142 5744 in
1185 5688 1388 5763 Graecis
1427 5701 1488 5739 ae
1528 5684 1734 5763 Latinis
1774 5698 1958 5737 exeru-

359 5755 648 5832 plaribus;
698 5755 816 5830 qua:
861 5772 1130 5832 tamquam
1176 5758 1448 5829 snpcriiua
1496 5755 1733 5813 radenda
1775 5763 1958 5810 monet

358 5835 422 5892 S.
459 5837 838 5904 Hieronymus.
874 5833 1046 5888 MART.

2082 4718 2440 4790 LXXXVIII.]
2470 4718 2789 4786 Ceciditque
2835 4731 2957 4772 sors
3001 4717 3187 4787 quinta
3244 4717 3406 4773 tribui
3438 4719 3671 4776 ﬁliorum

2081 4819 2220 4872 Aser
2253 4830 2348 4885 per
2376 4811 2729 4884 cognationes
2785 4826 2955 4866 suas:
2992 4809 3199 4882 fuitque
3257 4811 3523 4868 terminus
3581 4829 3671 4868 e0-

2079 4925 2195 4964 rnm
2229 4907 2418 4962 Alcath
2451 4914 2506 4960 et
2532 4903 2651 4960 Oaii
2681 4914 2737 4958 et
2769 4903 2930 4958 Beten
2953 4915 3006 4958 et
3032 4901 3252 4972 Axaph,
3310 4903 3586 4960 Eimeiech
3617 4919 3671 4962 et

2077 5000 2279 5058 Amaad
2303 5010 2357 5056 et
2385 4999 2605 5065 Messai,
2657 5007 2712 5052 et
2759 4997 3006 5067 pervenit
3055 5012 3226 5066 usque
3270 4997 3335 5053 ad
3362 4998 3670 5054 Carmeium

2078 5098 2242 5152 maris
2263 5105 2311 5150 et
2349 5095 2497 5157 Sior,
2521 5091 2825 5147 Lahanatii.
2851 5090 2928 5144 Ac
2955 5090 3246 5145 revertitur
3277 5102 3465 5145 contra
3490 5092 3672 5148 orien-

2079 5199 2183 5246 tem
2233 5186 2609 5257 Beth-Dagou,
2648 5194 2703 5240 et
2752 5183 3047 5254 pertransit
3090 5198 3258 5254 usque
3315 5183 3558 5240 Zabulon
3615 5193 3671 5240 et

2077 5284 2286 5341 Vallem
2313 5279 2638 5350 .ieplitha—El
2667 5289 2856 5333 contra
2891 5277 3204 5349 aquilonem
3241 5279 3292 5332 in
3327 5277 3666 5336 Beth-Emec

2079 5389 2132 5434 ct
2177 5375 2390 5433 Nehiei.
2452 5372 2849 5444 Egrediturque
2911 5370 2976 5425 ad
3040 5371 3228 5424 laevam
3295 5367 3549 5438 Ciuibui,
3616 5381 3671 5428 et

2135 5568 2207 5579 —
2235 5534 2450 5590 Addunt
2476 5532 2636 5588 iidem
2659 5546 2758 5587 ms.
2800 5529 2906 5585 Deo
2944 5543 2964 5582 :
2999 5529 3095 5586 sed
3136 5527 3371 5588 Urbinas
3401 5538 3667 5600 praeterea

2081 5627 2089 5648 l

2081 5627 2089 5648 ι

2063 5619 2374 5734 tesimi’aiat.
2424 5692 2642 5748 quoque
2673 5677 2878 5733 nostris
2923 5689 3054 5732 ιιιιιι.
3102 5674 3334 5745 singulas
3371 5673 3528 5730 habet
3564 5686 3662 5742 pro

2065 5769 2204 5817 suas,
2239 5750 2430 5808 eodem
2464 5764 2646 5806 sensu.
