3956 6338
393 338 502 396 495

1410 317 1470 375 S.
1512 307 1888 372 IIIERONYIiI
1932 302 2161 363 DIVINA
2202 301 2673 363 BIISLIOTIIECA.

3576 290 3688 350 496

400 465 424 491 τι
460 452 671 510 Acltrau
705 447 781 521 [In
817 440 1058 514 ﬂebron]
1089 446 1146 495 et
1172 435 1328 493 Roob
1358 442 1414 489 et
1456 433 1685 488 Ammon
1736 439 1790 485 et
1817 428 1984 493 Cane,
2015 423 2067 483 A
2095 437 2203 477 non
2229 423 2443 478 tradent
2472 423 2523 477 in
2550 434 2740 476 manus
2769 416 2888 489 ejus
2918 432 2931 472 :
2958 414 3082 485 quia
3112 413 3365 486 ignorans
3393 409 3687 512 percussit,

400 561 574 619 usque
604 542 671 598 ad
691 520 947 598 Sidonem
979 546 1252 604 magnam.
1288 526 1709 595 Revertiturque
1740 523 1791 575 in
1825 520 1989 575 Orma

404 656 575 712 usque
597 637 662 693 ad
687 635 959 691 civitatem
1013 623 1434 683 munitissimam
1484 620 1714 691 Tyrum,
1749 628 1797 671 et
1823 628 1993 683 usque

399 706 503 791 05a
535 750 548 787 :
585 737 853 798 eruntque
906 722 1092 779 exitus
1145 717 1264 787 ejus
1321 716 1372 768 in
1424 726 1575 767 mare
1629 710 1697 764 de
1752 706 1992 762 funiculo

401 823 666 891 Achziba,
696 796 967 876 ethmma
1016 820 1071 867 et
1100 811 1288 880 Aphec
1323 814 1380 861 et
1405 803 1561 860 Roob
1588 818 1603 858 :
1636 801 1888 857 civitates
1914 796 1993 851 vi-

399 919 532 992 ginti
571 916 691 972 dua:
720 925 773 969 et
811 911 952 965 villa:
981 920 1191 963 earum.
1250 901 1377 957 Haec
1424 910 1509 955 est
1539 895 1816 967 possessio
1852 893 1991 992 ﬁlio:

396 985 518 1071 rum
550 1013 687 1067 Aser
711 1022 807 1078 per
847 1002 1202 1073 cognationes
1251 1010 1397 1057 suas,
1425 994 1696 1062 urbesque
1742 998 1798 1043 et
1826 985 1989 1041 viculi

395 1122 580 1163 earum
605 1104 692 1176 [C.
722 1093 1035 1166 LXXXIX.]
1065 1092 1327 1148 Filiorum
1373 1084 1662 1156 Nephthali
1687 1091 1837 1176 sexta
1861 1094 1990 1176 sors

394 1198 592 1258 cecidit
607 1170 712 1268 per
728 1192 960 1249 familias
977 1201 1123 1254 suas,
1142 1196 1195 1240 et
1222 1183 1387 1251 coapit
1403 1179 1666 1236 terminus
1691 1174 1760 1230 de
1781 1170 1989 1242 lleleplt

397 1306 454 1352 et
487 1295 624 1350 Elon
667 1290 721 1345 in
774 1283 1059 1349 Sananim,
1092 1289 1147 1336 et
1182 1277 1400 1343 Adami,
1440 1290 1561 1346 qua:
1591 1282 1673 1328 est
1699 1269 1904 1336 Neceb,
1933 1275 1989 1323 et

393 1385 615 1444 Jebuael
647 1395 822 1452 usque
850 1378 1077 1439 Lccum,
1124 1381 1180 1428 et
1222 1383 1473 1440 egressus
1502 1379 1691 1420 eorum
1723 1376 1893 1432 usque
1921 1358 1988 1414 ad

391 1480 688 1539 Iordanem
727 1494 739 1530 :
773 1470 1184 1537 revertiturqne
1216 1460 1478 1519 terminus
1517 1466 1707 1514 contra
1739 1453 1990 1510 occiden-

390 1586 498 1632 tem
525 1574 578 1629 in
612 1565 1063 1631 Aznot-Tbabor,
1099 1570 1261 1630 atque
1295 1555 1424 1612 inde
1456 1551 1732 1625 egreditur
1758 1549 1811 1605 in
1844 1547 1986 1604 Uco—

389 1686 475 1737 ea,
504 1676 558 1723 et
587 1660 883 1738 pertransit
912 1660 963 1713 in
988 1654 1231 1711 Zabulon
1266 1660 1456 1706 contra
1486 1645 1793 1708 meridiem,
1846 1649 1903 1696 et
1930 1640 1986 1695 in

389 1735 528 1822 Aser
558 1735 750 1818 contra
810 1752 1177 1816 occidentem,
1226 1756 1280 1802 et
1329 1745 1383 1800 iu
1416 1741 1551 1798 Juda
1600 1738 1666 1794 ad
1693 1735 1985 1792 Iordanem

385 1866 573 1916 contra
596 1860 775 1911 ortum‘
800 1849 934 1905 solis
969 1865 982 1902 :
1009 1856 1065 1901 et
1094 1843 1283 1899 eivitat

389 1954 535 2020 dim,
558 1953 663 2007 Ser
705 1956 762 2002 et
786 1940 1065 2009 Ammath,
1102 1949 1154 1994 et
1186 1935 1421 1991 Reccath
1454 1942 1508 1988 et
1558 1924 1867 1985 Chenereth
1888 1965 1902 1991 ,
1934 1930 1987 1977 et

385 2017 587 2103 Edema
621 2049 676 2098 ct
720 2041 939 2103 Arama,
972 2034 1134 2096 Asnr,
1190 2039 1243 2085 et
1290 2025 1468 2083 Cedcs
1496 2032 1551 2079 et
1577 2020 1760 2085 Edrai,
1792 2026 1848 2074 et
1880 2017 1983 2071 En-

385 2138 547 2202 Asor,
572 2143 630 2190 et
657 2133 825 2189 Jeron
851 2137 905 2184 et
935 2122 1263 2196 Magdal-El,
1314 2121 1513 2174 Ilarem
1561 2126 1617 2173 et
1639 2109 1983 2169 Betlt-Auath

384 2238 442 2287 et
470 2226 829 2284 Beth-Semes
861 2237 877 2275 :
913 2219 1161 2275 civitates
1193 2214 1384 2270 decem
1419 2219 1473 2266 et
1511 2222 1727 2271 novem,
1764 2202 1983 2260 etvilla:

386 2337 599 2379 earum.
657 2318 784 2373 Ilaec
814 2323 896 2371 est
927 2309 1205 2384 possessio
1235 2306 1409 2361 tribus
1438 2303 1668 2357 ﬁliorum
1693 2295 1983 2368 Nephthali

385 2434 486 2490 per
501 2414 1020 2486 coguationessnas,
1048 2404 1209 2459 urbes
1232 2409 1287 2456 et
1308 2397 1468 2454 viculi
1492 2410 1703 2451 earum.
1730 2392 1811 2465 [C.
1843 2388 1981 2462 XC.]

386 2509 580 2568 Tribui
627 2507 864 2562 ﬁliorum
911 2501 1025 2555 Dan
1072 2514 1167 2569 per
1197 2494 1433 2551 familias
1464 2506 1592 2547 suas
1633 2502 1848 2559 egressa
1899 2492 1985 2540 est

389 2618 513 2661 sors
535 2600 786 2671 septima,
818 2604 874 2651 et
912 2592 1014 2649 fuit
1039 2588 1306 2645 terminus
1330 2581 1695 2655 possessionis
1722 2579 1838 2649 ejus
1877 2576 1982 2632 Sa-

382 2715 478 2756 raa
505 2705 561 2752 et
593 2670 838 2757 Esthaol,
883 2698 936 2745 et
956 2684 1298 2747 Air—Semes,
1321 2680 1375 2735 id
1402 2688 1495 2743 est,
1529 2677 1707 2731 civitas
1736 2671 1876 2729 Solis
1898 2670 1978 2742 [lt.

390 2808 501 2847 non
533 2787 742 2859 habet].
797 2780 1019 2842 Selebiu
1066 2786 1120 2833 et
1146 2774 1340 2845 Ajalon
1377 2782 1427 2826 et
1480 2769 1712 2836 Jethela,
1757 2766 1893 2859 Eleo
1928 2773 1982 2818 ct

376 2856 717 2941 Themnatha
763 2886 819 2933 et
864 2872 1104 2933 Aehron,
1161 2865 1415 2929 Elthece,
1463 2868 1519 2916 ct
1561 2856 1887 2915 Gebbethon
1926 2863 1981 2910 et

381 2974 645 3040 Baalatb,
703 2967 808 3025 Jud
855 2975 911 3022 et
967 2959 1316 3019 BenevBarac
1377 2962 1432 3008 et
1490 2950 1976 3040 Gelli-[tetntttont

384 3072 556 3143 Aqua:
584 3068 783 3125 let-con
816 3072 873 3119 et
909 3064 1149 3122 Arecon,
1204 3066 1327 3107 cum
1359 3045 1595 3104 termino
1625 3042 1735 3143 qui“
1758 3039 1981 3110 respicit

377 3134 616 3236 Joppen,
647 3170 701 3216 et
745 3156 864 3228 ipso
893 3154 1000 3209 ﬁne
1028 3145 1401 3206 concluditur.
1459 3138 1542 3212 [C.
1576 3134 1978 3236 XCI.]_Ascen-

376 3261 683 3328 deruntque
711 3261 804 3307 [IIII
841 3261 985 3315 Dan,
1017 3261 1074 3301 el
1096 3261 1477 3313 pugnaverunt
1510 3261 1703 3289 UUllllu

379 3320 755 3424 ceperuntque
778 3357 923 3406 eam,
968 3347 1022 3393 et
1055 3336 1450 3407 percusserunt
1483 3327 1536 3381 iu
1566 3340 1662 3380 ore
1692 3320 1880 3393 gladii,
1913 3332 1975 3373 ac

376 3443 765 3516 possederunt,
797 3445 850 3492 et
870 3431 1258 3489 habitaverunt
1287 3426 1340 3481 in
1381 3440 1467 3490 cn,
1494 3428 1754 3516 vocantes
1778 3427 1974 3469 nomen

382 3510 502 3608 ejus
527 3531 870 3591 Lesem-Dan
915 3525 993 3599 ]h.
1035 3529 1292 3579 vocantes
1339 3510 1730 3581 Lesem-Dan].
1785 3523 1853 3563 ex
1882 3521 1976 3561 no-

383 3602 535 3687 mine
570 3629 684 3683 Dan
714 3623 884 3696 patris
917 3620 1022 3676 sui.
1054 3618 1181 3672 Ilaec
1211 3622 1296 3669 est
1326 3608 1603 3683 possessio
1636 3604 1810 3661 tribus
1840 3602 1976 3655 ﬁlio-

290 3714 311 3726 ’
379 3739 502 3780 rum
528 3720 668 3783 Dan,
702 3695 798 3787 per
829 3711 1185 3783 cognationes
1214 3720 1363 3774 suas,
1395 3702 1560 3757 urbes
1605 3709 1659 3754 et
1681 3695 1847 3751 viculi
1886 3708 1976 3749 ea—

381 3830 527 3872 rum.
562 3809 648 3884 [C.
681 3807 865 3879 XCII]
887 3804 1130 3873 Cumque
1170 3798 1505 3868 complesset
1553 3800 1711 3884 sorte
1728 3787 1976 3884 dividere

380 3877 589 3963 terram
613 3877 969 3971 sittgttlisper
995 3895 1166 3950 tribus
1196 3905 1343 3955 suas,
1386 3886 1655 3942 dederunt
1687 3882 1782 3937 ﬁlii
1807 3877 1975 3934 Israel

378 3995 795 4072 possessionem
838 3988 1003 4045 Josue
1053 3985 1163 4039 ﬁlio
1209 3981 1325 4038 Non
1361 3981 1415 4034 in
1465 3975 1647 4033 medio
1690 3973 1797 4039 sui,
1825 3972 1975 4072 juxta

380 4064 714 4164 praeceptum
740 4081 981 4146 Domini,
1004 4077 1197 4134 urbem
1240 4088 1399 4144 quam
1430 4067 1746 4141 postulavit,
1778 4064 1978 4119 Tham-

379 4158 715 4240 hath-Seraa
733 4176 790 4231 in
803 4179 986 4229 monte
999 4166 1284 4239 Ephraim,
1299 4172 1355 4220 et
1370 4160 1660 4217 aediﬁcavit
1673 4158 1971 4221 civitatem,

294 4248 303 4253 θ
376 4271 749 4340 habitavitque
775 4268 829 4321 in
860 4279 945 4321 ea.
975 4262 1067 4317 Ihe
1097 4267 1225 4315 sunt
1251 4255 1637 4342 possessiones
1668 4264 1801 4321 quas
1828 4259 1977 4303 sorte

380 4369 689 4425 diviserunt
718 4362 945 4417 Eleazar
999 4353 1256 4410 sacerdos
1299 4358 1354 4406 et
1377 4349 1541 4404 Josue
1573 4347 1717 4400 ﬁlius
1746 4343 1890 4411 Non,
1922 4352 1976 4398 et

378 4460 655 4535 principes
703 4453 1057 4517 familiarum,
1091 4462 1156 4503 ac
1199 4444 1460 4501 tributum
1503 4440 1693 4507 Israel,
1734 4439 1787 4495 in
1834 4439 1971 4506 Silo,

378 4570 564 4612 coram
622 4550 856 4607 Domino
896 4545 965 4600 ad
1008 4542 1205 4599 ostium
1257 4536 1594 4594 tabernaculi
1646 4535 1969 4603 testimonii,

376 4648 669 4722 partitique
696 4650 819 4698 sunt
851 4649 1075 4696 terram.

455 4740 538 4813 [Τ.
576 4736 667 4804 IX,
700 4734 763 4790 Β.
800 4729 1035 4796 XXVIII,
1066 4726 1127 4783 C.
1154 4723 1472 4795 XCIII,Cap.
1496 4720 1643 4794 XX.]
1668 4721 1733 4776 Et
1763 4721 1975 4777 locutus

380 4843 469 4890 est
498 4832 759 4888 Dominus
788 4827 853 4883 ad
868 4826 1057 4891 Josue,
1079 4824 1267 4878 dicens
1297 4836 1311 4873 :
1343 4819 1597 4889 Loquere
1627 4816 1753 4871 ﬁliis
1781 4816 1970 4886 Israel,

381 4937 439 4983 et
467 4925 553 4980 dic
579 4923 656 4979 eis
699 4939 715 4979 :
770 4922 1032 4990 Separate
1064 4915 1226 4969 urbes
1255 4911 1624 4982 fugitivorum,
1681 4909 1749 4964 de
1776 4910 1971 4978 quibus

378 5021 599 5078 locutus
649 5030 767 5071 sum
812 5013 877 5067 ad
912 5026 1012 5066 vos
1035 5024 1132 5079 per
1158 5021 1379 5062 manum
1413 5004 1571 5069 Mosi,
1601 5009 1659 5056 ut
1698 5002 1973 5073 confugiat

384 5116 454 5172 ad
484 5110 931 5183 easfquicumque
966 5105 1204 5159 animam
1261 5097 1590 5170 percusserit
1641 5096 1879 5162 nescius,
1915 5107 1969 5152 et

383 5209 557 5284 poSsit
581 5203 814 5261 evadere
844 5203 980 5255 iram
1034 5194 1292 5268 proximi,
1325 5192 1416 5263 qui
1450 5190 1591 5245 ultor
1620 5199 1704 5244 est
1744 5190 1965 5259 sangui-

372 5282 461 5360 nis
493 5318 507 5354 :
535 5311 656 5354 cum
684 5294 752 5349 ad
777 5307 939 5347 unam
982 5290 1175 5344 harum
1201 5284 1504 5355 confugerit
1532 5282 1829 5349 civitatum,
1855 5291 1964 5338 sta-

374 5393 563 5461 bitque
586 5396 710 5443 ante
731 5392 944 5456 portam
994 5378 1253 5445 civitatis,
1286 5386 1342 5433 et
1368 5376 1618 5446 loquetur
1657 5375 1966 5431 senioribus

372 5487 526 5547 urbis
551 5482 723 5549 illius,
755 5492 821 5535 ea
842 5491 964 5547 quae
985 5488 1043 5529 se
1064 5470 1422 5541 comprobent
1449 5470 1798 5523 innocentem
1826 5485 1839 5523 :
1860 5468 1966 5523 sic-

372 5598 479 5655 que
508 5575 809 5648 suscipient
834 5584 981 5634 eum,
1001 5574 1057 5623 et
1084 5564 1293 5621 dabunt
1322 5563 1373 5619 ei
1403 5563 1584 5618 locum
1616 5561 1682 5617 ad
1713 5561 1964 5617 habitan-

371 5673 781 5742 dum.Cumque
806 5665 953 5723 ultor
975 5657 1253 5730 sanguinis
1275 5672 1399 5714 eum
1430 5656 1592 5712 fuerit
1612 5666 1954 5728 persecutus,

436 5862 461 5892 η
493 5853 566 5907 Ita
584 5863 718 5907 mss.
750 5858 939 5905 omnes
966 5860 978 5900 :
1007 5839 1139 5900 editi
1164 5853 1294 5897 vero
1325 5838 1510 5913 legunt
1536 5839 1730 5896 Abran.
1759 5840 1933 5898 MART.

2097 518 2399 586 proximum
2441 517 2581 584 ejus,
2616 528 2717 569 nec
2757 520 2881 565 ante
2912 509 3159 577 biduum,
3192 507 3518 571 triduumve,
3568 502 3691 571 ejus

2094 610 2352 680 probatur
2380 610 2649 664 inimicus.
2696 606 2759 660 Et
2792 603 3058 659 habitabit
3098 604 3152 656 in
3198 598 3416 655 civitate
3445 596 3562 663 illa,
3591 593 3693 649 do-

2096 719 2196 759 nec
2225 713 2334 759 stet
2362 713 2487 759 ante
2508 701 2773 773 judicium
2802 713 3022 754 causam
3073 695 3310 752 reddens
3346 692 3471 747 facti
3494 691 3602 755 sui,
3634 696 3695 744 et

2095 798 2360 852 moriatur
2389 795 2653 851 sacerdos
2686 807 2937 863 magnus,
2964 791 3053 861 qui
3081 789 3243 844 fuerit
3271 788 3323 842 in
3357 786 3450 840 illo
3480 793 3694 853 tempo-

2097 904 2158 944 re
2187 906 2200 941 :
2228 900 2353 943 tunc
2380 895 2683 943 revertetur
2711 882 3008 950 homicida,
3043 889 3098 937 et
3124 879 3462 952 ingredietur
3492 874 3690 932 civita—

2095 990 2201 1035 tem
2237 990 2293 1038 et
2315 980 2535 1034 domum
2569 994 2722 1033 suam
2751 976 2816 1030 de
2831 990 2932 1046 qua
2948 972 3178 1045 fugerat.
3201 972 3690 1038 Decreveruntque

2093 1073 2171 1145 [h.
2203 1070 2707 1142 sauctiﬁcaverunt]
2736 1068 2910 1125 Cedes
2957 1069 3009 1123 in
3031 1065 3253 1124 Galilaza
3282 1063 3479 1120 montis
3501 1060 3689 1132 Neph-

2095 1168 2251 1239 thali,
2284 1178 2338 1224 et
2362 1168 2585 1225 Sichetn
2638 1168 2691 1221 in
2732 1175 2916 1220 monte
2945 1160 3226 1232 Ephraim,
3252 1167 3308 1215 et
3333 1155 3694 1214 Curiatii-Ar-

2092 1263 2183 1329 be,
2235 1261 2349 1328 ipsa
2379 1271 2464 1316 est
2494 1261 2736 1327 Hebron,
2785 1259 2836 1314 in
2867 1264 3052 1313 monte
3086 1253 3246 1311 Juda.
3273 1252 3355 1325 [C.
3379 1248 3589 1323 XCIV.]
3620 1250 3692 1306 Et

2094 1366 2246 1411 trans
2276 1356 2571 1411 Jordanem
2619 1363 2807 1411 contra
2845 1349 3165 1407 orientalem
3200 1348 3409 1420 plagam
3437 1347 3688 1417 Jericltn,

2092 1459 2402 1506 statuerunt
2429 1449 2601 1503 Bosor
2632 1448 2708 1519 [ιι.
2742 1444 2953 1517 Beser],
2985 1459 3101 1514 quae
3130 1443 3232 1498 sita
3259 1452 3343 1498 est
3376 1441 3429 1496 in
3462 1454 3694 1511 campe-

2093 1545 2189 1599 stri
2245 1542 2561 1608 solitudine,
2596 1541 2665 1596 de
2709 1541 2855 1595 tribu
2904 1538 3121 1605 Ruben,
3154 1545 3208 1593 et
3236 1535 3468 1592 Ramoth
3494 1536 3546 1591 in
3577 1534 3688 1591 Ga-

2091 1637 2210 1693 laad
2236 1637 2302 1691 de
2331 1636 2473 1691 tribu
2497 1635 2637 1699 Gad,
2673 1642 2728 1690 et
2747 1633 2958 1690 Gaulon
2989 1633 3043 1688 in
3070 1631 3247 1687 Busan
3279 1629 3347 1686 de
3404 1631 3548 1685 tribu
3576 1629 3693 1683 Ma-

2091 1746 2270 1785 nasse.
2301 1730 2392 1784 llas
2420 1729 2670 1785 civitates
2691 1727 3007 1784 constitutae
3041 1733 3173 1781 sunt
3198 1724 3410 1780 cunctis
3452 1721 3581 1778 ﬁliis
3608 1722 3693 1778 Is-

1286 1856 1345 1895 es
1376 1834 1775 1898 munitissimm,
1811 1829 1986 1886 Ased-
2018 1813 2065 1874 Β
2091 1824 2207 1879 rael
2233 1834 2288 1879 et
2318 1824 2541 1879 advenis
2581 1822 2672 1893 qui
2703 1821 3025 1876 habitabant
3062 1820 3205 1875 inter
3234 1833 3352 1886 eos,
3385 1826 3447 1874 ut
3473 1818 3692 1888 fugeret

2090 1916 2272 1989 adeas
2304 1918 2395 1986 qui
2422 1916 2658 1970 animam
2688 1915 2905 1969 nescius
2937 1914 3317 1984 percussisset,
3350 1921 3405 1968 et
3435 1928 3542 1967 non
3575 1927 3692 1967 mo-

2088 2017 2303 2064 reretur
2339 2009 2393 2063 in
2448 2024 2609 2064 manu
2641 2007 2898 2077 proximi,
2932 2005 3167 2063 effusum
3215 2005 3534 2076 sanguinem
3568 2002 3691 2058 vin-

2086 2102 2270 2159 dicare
2296 2103 2594 2173 cupientis,
2622 2103 2798 2158 donec
2829 2108 3005 2157 staret
3027 2110 3153 2156 ante
3180 2101 3442 2171 populum
3464 2098 3689 2170 exposi-

2088 2202 2243 2251 turus
2272 2211 2492 2251 causam
2536 2210 2712 2252 suam.

2159 2286 2239 2360 [C.
2275 2286 2436 2353 XCV,
2485 2286 2615 2360 Cap.
2670 2286 2838 2359 XXl.]
2880 2289 3358 2359 Accesseruntque
3406 2286 3686 2359 principes

2086 2383 2416 2439 familiarum
2470 2384 2602 2439 Levi
2658 2385 2726 2439 ad
2778 2384 3002 2439 Eleazar
3029 2383 3392 2450 sacerdotem,
3431 2393 3485 2439 et
3510 2383 3687 2438 Josue

2086 2480 2256 2534 ﬁlium
2290 2478 2428 2547 Non,
2484 2488 2538 2535 et
2574 2479 2642 2534 ad
2671 2480 2840 2535 duces
2866 2480 3251 2549 cognationum
3299 2494 3394 2549 per
3437 2477 3688 2547 singulas

2092 2574 2266 2629 tribus
2317 2573 2553 2628 ﬁliorum
2597 2573 2759 2628 Israel
2801 2591 2815 2628 :
2851 2573 3126 2642 locutique
3179 2579 3307 2627 sunt
3359 2569 3428 2625 ad
3479 2585 3577 2625 eos
3623 2571 3684 2625 in

2086 2664 2200 2720 Silo
2254 2675 2415 2719 terra:
2455 2664 2738 2732 Chanaan,
2789 2672 2951 2736 atque
2994 2665 3259 2721 dixerunt
3298 2680 3310 2717 :
3345 2662 3426 2735 [Β.
3456 2662 3685 2735 XXIX.]

2088 2759 2351 2814 Dominus
2402 2759 2663 2829 praecepit
2692 2773 2789 2828 per
2841 2774 3059 2813 manum
3092 2758 3250 2825 Mosi,
3306 2766 3365 2811 ut
3414 2755 3687 2811 darentur

2086 2855 2243 2908 nobis
2266 2855 2427 2908 urbes
2456 2853 2521 2908 ad
2556 2852 2945 2922 habitandum,
2963 2859 3021 2907 et
3043 2850 3357 2907 suburbana
3384 2864 3576 2905 earum
3609 2849 3683 2905 ad

2083 2948 2275 3003 alenda
2296 2948 2568 3019 jumeuta.
2600 2947 2990 3018 Dederuntque
3022 2945 3115 3001 lilii
3148 2946 3316 3002 Israel
3340 2944 3416 3017 [ιι.
3451 2944 3684 3016 Levitis]

2082 3043 2152 3099 de
2179 3043 2622 3114 possessionibus
2654 3043 2769 3097 suis
2806 3042 2955 3113 juxta
3006 3041 3294 3111 imperium
3335 3040 3574 3108 Domini,
3601 3039 3687 3095 ci-

2082 3136 2279 3191 vitates
2302 3147 2356 3191 et
2380 3136 2691 3191 suburbana
2715 3151 2929 3191 earum.
2972 3134 3055 3206 lC.
3082 3132 3291 3206 XCVI]
3341 3135 3687 3205 Egressaquc

654 3271 683 3311 e
711 3208 804 3307 ﬁliri
839 3250 985 3315 Dan,
1017 3252 1074 3301 et
1096 3208 1479 3313 pugnaverunt
1510 3240 1703 3289 contra
1755 3230 1972 3293 Lesem,
2005 3208 2053 3273 Cv
2082 3239 2164 3284 est
2196 3244 2317 3283 sors
2348 3229 2399 3283 in
2431 3228 2689 3282 familiam
2729 3227 2901 3283 Caatb
2942 3226 3178 3282 ﬁliorum
3207 3229 3390 3282 Aaron
3413 3225 3691 3281 sacerdo-

2082 3325 2171 3385 tis,
2195 3324 2263 3378 de
2292 3323 2545 3378 tribubus
2572 3321 2739 3389 Iuda,
2770 3330 2826 3377 et
2869 3321 3119 3391 Simeon,
3158 3331 3214 3376 et
3252 3319 3558 3392 Benjamin,
3599 3320 3693 3376 ci.

2079 3417 2278 3472 vitales
2309 3415 2596 3471 tredecim.
2647 3415 2714 3470 Et
2759 3413 2985 3486 reliquis
3014 3415 3253 3470 ﬁliorum
3282 3414 3474 3479 Caatb,
3514 3414 3565 3470 id
3588 3423 3690 3470 est

2080 3510 2286 3565 Levitis
2316 3509 2407 3581 qui
2451 3510 2838 3579 superfuerant
2887 3507 2957 3563 de
3009 3507 3258 3563 tribubus
3299 3507 3579 3577 Ephraim,
3623 3516 3693 3561 et

2080 3603 2217 3670 Dan,
2273 3610 2329 3656 et
2376 3601 2602 3656 dimidia
2652 3601 2796 3656 tribu
2851 3601 3120 3667 Manasse,
3168 3601 3419 3657 civitates
3458 3600 3685 3657 decem.

2080 3695 2155 3768 [C.
2199 3694 2429 3766 XCVII]
2479 3696 2649 3750 Porro
2676 3694 2803 3750 ﬁliis
2834 3694 3044 3752 Gerson
3072 3710 3294 3767 egressa
3317 3706 3400 3751 est
3428 3710 3581 3763 sors,
3619 3706 3689 3753 ut

2078 3792 2395 3861 acciperent
2411 3790 2477 3845 de
2501 3790 2743 3845 tribubus
2763 3789 3011 3844 Issachar
3031 3799 3084 3845 et
3109 3792 3247 3846 Aser
3267 3801 3321 3846 et
3350 3788 3682 3861 Nephthali,

2079 3883 2413 3953 dimidiaque
2446 3884 2585 3939 tribu
2616 3884 2867 3938 Manasse
2898 3883 2951 3937 iu
2980 3883 3177 3950 Basan,
3201 3885 3455 3939 civitates
3485 3899 3691 3939 nume-

2078 3994 2145 4034 ro
2178 3978 2465 4035 tredecim.
2501 3976 2583 4050 [C.
2615 3976 2873 4049 XCVIII.]
2918 3978 2984 4032 Et
3012 3977 3140 4033 ﬁliis
3187 3978 3380 4033 Merari
3428 3993 3529 4047 per
3581 3993 3688 4033 co-

2076 4072 2366 4143 gnationes
2400 4087 2527 4126 suas
2560 4071 2629 4126 de
2669 4071 2914 4127 tribubus
2944 4070 3134 4126 Ruben
3183 4081 3235 4127 et
3264 4071 3376 4128 Gad
3408 4080 3465 4126 et
3491 4071 3687 4128 Zabu-

2078 4164 2199 4234 lou,
2228 4167 2390 4221 urbes
2419 4165 2728 4221 duodecim.
2757 4165 3140 4237 Dederuntque
3184 4165 3278 4220 ﬁlii
3314 4166 3480 4221 Israel
3505 4166 3687 4223 Levi-

2078 4259 2148 4313 tis
2177 4258 2428 4313 civitates
2452 4266 2507 4314 et
2528 4258 2846 4314 suburbana
2871 4273 3082 4325 earum,
3111 4259 3254 4315 sicut
3277 4259 3535 4329 praecepit
3565 4259 3693 4316 Do-

2077 4352 2256 4407 minus
2278 4362 2383 4421 ‘per
2411 4367 2631 4408 manum
2657 4352 2818 4420 Mosi,
2867 4351 3095 4423 singulis
3141 4362 3293 4409 sorte
3344 4353 3684 4410 tribuentes.

2078 4442 2155 4499 De
2185 4443 2435 4499 tribubus
2459 4443 2693 4499 ﬁliorum
2717 4443 2851 4499 Juda
2880 4454 2936 4500 et
2963 4444 3188 4511 Simeon
3213 4444 3365 4502 dedit
3397 4446 3474 4517 [h.
3503 4446 3688 4504 dede-

2078 4538 2229 4608 runt]
2259 4536 2424 4593 Josue
2447 4538 2742 4596 civitates:
2771 4554 2999 4609 quarum
3038 4539 3140 4595 ista
3168 4550 3296 4597 sunt
3326 4542 3566 4608 nomina,
3606 4544 3688 4598 fi-

1998 4609 2052 4670 Ῑ)
2077 4631 2164 4685 liis
2191 4630 2374 4686 Aaron
2403 4648 2499 4702 per
2528 4631 2763 4687 familias
2789 4632 2962 4687 Caatb
3011 4632 3240 4689 Levitici
3271 4636 3491 4705 generis
3533 4637 3690 4705 (pri-

2077 4740 2163 4781 ma
2186 4726 2332 4782 enim
2356 4742 2481 4782 sors
2530 4728 2639 4782 illis
2675 4742 2899 4797 egressa
2949 4725 3055 4799 est)
3081 4726 3157 4798 [Ιι.
3184 4727 3308 4783 ﬁliis
3342 4729 3523 4783 Aaron
3569 4745 3688 4798 per

2074 4818 2315 4875 familias
2342 4820 2512 4875 Caatb
2547 4817 2780 4875 Levitici
2814 4821 3032 4890 generis
3075 4821 3244 4890 prima
3289 4837 3407 4876 sors
3446 4836 3686 4889 egressa

2073 4913 2177 4984 est]
2200 4912 2592 4969 Cariath-Arbe
2620 4914 2785 4982 patris
2815 4914 2980 4981 ane,
3027 4929 3151 4983 quae
3171 4924 3397 4971 vocatur
3415 4914 3684 4985 Hebron,

2071 5004 2126 5058 in
2153 5015 2339 5060 monte
2364 5004 2523 5069 Iuda,
2551 5014 2607 5060 et
2632 5004 2944 5059 suburbana
2982 5005 3101 5076 ejus
3131 5021 3229 5076 per
3253 5006 3564 5063 circuitum.
3598 5011 3687 5066 A-

2073 5113 2203 5167 gros
2239 5114 2373 5154 vero
2403 5107 2456 5153 et
2489 5098 2646 5152 villas
2677 5098 2795 5168 ejus
2839 5098 3063 5155 dederat
3099 5099 3174 5173 [h.
3206 5099 3492 5173 dederunt]
3523 5099 3691 5158 Cha-

2072 5190 2161 5246 leb
2190 5190 2304 5247 ﬁlio
2318 5190 2597 5261 Jephonne
2620 5190 2684 5244 ad
2707 5192 3119 5260 possidendum.
3156 5191 3237 5266 [C.
3259 5192 3469 5266 XCIX]
3502 5194 3691 5255 Dedit

2071 5299 2201 5355 ergo
2234 5285 2358 5340 filiis
2389 5285 2568 5339 Aaron
2592 5285 2920 5352 sacerdotis,
2952 5285 3168 5340 Hebron
3202 5287 3442 5358 confugii
3470 5287 3689 5344 civita-

2070 5389 2203 5444 tem,
2235 5394 2297 5434 ac
2344 5378 2655 5435 suburbana
2688 5378 2808 5448 ejus
2840 5395 2853 5430 :
2885 5388 2941 5432 et
2966 5377 3210 5433 Lebnam
3237 5394 3361 5434 cum
3393 5378 3683 5437 suburba-

2068 5470 2154 5526 nis
2187 5470 2300 5526 suis
2334 5488 2346 5524 :
2377 5479 2433 5525 et
2460 5469 2671 5535 Jetlter,
2694 5479 2748 5524 et
2779 5468 3057 5541 Isthimoa,
3087 5480 3141 5527 et
3172 5470 3368 5537 Holon,
3389 5471 3577 5541 Dabir,
3612 5484 3686 5531 et

2066 5563 2196 5631 Ain,
2220 5571 2275 5618 et
2302 5562 2443 5631 Juta,
2474 5573 2529 5618 et
2555 5561 2933 5629 Beth-Semes,
2970 5578 3092 5618 eum
3139 5563 3467 5620 suburbanis
3499 5565 3619 5621 suis
3663 5587 3679 5623 :

2063 5656 2314 5714 civitates
2337 5670 2559 5723 novem,
2578 5654 2647 5711 de
2678 5655 2947 5727 tribubus,
2966 5665 3026 5713 ut
3051 5656 3257 5714 dictum
3288 5665 3393 5727 est,
3422 5656 3678 5717 duabus.
