4098 6366
448 384 552 439 liii

1459 376 1516 429 S.
1562 367 1943 427 lllERONYMl
1981 367 2210 422 DlVlNA
2256 364 2731 420 BIULIOTHECA.

3642 359 3750 414 500

448 508 682 569 quatuor
723 513 846 559 eum
900 494 1230 550 suburbanis
1275 491 1412 546 suis.
1442 489 1644 543 Omnes
1678 485 1843 539 urbes
1900 484 2040 537 lilio-
2068 486 2120 547 Α
2146 481 2319 536 altare
2348 484 2399 535 in
2434 492 2579 536 terra
2607 478 2888 533 Chaunum
2917 520 2931 546 ,
2966 495 3135 549 super
3166 478 3419 535 Jordnnis
3467 476 3706 533 tumulos
3732 516 3748 542 ,

445 610 565 648 runt
600 590 795 646 Mei-ari
822 604 918 660 per
947 587 1182 642 familias
1229 592 1284 639 et
1305 581 1662 653 cognationes
1697 592 1844 641 sua~,
1902 575 2039 630 duo-

447 684 641 739 decim.
680 683 866 753 Itaque
896 681 1167 734 universa:
1189 676 1451 732 civitates
1480 673 1789 727 Levitarum
1824 671 1876 725 in
1920 684 2037 724 me-

450 776 543 832 dio
600 772 963 846 possessionis
1016 771 1255 823 liliorum
1302 765 1494 834 Israel,
1552 763 1772 819 fuerunt
1815 761 2047 832 quadra-

452 866 598 937 gin'a
628 876 753 921 octo
802 879 925 919 cum
963 859 1292 916 suburbanis
1328 858 1461 917 suis,
1504 856 1735 924 singula:
1769 869 1863 924 per
1894 853 2051 908 fami-

454 959 554 1013 lias
586 958 914 1011 distributa).
948 952 1030 1025 lC.
1065 951 1171 1006 Cll.
1201 950 1219 1022 ]
1251 948 1515 1018 Deditque
1571 947 1829 1001 Dominus
1857 944 2046 1018 [Vulg].

458 1050 582 1104 add.
613 1047 773 1119 Dt-usj
807 1047 990 1101 Isr..eli
1022 1060 1243 1099 omnem
1282 1056 1502 1105 tetram,
1532 1055 1693 1110 quam
1724 1039 2049 1095 traditurum

459 1161 517 1199 se
554 1144 796 1214 patribus
826 1157 1013 1193 t'm'tttlt
1035 1139 1316 1207 juraverat
1351 1156 1360 1189 :
1394 1142 1451 1190 et
1480 1132 1844 1202 possederunt
1873 1131 2048 1197 illam,

459 1248 620 1307 atque
672 1234 1057 1288 habitaverunt
1112 1231 1166 1283 in
1220 1244 1306 1284 ea.
1357 1225 1669 1301 [B.XXX.]
1704 1227 1944 1294 nataque
1970 1233 2056 1279 est

462 1331 531 1382 ab
577 1343 643 1382 eu
697 1342 794 1396 pax
821 1326 876 1380 iu
928 1339 1127 1380 omnes
1153 1339 1249 1393 per
1280 1321 1568 1376 circuitum
1601 1319 1849 1373 nationes
1883 1330 1898 1374 :
1927 1314 2047 1370 uul—

462 1420 653 1490 lnsque
708 1418 789 1472 eis
831 1415 1067 1470 hostium
1111 1414 1367 1470 resistere
1392 1427 1556 1467 ausus
1599 1418 1707 1477 est,
1747 1408 1842 1463 sed
1873 1407 2053 1463 cuncti

458 1516 514 1571 in
562 1529 753 1570 eorum
798 1511 1062 1567 ditionem
1120 1508 1325 1564 redacti
1396 1516 1543 1561 sunt.
1604 1502 1682 1559 Ne
1732 1517 1898 1557 unum
1937 1501 2059 1571 qui-

464 1609 591 1663 dem
648 1605 905 1672 verbum,
936 1603 1081 1675 quod
1130 1601 1238 1656 illis
1272 1607 1656 1670 praestaturum
1690 1612 1749 1652 se
1771 1610 1896 1651 esse
1927 1609 2056 1665 pro-

464 1702 709 1763 miserat,
740 1700 957 1753 irritum
998 1695 1118 1763 fuit,
1145 1694 1239 1750 sed
1282 1693 1446 1748 rebus
1504 1692 1720 1762 expleta
1773 1697 1901 1744 sunt
1932 1702 2056 1743 om~

463 1794 575 1847 nia.

2148 584 2338 631 contra
2375 575 2517 627 tilins
2564 574 2727 628 Israel
2759 571 2839 644 [ιι.
2890 574 2941 627 in
2978 577 3211 627 transitu
3249 572 3486 628 filiorum
3518 568 3749 642 Israel]:

2150 678 2528 725 convenerunt
2563 680 2756 722 omnes
2782 668 2833 720 in
2866 664 3006 731 Silo,
3039 678 3092 719 ut
3119 665 3487 720 ascenderem
3512 673 3567 721 et
3589 663 3751 721 dimi-

2150 770 2339 819 carent
2369 773 2560 817 contra
2591 778 2709 818 eos.
2759 760 2826 816 Et
2872 761 3094 815 interim
3128 761 3399 815 miserunt
3439 758 3508 815 ad
3538 757 3662 815 illos
3695 757 3753 813 in

2151 866 2354 911 terram
2384 853 2589 911 Galaad
2624 853 2858 909 Pniuees
2892 852 3066 909 lilium
3098 851 3350 908 Eleazari
3378 851 3751 916 sacerdotem,

2153 960 2208 1006 et
2240 950 2432 1004 decem
2485 948 2760 1017 principes
2798 962 2922 1001 cum
2964 961 3032 1002 eo
3060 986 3078 1015 ,
3120 945 3367 1016 singulos
3398 944 3467 1002 de
3508 943 3761 1001 tribubus

2140 1043 2400 1111 singulis.
2448 1040 2549 1110 Qui
2579 1050 2846 1095 venerunt
2894 1040 2961 1093 ad
2993 1038 3140 1094 ﬁlios
3169 1037 3362 1093 Ruben
3383 1078 3398 1103 ,
3430 1046 3484 1092 et
3514 1035 3630 1093 Gad
3660 1077 3675 1103 ,
3701 1044 3761 1091 et

2154 1132 2394 1187 diinidize
2441 1133 2615 1186 tribus
2652 1130 2904 1186 Manasse
2930 1171 2946 1196 ,
2976 1131 3029 1185 iu
3071 1140 3275 1185 terram
3305 1126 3511 1186 Galaad
3551 1147 3562 1182 :
3596 1127 3761 1184 dixe-

2158 1238 2395 1297 runtque
2424 1225 2491 1280 ad
2521 1239 2665 1281 eos:
2708 1225 2831 1279 llaec
2878 1223 3101 1280 mandat
3149 1224 3330 1279 omnis
3376 1223 3610 1294 pepulus
3653 1220 3763 1277 Do-

2158 1321 2292 1377 mini
2324 1336 2339 1377 :
2368 1320 2500 1389 Qun
2547 1328 2635 1375 est
2684 1321 2781 1373 ista
2835 1318 3255 1391 transgressio?
3311 1318 3419 1375 Cur
3460 1317 3767 1388 reliquistis

2159 1413 2449 1469 Dominum
2499 1413 2668 1468 Deum
2718 1412 2890 1469 lsrael
2937 1412 3274 1469 :edilicautes
3319 1413 3491 1470 altare
3533 1412 3765 1470 sacrile-

2159 1524 2290 1580 gum
2316 1549 2333 1573 ,
2375 1516 2431 1562 et
2457 1522 2486 1561 a
2516 1506 2668 1562 cultu
2698 1507 2845 1561 illius
2879 1506 3246 1564 recedentes?
3275 1510 3358 1563 An
3387 1522 3578 1577 parum
3607 1506 3765 1567 vobis

2160 1611 2244 1657 est
2273 1600 2418 1672 quod
2454 1599 2723 1671 peecastis
2765 1602 2819 1655 in
2856 1599 3231 1671 Beel-Phegor
3264 1598 3347 1672 [h.
3376 1596 3623 1671 Pbobor]
3648 1640 3662 1662 ,
3707 1609 3768 1659 et

2160 1710 2334 1766 usque
2362 1694 2415 1749 in
2452 1702 2783 1765 prtesentem
2810 1692 2955 1749 diem
2988 1693 3204 1749 macula
3258 1693 3421 1764 hujus
3446 1692 3676 1748 sceleris
3708 1691 3766 1749 in

2164 1790 2321 1845 nobis
2366 1789 2691 1859 permanet?
2725 1789 2993 1859 multique
3019 1789 3089 1845 de
3138 1788 3346 1859 populo
3388 1785 3766 1843 corruerunt?

544 1886 555 1957 [
591 1884 657 1939 Τ.
689 1883 758 1948 X,
793 1883 853 1938 C.
891 1880 1024 1948 (Illi,
1055 1880 1186 1950 Cap.
1220 1878 1381 1934 XXII.
1424 1875 1662 1947 lEodem
1698 1884 1943 1944 tempore
1965 1887 2059 1928 vo—

2169 1882 2233 1937 Et
2269 1897 2364 1937 vos
2396 1881 2560 1936 hodie
2589 1880 2893 1952 reliquisds
2929 1880 3258 1946 Dominum,
3304 1890 3362 1936 et
3402 1896 3524 1936 cras
3556 1880 3608 1934 itt
3640 1881 3759 1935 uni-

464 1979 607 2032 cavit
648 1976 816 2031 .losue
874 1974 1200 2039 It‘ihcnitas,
1258 1980 1312 2027 ct
1350 1970 1639 2036 Gadditas,
1688 1978 1742 2024 et
1773 1967 2058 2023 dimidiam

465 2070 667 2125 tribum
724 2067 993 2133 Manassc,
1048 2066 1290 2138 dixitque
1334 2064 1399 2119 ad
1429 2078 1524 2118 cos
1557 2081 1568 2117 :
1604 2061 1833 2117 Fecistis
1877 2061 2061 2116 omnia

464 2181 586 2237 qua:
632 2162 783 2217 vobis
826 2163 1092 2233 prxccpit
1140 2160 1317 2217 Moses
1370 2157 1607 2213 famulus
1632 2157 1843 2215 Domini
1878 2175 1892 2211 :
1927 2155 2061 2211 mihi

464 2274 683 2331 quoque
706 2260 757 2312 i-i
786 2257 1041 2312 oinnibus
1069 2255 1362 2320 obedistis,
1391 2268 1495 2308 nec
1519 2252 1826 2321 reliquistis
1865 2250 2064 2310 fratres

474 2364 690 2408 vcsmis
741 2351 902 2420 longo
945 2357 1217 2417 tempore,
1248 2362 1418 2418 usque
1443 2342 1850 2415 in‘przesentem
1891 2345 2062 2411 diem,

463 2444 838 2500 custodiente.
910 2440 1204 2511 imperium
1265 2440 1479 2495 Domini
1539 2438 1633 2494 Dei
1679 2437 1868 2493 vestri.
1928 2436 2067 2505 Quia

464 2537 629 2607 igitur
670 2534 816 2590 dedit
851 2533 1112 2589 Dominus
1158 2531 1300 2586 Deus
1354 2538 1538 2586 vester
1585 2528 1846 2584 fratribus
1865 2528 2069 2585 Vestris

465 2629 703 2701 quietem
742 2641 807 2682 ac
832 2641 1043 2696 pacem,
1074 2626 1213 2680 Slt‘lll
1238 2625 1514 2695 pollicitus
1538 2634 1622 2680 est
1654 2641 1668 2680 :
1699 2623 2060 2689 revertimini,

467 2736 519 2777 et
571 2724 645 2776 ite
700 2722 753 2777 in
807 2720 1159 2776 tithernacula
1213 2729 1413 2786 vestra,
1468 2726 1523 2775 et
1573 2720 1626 2774 in
1685 2728 1885 2775 terram
1937 2733 2063 2790 pos~

467 2815 775 2881 sessionis,
828 2829 988 2885 quam
1049 2810 1273 2867 tradidit
1332 2810 1485 2866 vobis
1550 2811 1769 2879 Moses,
1823 2809 2061 2867 famulus

472 2906 713 2973 Domini,
757 2914 907 2960 trans
945 2903 1241 2961 Jordanem
1271 2921 1287 2959 :
1318 2908 1390 2958 ita
1436 2904 1743 2969 dumtaxat,
1775 2916 1834 2959 ut
1879 2913 2065 2959 custo-

474 3002 636 3056 diatis
701 3009 948 3068 attente,
1020 3008 1076 3054 et
1141 3014 1307 3073 opere
1366 2999 1692 3069 cetnpleatis
1755 2998 2069 3055 mandatum

470 3105 529 3151 et
577 3078 748 3166 legem
799 3110 958 3166 quant
1008 3094 1264 3164 prmeepit
1311 3092 1465 3149 Vobis
1499 3092 1698 3157 Moses,
1730 3107 1921 3148 servus
1967 3092 2071 3149 Do-

470 3188 625 3251 mini,
669 3196 724 3241 ttt
762 3186 998 3256 diligatis
1033 3185 1320 3240 Dominum
1358 3184 1526 3239 Deum
1580 3196 1842 3256 vostrum,
1871 3196 1924 3240 et
1948 3200 2070 3240 am-

2166 1991 2387 2030 versum
2421 1974 2586 2030 Israel
2620 1974 2738 2045 ejus
2768 1975 2845 2029 ira
2868 1972 3152 2029 ἀθεςιονίρι.
3182 1974 3334 2041 Quod
3365 1975 3408 2028 si
3441 1974 3639 2044 putatis
3666 1974 3767 2027 im-

2168 2070 2425 2126 mundam
2458 2084 2580 2126 esse
2613 2079 2812 2124 terram
2846 2068 3215 2140 possessionis
3256 2077 3457 2123 vestrae
3480 2110 3494 2131 ,
3540 2066 3766 2122 transite

2166 2164 2234 2220 ad
2270 2174 2494 2232 terram,
2530 2163 2585 2219 in
2610 2178 2717 2234 qua
2750 2162 3166 2220 tabernaculum
3199 2162 3414 2217 Domini
3446 2172 3552 2228 est,
3587 2172 3641 2216 et
3671 2162 3768 2216 ha-

2169 2258 2337 2313 liitate
2367 2256 2509 2311 inter
2543 2270 2642 2311 nos
2676 2274 2688 2309 :
2723 2266 2931 2311 tantum
2962 2266 3020 2311 ut
3051 2271 3081 2309 a
3113 2256 3346 2312 Domino
3371 2297 3387 2320 ,
3419 2264 3479 2311 ot
3505 2270 3535 2315 a
3580 2264 3769 2311 nostra

2168 2351 2449 2405 consortio
2470 2364 2578 2403 non
2611 2348 2883 2405 recedatis
2908 2391 2923 2415 ,
2955 2346 3225 2403 :edilicato
3259 2347 3421 2403 altari
3465 2360 3665 2417 printer
3691 2347 3772 2401 al-

2171 2453 2287 2498 tare
2318 2440 2535 2498 Doinini
2585 2441 2681 2496 Dei
2729 2440 2925 2496 nostri.
2970 2440 3163 2495 Nonne
3190 2440 3392 2495 Aeliam
3443 2439 3588 2494 filius
3629 2437 3773 2495 Zare

2172 2537 2435 2607 przr-teriit
2462 2535 2778 2593 mandatum
2801 2532 3039 2601 Domini,
3067 2543 3122 2591 et
3150 2549 3316 2605 super
3343 2548 3563 2589 onmem
3598 2547 3771 2604 popu-

2170 2630 2279 2684 lum
2311 2629 2473 2685 lsrael
2499 2630 2575 2684 ira
2605 2630 2723 2699 ejus
2744 2627 3030 2683 incubuit?
3058 2629 3125 2681 Et
3145 2627 3237 2683 ille
3261 2638 3379 2683 erat
3398 2642 3538 2682 unus
3563 2626 3725 2681 homo
3753 2643 3772 2681 :

2170 2736 2335 2793 atque
2381 2725 2592 2779 utinam
2636 2724 2785 2779 solus
2834 2723 3088 2794 periisset
3135 2720 3189 2776 in
3238 2721 3444 2777 scelere
3492 2735 3612 2774 suo.
3658 2717 3770 2773 Re-

2170 2817 2617 2890 Spondet‘utttqtte
2638 2817 2732 2871 lilii
2761 2815 2955 2873 Ruben
2980 2824 3035 2875 et
3064 2813 3182 2871 Gad
3205 2860 3218 2885 ,
3249 2825 3305 2871 et
3332 2812 3570 2869 dimidia:
3597 2802 3791 2868 tribus

2172 2910 2421 2966 Manasse
2442 2953 2457 2978 ,
2489 2910 2825 2982 principibus
2864 2909 3154 2980 legationis
3195 2908 3363 2963 Israel
3395 2925 3408 2960 :
3442 2906 3775 2961 fortissimus

2171 3002 2313 3058 Dens
2344 3002 2626 3068 Dominus,
2660 3001 2992 3056 fortissimus
3023 3002 3166 3056 Deus
3194 3000 3488 3066 DOntintts,
3523 2997 3643 3070 ipse
3672 3012 3771 3052 uo-

2174 3098 2291 3162 vit,
2326 3105 2383 3152 et
2432 3094 2598 3151 Israel
2647 3094 2808 3151 simul
2860 3094 3129 3169 intelliget
3161 3110 3176 3149 :
3207 3092 3254 3149 si
3298 3075 3770 3163 prmvaricationis

2174 3189 2358 3243 animo
2399 3188 2504 3243 hoc
2532 3188 2706 3243 altare
2736 3188 3170 3250 construximus.
3202 3201 3309 3242 non
3338 3183 3611 3241 custodiat
3643 3198 3770 3250 nos,
3816 3214 3826 3219 -

473 3282 673 3338 buletis
731 3282 784 3334 in
823 3280 1077 3337 omnibus
1131 3279 1232 3333 viis
1292 3278 1430 3349 ejus,
1486 3289 1541 3335 et
1572 3280 1876 3350 observetis
1914 3295 2067 3337 man-
2094 3288 2141 3351 α
2171 3281 2268 3335 sed
2296 3279 2482 3352 puniat
2511 3294 2610 3334 nos
2640 3278 2693 3333 in
2726 3278 2981 3348 praesenti
3009 3297 3021 3332 :
3049 3287 3105 3332 et
3132 3278 3180 3333 si
3208 3291 3271 3333 ea
3304 3286 3487 3331 mente
3511 3275 3767 3343 fecimus,

471 3378 594 3429 data
651 3373 818 3441 illius,
847 3372 1276 3442 adiumentique
1296 3373 1371 3437 ei,
1424 3387 1488 3428 ac
1526 3372 1780 3428 serviatis
1822 3375 1873 3429 in
1919 3373 2071 3432 omni

473 3469 668 3535 carde,
723 3477 779 3524 et
825 3464 877 3523 iit
916 3468 1067 3522 omni
1096 3466 1274 3521 anima
1306 3476 1510 3523 vestra.
1555 3466 1948 3535 Beuedivitque
1989 3469 2070 3524 eis

472 3562 661 3629 lestte,
696 3570 748 3616 et
771 3560 977 3614 dimisit
1001 3576 1116 3613 eos.
1136 3557 1238 3625 Qui
1266 3558 1472 3613 reversi
1493 3569 1618 3613 sunt
1645 3560 1696 3612 in
1728 3559 2070 3615 tabernacula

465 3671 583 3710 sua.
637 3652 827 3709 Trihui
884 3667 1065 3707 autem
1116 3650 1361 3706 Manasse
1412 3650 1603 3706 media:
1655 3653 2064 3722 ptiSsessitinem

476 3746 655 3802 Moses
681 3744 908 3800 dederat
934 3743 987 3798 iu
1021 3743 1197 3799 Basatt
1233 3760 1249 3799 :
1283 3753 1338 3798 et
1369 3743 1576 3799 ideirco
1603 3745 1799 3800 media:
1827 3762 1947 3815 qua:
1979 3761 2071 3801 su-

472 3838 677 3912 perfuit
704 3882 719 3906 ,
759 3838 909 3893 dedit
952 3837 1120 3892 .losue
1168 3845 1373 3891 sertem
1417 3838 1561 3893 inter
1596 3850 1829 3895 caeteros
1870 3840 2068 3896 fratres

474 3949 607 3991 suos
629 3942 783 3989 trans
802 3931 1099 3990 Iordanem
1125 3931 1192 3988 ad
1218 3932 1616 3989 occidentalem
1648 3933 1879 4006 plagam.
1906 3938 2070 3991 (‘um—

472 4043 582 4096 que
608 4027 915 4085 dimitteret
956 4040 1055 4082 eos
1102 4024 1156 4081 in
1207 4026 1562 4082 tabernacula
1610 4042 1747 4094 sua,
1801 4038 1855 4083 et
1904 4027 2069 4084 bene—

473 4120 703 4177 disisset
752 4119 902 4185 illis,
954 4119 1091 4174 dixit
1141 4119 1206 4174 ad
1249 4134 1346 4175 eos
1384 4137 1396 4172 :
1436 4119 1492 4174 In
1542 4121 1710 4173 multa
1757 4120 2067 4176 substantia

470 4224 644 4287 atque
678 4214 887 4269 divitiis
926 4213 1278 4271 revertimini
1320 4213 1387 4271 ad
1426 4214 1588 4270 sedes
1613 4212 1692 4288 [h.
1734 4214 1908 4289 aedes]
1944 4230 2067 4272 res-

470 4320 620 4378 tras,
661 4323 787 4365 cum
815 4317 1043 4380 argento
1069 4318 1127 4365 et
1163 4324 1331 4374 auro,
1372 4325 1482 4366 me
1514 4326 1575 4363 ac
1603 4309 1754 4366 ferro
1781 4350 1799 4375 ,
1829 4320 1883 4365 et
1914 4319 2070 4369 veste

469 4400 761 4472 multiplici
797 4419 809 4453 :
843 4400 1074 4457 dividite
1102 4400 1344 4472 praedam
1380 4400 1618 4456 hostium
1647 4417 1772 4456 eum
1806 4400 2070 4460 fratribus

466 4494 691 4551 vestris.
724 4493 1063 4563 Reversique
1087 4503 1247 4561 sunt,
1280 4505 1333 4550 et
1360 4493 1614 4549 abierunt
1644 4494 1738 4550 lilii
1763 4493 1979 4567 Ruben,
2013 4506 2069 4553 et

469 4589 571 4645 lilii
600 4587 751 4657 Gad,
789 4599 843 4645 et
873 4586 1096 4644 dimidia
1149 4588 1329 4644 tribus
1358 4587 1640 4657 Manasse,
1668 4605 1697 4643 a
1726 4589 1852 4644 filiis
1903 4588 2068 4647 Israel

2177 3383 2235 3427 ut
2267 3372 2583 3427 holocausta
2612 3415 2627 3438 ,
2658 3383 2706 3427 et
2739 3370 3065 3427 sacriﬁcium
3119 3377 3177 3425 et
3222 3368 3478 3442 pacificus
3514 3366 3771 3422 victimas

2175 3485 2341 3531 super
2368 3484 2435 3523 eo
2465 3468 2879 3538 imponeretuus
2902 3506 2921 3534 ,
2963 3465 3080 3536 ipse
3112 3446 3325 3536 quaerat
3353 3473 3408 3518 et
3432 3462 3635 3534 judicet
3669 3477 3683 3522 ;
3718 3466 3775 3517 et

2175 3578 2280 3616 non
2311 3577 2374 3616 ea
2410 3564 2579 3629 magis
2604 3558 2939 3630 cogitatione
2970 3570 3136 3629 atque
3170 3566 3437 3622 tractatu,
3468 3567 3525 3610 ut
3554 3553 3773 3610 dicere-

2176 3670 2295 3711 mus
2322 3674 2334 3710 ε
2365 3655 2492 3708 liras
2519 3653 2698 3709 dicent
2726 3652 2818 3707 filii
2847 3652 3014 3707 vestri
3042 3651 3166 3705 ltliis
3193 3651 3391 3705 nostris
3416 3667 3430 3703 τ
3456 3648 3595 3716 Quid
3622 3647 3773 3702 vobis

2174 3760 2229 3804 et
2266 3746 2502 3804 Domino
2554 3746 2667 3802 Deo
2708 3746 2919 3801 Israel?
2956 3746 3246 3802 terminum
3289 3742 3468 3815 posuit
3512 3742 3775 3801 Dominus

2174 3842 2316 3897 inter
2349 3856 2448 3895 nos
2475 3854 2529 3896 et
2552 3856 2675 3902 vos,
2701 3856 2733 3893 o
2757 3839 2850 3894 filii
2883 3839 3072 3894 Ruben
3104 3849 3159 3893 et
3190 3836 3286 3892 lilii
3315 3836 3453 3905 Gad,
3476 3834 3772 3893 Jnrdanem

2173 3935 2395 3992 fluvium
2430 3952 2445 3991 :
2476 3944 2530 3991 et
2558 3934 2763 3990 idcirco
2803 3944 3013 4006 partem
3048 3949 3153 3987 non
3184 3932 3397 3988 habetis
3431 3932 3483 3986 in
3517 3930 3765 3985 Domino.

2177 4030 2245 4086 Et
2286 4045 2383 4099 per
2412 4029 2551 4084 hanc
2598 4026 2941 4085 occasionem
2984 4034 3234 4081 avertent
3284 4024 3378 4080 lilii
3425 4024 3592 4081 vestri
3629 4021 3770 4079 filios

2174 4138 2392 4182 nostros
2419 4141 2449 4180 a
2480 4126 2677 4180 timore
2707 4123 2939 4179 Domini.
2977 4122 3300 4178 Putavimus
3329 4123 3511 4193 itaque
3541 4122 3769 4187 melius,

2174 4230 2230 4276 et
2260 4218 2498 4275 diximus
2529 4237 2540 4273 :
2576 4217 2935 4273 Exstrnamus
2962 4216 3117 4272 nobis
3147 4216 3354 4282 altare,
3386 4229 3492 4271 noii
3525 4216 3580 4269 in
3614 4213 3772 4269 bolo-

2173 4325 2384 4380 causta,
2415 4328 2593 4385 neque
2617 4311 2682 4368 ad
2709 4311 2957 4366 victimas
2983 4308 3283 4376 offerenda,
3309 4309 3406 4365 sed
3440 4309 3491 4363 iu
3524 4308 3772 4363 testimo-

2175 4409 2324 4463 nium
2349 4409 2490 4463 inter
2518 4421 2618 4463 nos
2644 4416 2699 4462 et
2724 4420 2841 4472 vos,
2873 4415 2929 4461 et
2959 4405 3204 4461 sobolem
3238 4414 3481 4459 nostram
3507 4411 3773 4458 vestram-

2174 4515 2279 4570 que
2302 4501 2640 4571 progeniem,
2666 4508 2723 4553 ut
2751 4498 3054 4553 serviamus
3080 4496 3332 4564 Domino,
3355 4504 3413 4551 et
3430 4495 3572 4565 juris
3594 4494 3769 4549 nostri

2175 4598 2247 4652 sit
2277 4594 2475 4651 oﬂ‘erre
2506 4594 2845 4662 holocausta,
2875 4605 2929 4649 et
2965 4592 3239 4658 victimas,
3268 4599 3321 4646 et
3361 4590 3614 4661 paciﬁcos
3641 4587 3771 4644 hos.

468 4681 544 4738 de
572 4680 710 4749 Silo,
742 4694 869 4751 qua:
898 4682 1004 4736 sita
1041 4690 1126 4736 est
1160 4680 1216 4735 in
1244 4680 1540 4751 Chanaan,
1575 4692 1638 4738 ut
1670 4683 1938 4738 intrarent
1961 4682 2069 4738 Ga-
2099 4690 2145 4750 D
2174 4691 2278 4746 tias
2309 4707 2322 4742 :
2349 4697 2404 4745 et
2431 4702 2770 4759 nequaquam
2799 4685 2987 4742 dicant
3014 4700 3140 4742 cras
3176 4684 3269 4740 ﬁlii
3297 4683 3462 4738 vestri
3494 4683 3616 4736 [iliis
3641 4696 3770 4738 nos-

466 4772 594 4829 laad
641 4783 843 4829 terram
891 4772 1264 4843 possessionis
1308 4787 1460 4840 suat,
1506 4790 1669 4845 quam
1712 4775 2069 4831 obtinuerant

464 4863 623 4935 juxta
656 4862 946 4935 imperium
983 4864 1196 4923 Domini
1230 4864 1283 4919 in
1316 4880 1479 4920 manu
1527 4864 1682 4923 Mosi.
1733 4864 1820 4939 [Β.
1852 4866 2066 4936 XXXI,

470 4957 536 5013 C.
569 4957 732 5032 Cll]
756 4958 1008 5030 Cumque
1034 4960 1318 5017 venissent
1347 4961 1413 5015 ad
1458 4960 1700 5018 tumulos
1726 4960 1984 5018 Iordanis
2014 4964 2070 5019 in

466 5060 616 5108 terra
642 5052 926 5120 Chanaan,
960 5054 1366 5111 :rdiilcaverunt
1386 5055 1541 5126 juxta
1566 5056 1863 5112 Iordanem
1893 5058 2069 5113 altare

460 5146 693 5201 inﬁnita:
736 5146 1146 5218 magnitudinis.
1185 5147 1344 5219 Quod
1376 5164 1502 5205 cum
1536 5150 1818 5207 audissent
1848 5150 1943 5206 lilii
1987 5151 2061 5207 ls-

462 5238 620 5305 rael.
663 5248 721 5303 et
748 5239 815 5301 ad
847 5256 943 5301 eos
982 5243 1122 5301 certi
1152 5242 1332 5299 nuntii
1356 5242 1713 5313 detulissent,
1760 5243 2063 5303 a‘dilicasse

458 5328 609 5387 ﬁlios
636 5329 827 5389 Ruben
850 5374 865 5397 .
897 5341 953 5389 et
980 5331 1133 5403 Gad,
1176 5344 1233 5391 et
1263 5335 1509 5391 dimidiae
1553 5336 1729 5392 tribus
1768 5335 2053 5404 Hauasse,

452 5491 656 5549 eruditi
688 5492 1054 5558 arbitrantur;
1085 5507 1197 5563 quo
1222 5492 1371 5548 enim
1395 5493 1560 5550 modo
1580 5494 1765 5550 haberi
1797 5503 2051 5552 notamus

450 5566 509 5621 In
540 5565 781 5636 Vulgatis
806 5564 985 5636 libris,
1022 5580 1088 5619 ex
1133 5563 1455 5636 Graecos-ani
1482 5563 1626 5621 LXX
1663 5567 1955 5622 translatas
1978 5568 2049 5622 ad

450 5634 678 5692 verbum
709 5647 814 5692 est.
852 5634 1143 5705 Disputant
1174 5649 1309 5690 vero
1336 5635 1435 5691 hac
1483 5638 1551 5692 de
1598 5652 1660 5692 re
1704 5639 1889 5694 multis
1919 5656 2043 5695 cum

451 5705 802 5780 Martianaius
834 5707 888 5780 in
918 5706 1291 5780 adnotatione,
1341 5721 1467 5762 eum
1506 5708 1679 5780 critici
1713 5712 1854 5765 sacri
1878 5721 2041 5780 atque

447 5777 797 5851 interpretes.
830 5776 1001 5851 Quod
1030 5776 1239 5851 factum
1268 5788 1478 5851 spectat
1522 5777 1583 5835 S.
1618 5780 1815 5851 Patris,
1871 5776 2041 5839 ferme

443 5847 773 5917 persuasum
800 5859 885 5904 est
912 5847 1067 5913 mihi,
1096 5864 1205 5905 non
1236 5847 1477 5919 potuisse
1503 5851 1652 5907 illum
1681 5866 1710 5904 a
1734 5850 1879 5908 LXX
1904 5855 2038 5908 acci-

444 5932 601 5992 pere,
627 5920 732 5979 ttisi
752 5921 800 5980 si
818 5928 978 5978 antea
1005 5921 1483 5982 animadvertisset
1515 5923 1571 5979 in
1615 5922 1845 5982 Hebraeo
1866 5927 2034 5984 versi-

2173 4782 2274 4836 tris
2300 4797 2315 4840 :
2338 4780 2454 4835 Non
2485 4788 2573 4835 est
2604 4778 2757 4833 vobis
2787 4793 2915 4849 pars
2939 4780 2993 4832 in
3023 4777 3281 4832 Domino.
3312 4774 3468 4842 Quod
3500 4773 3547 4829 si
3578 4774 3770 4829 votae.

2171 4875 2281 4930 rint
2306 4873 2509 4935 dicere.
2543 4868 2954 4943 respondebunt
2982 4869 3062 4925 eis
3091 4886 3105 4924 :
3140 4870 3279 4923 l'Icce
3309 4870 3482 4922 altare
3511 4866 3765 4933 Domini,

2170 4966 2317 5037 quod
2361 4964 2610 5023 fecerunt
2654 4973 2840 5035 patres
2887 4962 3062 5019 nostri
3088 5004 3105 5031 ,
3140 4979 3248 5018 non
3296 4961 3350 5018 in
3399 4959 3767 5029 holocausta,

2172 5073 2354 5129 neque
2382 5058 2435 5113 in
2465 5056 2789 5113 sacriﬁcium
2813 5099 2827 5123 ,
2860 5055 2954 5111 sed
3000 5057 3058 5129 in
3091 5054 3465 5110 testimonium
3512 5061 3767 5108 nostrum

2170 5166 2235 5206 ac
2261 5162 2523 5207 vestrum.
2551 5150 2705 5205 Absit
2733 5165 2763 5205 a
2790 5149 2947 5206 nobis
2980 5149 3082 5203 hoc
3114 5147 3315 5215 scelus,
3349 5155 3409 5200 ut
3438 5144 3769 5201 recedamus

2170 5260 2201 5301 a
2234 5244 2487 5311 Domino,
2521 5252 2575 5300 et
2604 5243 2723 5315 ejus
2752 5242 2979 5315 vestigia
3018 5242 3425 5311 relinquamus,
3474 5246 3771 5296 exstructo

2165 5338 2333 5394 altari
2360 5337 2425 5393 ad
2461 5336 2776 5395 holocausta
2799 5378 2816 5403 ,
2845 5344 2902 5392 et
2929 5332 3195 5392 sacriﬁcia
3220 5373 3236 5402 ,
3266 5341 3323 5391 et
3350 5331 3602 5391 victimas
3630 5329 3768 5386 olle-

2155 5496 2341 5551 culum
2376 5496 2536 5551 istmn
2567 5495 2775 5549 deesse.
2806 5491 2960 5561 Quod
3010 5492 3057 5546 si
3086 5491 3419 5554 observarit,
3469 5501 3583 5547 tum
3631 5507 3767 5547 vero

2156 5568 2241 5622 via
2274 5568 2517 5629 credam.
2549 5566 2694 5637 quod
2724 5566 2792 5620 de
2822 5565 3073 5637 tlebraici
3101 5564 3388 5635 archetypi
3421 5563 3617 5619 lacuna
3648 5564 3765 5637 leee

2151 5647 2325 5697 torem
2356 5636 2581 5695 mouere
2610 5637 2935 5707 praeterierit
2985 5636 3040 5689 iu
3086 5637 3256 5706 pratia
3287 5650 3438 5702 ioue,
3487 5648 3579 5690 aut
3630 5636 3763 5695 alibi

2148 5710 2433 5767 occasione
2455 5719 2665 5781 arrepti
2712 5727 2723 5763 :
2758 5708 2900 5779 qimd
2956 5716 3148 5781 autem
3181 5707 3461 5781 supplere
3501 5708 3761 5763 maluerit

2146 5781 2324 5837 locum
2351 5796 2417 5837 ex
2451 5777 2597 5836 LXX
2623 5795 2744 5833 cum
2772 5777 3029 5847 praestare
3053 5777 3103 5850 id
3139 5777 3297 5848 longe
3326 5779 3536 5834 reetius
3563 5789 3756 5850 posset

2141 5867 2206 5909 es
2242 5853 2437 5923 Aquila
2459 5864 2513 5908 et
2543 5850 2900 5923 Symmacho,
2928 5863 3000 5905 ne
3032 5848 3118 5903 vix
3144 5850 3386 5920 quidem.

3766 5998 3853 6063 ν.
