4098 6366
328 318 423 376 ὄθὶ

1714 324 1918 382 LIBER
1957 323 2119 382 JOSU
2133 330 2188 381 Ε.

3516 330 3624 386 ωε

328 434 548 499 rendas,
586 444 782 504 praeter
812 436 985 494 altare
1013 436 1229 495 Domini
1262 438 1356 493 Dei
1400 438 1568 493 nostri
1595 482 1610 506 ,
1643 439 1787 509 quod
1825 454 1917 493 ex-
1945 441 1998 501 Α
2025 456 2143 509 qua)
2171 457 2229 498 se
2260 443 2519 498 Dominus
2553 451 2932 513 praestaturum
2972 444 3128 501 vobis
3177 461 3299 500 esse
3349 446 3623 515 pollicitus

327 535 593 582 structum
616 529 700 584 est
722 541 846 586 ante
875 531 1279 586 tabernacolum
1303 532 1442 600 ejus.
1475 531 1681 599 Quibus
1703 531 1921 594 auditis.

330 620 567 676 I’binees
593 625 872 690 sacerdos,
904 635 957 678 et
985 625 1258 694 principes
1290 624 1581 692 legationis
1610 623 1798 690 Israel,
1830 621 1925 690 qui

330 724 483 768 erant
512 729 636 768 cum
666 730 759 783 co,
797 716 997 786 placati
1034 726 1160 772 sunt
1187 732 1199 769 :
1229 725 1283 771 et
1315 715 1478 772 verba
1529 716 1761 770 filiorum
1812 715 1926 772 [lu-

329 808 458 877 ben,
484 819 538 862 et
561 805 702 877 Gad,
728 818 781 864 et
801 809 1038 864 dimidiae
1067 810 1240 865 tribus
1269 809 1537 872 Manasse,
1563 808 1929 864 libentissime

331 913 722 972 susceperunt.
754 903 1004 972 Dixitque
1028 902 1264 958 Phinees
1293 903 1438 958 ﬁlius
1471 901 1725 957 Eleazari
1752 916 1931 956 sacer-

332 995 435 1049 dos
469 995 533 1050 ad
567 1010 665 1051 eos
698 1013 710 1048 :
746 995 896 1050 Nunc
926 997 1130 1051 scimus
1161 995 1305 1065 quod
1337 995 1619 1051 nobiscum
1649 993 1717 1048 sit
1751 995 1933 1049 Domi-

333 1106 463 1156 tius,
495 1091 752 1160 quOItiam
783 1091 945 1144 alieni
981 1091 1120 1146 estis
1159 1110 1185 1144 a
1222 1090 1675 1160 praevaricatione
1709 1092 1806 1144 hac
1829 1131 1842 1155 ,
1877 1098 1935 1144 et

333 1185 619 1240 liberastis
647 1185 790 1240 filios
816 1184 982 1241 Israel
1003 1186 1069 1240 de
1095 1200 1255 1240 manu
1283 1184 1520 1240 Domini.
1551 1184 1934 1253 Reversusque

335 1287 424 1333 est
449 1293 572 1332 cum
604 1278 940 1347 principibus
968 1295 994 1330 a
1027 1277 1152 1332 ﬁliis
1186 1277 1376 1333 Ruben
1421 1286 1473 1332 et
1509 1277 1625 1332 Gad
1649 1320 1662 1341 ,
1694 1277 1760 1331 de
1790 1286 1937 1332 terra

339 1370 543 1426 Galaad
573 1411 589 1436 ,
622 1370 808 1425 ﬁnimu
846 1369 1126 1433 Chanaan,
1161 1370 1228 1425 ad
1259 1369 1399 1426 ﬁlios
1433 1371 1620 1436 Israel,
1667 1381 1718 1425 et
1751 1369 1938 1426 retulit

338 1467 444 1520 eis.
480 1466 804 1537 Placuitque
848 1481 1029 1521 sermo
1058 1467 1270 1521 cunctis
1300 1465 1668 1522 audientibus.
1727 1464 1792 1519 Et
1824 1466 1938 1518 lau-

340 1561 609 1614 daverunt
638 1559 718 1632 [h.
752 1559 1172 1631 benedixerunt]
1202 1561 1373 1616 Deum
1403 1560 1496 1614 ﬁlii
1527 1559 1694 1616 Israel
1721 1600 1735 1626 ,
1761 1569 1814 1614 et
1845 1573 1938 1615 ne-

341 1669 617 1726 quaquam
645 1657 783 1708 ultra
811 1655 1090 1719 dixerunt,
1120 1664 1180 1709 ut
1202 1655 1566 1710 ascenderent
1597 1663 1788 1710 contra
1819 1667 1937 1721 eos,

343 1760 511 1819 atque
553 1756 897 1818 pugnarent,
942 1759 995 1803 et
1024 1748 1277 1804 delerent
1327 1762 1524 1802 terram
1569 1746 1940 1817 pllSSt:SSiU"is

345 1856 563 1898 eorum.
600 1839 1050 1911 Vocaveruutque
1080 1841 1172 1894 lilii
1206 1841 1396 1896 Ruben
1424 1887 1437 1909 ,
1469 1851 1523 1895 et
1555 1839 1644 1894 filii
1678 1839 1794 1896 Gad
1821 1881 1835 1907 ,
1866 1840 1945 1894 al-

349 1945 468 1989 tare
515 1933 662 2005 quod
714 1942 1143 1999 exstruxerant,
1193 1935 1592 1989 Testimonium
1653 1947 1941 2001 nosuum,

347 2026 492 2098 quod
527 2027 792 2081 Dominus
827 2027 944 2096 ipse
974 2028 1044 2082 sit
1077 2027 1242 2082 Deus.

423 2119 508 2191 [T.
544 2119 616 2174 XI
642 2160 656 2186 ,
687 2119 750 2174 Β.
780 2117 977 2174 XXXII
1005 2162 1017 2183 ,
1055 2118 1116 2173 C.
1147 2117 1255 2186 CV,
1293 2118 1422 2189 Cap.
1468 2118 1681 2189 XXIIH
1715 2120 1946 2177 Evoluto

348 2224 533 2268 autem
581 2212 756 2266 multo
784 2221 1064 2282 tempore,
1121 2224 1404 2283 postquam
1453 2228 1638 2283 pacem
1684 2213 1948 2268 Dominus

349 2308 579 2364 dederat
608 2307 834 2375 Israeli,
883 2309 1149 2379 subjectis
1192 2311 1244 2364 in
1289 2326 1426 2381 gyro
1471 2309 1782 2366 nationibus
1828 2311 1948 2367 titti-

351 2405 548 2466 vcrsis,
572 2411 628 2457 et.
651 2403 816 2459 Josue
846 2412 968 2458 erat.
992 2404 1296 2474 longazvns,
1325 2411 1383 2458 et
1409 2404 1701 2473 perseuilis
1733 2403 1944 2458 :utatis:

355 2497 574 2553 vocavit
600 2499 769 2553 Josue
815 2513 1034 2552 omnem
1067 2496 1323 2552 Israclem
1349 2539 1363 2563 ,
1403 2498 1746 2568 tnajoresque
1778 2507 1906 2553 natu
1930 2541 1946 2566 ,

352 2601 409 2646 et
431 2590 710 2662 principes
729 2605 791 2644 ac
813 2589 1000 2658 duces,
1027 2600 1081 2644 et
1110 2590 1424 2659 magistros,
1451 2590 1696 2660 dixitque
1722 2589 1786 2644 ad
1814 2605 1906 2646 eos
1932 2607 1947 2647 :

355 2685 473 2754 ligo
521 2685 710 2753 senui,
760 2693 816 2739 et
859 2685 1258 2754 progressioris
1302 2683 1483 2740 anatis
1532 2700 1695 2739 sum:
1747 2699 1953 2754 vosque

354 2778 585 2835 cernitis
632 2779 816 2832 omnia
840 2819 853 2841 ,
884 2792 1004 2848 qua:
1033 2776 1231 2833 fecerit
1279 2777 1545 2834 Dominus
1593 2778 1736 2830 Deus
1773 2789 1954 2832 vester

354 2872 572 2925 eunetis
601 2885 698 2940 per
727 2870 1013 2924 circuitum
1044 2870 1380 2936 nationibus,
1411 2885 1516 2940 quo
1543 2869 1704 2924 modo
1737 2885 1836 2938 pro
1860 2884 1955 2922 vo-

356 2963 440 3016 bis
485 2962 602 3033 ipse
630 2972 955 3033 pugnaverit
991 2979 1006 3018 ;
1039 2974 1091 3017 et
1123 2979 1266 3017 nunc
1295 2963 1418 3032 quia
1452 2961 1604 3015 vobis
1634 2971 1783 3016 sorte
1813 2961 1957 3016 divi-

356 3055 424 3109 sit
463 3071 682 3109 omnetu
718 3067 953 3121 terram,
992 3055 1060 3109 ab
1091 3053 1347 3110 orientali
1393 3064 1544 3123 parte
1575 3054 1830 3108 Jurdattis
1871 3068 1955 3107 us-

357 3164 466 3219 que
497 3149 564 3204 ad
601 3164 749 3204 mare
792 3164 1046 3219 magnum
1075 3189 1088 3214 ,
1124 3149 1420 3216 multmque
1457 3147 1635 3201 adhuc
1663 3158 1956 3216 supersunt

2026 545 2107 589 est
2127 577 2142 599 ,
2172 552 2336 590 unum
2369 552 2475 592 non
2511 537 2831 606 praeterierit
2862 540 3157 594 incassum.
3189 539 3339 596 Sicut
3365 554 3500 611 ergo
3531 543 3630 598 im-

2027 630 2193 697 plevit
2221 647 2388 703 Opere
2411 633 2553 704 quod
2587 635 2866 702 promisit,
2916 644 2970 689 et
3017 651 3278 705 prospera
3311 644 3506 690 cuncta
3537 651 3628 692 ve-

2028 736 2226 778 nerunt
2260 744 2270 778 :
2304 726 2383 780 sic
2431 726 2662 782 adducet
2705 743 2870 796 super
2911 742 3006 782 vos
3043 727 3305 797 quidquid
3356 729 3624 784 malorum

2030 818 2391 874 comminatus
2423 829 2544 886 est,
2577 821 2751 876 denec
2781 836 2877 876 vos
2919 824 3130 876 auferat
3160 833 3326 892 atque
3352 822 3630 891 disperdat

2032 910 2102 965 de
2133 922 2275 966 terra
2305 911 2408 968 hac
2439 914 2674 982 optima.
2707 930 2866 985 quam
2912 915 3132 971 tradidit
3161 916 3315 971 vobis
3341 959 3356 983 ,
3389 931 3456 972 eo
3487 917 3627 985 quod

2035 1001 2405 1071 praeterieritis
2437 1016 2648 1074 pactum
2680 1006 2895 1060 Domini
2928 1007 3022 1062 Dei
3047 1009 3236 1074 vestri,
3262 1008 3405 1078 quod
3432 1009 3634 1079 pepigit

2035 1098 2312 1152 vobiscum
2335 1140 2349 1164 ,
2381 1108 2434 1152 et
2465 1099 2764 1154 servieritis
2795 1101 2900 1154 diis
2923 1101 3118 1156 alienis
3144 1144 3158 1166 ,
3193 1111 3251 1156 et
3278 1101 3636 1157 adoraveritis

2034 1207 2129 1246 eos
2157 1209 2167 1245 :
2193 1192 2302 1248 cito
2333 1203 2496 1262 atque
2522 1193 2780 1248 velociter
2811 1203 3105 1264 consurget
3135 1195 3187 1248 in
3217 1209 3312 1250 vos
3345 1193 3494 1248 furor
3527 1194 3635 1249 Do-

2037 1285 2193 1352 mini,
2227 1296 2281 1339 et
2313 1286 2631 1339 auferemini
2657 1285 2725 1340 de
2760 1296 2900 1340 terra
2937 1289 3036 1342 hae
3062 1287 3266 1356 optima
3290 1329 3304 1353 ,
3331 1302 3492 1358 quam
3523 1295 3637 1340 tra-

2039 1378 2177 1434 didit
2207 1378 2380 1433 vobis.

2113 1473 2192 1545 [Β.
2229 1470 2490 1538 XXXIII,
2523 1471 2655 1544 Cap.
2701 1472 2918 1545 ΠΝ]
2960 1472 3433 1546 Congregavitque
3473 1473 3642 1530 Iosue

2040 1583 2230 1623 omnes
2279 1568 2448 1620 tribus
2498 1566 2664 1621 Israel
2698 1568 2749 1620 in
2779 1567 2996 1624 Sicltem
3027 1610 3042 1633 ,
3074 1577 3128 1622 et
3157 1569 3379 1622 vocavit
3407 1567 3641 1637 majores

2044 1672 2172 1715 natu
2191 1704 2205 1728 ,
2240 1674 2302 1714 ac
2331 1658 2633 1729 principes,
2662 1668 2716 1713 et
2741 1660 2958 1727 judices
2982 1702 2994 1722 ,
3027 1671 3079 1714 et
3108 1661 3399 1730 magistros
3433 1678 3447 1715 :
3475 1669 3645 1715 stete-

2047 1765 2283 1823 runtque
2335 1754 2386 1806 itt
2433 1762 2728 1820 conspectu
2783 1751 2878 1808 Dei
2923 1752 3109 1823 [γαίῃ.
3159 1751 3396 1823 Domini]
3432 1769 3445 1808 :
3477 1763 3534 1807 et
3579 1753 3644 1808 ad

1975 1844 2020 1904 B
2050 1847 2305 1915 populmu
2349 1847 2427 1900 sic
2455 1845 2674 1900 locutus
2721 1857 2801 1899 est
2836 1861 2851 1899 :
2887 1844 3011 1899 Haec
3037 1846 3168 1900 dicit
3203 1844 3461 1900 Dominus
3504 1844 3649 1900 Deus

2049 1941 2213 1996 Israel
2246 1959 2257 1993 :
2292 1941 2465 1994 'l‘rans
2493 1939 2720 1994 fluvium
2762 1940 3141 1994 habitaverunt
3172 1948 3352 2009 patres
3383 1939 3548 1993 vestri
3581 1939 3650 1993 ab

2049 2035 2226 2088 initio.
2251 2032 2432 2088 'I‘hare
2456 2041 2608 2102 pater
2628 2030 2898 2086 Abraham
2924 2040 2980 2087 et
3002 2031 3212 2086 Nahor:
3238 2031 3651 2101 servieruntque

2050 2127 2155 2180 diis
2188 2125 2402 2181 alienis.
2435 2125 2554 2180 Tuli
2591 2141 2724 2196 ergo
2763 2137 2971 2195 patrem
3008 2135 3247 2179 vestrum
3279 2124 3550 2180 Abraham
3581 2124 3652 2179 de

2051 2220 2458 2291 Mesopotamia:
2513 2220 2714 2273 finibus
2760 2237 2772 2271 :
2817 2231 2872 2273 et
2918 2219 3118 2274 adduxi
3172 2233 3296 2274 eum
3349 2220 3399 2273 in
3453 2229 3652 2273 terram

2050 2317 2307 2369 Chanaan
2335 2357 2348 2377 ,
2385 2313 2854 2383 multiplicavique
2899 2327 3088 2367 semen
3139 2312 3259 2381 ejus
3284 2356 3298 2379 ,
3342 2322 3396 2366 et
3431 2311 3558 2367 dedi
3602 2313 3652 2367 ei

2051 2408 2201 2464 Isaac
2227 2427 2238 2462 :
2268 2407 2458 2476 illique
2487 2421 2701 2460 rursum
2731 2406 2851 2460 dedi
2879 2404 3048 2460 Jacob
3071 2413 3125 2457 et
3160 2404 3323 2458 Esau.
3365 2405 3403 2458 Ε
3428 2401 3652 2474 quibus,

2055 2499 2195 2554 Esau
2221 2501 2342 2554 dt-di
2371 2507 2611 2552 montem
2638 2495 2760 2552 Seir
2781 2496 2848 2551 ad
2875 2495 3260 2567 possidendum
3290 2512 3303 2549 :
3328 2495 3498 2550 .Iacob
3527 2510 3656 2548 vero

2055 2606 2110 2649 et
2142 2593 2236 2647 ﬁlii
2267 2592 2384 2661 ejus
2415 2590 2820 2646 descenderunt
2853 2594 2904 2642 in
2934 2587 3253 2660 Egyptum.
3288 2587 3518 2658 Misique
3550 2588 3660 2641 Mo-

2067 2702 2162 2742 sen
2196 2695 2251 2742 et
2281 2688 2460 2740 Aaron
2489 2725 2503 2748 ,
2549 2692 2606 2738 et
2643 2682 2891 2753 percussi
2918 2680 3219 2752 Egyptum
3267 2680 3449 2736 multis
3489 2680 3661 2749 signis

2057 2789 2222 2846 atque
2255 2778 2544 2847 portentis.
2599 2774 2878 2845 Eduxique
2905 2789 3002 2829 vos
3035 2785 3087 2835 et
3130 2784 3311 2844 patres
3345 2785 3558 2828 veStros
3587 2775 3657 2826 de

2059 2870 2337 2943 Egypzo,
2389 2880 2444 2924 et
2493 2869 2723 2924 venistis
2763 2867 2828 2924 ad
2878 2881 3028 2922 mare
3061 2883 3072 2920 :
3102 2866 3486 2936 persecutiqnc
3534 2874 3661 2920 sunt

2059 2963 2298 3036 Egyptii
2347 2972 2526 3032 patres
2559 2971 2776 3015 vestros
2825 2973 2948 3013 cum
2989 2957 3243 3013 curribus
3280 2968 3333 3012 et
3373 2958 3658 3027 equitatu,

2062 3076 2230 3129 usque
2261 3059 2328 3110 ad
2361 3071 2508 3110 mare
2535 3055 2800 3109 Rubrum.
2829 3053 3211 3108 Clamaverunt
3241 3060 3423 3107 autem
3454 3051 3519 3106 ad
3548 3050 3656 3103 Do-

2065 3155 2268 3208 minum
2302 3151 2401 3222 ﬁlii
2433 3149 2604 3204 Israel
2631 3149 2711 3221 [11.
2745 3163 2853 3202 non
2896 3145 3078 3216 habet]
3113 3164 3125 3199 :
3158 3145 3251 3215 qui
3279 3145 3462 3213 posuit
3502 3151 3659 3198 tene-

363 3245 619 3299 nationes
649 3259 663 3302 ;
699 3243 958 3296 Dnminus
1005 3244 1147 3297 Deus
1202 3250 1384 3297 vester
1434 3239 1716 3310 disperdet
1765 3254 1860 3295 eas
1903 3235 2030 3298 etC
2066 3248 2190 3301 bras
2236 3245 2378 3298 inter
2410 3259 2502 3297 vos
2532 3252 2583 3298 et
2616 3241 2904 3312 Aigyptios
2931 3283 2945 3304 ,
3001 3250 3054 3292 et
3101 3237 3326 3292 adduxit
3374 3252 3539 3306 super
3567 3249 3661 3290 eos

358 3337 576 3392 auferet
603 3352 632 3391 a
663 3337 800 3391 facie
826 3349 1032 3404 vestra,
1066 3344 1122 3390 et
1152 3334 1502 3405 possidebitis
1540 3344 1774 3398 terram,
1812 3333 1957 3387 sicut

361 3431 520 3485 vobis
553 3430 831 3501 pollicitus
864 3440 968 3485 est.
996 3429 1232 3484 Tantum
1267 3428 1672 3492 confortatuiui,
1698 3437 1752 3482 et
1786 3436 1959 3484 estote

361 3525 582 3581 Solliciti
625 3537 683 3580 ut
723 3524 1048 3581 custodiatis
1089 3535 1282 3579 cuncta
1325 3541 1445 3594 quae
1496 3526 1702 3593 scripta
1745 3533 1874 3578 sunt
1905 3524 1957 3576 in

358 3621 642 3677 volumine
691 3620 826 3692 legis
857 3621 992 3675 Mosi
1025 3639 1036 3672 :
1068 3630 1122 3675 et.
1162 3637 1267 3674 non
1307 3618 1594 3674 declinetis
1646 3617 1715 3671 ab
1747 3619 1826 3672 eis
1860 3633 1960 3671 nec

361 3717 432 3771 ad
465 3714 746 3771 dexteram
791 3731 892 3770 uec
921 3715 986 3769 ad
1018 3714 1290 3768 sinistram
1327 3730 1340 3768 ε
1375 3729 1442 3768 ne
1474 3724 1756 3784 postquam
1791 3712 1960 3767 intra-

359 3811 552 3864 veritis
583 3809 653 3863 ad
680 3817 893 3880 gentes,
918 3823 1038 3877 qum
1068 3809 1206 3861 inter
1235 3821 1330 3861 vos
1358 3806 1558 3862 futura:
1588 3814 1732 3874 sunt,
1763 3806 1961 3875 juretis

360 3906 416 3961 in
451 3906 676 3960 nomine
707 3903 938 3958 deorum
978 3917 1187 3966 earum,
1225 3914 1281 3957 ct
1309 3902 1562 3958 serviatis
1602 3902 1715 3966 eis,
1747 3911 1802 3956 et
1831 3901 1964 3956 ado-

362 3999 499 4056 retis
541 3999 671 4054 illos
718 4015 731 4052 :
779 3998 877 4054 sed
924 3997 1254 4052 adhatreatis
1306 3996 1539 4052 Domino
1587 3997 1697 4052 Deo
1733 4008 1959 4050 vcstro:

361 4091 508 4165 quod
539 4092 748 4147 fecistis
771 4107 945 4162 usque
996 4092 1048 4144 in
1079 4089 1220 4145 diem
1255 4089 1414 4144 hanc.
1468 4089 1532 4146 Et
1580 4099 1707 4144 tunc
1755 4088 1966 4144 auferet

361 4186 631 4242 Dominus
675 4169 914 4241 Deus'iu
955 4195 1255 4252 conspecm
1284 4191 1472 4240 vestro
1499 4192 1694 4252 gentes
1743 4197 1965 4251 magnas

362 4277 893 4346 ctrobustissimas,
938 4287 992 4334 et
1032 4276 1210 4331 nullus
1241 4276 1392 4332 vobis
1440 4274 1700 4330 resistere
1745 4273 1962 4343 poterit.

366 4370 520 4426 Unus
546 4388 576 4425 e
602 4371 759 4426 vobis
788 4381 1151 4441 persequetur
1181 4369 1418 4424 hosﬁum
1450 4367 1597 4423 mille
1623 4368 1768 4422 viros
1796 4384 1808 4420 :
1836 4367 1964 4435 quia

367 4464 638 4520 Dominus
667 4465 812 4519 Deus
839 4473 1022 4520 vester
1058 4479 1154 4532 pro
1181 4463 1332 4519 vobis
1366 4462 1484 4532 ipse
1515 4461 1798 4530 pugnabit,
1826 4462 1968 4516 sicut

366 4558 645 4629 pollicitus
675 4568 780 4614 est.
811 4557 923 4613 Hoc
948 4567 1156 4614 tantum
1183 4555 1608 4626 diligentissime
1633 4566 1956 4625 praeeavete,

2065 3355 2238 3402 mare,
2268 3347 2321 3392 et
2349 3335 2570 3406 operuit
2596 3335 2736 3388 illos.
2776 3332 3034 3387 Viderunt
3070 3330 3214 3386 oculi
3259 3329 3425 3386 vestri
3468 3337 3662 3384 cuncta

2062 3448 2182 3503 qum
2229 3432 2281 3485 in
2313 3428 2551 3501 [Egypto
2581 3426 2803 3482 fecerim
2833 3467 2848 3491 ,
2879 3435 2931 3480 et
2961 3423 3250 3480 habitastis
3284 3425 3336 3478 in
3368 3422 3662 3478 solitudine

2062 3525 2233 3580 multo
2264 3536 2514 3594 tempore
2543 3539 2556 3574 :
2591 3529 2646 3576 et
2690 3517 2964 3574 introduxi
2999 3530 3099 3571 vos
3125 3516 3193 3572 ad
3236 3529 3440 3571 terram
3472 3517 3664 3570 Amor-

2064 3622 2198 3673 rtiaei
2222 3661 2234 3682 ,
2264 3618 2353 3686 qui
2388 3615 2668 3669 habitabat
2719 3623 2871 3667 trans
2902 3611 3227 3668 Jordanem.
3273 3611 3517 3682 Cumque
3556 3623 3662 3677 pu-

2063 3718 2294 3781 gnarent
2323 3719 2511 3763 contra
2534 3722 2652 3770 vos,
2681 3704 2880 3759 tradidi
2908 3719 3003 3759 eos
3033 3704 3084 3757 in
3114 3717 3306 3757 manus
3338 3711 3574 3768 vestras,
3608 3709 3663 3754 et

2068 3805 2387 3874 possedistis
2437 3814 2637 3856 terram
2682 3815 2870 3855 eorum
2896 3840 2910 3863 ,
2943 3807 3106 3867 atque
3136 3794 3491 3851 interfecistis
3518 3793 3660 3849 illos.

2067 3901 2318 3956 Surrexit
2348 3907 2531 3952 autem
2566 3896 2744 3960 Balac,
2780 3893 2920 3948 lilius
2944 3891 3216 3963 Sepphor,
3246 3905 3343 3944 rex
3387 3888 3564 3953 Moab,
3608 3894 3668 3942 et

2071 3991 2330 4063 pugnavit
2368 3999 2562 4045 contra
2608 3987 2888 4043 Israelem.
2941 3985 3190 4054 Misitque
3221 3993 3270 4037 et
3311 3981 3524 4037 vocavit
3567 3981 3666 4036 Ba-

2070 4089 2230 4150 laam,
2265 4087 2434 4140 lilium
2468 4083 2630 4148 Beor,
2657 4089 2713 4137 ut
2737 4079 3094 4136 malediceret
3121 4077 3277 4131 vobis
3309 4093 3322 4130 :
3351 4085 3408 4129 et
3439 4090 3538 4144 ego
3569 4087 3665 4128 no-

2070 4182 2145 4235 lui
2178 4179 2368 4232 audire
2410 4191 2536 4231 eum
2561 4217 2574 4240 ,
2609 4173 2705 4229 sed
2738 4172 3050 4228 econtrario
3092 4186 3190 4240 per
3221 4170 3377 4224 illum
3408 4166 3666 4223 benedixi

2071 4274 2223 4329 vobis
2249 4313 2263 4338 ,
2301 4280 2355 4325 et
2395 4269 2620 4324 liberavi
2647 4282 2743 4320 vos
2773 4266 2840 4320 de
2877 4281 3038 4319 manu
3071 4267 3212 4332 ejus.
3262 4262 3666 4329 Transistisque

2071 4371 2364 4426 Jordanem
2393 4408 2408 4434 ,
2442 4376 2494 4421 et
2521 4362 2754 4419 venistis
2799 4361 2863 4416 ad
2893 4360 3134 4416 Iericho.
3156 4350 3669 4427 'Pttgnaveruntque

2071 4472 2258 4518 contra
2291 4475 2388 4514 vos
2423 4458 2521 4512 viri
2548 4457 2789 4511 civitatis
2833 4456 2975 4524 ejus,
3014 4449 3394 4515 Amorrhzeus,
3431 4456 3488 4502 et
3525 4446 3667 4501 Phe-

2074 4571 2302 4619 rezaeus,
2331 4563 2386 4608 et
2417 4553 2773 4614 Chananzeus,
2805 4557 2860 4602 et
2917 4545 3218 4607 llettbaius,
3252 4551 3306 4596 et
3333 4541 3666 4611 Gergeseus,

370 4663 430 4708 ut
466 4652 699 4724 diligatis
744 4654 1033 4710 Dominum
1071 4653 1244 4707 Deum
1276 4659 1543 4708 vestrum.
1576 4647 1732 4716 Quod
1781 4649 1825 4702 si
1875 4664 1968 4703 vo-
1999 4636 2052 4696 D
2077 4661 2129 4702 et
2174 4650 2363 4702 livazus
2385 4686 2398 4709 ,
2433 4653 2487 4699 et
2517 4643 2798 4697 Jebuszeus
2833 4656 2844 4693 :
2879 4651 2934 4693 et
2980 4635 3178 4691 tradidi
3233 4633 3358 4689 illos
3390 4634 3440 4686 in
3474 4647 3665 4686 manus

373 4746 586 4801 lueritis
633 4746 873 4818 gentium
919 4745 1113 4802 harum
1145 4785 1158 4808 .
1192 4760 1311 4814 quae
1359 4745 1503 4798 inter
1531 4757 1630 4796 vos
1681 4741 1970 4806 habitant,

370 4839 655 4895 erroribus
697 4838 981 4894 adhaerere
1004 4879 1020 4905 ,
1061 4848 1118 4894 et
1158 4853 1282 4896 cum
1314 4837 1393 4893 eis
1421 4837 1651 4892 miscere
1678 4835 1970 4903 connubia,

371 4943 535 5003 atque
575 4933 845 4990 amicitias
878 4934 1137 5003 copulare
1180 4950 1194 4988 :
1235 4933 1348 5004 jam
1398 4948 1539 4988 nunc
1585 4931 1785 4996 scitote
1829 4929 1974 5000 quod

373 5026 640 5082 Dominus
661 5026 806 5082 Deus
832 5036 1013 5084 vester
1044 5041 1146 5082 n0n
1173 5041 1264 5082 eas
1285 5026 1466 5082 deleat
1485 5035 1614 5082 ante
1639 5022 1830 5080 faciem
1854 5038 1975 5079 ves-

374 5125 536 5182 tram,
567 5117 664 5172 sed
687 5117 796 5172 sint
821 5117 974 5173 vobis
1001 5117 1054 5172 in
1083 5115 1296 5174 foveam
1324 5134 1389 5173 ac
1420 5117 1700 5186 laqueum,
1727 5125 1781 5170 et
1804 5116 1971 5171 offen—

375 5211 613 5268 diculum
644 5227 710 5268 ex
743 5212 914 5268 latere
935 5223 1143 5280 vestro,
1179 5219 1234 5266 et
1262 5212 1422 5266 sudes
1446 5212 1497 5266 in
1531 5211 1706 5266 oculis
1736 5211 1932 5265 veStris
1958 5253 1972 5277 ,

375 5305 552 5360 donec
589 5320 686 5359 vos
733 5304 948 5361 auferat
980 5314 1143 5374 atque
1173 5304 1452 5376 disperdat
1481 5304 1548 5359 de
1580 5315 1723 5358 tetra
1754 5303 1854 5358 hac
1880 5317 1977 5373 op-

378 5397 505 5452 tima
534 5441 549 5464 ,
578 5412 743 5468 quam
792 5397 1018 5452 tradidit
1061 5398 1235 5453 vobis.
1270 5396 1355 5467 ιβ.
1385 5395 1547 5467 CVI]
1580 5397 1656 5451 En
1688 5411 1788 5466 ego
1819 5395 1978 5451 hodie

380 5492 654 5563 ingrediar
685 5494 824 5550 viam
858 5492 1126 5550 universae
1160 5504 1324 5548 terra:
1350 5537 1363 5560 ,
1395 5501 1450 5547 et
1485 5500 1510 5527 ιι
1544 5501 1657 5547 ιοιο
1691 5491 1856 5548 corde
1881 5536 1895 5559 ,
1927 5501 1982 5546 et

378 5593 493 5640 toto
520 5587 704 5641 animo
743 5589 1085 5656 cognoscetis
1112 5626 1128 5652 ,
1160 5584 1304 5655 quod
1345 5586 1412 5640 de
1458 5584 1715 5639 omnibus
1761 5584 1977 5650 verbis,

2075 4751 2304 4796 vestras.
2337 4736 2418 4808 IVC.
2451 4735 2631 4806 CVIH
2667 4733 2900 4803 Misique
2942 4744 3064 4785 ante
3094 4744 3194 4783 vos
3234 4727 3535 4783 crabrones
3573 4742 3585 4778 :
3615 4736 3667 4780 et

2075 4832 2215 4903 ejet-i
2247 4831 2324 4902 [11.
2356 4841 2409 4884 et
2440 4826 2740 4898 ejecerunt]
2771 4841 2868 4882 eos
2895 4825 2963 4879 de
2995 4823 3127 4878 locis
3155 4823 3266 4876 suis
3289 4863 3303 4885 ,
3335 4821 3472 4875 duos
3509 4835 3670 4888 reges

2075 4928 2551 4987 Amorrltteorum,
2587 4937 2694 4974 non
2733 4922 2783 4974 in
2815 4919 2999 4989 gladio
3036 4932 3136 4972 nec
3163 4918 3213 4969 in
3251 4931 3382 4970 arcu
3418 4925 3530 4970 tuo.
3563 4913 3668 4968 De-

2073 5023 2234 5090 dique
2264 5019 2422 5073 vobis
2453 5025 2680 5076 terram,
2713 5015 2766 5068 in
2794 5029 2896 5083 qua
2931 5028 3034 5066 non
3068 5009 3379 5072 laborastis,
3410 5017 3466 5063 et
3497 5009 3662 5064 urbes

2073 5130 2208 5186 quas
2239 5129 2348 5167 non
2393 5110 2701 5165 mdilicastis
2725 5149 2739 5173 ,
2798 5119 2855 5160 ut
2904 5106 3220 5160 habitaretis
3252 5103 3304 5158 in
3334 5104 3414 5159 eis
3443 5121 3456 5159 :
3484 5104 3672 5158 vineas

2078 5216 2133 5262 et
2159 5207 2378 5267 oliveta,
2411 5218 2535 5272 qua:
2576 5216 2683 5255 non
2725 5199 3012 5269 plantastis
3040 5197 3116 5267 lli.
3146 5195 3485 5268 comeditis].
3519 5195 3673 5251 Nune

2078 5316 2209 5371 ergo
2242 5299 2429 5352 timete
2458 5295 2785 5358 Dominum,
2821 5303 2875 5346 et
2905 5291 3108 5346 servite
3134 5290 3182 5344 ei
3215 5288 3460 5359 perfecto
3487 5283 3673 5344 torde

2080 5404 2242 5462 atque
2272 5389 2558 5444 verissimo
2593 5405 2604 5439 ε
2631 5395 2686 5441 et
2718 5384 2932 5439 auferte
2959 5383 3108 5449 deos,
3144 5382 3344 5451 quibus
3374 5381 3676 5436 servierunt

2083 5495 2266 5558 patres
2299 5482 2466 5537 vestri
2505 5481 2556 5534 in
2587 5477 2975 5550 MesOpotamia
3002 5485 3055 5530 et
3085 5477 3135 5528 in
3165 5474 3434 5548 Egypto,
3469 5488 3531 5528 ac
3561 5489 3677 5528 ser-

2081 5586 2189 5638 vite
2220 5581 2470 5637 Domino.
2527 5577 2620 5634 Sin
2666 5587 2848 5632 autem
2881 5575 3104 5646 .malum
3155 5573 3315 5627 vobis
3358 5570 3572 5626 videtur
3617 5580 3675 5624 ut

453 5777 476 5804 α
511 5766 836 5822 Exciderunt
869 5766 1208 5823 librariorum
1241 5767 1531 5823 oscitantia
1560 5782 1589 5822 e
1613 5765 1857 5835 Vulgatis
1893 5763 2046 5822 libris
2076 5765 2195 5820 lucc
2229 5762 2413 5830 verba,
2443 5770 2486 5815 et
2516 5769 2621 5816 toto
2653 5761 2842 5827 corde,
2876 5755 3226 5829 quagnedum
3262 5752 3666 5822 Hebrzeusztex-

388 5846 471 5892 tus
501 5839 682 5907 habet,
717 5848 770 5894 et
800 5838 1038 5894 Graecus.
