4098 6366
417 305 524 364 5υὸ
573 263 588 276 ’

1425 309 1486 366 S.
1529 307 1912 365 HiLRONYMl
1949 305 2184 364 DIVINA
2223 306 2702 366 BIBLIOTHECA.

3609 309 3717 368 εοι

415 419 650 478 Domino
692 423 949 480 s'erviatis
975 463 988 491 ,
1028 426 1176 497 optio
1206 425 1357 482 vobis
1400 424 1560 480 datur
1591 443 1603 478 :
1631 423 1817 496 eligite
1849 424 2010 480 hodie
2037 439 2088 500 Α
2116 425 2347 495 populus
2369 426 2435 481 ad
2457 428 2652 484 Josue:
2686 427 2916 484 Domino
2943 428 3058 485 Deo
3091 438 3280 486 nostro
3305 431 3628 501 serviemus,
3658 439 3717 489 et

413 515 557 584 quod
591 516 790 588 placet,
815 517 905 574 cui
931 519 1137 576 servire
1164 517 1502 590 potissimum
1527 519 1796 590 debeatis,
1825 531 2004 576 utrum

2109 519 2430 576 obedientes
2485 522 2693 577 erimus
2719 523 3006 594 prreceptis
3048 523 3189 595 ejus.
3241 523 3516 582 Percussit
3543 525 3708 596 igitur

413 606 520 664 diis
549 654 563 679 ,
603 610 797 693 quibus
827 613 1144 669 servierunt
1188 621 1372 682 patres
1395 611 1562 668 vestri
1596 613 1647 669 in
1693 614 2008 684 Mesopota-
2107 617 2277 672 Josue
2333 619 2384 671 in
2435 617 2524 674 die
2555 618 2646 672 illo
2702 617 2900 684 lbedus,
2931 627 2984 674 et
3015 621 3300 690 proposuit
3347 621 3710 691 pupulopraz-

407 702 518 758 mia
543 743 558 769 ,
589 717 657 758 an
689 703 792 760 diis
824 705 1268 760 Amorrbaeorum
1298 746 1313 771 ,
1357 705 1409 759 in
1439 720 1672 776 quorum
1718 716 1860 761 terra
1901 705 2001 761 ba-

407 793 595 850 bitatis
629 811 642 848 :
674 811 774 865 ego
815 807 997 852 autem
1035 807 1088 852 et
1131 797 1326 853 domus
1375 813 1492 854 mea
1539 798 1844 856 serviemus
1894 799 2001 854 Do-

403 889 581 945 mino.
616 887 1026 961 Restionditque
1055 891 1310 961 populus,
1339 901 1396 947 et
1421 891 1534 946 ait:
1561 891 1713 948 Absit
1744 908 1772 946 a
1803 893 1961 948 nobis
1982 933 1998 959 ,

404 989 466 1036 ut
494 980 865 1050 relinquamus
895 982 1204 1050 Dominum,
1227 993 1282 1038 et
1309 984 1612 1039 serviamus
1642 985 1747 1039 diis
1777 985 1994 1042 alienis.

402 1073 666 1129 Dominus
713 1075 790 1148 [Ιι.
835 1075 1108 1144 Quoniam
1149 1075 1436 1150 Dominus]
1486 1077 1630 1133 Deus
1662 1086 1848 1132 noster
1882 1077 1998 1149 ipse

403 1169 590 1224 eduxit
617 1183 744 1237 nos,
777 1179 833 1224 et
863 1178 1044 1240 patres
1073 1179 1322 1238 nostros,
1356 1170 1423 1226 de
1455 1183 1597 1226 terra
1632 1169 1884 1243 IEgypti,
1927 1169 1995 1226 de

399 1261 563 1317 domo
611 1263 896 1318 servitutis
941 1281 953 1317 :
996 1263 1231 1336 fecitque
1276 1265 1591 1322 videntibus
1636 1268 1792 1322 nobis
1837 1269 1990 1336 signa

391 1355 662 1426 iungentia,
697 1365 752 1411 et
782 1356 1078 1412 custodivit
1123 1373 1220 1412 nos
1261 1357 1318 1412 in
1362 1359 1509 1414 omni
1541 1361 1625 1412 via
1653 1399 1669 1425 ,
1701 1373 1801 1428 per
1829 1375 1990 1429 quam

393 1447 820 1518 ambulavimus,
852 1458 908 1506 et
937 1450 990 1504 in
1020 1451 1234 1507 cunctis
1267 1451 1504 1522 populis,
1527 1466 1621 1522 per
1643 1467 1776 1522 quos
1797 1450 1993 1506 transi-

392 1542 595 1597 vimus.
632 1545 697 1598 Et
725 1545 892 1616 ejecit
937 1546 1229 1602 universas
1259 1555 1450 1618 gentes
1479 1587 1492 1612 ,
1527 1555 1581 1601 et
1609 1545 1988 1601 Amnrrbazum

387 1635 757 1692 habitatorem
818 1647 1024 1704 terrae,
1081 1655 1242 1710 quam
1301 1654 1400 1694 nos
1449 1638 1799 1694 intravimus.
1860 1638 1987 1695 Scr-

384 1729 600 1786 viemus
641 1730 812 1801 igitur
839 1731 1070 1786 Domino
1093 1776 1106 1801 ,
1151 1733 1276 1804 quia
1323 1734 1438 1802 ipse
1471 1741 1555 1788 est
1586 1734 1730 1789 Deus
1774 1743 1980 1788 noster.

384 1822 474 1896 lC.
500 1822 667 1896 CIX]
696 1823 954 1896 Dixitque
983 1825 1148 1881 Josue
1177 1826 1244 1880 ad
1277 1826 1568 1898 populum:
1595 1826 1711 1927 Non
1738 1827 1984 1927 poteritis
2017 1868 2060 1927 Β

385 1919 593 1972 servire
615 1917 846 1974 Domino
865 1918 1037 1975 :Dcus
1067 1920 1215 1976 enim
1245 1929 1488 1990 sanctus,
1513 1929 1568 1976 et
1587 1921 1981 1976 lor-tismmula-

379 2016 466 2064 tor
483 2019 584 2076 est,
608 2025 708 2067 nec
737 2013 981 2083 ignoscet
998 2013 1305 2068 sceleribus
1323 2009 1517 2068 vestris
1536 2022 1696 2084 atque
1719 2015 1976 2084 peccatis.

379 2101 436 2159 Si
465 2103 787 2160 dimiseritis
816 2105 1107 2161 Dominum
1135 2148 1149 2173 ,
1189 2116 1244 2162 et
1281 2107 1584 2162 servicritis
1610 2107 1712 2162 diis
1739 2107 1931 2163 alienis
1957 2150 1972 2174 ,

377 2207 753 2264 convertetse,
776 2208 831 2254 et
859 2198 1067 2271 afﬂiget
1090 2215 1185 2256 vos
1203 2209 1364 2272 atque
1391 2201 1973 2271 subvertetpostquam

375 2289 536 2344 vobis
577 2289 894 2358 praestiterit
923 2291 1087 2346 bona.
1142 2292 1392 2364 Dixitque
1425 2293 1656 2364 populus
1686 2292 1753 2347 ad
1784 2293 1970 2349 Josue.

371 2379 730 2454 Nequaquam
755 2385 826 2441 ita
852 2393 911 2441 ut
936 2387 1194 2458 loqueris,
1227 2389 1354 2454 erit,
1387 2389 1483 2445 sed
1508 2390 1742 2446 Domino
1767 2391 1976 2446 servie-

371 2489 516 2528 mus.
563 2477 630 2530 Et
655 2476 821 2532 Josue
870 2479 935 2534 ad
974 2481 1276 2551 populum:
1327 2482 1562 2548 Testes,
1618 2483 1816 2556 inquit,
1880 2498 1976 2539 vos

371 2566 526 2636 estis,
560 2571 686 2639 quia
720 2570 822 2640 ipsi
853 2571 1129 2638 elegeritis
1159 2573 1314 2643 vobis
1345 2575 1635 2630 Dominum
1667 2584 1725 2630 ut
1767 2577 1972 2631 servia-

367 2657 440 2712 tis
478 2661 554 2714 ei.
604 2660 1162 2736 Responderuntque:
1206 2666 1420 2725 Testes.
1477 2669 1630 2726 Nunc
1676 2685 1828 2740 ergo,
1871 2670 1968 2738 ait,

367 2751 580 2809 auferte
625 2753 757 2810 deos
797 2757 1008 2814 alienos
1058 2759 1126 2816 de
1159 2761 1342 2818 medio
1371 2764 1570 2831 vestri,
1625 2774 1678 2820 et
1710 2764 1968 2819 inclinate

365 2845 532 2901 corda
577 2857 754 2905 vestra
787 2850 855 2906 ad
901 2852 1188 2910 Dominum
1241 2855 1410 2912 Deum
1461 2856 1652 2913 Israel.
1713 2857 1966 2928 Dixitque

2106 717 2262 778 cepta
2294 717 2456 780 atque
2483 708 2678 779 indicia
2705 710 2757 764 in
2793 707 3032 766 Sichem.
3063 710 3148 784 [(3.
3180 709 3322 784 CX.]
3369 713 3708 783 Scripsitque

2105 801 2285 855 omnia
2309 801 2474 857 verba
2503 801 2619 856 lucc
2649 801 2701 856 in
2730 803 3014 858 volumine
3041 805 3176 874 legis
3193 803 3410 859 Domini
3435 821 3447 858 :
3497 812 3550 859 et
3582 805 3711 860 tulit

2103 891 2336 964 lapidem
2382 894 2771 966 pergrandem,
2813 895 3102 968 posuitque
3130 913 3253 952 eum
3303 897 3489 953 subter
3541 914 3706 970 quer-

2101 1001 2246 1052 cum,
2298 1003 2420 1056 qua:
2465 999 2582 1046 erat
2626 989 2678 1043 in
2708 991 3023 1044 sanctuario
3054 991 3308 1046 Domini:
3369 991 3584 1047 etdixit
3633 993 3702 1048 ad

2099 1075 2316 1136 Omnem
2351 1082 2644 1153 populum:
2697 1083 2775 1138 En
2806 1084 2944 1153 lapis
2974 1085 3076 1140 iste
3106 1085 3212 1140 erit
3263 1085 3416 1140 vobis
3445 1087 3496 1141 in
3549 1088 3704 1144 testi-

2100 1172 2365 1246 monium,
2394 1173 2539 1243 quod
2563 1174 2798 1231 audierit
2827 1175 3014 1232 omnia
3043 1177 3205 1233 verba
3234 1177 3450 1234 Domini
3471 1193 3591 1251 qua:
3617 1179 3700 1236 lo-

2096 1277 2254 1322 cutus
2283 1278 2369 1324 est
2401 1269 2590 1324 vobis:
2637 1285 2704 1325 ne
2754 1270 2897 1326 forte
2947 1280 3138 1340 postea
3168 1287 3373 1343 negare
3407 1273 3609 1340 velitis,
3641 1280 3698 1330 et

2095 1363 2310 1418 mentiri
2367 1364 2599 1422 Domino
2631 1365 2743 1422 Deo
2783 1377 2998 1422 vestro.
3055 1365 3375 1440 Dimisitque
3407 1369 3692 1438 pupulum,

2093 1457 2340 1527 singulos
2368 1458 2419 1512 in
2443 1461 2846 1528 possessionem
2871 1462 3137 1534 suam.,Et
3162 1470 3288 1533 post
3314 1460 3432 1518 haec
3445 1473 3696 1520 mortuus

2091 1560 2172 1605 est
2201 1549 2388 1616 Iosue,
2431 1553 2572 1608 (ilius
2601 1553 2740 1622 Nnn,
2771 1570 2967 1611 servus
2999 1557 3230 1622 Domini,
3255 1565 3474 1612 centum
3499 1557 3690 1614 decem

2089 1657 2394 1698 annorum:
2447 1646 2892 1718 sepelieruntque
2923 1664 3046 1704 eum
3080 1653 3131 1704 in
3161 1648 3359 1706 ﬁnibus
3392 1651 3696 1720 possessio-

2090 1737 2172 1792 nis
2201 1752 2314 1793 su:e
2365 1739 2416 1794 in
2445 1739 2760 1797 Titamnath
2789 1743 2957 1812 Sare,
2999 1760 3123 1816 qum
3161 1745 3263 1800 sila
3296 1755 3381 1801 est
3421 1745 3476 1800 in
3510 1757 3694 1802 monte

2094 1831 2380 1902 Ephraim,
2431 1849 2458 1886 a
2506 1837 2926 1907 septentrionali
2961 1849 3113 1908 parte
3145 1840 3346 1894 montis
3375 1839 3536 1895 Gaas.
3565 1839 3692 1896 Ser-

2089 1924 2274 1996 vitque
2299 1927 2465 1983 Israel
2501 1928 2729 1984 Domino
2759 1930 2969 1985 curratis
2999 1933 3188 1987 diebus
3215 1931 3404 1998 Josue,
3427 1941 3478 1988 et
3508 1934 3692 1988 senio-

2087 2033 2206 2073 rum
2234 2024 2322 2089 qui
2361 2020 2524 2092 longo
2557 2023 2810 2078 vixerunt
2853 2033 3105 2094 tempore
3149 2034 3272 2096 post
3296 2026 3485 2093 Jusuc,
3514 2034 3569 2082 et
3597 2026 3688 2096 qui

2087 2122 2352 2166 noverant
2381 2113 2559 2170 omnia
2593 2129 2761 2185 opera
2791 2115 3006 2171 Domini
3035 2132 3156 2188 qua:
3181 2118 3386 2174 fecerat
3416 2117 3470 2172 in
3494 2117 3680 2174 Israel.

2084 2202 2220 2260 Ossa
2271 2222 2486 2278 quoque
2530 2209 2759 2280 Josepb,
2807 2225 2930 2282 qua:
2981 2210 3217 2266 tulerant
3259 2211 3356 2266 lilii
3395 2209 3562 2267 Israel
3612 2212 3681 2268 de

2081 2295 2341 2368 Egypto,
2367 2301 2705 2371 sepelierunt
2739 2303 2794 2358 in
2816 2303 3060 2372 Sichem,
3092 2305 3148 2360 in
3173 2315 3326 2376 parte
3349 2307 3487 2376 agri,
3519 2321 3680 2378 quem

2083 2401 2296 2450 emerat
2322 2393 2492 2451 Jacob
2533 2412 2564 2452 a
2607 2397 2734 2452 tiliis
2764 2400 2950 2468 Emor,
2988 2400 3158 2470 patris
3183 2399 3423 2467 Sichem.
3459 2410 3677 2458 centum

2084 2487 2310 2542 novellis
2333 2489 2544 2555 ovibus,
2575 2502 2629 2546 et
2661 2490 2762 2548 fuit
2791 2493 2842 2548 in
2869 2493 3280 2564 possessionem
3316 2495 3553 2552 filiorum
3581 2496 3673 2553 Jo—

2081 2580 2238 2651 seph.
2266 2581 2494 2639 Eleazar
2520 2600 2756 2656 quoque,
2790 2587 2933 2643 lilius
2955 2591 3159 2657 Aaron,
3195 2601 3442 2645 mortuus
3465 2599 3580 2646 est:
3622 2601 3678 2648 et

2077 2676 2422 2746 sepelierunt
2463 2694 2586 2734 eum
2631 2683 2683 2735 in
2717 2681 2957 2738 Gabaatlt
2991 2681 3226 2740 Phinecs
3255 2684 3351 2740 ﬁlii
3373 2683 3513 2756 ejus,
3553 2699 3674 2756 qua:

2077 2769 2204 2824 data
2225 2781 2309 2828 est
2331 2773 2378 2827 ei
2411 2776 2468 2828 in
2495 2784 2732 2832 montem
2759 2776 3036 2848 Epliraim.

1556 2989 1789 3062 Explicit
1819 2990 1948 3046 liber
1977 2990 2142 3050 Josue
2173 2995 2282 3052 Ben
2313 2995 2464 3054 Nan.
2635 3080 2640 3086 ⁴
2943 3058 2945 3060 .
3567 3003 3582 3072 .’

363 3117 3642 3169 -—__._______.________________________

1523 3218 1794 3282 TITULI
1839 3219 2056 3284 LIBRI
2095 3221 2460 3287 JUDICUM.

357 3333 400 3392 Ι.
444 3333 575 3390 Post
614 3345 828 3393 mortem
859 3335 1021 3394 Iosue
1045 3341 1417 3397 consuluerunt
1448 3342 1548 3413 ﬁlii
1577 3341 1746 3399 Israel
1777 3343 1960 3402 Domi-
1986 3351 2031 3415 ί]

426 3446 576 3498 num,
605 3431 719 3501 quis
748 3443 878 3488 esset
898 3435 1009 3491 dua:
1038 3435 1196 3503 belli;
1225 3445 1272 3490 et
1295 3434 1548 3491 Dominus
1568 3452 1587 3491 :
1606 3436 1956 3494 Judas.Ado-

426 3521 662 3576 nibczech
687 3523 860 3579 rexab
893 3523 1065 3581 Israel
1095 3527 1578 3598 comprehenditur;
1633 3529 1819 3584 deinde
1848 3529 1951 3584 Ca-

422 3613 724 3670 riatIt-Arbe
763 3627 810 3670 et
847 3627 1046 3674 creterra
1075 3620 1324 3674 civitates.
1377 3620 1456 3674 De
1503 3619 1698 3678 Cltaleb
1738 3634 1786 3678 et
1813 3624 1950 3690 Axa,

424 3705 538 3776 ﬁlia
566 3709 679 3779 ejus
703 3726 722 3764 :
751 3709 815 3764 de
834 3727 961 3782 agro
989 3713 1275 3784 postulato,
1301 3723 1349 3769 et
1373 3714 1437 3769 de
1460 3714 1604 3770 Gaza
1633 3732 1650 3769 :
1705 3718 1769 3772 de
1824 3718 1950 3787 ﬁliis

422 3797 570 3854 Enac
611 3803 926 3857 exstinctis:
982 3804 1047 3858 de
1093 3804 1298 3875 Bethel,
1327 3807 1391 3862 de
1423 3806 1588 3876 Luza,
1645 3818 1696 3863 et
1741 3809 1952 3865 homine

421 3892 688 3962 proditore
717 3897 1106 3967 ejus;quarum
1134 3915 1248 3952 cum
1291 3899 1608 3955 habitatores
1663 3919 1765 3957 non
1811 3903 1951 3958 dele-

419 3985 634 4054 vissent,
684 3997 860 4057 postea
907 3991 1094 4044 reversi
1145 4002 1508 4064 Oppresseruut
1560 3992 1856 4048 lsraelem:
1899 4004 1949 4051 et

424 4081 641 4154 angelus
669 4079 883 4138 Domini
909 4084 1065 4154 venit,
1098 4094 1146 4140 et
1175 4085 1496 4158 improperat
1523 4088 1595 4142 eis
1621 4089 1884 4160 ﬂentibus.

348 4215 414 4274 ll.
445 4216 546 4273 Ubi
576 4235 839 4292 tamquam
867 4238 989 4278 mox
1035 4234 1295 4279 mortuum
1340 4223 1502 4280 Josue
1553 4239 1944 4296 commemorat,

409 4320 460 4365 et
482 4313 777 4369 senioribus
828 4319 1089 4372 timoratis
1113 4320 1332 4374 mortuis
1363 4321 1566 4377 novella-
1591 4331 1718 4376 aetas
1747 4323 1942 4378 lasciva

411 4407 681 4473 succrevit,
708 4424 826 4478 quin
853 4408 1018 4464 Deum
1039 4413 1248 4466 omnino
1271 4431 1373 4468 non
1399 4415 1594 4483 coluit;
1645 4427 1691 4470 et
1731 4417 1942 4474 Bualim

411 4499 682 4555 serviendo
705 4500 987 4558 Dominum
1010 4503 1081 4558 ad
1127 4505 1456 4562 iracundiam
1515 4513 1840 4577 provocavit;
1893 4523 1941 4567 et

408 4592 626 4646 tradidit
652 4609 737 4648 eos
755 4595 809 4649 in
832 4597 1070 4652 manibus
1091 4597 1335 4654 hostium.
1361 4600 1442 4655 De
1467 4603 1692 4675 quinque
1712 4607 1939 4675 satrapis

407 4683 814 4744 Philistinorum
841 4692 1034 4746 relictis
1061 4709 1078 4747 :
1107 4693 1170 4749 de
1219 4695 1346 4764 ﬁliis
1395 4695 1811 4754 Chanana’orum
1853 4717 1938 4755 so-

405 4777 556 4832 ciatis
581 4795 599 4832 :
621 4779 686 4833 de
713 4779 925 4836 Chuzan
954 4781 1267 4842 Razathaim
1301 4787 1694 4861 Mesopotamia:
1721 4810 1740 4848 :
1781 4803 1828 4849 et
1857 4795 1922 4849 de
1949 4785 2001 4846 D

408 4868 672 4940 (Il/toniel,
699 4891 815 4946 rege
840 4873 1028 4932 Israel.

328 4979 416 5036 ΙΙΙ.
445 4981 793 5042 Peccauerunt
817 4989 914 5056 ﬁlii
941 4989 1133 5061 Israel,
1185 5003 1232 5047 et
1280 4996 1496 5051 tradidit
1536 5015 1624 5053 eos
1671 4999 1926 5056 Dominus

397 5072 570 5146 Eglon
614 5079 722 5149 regi
751 5077 948 5149 Moab;
984 5093 1032 5136 et
1070 5084 1419 5142 clamauerunt
1446 5091 1515 5147 ad
1538 5089 1840 5161 Dominum,
1875 5104 1924 5150 et

396 5171 664 5261 suscitauit
692 5173 764 5226 eis
804 5175 937 5245 Aod,
963 5176 1134 5244 ﬁlium
1163 5178 1324 5249 Cera,
1353 5199 1470 5252 qua:
1517 5185 1703 5238 occidit
1751 5185 1924 5261 Eglon

393 5251 648 5329 crawm,
699 5274 746 5319 et
782 5264 1043 5324 Moabitas
1087 5269 1262 5326 decem
1311 5251 1498 5329 millia.
1551 5276 1626 5331 De
1673 5251 1920 5351 Sam‘qari

391 5352 504 5422 ﬁlio
527 5353 721 5423 Anath,
751 5359 841 5430 qui
864 5361 1050 5416 occidit
1079 5375 1342 5419 sexcentos
1366 5367 1504 5424 uiros
1534 5386 1754 5425 vomere.
1810 5370 1919 5428 Ite-

391 5462 506 5501 rum
529 5460 890 5519 peccauerunt,
946 5462 994 5508 et
1039 5456 1218 5510 traditi
1273 5469 1389 5513 sunt
1410 5460 1569 5517 .labin
1600 5465 1708 5536 regi
1733 5481 1750 5520 :
1780 5462 1919 5521 Deb-

388 5541 518 5596 bora
541 5553 588 5597 et
613 5542 844 5613 Barach,
866 5549 1091 5603 exercitu
1117 5551 1290 5619 ducto,
1323 5555 1620 5612 occiderunt
1645 5557 1822 5615 Jabin.
1840 5559 1918 5616 De

385 5633 559 5704 Jabel,
589 5655 751 5694 uxore
787 5639 985 5710 Haber,
1017 5661 1134 5715 qua:
1192 5649 1311 5717 palo
1339 5651 1526 5707 occidit
1553 5653 1808 5710 Sisaratn.
1846 5655 1891 5711 E

384 5730 645 5786 canticum
671 5731 919 5790 Debborae
949 5745 995 5790 et
1029 5734 1221 5794 Barac.
1876 5755 1880 5759 '

313 5834 402 5897 Vl.
437 5841 718 5902 Peccantes
745 5848 928 5904 iterant
956 5852 1134 5909 traditi
1171 5863 1287 5910 sunt
1326 5857 1377 5910 in
1433 5875 1591 5916 manu
1633 5860 1853 5921 .iladian
1884 5883 1904 5922 :

2139 3355 2188 3400 et
2228 3345 2486 3403 humiliati
2532 3351 2760 3407 clamant
2787 3354 2858 3406 ad
2887 3353 3202 3425 Dominum;
3230 3367 3278 3413 et
3299 3360 3450 3415 mittit
3471 3361 3541 3415 ad
3579 3379 3664 3417 eos

2136 3443 2849 3518 praphetam,impmperans
2879 3451 3096 3523 angelus
3152 3451 3369 3508 Domini
3416 3459 3552 3512 uenit
3595 3459 3665 3513 ad

2143 3536 2355 3593 Gedeon
2383 3545 2650 3611 {ramenta
2681 3553 2946 3612 terentem,
2978 3558 3024 3601 et
3052 3549 3192 3602 mala
3241 3565 3354 3619 qua:
3382 3551 3480 3606 sibi
3522 3552 3663 3606 acci-

2130 3631 2336 3699 derant,
2359 3647 2643 3703 enumerat,
2682 3647 2730 3692 et
2755 3641 2901 3693 audit
2931 3637 3142 3696 Gedeon
3195 3645 3338 3713 quod
3383 3661 3476 3716 per
3502 3663 3558 3702 se
3582 3647 3662 3720 ip-

2128 3742 2239 3779 sum
2272 3727 2584 3783 liberaturus
2605 3742 2736 3786 esset
2769 3732 3020 3789 Dominus
3075 3733 3344 3792 Israelent.
3386 3737 3468 3793 De
3495 3743 3662 3797 sacri-

2127 3819 2248 3886 ﬁcio
2275 3819 2451 3874 oblato
2484 3837 2502 3873 :
2535 3831 2582 3875 et
2609 3823 2738 3878 dixit
2787 3825 3042 3882 Dominus
3091 3828 3162 3882 ad
3205 3846 3322 3884 eum
3368 3840 3535 3898 nocte,
3599 3841 3657 3888 ut

2129 3911 2387 3966 destructa
2414 3929 2506 3967 ara
2527 3913 2684 3982 Baal,
2711 3904 2757 3970 et
2782 3917 2900 3972 luco
2925 3919 3118 3987 exciso,
3149 3921 3213 3976 de
3239 3930 3392 3976 tauro
3421 3933 3658 3994 septena-

2123 4005 2203 4059 rio
2223 4008 2486 4078 palristui
2533 4009 2719 4074 o/ferat
2763 4013 3098 4080 sacriﬁcium.
3152 4015 3233 4071 De
3281 4027 3554 4084 conventu,
3605 4030 3655 4075 et

2127 4096 2722 4182 MadianitissGedeon,
2759 4104 2940 4161 vellere
2970 4109 3136 4178 posito
3186 4110 3239 4164 in
3281 4125 3424 4179 area,
3467 4115 3653 4182 quaerit

2123 4191 2348 4262 signum.
2379 4181 2627 4250 Dominus
2657 4196 2790 4252 dixit
2810 4197 2880 4252 ad
2918 4215 3032 4254 eum
3063 4217 3083 4256 :
3140 4200 3344 4258 Multus
3388 4181 3650 4262 esttecum

2120 4287 2360 4360 papulas.
2387 4289 2469 4343 Ad
2500 4308 2664 4362 aquas
2703 4293 3012 4365 probantur,
3046 4307 3092 4350 et
3141 4300 3354 4353 trecenti
3380 4301 3477 4354 viri
3503 4302 3652 4370 probi

2119 4379 2452 4436 itweniuntur
2476 4399 2498 4449 ;
2527 4393 2574 4437 et
2590 4387 2751 4456 jussu
2796 4384 3009 4441 Domini
3037 4388 3298 4444 descendit
3341 4392 3395 4446 in
3446 4402 3642 4463 castra,

2118 4481 2164 4525 et
2191 4472 2339 4526 audit
2365 4476 2620 4530 somnium
2647 4479 2952 4548 referentem
2985 4479 3050 4534 de
3074 4492 3328 4549 proventu
3361 4483 3504 4540 belli.
3565 4483 3644 4541 De

2120 4564 2376 4620 Salmana
2415 4576 2462 4619 et
2505 4565 2686 4622 Zebee.
2721 4567 2797 4624 De
2826 4568 2980 4626 Oreb.
3039 4571 3119 4625 De
3140 4573 3262 4628 viris
3294 4573 3544 4642 Socchot,
3595 4586 3646 4632 ct

2115 4659 2181 4713 de
2207 4667 2348 4714 turre
2378 4657 2643 4730 Phanuel,
2667 4671 2715 4718 ct
2742 4680 2850 4720 cxx
2880 4666 3046 4720 millia
3076 4669 3392 4726 occisorum.
3453 4669 3533 4726 De
3555 4673 3641 4729 iu-

2097 4752 2308 4807 auribus
2335 4755 2506 4810 aureis
2537 4773 2566 4809 a
2589 4753 2800 4812 Gedeon
2832 4759 2896 4812 de
2926 4761 3107 4831 prwda
3133 4761 3416 4833 postulatis
3441 4781 3460 4832 ;
3497 4776 3543 4820 et
3575 4767 3641 4822 de

2106 4855 2269 4899 morte
2296 4846 2467 4915 quieta
2495 4849 2726 4919 ejusdem
2754 4847 2984 4906 Gedeon.

2038 4935 2098 4992 V.
2127 4937 2330 4992 Iterttm
2359 4951 2699 5006 peccaverunt
2723 4943 2823 5010 ﬁlii
2862 4943 3054 5019 Israel,
3079 4959 3130 5003 et
3157 4949 3455 5006 Abimelech
3483 4964 3637 5010 natu-

2101 5029 2228 5083 ralis
2248 5029 2452 5085 Gedeon
2481 5035 2744 5101 conspirat
2765 5053 2880 5091 cum
2897 5038 3208 5097 Sicltimitis.
3233 5041 3514 5101 Conductis
3536 5066 3628 5102 ra-

2098 5123 2177 5192 gis
2200 5123 2386 5180 occidit
2407 5128 2740 5200 septuaginta
2769 5130 2926 5199 uiros,
2957 5131 3096 5202 ﬁlios
3119 5133 3351 5204 Gedeon,
3387 5155 3414 5193 e
3447 5139 3632 5211 quibus

2095 5211 2332 5268 Jonatha
2357 5219 2528 5271 minor
2565 5220 2922 5290 absconditus,
2961 5224 3014 5278 in
3064 5235 3325 5292 posterum
3363 5231 3520 5296 venit,
3578 5241 3628 5286 et

2101 5309 2228 5364 dicit
2254 5326 2411 5383 super
2430 5327 2515 5366 eos
2537 5314 2858 5387 parabolam.
2887 5315 2962 5372 De
2990 5317 3150 5387 Gaal,
3174 5321 3285 5391 ﬁlio
3311 5323 3514 5393 Hebed,
3537 5328 3629 5399 qui

2081 5394 2213 5458 'cum
2235 5406 2483 5476 fratribus
2508 5410 2617 5464 suis
2662 5412 2846 5464 transit
2876 5413 2928 5465 in
2980 5412 3312 5486 Sichimam;
3343 5429 3392 5472 et
3438 5394 3621 5486 Zebul,

2099 5499 2336 5572 princeps
2363 5502 2606 5571 civitatis,
2632 5505 2786 5559 mittit
2812 5506 2883 5560 ad
2902 5505 3195 5564 Abimeleclt
3222 5513 3442 5568 occulte.
3464 5513 3621 5570 Com-

2095 5593 2306 5648 mittunt
2333 5596 2593 5668 pr'wliztm.
2612 5595 2692 5652 De
2721 5609 2862 5652 turre
2887 5599 3263 5670 Sichimorum,
3292 5605 3379 5658 ubi
3403 5606 3546 5672 fumo
3570 5616 3620 5662 et

2087 5685 2206 5758 igne
2230 5688 2373 5742 mille
2397 5687 2631 5744 homines
2659 5691 2946 5762 perierunt.
2977 5690 3055 5746 De
3086 5697 3280 5766 pOpulo
3321 5696 3540 5766 Thebes,
3567 5707 3614 5754 et

2085 5790 2228 5836 turre
2244 5783 2297 5836 in
2317 5785 2483 5838 medio
2496 5787 2608 5858 ejus
2621 5786 2938 5854 ﬁrmissima,
2963 5788 3034 5842 ad
3050 5807 3204 5861 quam
3223 5795 3472 5848 accedens
3496 5794 3616 5849 Abi-

2080 5875 2294 5943 melech,
2302 5877 2434 5948 jecit
2447 5878 2630 5933 mulier
2645 5879 2988 5951 fragmentum
3008 5884 3180 5954 malm,
3206 5893 3251 5941 et
3273 5885 3606 5944 occiditcum.
