4098 6366
319 307 432 364 ξοδ

1387 305 1985 363 CAPI'I'ULATIONES
2026 306 2209 362 LIBRI
2247 305 2556 364 .IUDICUIII.

3515 305 3624 364 506

316 424 406 480 Vl.
447 421 569 479 Post
595 423 885 478 Abimeleclr
926 423 1150 477 surrexit
1179 421 1393 476 Tltola:
1443 430 1556 492 post
1605 438 1722 475 eum
1775 420 1913 476 Jair.
1946 429 1994 490 Α
2026 420 2154 476 VIII.
2199 419 2278 474 De
2320 420 2498 474 Miclia
2537 429 2583 476 et
2624 420 2764 474 mille
2801 430 3006 477 centum
3034 422 3310 494 argenteis.
3348 419 3426 476 De
3445 423 3623 493 sculp-

393 517 593 573 Iterum
616 528 952 588 peccaverunt
978 518 1075 587 ﬁlii
1109 514 1278 571 Israel
1315 513 1443 583 Deo,
1495 526 1544 571 et
1602 516 1919 570 traditisunt

390 610 748 676 I’Itilistlueis;
781 618 826 665 et
862 611 1052 681 afflicti
1076 610 1227 664 nimis
1249 608 1604 663 clamauerunt
1627 611 1695 662 ad
1728 606 1914 662 Domi-

389 721 515 760 num
549 706 777 759 dicentes
808 719 827 758 :
861 703 1194 758 Peccavimus
1221 703 1328 758 tibi.
1377 703 1630 758 Similiter
1667 703 1914 770 secundo,

389 810 437 854 et
462 801 700 854 misertus
723 807 795 852 est
817 797 945 852 illis.
971 795 1048 851 De
1077 797 1299 866 .Ieplttlie
1344 794 1619 850 Galaadite
1643 796 1917 848 constituto

388 895 784 967 principesuper
799 890 1062 947 Israel.Et
1083 891 1276 962 legatos
1295 891 1446 944 mittit
1472 891 1538 944 arl
1561 888 1910 944 Pliilistltiim.

387 987 467 1043 De
493 997 612 1040 voto
629 989 739 1056 ejus
763 985 1057 1038 temerario.
1093 983 1169 1037 De
1217 984 1434 1037 victoria
1464 982 1606 1049 belli,
1657 992 1704 1036 et
1759 991 1920 1034 morte

386 1081 532 1148 ﬁlia'.
564 1078 641 1133 De
670 1079 924 1132 seditione
953 1077 1010 1130 in
1038 1074 1312 1142 Epltraim.
1372 1075 1499 1130 Post
1553 1073 1776 1147 Jeplttlte
1804 1091 1918 1127 sur-

386 1175 520 1228 rexit
561 1174 810 1236 Abessan,
850 1171 1037 1225 deinde
1085 1170 1312 1224 Aliialou
1338 1179 1386 1225 et
1425 1169 1627 1224 Abdon.
1686 1168 1916 1224 Rursum

389 1269 453 1321 de
483 1275 692 1334 peccato
719 1265 902 1319 Israel.

317 1359 432 1414 VII.
463 1357 540 1412 De
577 1359 818 1426 .IIenube,
845 1357 926 1411 cui
957 1357 1170 1428 angelus
1211 1358 1478 1429 apparuit.
1537 1357 1616 1410 De
1649 1358 1918 1411 nativitate

387 1454 636 1517 Samson,
695 1453 785 1522 qui
827 1449 1044 1505 adultus
1083 1451 1278 1520 accepit
1333 1451 1599 1504 mulierem
1622 1451 1684 1504 de
1712 1451 1917 1519 filiabus

388 1545 735 1600 Pliilistltiim.
761 1542 841 1596 De
871 1543 1019 1598 leone
1046 1546 1212 1598 occiso
1233 1554 1276 1597 et
1303 1544 1420 1613 favo
1453 1544 1638 1597 mellis.
1699 1544 1765 1596 Et
1791 1559 1915 1614 pro-

383 1639 529 1710 ponit
551 1638 874 1709 parabolam,
899 1654 1050 1708 quam
1081 1653 1212 1691 uxor
1261 1637 1486 1706 publicat
1518 1652 1538 1692 :
1575 1654 1678 1708 qua
1703 1637 1918 1690 dimissa

384 1736 532 1787 alteri
565 1733 816 1787 traditur.
843 1731 1020 1786 Iratus
1047 1733 1272 1786 Samson
1292 1733 1468 1803 vulpes
1493 1733 1657 1802 capit,
1701 1739 1744 1786 el
1771 1730 1918 1785 colli-

385 1828 536 1899 gatis,
552 1829 724 1896 ignem
747 1826 1041 1896 supposuit.
1059 1834 1106 1879 et
1135 1836 1326 1897 segetes
1341 1825 1591 1880 accendit.
1612 1825 1687 1880 De
1705 1823 1922 1878 maxilla
1954 1840 1999 1900 Β

385 1922 516 1974 asini
545 1919 687 1973 mille
732 1920 866 1973 viros
897 1919 1104 1983 occidit,
1145 1928 1190 1972 et
1215 1919 1335 1972 inde
1375 1936 1511 1990 aqua
1566 1919 1669 1988 ipsi
1721 1919 1915 1971 sitienti

386 2015 650 2082 processit.
685 2013 763 2067 De
792 2013 1029 2074 muliere,
1059 2022 1106 2067 et
1135 2013 1298 2082 portis
1321 2013 1372 2066 in
1407 2011 1568 2066 Gaza.
1603 2011 1678 2064 De
1713 2010 1911 2077 Dalila,

383 2122 498 2175 qua:
554 2122 672 2159 eum
731 2104 948 2172 accepit.
985 2102 1279 2158 Productus
1308 2121 1334 2156 e
1364 2120 1570 2157 carcere
1598 2112 1652 2157 ut
1684 2103 1909 2172 luderet,

387 2203 633 2275 templum
663 2219 818 2275 super
840 2218 924 2257 eos
951 2220 1052 2256 una
1077 2219 1247 2257 secum
1276 2203 1484 2273 tlejecit.

2094 515 2172 570 tili
2193 525 2238 569 et
2261 517 2532 586 conﬂatili.
2570 515 2646 569 De
2696 514 2804 570 alio
2853 517 3172 570 adolescente
3221 515 3620 583 Betltle/temita,

2092 609 2180 679 qui
2210 608 2377 677 factus
2407 617 2476 661 est
2510 607 2747 662 sacerdos
2779 609 2832 662 in
2885 609 3036 662 domo
3101 607 3300 662 Miclta.
3355 608 3430 663 De
3486 607 3612 679 ﬁliis

2097 697 2216 752 Dan
2275 699 2507 753 euntibus
2566 697 2757 752 Lacltis
2803 697 3158 768 aufertntibus
3204 699 3542 765 sacerdotem,
3578 709 3626 755 et

2092 795 2251 847 idola.
2282 792 2359 846 De
2385 791 2672 862 Jonathan,
2705 794 2815 862 ﬁlio
2843 791 3064 861 Gersan,
3094 793 3194 864 ﬁlii
3227 791 3420 865 Moysi,
3453 810 3624 850 sacer-

2095 888 2210 940 dote
2239 887 2392 940 idoli.

2025 977 2118 1033 IX.
2156 976 2232 1033 De
2260 980 2436 1033 Levita
2467 979 2750 1049 accipiente
2779 996 2989 1035 uxorem
3020 981 3083 1034 de
3122 981 3418 1036 Betltleliem
3445 980 3613 1050 Juda,

2091 1089 2190 1143 qua
2217 1089 2413 1127 reversa
2438 1073 2487 1125 in
2529 1073 2736 1125 domum
2761 1075 2948 1144 patris,
2973 1074 3050 1127 vir
3091 1079 3204 1148 ejus
3245 1086 3452 1129 secutus
3478 1085 3624 1147 grate

2092 1167 2394 1234 suscipitur.
2422 1163 2500 1218 De
2539 1165 2722 1218 la'titia
2751 1181 2946 1231 eorum,
2981 1177 3028 1218 et
3050 1166 3255 1220 itinere.
3290 1165 3364 1219 De
3389 1165 3620 1221 homini-

2095 1263 2186 1314 bus
2223 1257 2400 1313 Cabaa
2426 1258 2701 1332 Benjamin
2733 1260 2943 1330 iniquis,
2969 1261 3055 1331 qui
3080 1261 3244 1314 virum
3290 1274 3537 1334 appetunt
3560 1280 3621 1317 ac

2094 1356 2376 1410 mulierem.
2410 1354 2486 1408 De
2507 1354 2666 1408 abusa
2690 1356 2922 1420 muliere,
2946 1365 2989 1407 et
3021 1356 3260 1425 fatigata,
3316 1365 3361 1408 et
3387 1368 3611 1414 mortua.

2093 1452 2170 1506 De
2228 1454 2470 1506 cadavere
2497 1453 2614 1522 ejus
2670 1453 2833 1505 diviso
2889 1453 2944 1506 in
2998 1453 3266 1509 duodecim
3309 1465 3502 1526 partes,
3561 1466 3609 1510 et

2092 1547 2246 1598 misso
2278 1562 2366 1613 per
2393 1544 2670 1598 duodecim
2691 1546 2871 1598 tribus.
2909 1544 3016 1620 Pro
3042 1547 3137 1600 hoc
3165 1551 3303 1617 facto
3327 1551 3494 1604 omnis
3523 1565 3620 1621 po-

2093 1638 2182 1711 pul
2193 1657 2249 1693 us
2275 1649 2617 1711 congregatur
2643 1657 2660 1705 ;
2720 1640 2962 1695 adversus
2989 1641 3176 1696 tribum
3201 1641 3481 1716 Benjamin
3511 1645 3620 1699 bel-

2095 1734 2202 1788 lum
2231 1735 2464 1788 indicunt
2501 1751 2518 1788 :
2551 1734 2709 1789 semel
2738 1744 2781 1789 et
2829 1737 3017 1790 iterum
3071 1748 3419 1807 superantur;
3470 1741 3620 1794 tertio

2099 1829 2310 1882 victores
2351 1829 2624 1881 eafsistunt.
2673 1825 2984 1882 Pwnitentia
3032 1829 3174 1882 ducti
3224 1832 3404 1899 ﬂentes
3447 1831 3623 1888 dolent

2098 1937 2255 1976 unam
2279 1922 2490 1992 periisse
2510 1923 2718 1989 tribum,
2759 1939 2822 1976 ex
2843 1939 2944 1993 qua
2968 1923 3223 1977 sexcentis
3269 1923 3390 1977 viris
3444 1941 3621 1978 rema-

2095 2014 2328 2066 nentibus
2356 2013 2631 2068 consilium
2655 2015 2830 2068 ineunt
2854 2014 3078 2085 qualiter
3106 2015 3406 2088 tribusgqua:
3436 2017 3624 2073 cecidit

2098 2118 2388 2180 reparelttr.

1451 2483 1475 2510 “
1504 2473 1812 2537 BBEVES
1855 2475 2069 2538 LIBRI
2111 2476 2474 2540 JUDICUM.

317 2608 360 2666 I.
391 2607 562 2663 Judas
584 2608 794 2680 eligitur
816 2607 925 2661 dux
949 2604 1091 2660 belli.

315 2701 385 2759 II.
439 2700 686 2772 Increpat
746 2697 997 2773 populum
1057 2695 1312 2751 Dominus
1377 2711 1470 2765 pro
1536 2709 1750 2749 excessu
1807 2692 1920 2746 ido-

390 2797 583 2851 lorum.

315 2889 412 2946 III.
470 2888 600 2944 Post
631 2888 1014 2944 obitumJosue
1035 2888 1264 2958 fecerunt
1323 2881 1581 2938 Israelita:
1623 2880 1819 2936 ntalum
1868 2881 1921 2935 in

389 2992 668 3054 conspectu
702 2981 911 3036 Domini
940 2997 956 3035 :
985 2979 1012 3019 b
1065 2995 1193 3051 quos
1218 2977 1430 3031 tradidit
1484 2976 1706 3030 inimicis
1732 2975 1839 3030 suis
1867 2974 1920 3028 in

391 3077 646 3150 prwdam.

315 3181 410 3239 IV.
470 3181 786 3237 Excitantur
806 3198 836 3235 a
863 3177 1090 3234 Domino
1116 3177 1329 3233 Iudices
1349 3178 1416 3231 ad
1448 3175 1804 3230 liberationem
1832 3171 1917 3227 Is-

389 3285 501 3341 rael
517 3303 535 3353 ;
558 3286 712 3340 etiam
741 3286 879 3356 ipsos
901 3292 1235 3356 spreverunt;
1275 3281 1461 3352 quibus
1492 3279 1763 3334 reservavit
1794 3295 1916 3349 gen-

395 3396 486 3449 tes.
521 3397 575 3440 ut
603 3388 656 3439 in
689 3387 814 3457 ipsis
843 3385 1146 3456 experiatur
1176 3382 1371 3438 Israel.

314 3493 388 3547 γ.
453 3491 551 3546 IIte
576 3501 697 3546 sunt
723 3500 920 3561 gentes,
953 3507 1080 3561 quas
1105 3487 1359 3543 Dominus
1397 3487 1668 3558 dereliquit
1700 3497 1746 3541 ο.

312 3594 410 3650 VI.
474 3592 582 3647 Pro
611 3609 822 3647 excessu
851 3592 1114 3647 idolorum
1139 3591 1388 3663 captivati
1427 3597 1543 3646 sunt
1583 3607 1614 3645 a
1643 3607 1760 3664 rege
1783 3589 1918 3644 Cltu-

395 3715 489 3752 san
521 3696 938 3768 Mesopotamite.

307 3799 428 3855 VII.
480 3798 616 3852 Item
671 3814 766 3867 pro
817 3795 970 3850 malis
1016 3796 1292 3850 traduntur
1349 3795 1517 3866 Eglon
1563 3796 1671 3867 regi
1714 3793 1917 3847 Moab:

388 3921 537 3976 quem
560 3903 817 3973 interfecit
844 3902 956 3955 Aod
980 3901 1028 3955 in
1060 3901 1319 3955 caenaculo
1359 3917 1453 3955 suo
1501 3917 1614 3952 cum
1658 3908 1788 3963 arte,
1835 3897 1918 3951 in-

390 4011 614 4080 terfectis
636 4009 790 4061 etiant
818 4006 987 4062 decem
1018 4004 1246 4059 millibus
1270 4002 1646 4069 iIIoabitarum,
1698 4010 1741 4054 et
1771 4001 1917 4071 quie-

389 4113 458 4165 vit
493 4105 668 4164 terrall
699 4108 962 4180 octoginta
981 4107 1154 4160 annis.

313 4214 454 4270 VIII.
482 4213 709 4285 Samgar
734 4212 824 4283 qui
847 4211 1033 4265 occidit
1063 4217 1333 4264 sexcentos
1363 4194 1498 4262 viros
1515 4222 1736 4262 vomere.

391 4369 414 4395 τι
445 4358 562 4414 Pal.
596 4356 840 4425 Capitula
866 4354 933 4410 de
957 4369 1112 4409 more
1137 4360 1292 4407 vocat
1323 4365 1338 4406 τ
1365 4364 1644 4419 unumque
1678 4347 1807 4402 facit
1850 4363 1916 4425 ex

309 4431 496 4502 primo
520 4439 574 4484 et
603 4421 998 4502 secundo,_sui)
1024 4427 1181 4502 unius
1212 4425 1421 4477 numeri
1456 4432 1622 4502 nota,‘
1665 4421 1920 4502 ethcon'ti:

310 4489 468 4559 Iieuti
501 4503 660 4568 serie,
696 4501 781 4554 ubi
808 4489 863 4554 et
883 4497 1010 4569 legit
1041 4516 1054 4551 :
1089 4496 1332 4567 Increpat
1354 4511 1440 4549 eos
1469 4493 1684 4566 angelus
1708 4489 1922 4545 Domini

314 4592 416 4645 pro
442 4590 676 4637 excessu,
700 4580 806 4626 etc.

390 4645 416 4683 ι)
441 4633 726 4713 Reliquum
761 4650 962 4696 textum
995 4641 1306 4708 verborum,
1338 4656 1465 4707 quos
1499 4636 1713 4691 tradidit
1743 4633 1917 4688 inimi-

310 4720 390 4773 cis
411 4717 521 4770 suis
547 4719 600 4770 in
627 4716 878 4786 praedam,
914 4713 1145 4768 Palatin.
1192 4728 1293 4765 ms.
1325 4713 1556 4780 ignorat.

2027 2603 2116 2660 IX.
2155 2604 2458 2662 Constantia
2488 2607 2718 2664 mulieris
2739 2605 2917 2672 Jaltel,
2939 2619 3056 2676 qua:
3075 2604 3273 2660 clavum
3299 2606 3470 2676 inﬁait
3495 2614 3624 2660 tem-

2099 2703 2210 2770 pori
2235 2701 2446 2756 Sisaraz.
2490 2701 2739 2770 Sequitur
2781 2701 3040 2754 canticum
3075 2699 3243 2752 Barac
3270 2709 3319 2754 et
3350 2698 3618 2754 Debborte.

2026 2794 2096 2851 X.
2139 2793 2269 2850 Post
2303 2811 2538 2850 excessus
2571 2794 2751 2868 pepuli
2778 2803 3049 2849 consuetos
3070 2835 3085 2860 ,
3115 2793 3364 2866 apparuit
3405 2791 3624 2864 angelus
3687 2813 3692 2818 ·

2096 2887 2310 2943 Domini
2332 2887 2566 2956 Gedeon,
2589 2892 2888 2960 confortans
2910 2887 2977 2941 ad
3005 2887 3375 2960 proeliandum.
3401 2887 3626 2941 Subver—

2100 2983 2160 3036 tit
2181 2984 2338 3038 etiam
2358 2981 2513 3049 Baal,
2542 2993 2588 3038 et
2612 2981 2797 3036 obtulit
2825 2982 3142 3052 sacriﬁcium
3175 2980 3414 3035 Domino.
3448 2979 3626 3050 Ipsius

2096 3076 2196 3130 viri
2221 3077 2434 3131 trecenti
2457 3075 2739 3130 lamberunt
2763 3091 2924 3145 aquas
2944 3085 2996 3128 ut
3021 3089 3194 3128 canes.
3222 3070 3278 3127 Is
3300 3073 3625 3145 postmodum

2093 3172 2309 3226 excessit
2330 3187 2446 3225 cum
2475 3167 2662 3225 Israel.
2783 3159 2790 3166 ’

2023 3261 2116 3319 XI.
2159 3264 2238 3318 De
2289 3280 2448 3336 regno
2498 3261 2794 3318 Abimelecls
2847 3262 3095 3332 inﬁrmo,
3147 3261 3236 3332 qui
3287 3261 3509 3316 moritur
3563 3259 3627 3314 de

2094 3365 2388 3433 fragmento
2419 3370 2575 3431 petra:
2605 3360 2754 3415 mola:
2783 3368 2829 3413 θ.

1955 3437 2000 3501 C
2037 3452 2151 3508 XII.
2200 3454 2432 3524 Regnum
2455 3452 2595 3507 Jair.

2026 3546 2165 3602 XIII.
2211 3545 2447 3615 Regnum
2473 3546 2720 3616 Jeplttlte.
2754 3544 2810 3600 Is
2831 3543 3018 3602 occidit
3041 3544 3211 3615 ﬁliam
3236 3559 3408 3613 suam,
3435 3552 3482 3598 et
3508 3541 3626 3611 fecit

2099 3639 2522 3694 consuetudinem
2551 3637 2762 3694 malam.

2025 3733 2167 3790 XIV.
2210 3731 2393 3788 Iudex
2423 3733 2671 3788 Abessan.

2024 3825 2141 3882 XV.
2184 3825 2362 3882 Iudex
2394 3825 2606 3892 Manue,
2639 3829 2792 3900 cujus
2820 3824 2959 3895 ﬁlius
2985 3828 3216 3899 famosus
3244 3824 3495 3880 Samson.

2029 3921 2167 3977 XVI.
2213 3923 2469 3976 Excessus
2505 3919 2559 3974 Μ
2565 3919 2712 3976 ἱεΙιιε.

2027 4013 2190 4070 XVII.
2235 4012 2312 4067 De
2340 4013 2662 4068 adolescente
2697 4011 2875 4066 Levita
2907 4013 3086 4082 agnito
3120 4011 3260 4082 apud
3301 4008 3551 4077 Micltam,
3581 4017 3628 4064 et

2099 4117 2330 4163 resecato
2359 4125 2389 4160 a
2419 4107 2554 4160 tribu
2581 4105 2698 4160 Dan
2721 4107 2774 4161 in
2796 4106 3141 4161 sacerdotium
3169 4105 3313 4160 idoli.

2032 4202 2218 4258 XVIII.
2269 4202 2363 4256 I’ir
2396 4201 2589 4255 Levites
2615 4201 2700 4254 cui
2726 4201 2942 4272 contigit
2972 4200 3134 4270 nefas.

2101 4355 2121 4382 ε
2157 4342 2478 4398 Econtrario
2508 4339 2594 4395 hic
2621 4337 2768 4393 addit
2809 4337 2949 4394 idem
3002 4336 3234 4392 Palatin.
3281 4332 3408 4406 ιηεᾷ
3429 4342 3482 4388 ut
3509 4351 3626 4388 eru-

2025 4415 2155 4469 diret
2191 4432 2274 4468 eas
2305 4415 2359 4468 in
2390 4413 2578 4467 Israel.

2097 4485 2121 4525 δ
2144 4486 2204 4540 In
2232 4486 2346 4539 Pal.
2376 4501 2502 4545 ηις..
2529 4483 2739 4554 triginta
2769 4483 2942 4554 annis,
2967 4479 3267 4554 dumtaxat.

2101 4569 2124 4597 θ
2165 4559 2330 4612 Addit
2377 4551 2614 4610 Palatini
2658 4569 2760 4606 ms.
2795 4571 2807 4605 :
2842 4553 2898 4605 ls
2945 4552 3132 4604 occidit
3178 4551 3343 4620 ﬁliam
3383 4565 3532 4602 suam
3579 4559 3623 4604 et

2030 4633 2147 4702 fecit
2193 4630 2613 4702 consuetudinem
2660 4623 2892 4702 malum:
2929 4638 3048 4693 quin
3099 4637 3226 4676 mox
3271 4620 3514 4677 referunt
3557 4622 3624 4676 ad

2027 4697 2263 4772 Jephtlie
2285 4701 2350 4756 ad
2382 4713 2540 4770 quem
2574 4697 2864 4767 pertinent.

325 4816 3607 4854 _________________________________________..

1435 4914 1832 4979 CAPITULA
1879 4912 2094 4974 LIBRI
2138 4913 2164 4971 J
2177 4909 2508 4977 UDICUM.

307 5057 354 5113 I.
401 5054 763 5110 Adonibezeclt
801 5053 1003 5126 fugiens
1039 5052 1435 5120 comprehensus
1471 5056 1568 5115 est,
1602 5047 1743 5101 casis
1777 5062 1920 5100 sum-
1948 5045 1998 5104 D
2024 5041 2115 5097 Vl.
2156 5042 2282 5096 Aser
2313 5057 2416 5095 non
2443 5041 2628 5096 delevit
2659 5042 2971 5096 habitatores
2998 5041 3195 5095 Acclto.

388 5151 652 5206 mitatibus
682 5164 929 5202 manuum
960 5148 1073 5217 ejus
1100 5161 1163 5199 ac
1191 5144 1401 5217 pedum.

309 5247 382 5303 II.
429 5245 762 5300 Habitatores
789 5241 967 5307 Dabir,
991 5242 1139 5310 cujus
1163 5253 1344 5293 nomen
1374 5246 1513 5291 vetus
1543 5243 1652 5291 erat
1675 5233 1918 5292 Cariatli-

391 5339 618 5410 Sep/ter,
652 5337 706 5390 id
729 5344 830 5402 est,
856 5335 1032 5388 civitas
1061 5331 1374 5386 litterarum.

309 5433 406 5489 III.
453 5430 576 5485 Filii
604 5429 764 5485 ϐίηιεὶ
808 5429 1014 5499 cognati
1051 5424 1222 5496 Moysi
1246 5422 1592 5478 ascenderunt
1623 5423 1686 5477 de
1712 5421 1915 5476 civitate

393 5525 700 5580 Palmarunt
724 5539 839 5576 cum
867 5521 994 5592 ﬁliis
1023 5519 1056 5574 J
1065 5520 1190 5574 uda.

307 5620 406 5679 IV.
449 5619 747 5672 Jebusteum
777 5616 1117 5669 habitatorem
1149 5609 1443 5666 Jerusalem
1475 5627 1585 5665 non.
1617 5611 1914 5666 deleverunt

390 5713 489 5783 ﬁlii
520 5710 817 5777 Benjamin.

314 5807 390 5861 ν.
440 5803 749 5873 I’ocavitque
765 5801 937 5855 urbem
964 5799 1180 5868 Lusum,
1205 5815 1319 5870 qua:
1340 5799 1410 5853 ita
1431 5797 1729 5869 appellatur
1753 5815 1916 5870 usque

390 5899 443 5953 in
475 5905 772 5968 prementem
803 5893 960 5948 diem.

2024 5133 2136 5191 VII.
2181 5133 2438 5205 Loquente
2477 5131 2662 5206 angelo
2705 5132 2914 5187 Domini
2954 5133 3020 5186 ad
3056 5133 3194 5203 ﬁlios
3229 5128 3423 5198 Israel,
3454 5128 3645 5184 eleva-'

2094 5238 2275 5284 verunt
2305 5245 2476 5283 vocem
2501 5245 2647 5283 suam
2674 5237 2720 5282 et
2751 5231 3028 5300 fleverunt.

2024 5322 2158 5378 VIII.
2208 5322 2411 5376 Dimisit
2437 5321 2599 5376 Josue
2642 5323 2914 5392 pepulum,
2947 5332 2996 5376 et
3036 5321 3274 5376 abierunt
3319 5321 3418 5393 ﬁlii
3454 5319 3624 5376 Israel

2095 5419 2441 5487 unusquisque
2465 5417 2518 5470 in
2544 5418 2922 5488 possessionem
2949 5433 3116 5471 suam.

2022 5509 2118 5566 IX.
2159 5509 2336 5564 Iratus
2389 5508 2641 5564 Dominus
2693 5517 2875 5563 contra
2922 5508 3112 5580 Israel,
3171 5511 3389 5566 tradidit
3436 5525 3521 5566 eos
3568 5509 3621 5563 in

2097 5619 2279 5656 manus
2309 5602 2683 5673 diripientiunt.

2024 5698 2094 5756 Χ.
2138 5697 2313 5750 Iratus
2355 5704 2429 5750 est
2467 5700 2615 5768 furor
2656 5695 2871 5754 Domini
2917 5701 2968 5754 in
3020 5697 3211 5765 Israel,
3246 5707 3292 5752 et
3337 5697 3450 5750 ait:
3485 5697 3620 5763 Quia

2095 5794 2296 5846 irritum
2341 5789 2457 5861 fecit
2498 5807 2620 5860 gens
2663 5791 2763 5847 ista
2803 5803 3008 5864 pactum
3049 5808 3247 5858 meum,
3293 5807 3395 5846 non
3436 5789 3618 5847 delebo

2093 5898 2287 5962 gentes.
