3956 6338
399 210 503 266 5η

1409 208 1469 267 s.
1516 164 1895 268 utenduvut
1933 207 2169 269 mvms
2210 212 2689 284 BlBLtO‘l‘HI-ZCA.

3600 216 3707 274 508

397 326 487 383 XI.
534 324 747 381 Dimisit
781 324 1035 385 Dominus
1063 323 1157 381 has
1195 325 1451 391 nationes,
1486 334 1531 380 et
1567 326 1669 379 cito
1708 324 1999 380 subvertere
2030 327 2080 388 Α
2106 326 2350 387 XXXIV.
2395 330 2625 387 Locutus
2652 343 2731 387 est
2753 329 3019 389 lonatltan
3050 333 3173 388 viris
3211 333 3421 390 Sioltetn
3454 332 3707 391 similia.

474 418 668 476 noluit.

406 510 523 569 XII.
566 510 666 567 Hte
692 520 813 566 sunt
833 519 1008 583 gentes
1039 528 1167 584 quas
1190 510 1445 568 Dominus
1474 509 1769 582 dereliquit,
1802 518 1855 563 ut
1887 525 2005 567 eru-

477 606 610 659 diret
638 606 688 659 in
719 605 790 659 eis
824 602 1093 659 Israelem.

406 696 544 754 XIII.
590 695 773 767 Itaque
801 697 901 767 ﬁlii
926 695 1099 750 Israel
1128 696 1488 751 habitaverunt
1516 697 1570 752 in
1602 696 1769 750 medio
1793 694 2006 752 Chana-

481 807 733 845 meorum.

409 882 549 942 XIV.
593 883 865 941 Liberator
889 886 1070 955 populi
1101 885 1346 942 Othoniel
1368 883 1513 956 ﬁlius
1536 881 1720 940 Cenes.

410 975 527 1032 XV.
571 975 839 1032 Liberator
880 979 1062 1053 pepuli
1099 978 1213 1034 Aod
1257 978 1399 1048 ﬁlius
1430 975 1588 1046 Gera,
1630 976 1730 1048 ﬁlii
1783 974 2008 1045 Gemini,

481 1074 571 1138 qui
602 1081 818 1145 utraque
847 1090 1005 1127 manu
1035 1073 1273 1127 utebatur
1296 1090 1387 1140 pro
1413 1072 1618 1126 dextra.

411 1164 552 1221 XVI.
580 1165 822 1236 Samgar,
838 1165 980 1235 ﬁlius
1005 1164 1195 1232 Anath,
1220 1165 1309 1238 qui
1333 1165 1585 1237 percussit
1607 1163 1672 1218 de
1693 1161 2014 1219 Philisthatis

483 1267 749 1313 sexcentos
770 1259 925 1313 viros.

413 1350 579 1407 XVII.
625 1350 752 1423 Erat
781 1360 954 1406 autem
997 1349 1233 1406 Debbora
1263 1351 1524 1423 prophetis
1564 1366 1698 1406 uxor
1729 1347 2011 1419 Lapitloth,

486 1461 602 1515 qua:
632 1443 895 1512 iudicabat
919 1444 1187 1517 p0pulum.

416 1536 602 1594 XVIII.
647 1537 889 1593 Surrexit
918 1538 1089 1609 itaque
1119 1537 1376 1605 Debbora,
1401 1547 1445 1591 et
1471 1536 1694 1607 perrexit
1720 1551 1833 1589 cum
1854 1534 2018 1590 Balac

491 1633 544 1685 in
573 1630 760 1685 Cades.

2182 423 2352 479 dinem
2380 424 2445 479 de
2471 425 2630 489 oliva,
2662 434 2710 481 et
2732 426 2853 492 vite,
2884 435 2932 479 et
2956 426 3107 481 rubo.

2112 513 2329 572 XXXV.
2369 515 2638 573 Jonathan
2657 516 2785 573 dicit
2813 518 2938 574 viris
2962 518 3192 589 Sichem,
3217 519 3262 574 si
3285 530 3422 576 recte
3446 529 3495 575 et
3517 519 3718 592 absque

2186 620 2393 675 peccato
2415 610 2752 665 constituistis
2771 627 2925 682 super
2954 626 3041 667 vos
3069 627 3241 685 regem
3272 611 3605 668 Abimelech?

2114 697 2353 756 XXXVI.
2404 700 2529 757 Post
2551 701 2845 757 Abimelech
2872 702 3093 758 surrexit
3116 704 3225 760 dus;
3248 704 3301 759 in
3320 701 3488 760 Israel
3511 701 3713 770 Thala,

2184 792 2325 861 ﬁlius
2360 792 2528 849 Pltua.

2115 884 2380 944 XXXVII.
2425 887 2543 973 Jair
2571 890 2873 946 Galaadites
2905 891 3169 963 judicavit
3202 890 3373 948 Israel
3407 909 3500 965 per
3531 891 3722 966 viginti

2185 991 2232 1036 et
2262 981 2396 1037 duos
2414 999 2603 1039 annos.

2115 1071 2405 1131 XXXVIII.
2452 1074 2592 1132 Dicit
2640 1075 2901 1133 Dominus
2948 1077 3072 1147 ﬁliis
3118 1075 3324 1145 Israel,
3366 1094 3469 1132 non
3520 1077 3721 1133 addam

2190 1167 2328 1220 ultra
2349 1183 2435 1221 vos
2452 1166 2695 1223 liberare.

2118 1256 2362 1314 XXXIX.
2406 1255 2533 1314 Fuit
2587 1259 2682 1316 illo
2736 1270 2965 1332 tempore
3013 1260 3240 1332 Jephthe
3285 1260 3612 1330 Galaadites,
3644 1262 3729 1317 vir

2193 1352 2510 1417 fortissimus
2536 1365 2689 1425 atque
2717 1364 2997 1426 pugnator.

2120 1442 2234 1499 XL.
2276 1443 2502 1501 Locutus
2531 1456 2603 1500 est
2637 1445 2864 1517 Jephthe
2898 1463 3072 1503 omnes
3103 1463 3363 1503 sermones
3405 1465 3583 1504 coram
3614 1447 3729 1503 Do-

2192 1537 2333 1592 mino
2360 1538 2415 1591 in
2441 1537 2683 1611 Haspha.

2120 1631 2257 1701 XLI.
2297 1630 2525 1703 Jephthe
2546 1644 2720 1688 votum
2748 1634 2865 1704 ﬁlia
2893 1635 3030 1690 vovit
3058 1650 3155 1707 pro
3182 1634 3310 1704 ﬁliis
3337 1635 3578 1690 Ammon.

417 1724 561 1781 XIX.
607 1724 921 1779 Nuntiatum
962 1736 1034 1780 est
1073 1724 1288 1794 Sisarte,
1319 1722 1457 1795 quod
1495 1723 1807 1777 ascendisset
1847 1721 2017 1777 Barac
2048 1730 2095 1791 B
2120 1724 2280 1781 XLII.
2326 1725 2499 1791 Quare
2524 1725 2713 1781 vadens
2739 1726 2809 1780 ad
2834 1743 3065 1800 pugnam
3100 1735 3281 1781 contra
3327 1726 3466 1795 ﬁlios
3508 1730 3733 1781 Ammon

489 1820 544 1873 in
572 1830 794 1873 montem
827 1817 1059 1873 Thabor.

420 1910 540 1967 XX.
588 1911 814 1985 Egressa
851 1909 1011 1966 Jahel
1040 1910 1090 1966 in
1124 1926 1393 1965 occursum
1421 1909 1639 1976 Sisaraz,
1668 1909 1804 1965 dixit
1828 1924 1847 1964 :
1872 1906 2023 1963 Intra

491 2005 563 2060 ad
593 2024 691 2072 me,
727 2006 934 2061 domine
964 2007 1051 2071 mi.
1094 2035 1102 2041 ·

420 2095 565 2153 XXI.
608 2097 883 2153 Canticum
911 2098 1164 2152 Debborae
1193 2098 1332 2169 quod
1358 2098 1543 2152 cecinit
1576 2115 1691 2151 cum
1723 2096 1914 2152 Barac.

419 2188 587 2244 XXII.
629 2187 761 2245 Filii
782 2188 953 2246 Israel
973 2191 1157 2245 traditi
1178 2201 1297 2244 sunt
1328 2208 1383 2245 tn
1418 2207 1573 2244 manu
1597 2191 1813 2245 Madiau
1833 2200 2025 2262 septem

493 2284 670 2339 annis.

423 2375 615 2432 XXIII.
660 2376 833 2433 Israel
857 2378 1051 2433 clantat
1074 2380 1143 2433 ad
1169 2377 1453 2433 Dominum
1477 2377 1739 2433 auxilium
1758 2377 2027 2450 postulans

495 2481 679 2525 contra
712 2469 1061 2526 Madianitas.

420 2561 614 2620 XXIV.
658 2564 888 2636 Angelus
926 2563 1132 2619 Domini
1167 2563 1301 2619 sedit
1329 2564 1424 2618 sub
1451 2578 1662 2635 quercu,
1695 2577 1813 2635 qute
1836 2573 1944 2617 erat
1974 2562 2031 2618 in

496 2658 697 2729 Ephra.

425 2752 600 2810 XXV.
643 2753 867 2824 Signum
896 2751 1106 2831 Gedeon
1132 2751 1362 2824 postulat
1385 2753 1438 2806 in
1464 2751 1672 2807 vellere.

424 2845 618 2901 XXVI.
668 2845 742 2899 De
768 2847 1005 2900 trecentis
1032 2846 1155 2899 viris
1188 2845 1256 2897 ad
1278 2861 1438 2917 aquas
1467 2844 1719 2916 probatis.

427 2935 642 3005 XXVII.
682 2934 894 2991 Gedeon
919 2938 1088 2991 oravit
1117 2936 1417 3001 Dominum,
1456 2946 1705 2991 narrante
1735 2935 2034 2991 Madianita

500 3033 755 3087 somnium
784 3034 1021 3105 proximo
1054 3049 1145 3087 suo
1172 3032 1238 3086 de
1263 3047 1397 3102 pane
1425 3031 1788 3086 subcinericio.

2194 1833 2376 1872 vocare
2399 1833 2490 1871 nos
2518 1818 2802 1873 noluistis?

2126 1909 2309 1966 XLIII.
2349 1909 2615 1967 ludicavit
2642 1910 2810 1968 Israel
2831 1913 3057 1968 Abessan
3080 1913 3144 1967 de
3164 1909 3482 1979 Bethlehem,
3504 1910 3596 1982 qui
3626 1909 3733 1965 hac

2197 2008 2307 2063 buit
2334 2009 2548 2081 triginta
2577 2008 2740 2080 ﬁlios,
2772 2017 2819 2065 et
2845 2008 3062 2064 totidem
3092 2009 3253 2076 ﬁlias.

2128 2098 2310 2155 XLIV.
2352 2100 2575 2154 Altialon
2630 2100 2967 2155 Zabulonites
3013 2100 3276 2173 judicavit
3331 2096 3503 2154 Israel
3562 2098 3740 2152 decem

2203 2194 2371 2260 annis,
2405 2202 2741 2265 mortuusque
2765 2201 2838 2247 est
2869 2209 2932 2246 ac
2960 2190 3199 2264 sepultus
3226 2191 3279 2244 in
3305 2189 3568 2244 Zabulou.

2128 2286 2292 2342 XLV.
2333 2287 2602 2341 ludicavit
2659 2286 2829 2340 Israel
2878 2284 3063 2338 Abdon
3113 2282 3257 2354 ﬁlius
3315 2280 3471 2337 Helel
3520 2280 3742 2334 Phara-

2202 2382 2409 2439 tortiles.

2131 2475 2317 2532 XLVI.
2364 2475 2492 2530 Erat
2519 2477 2596 2529 vir
2622 2475 2831 2546 quidam
2856 2474 2919 2529 de
2945 2475 3082 2530 Sara
3104 2483 3155 2531 et
3175 2473 3237 2527 de
3265 2474 3426 2542 stirpe
3451 2469 3591 2525 Dan.

2132 2570 2342 2626 XLVII.
2388 2570 2613 2628 Samson
2642 2579 2815 2624 natus.

2133 2665 2359 2721 XLVIII.
2403 2666 2623 2723 Samson
2666 2666 2800 2719 dixit
2850 2664 2987 2736 patri
3025 2680 3041 2717 :
3077 2663 3213 2717 hanc
3250 2662 3515 2716 mulierem
3562 2660 3750 2730 accipe

2206 2758 2350 2823 mihi,
2377 2759 2501 2829 quia
2532 2756 2728 2829 placuit
2758 2755 2923 2810 oculis
2954 2755 3101 2810 meis.

2136 2848 2326 2906 XLIX.
2371 2849 2602 2922 Spiritus
2626 2846 2838 2904 Domini
2866 2849 3020 2903 irruit
3040 2848 3091 2901 in
3122 2846 3368 2913 Samson,
3400 2854 3448 2899 et
3477 2843 3752 2899 dilacera-

2205 2947 2275 3000 vit
2303 2944 2523 3000 leonem.

2136 3040 2199 3095 L.
2245 3040 2469 3096 Samson
2500 3039 2762 3094 sodalibus
2799 3040 2907 3093 suis
2939 3038 3208 3108 proposuit
3235 3036 3501 3108 problema
3533 3034 3597 3089 de
3625 3035 3755 3106 favo

428 3126 668 3183 XXVIII.
714 3127 951 3182 Trecenti
992 3128 1090 3181 viri
1134 3127 1349 3199 hgdrias
1388 3126 1790 3199 confringentes,
1823 3133 1872 3180 et
1902 3124 2035 3180 tubis
2060 3123 2104 3183 (ἶ
2211 3133 2381 3189 mellis
2411 3134 2473 3188 ab
2504 3150 2591 3188 ore
2621 3134 2782 3187 leonis
2810 3141 3037 3202 sumpto.

500 3232 742 3276 sonantes
770 3222 1151 3288 clamauerunt;
1181 3221 1387 3293 gladius
1416 3218 1646 3288 Domini,
1678 3230 1729 3273 et
1757 3218 2032 3274 Gedeonis.

430 3313 625 3369 XXIX.
672 3313 894 3368 Immisit
924 3312 1178 3369 Dominus
1210 3314 1443 3384 gladium
1472 3314 1524 3367 in
1557 3313 1795 3367 omnibus
1823 3314 2033 3380 castris,

501 3418 552 3461 et
574 3419 753 3462 mutua
776 3425 829 3463 se
851 3407 991 3462 ca'de
1019 3407 1371 3462 trucidabant.

431 3499 601 3555 XXX.
650 3499 904 3570 Ephraim
953 3512 1249 3570 persecutus
1290 3510 1363 3554 est
1396 3499 1637 3567 Madian,
1684 3500 1858 3572 capita
1900 3497 2037 3554 Oreb

505 3603 551 3646 et
573 3592 677 3649 Zeb
712 3603 972 3664 portantes
1002 3593 1072 3647 ad
1101 3593 1330 3649 cheon.

433 3685 632 3741 XXXI.
676 3686 868 3741 Nonne
893 3688 1075 3741 melior
1103 3698 1176 3742 est
1201 3703 1439 3743 racemus
1473 3685 1732 3759 Ephraint
1758 3686 2029 3741 t’indemiis

509 3780 766 3834 Abieser?

430 3876 653 3933 XXXII.
700 3875 1052 3949 Interrogavit
1098 3875 1308 3932 Gedeon
1358 3875 1521 3932 Zeiee
1569 3886 1620 3932 et
1667 3877 1922 3934 Salmana
1976 3877 2041 3930 de

516 3972 769 4041 fratribus
799 3973 930 4034 suis.
957 3987 1083 4041 quos
1113 3972 1407 4025 occiderunt
1436 3972 1488 4024 in
1521 3970 1749 4026 Thabor.

437 4062 680 4120 XXXIII.
725 4062 856 4117 Fuit
887 4063 1172 4119 Abimelech
1206 4065 1351 4134 ﬁlius
1384 4062 1632 4119 Jerobaal
1661 4064 1712 4118 in
1740 4063 1947 4121 Sichem
1971 4065 2040 4120 ad

510 4158 699 4228 fratres
722 4159 905 4213 matris
931 4172 1058 4214 sum.

2142 3227 2223 3282 LI.
2271 3228 2344 3281 Dc
2369 3226 2608 3299 vulpibus
2634 3242 2766 3296 quas
2794 3224 3019 3280 Samson
3050 3223 3206 3293 cepit.

2139 3320 2247 3374 LII.
2292 3318 2370 3373 De
2397 3317 2638 3380 maxilla,
2663 3317 2719 3370 id
2741 3327 2833 3379 est,
2859 3314 3163 3370 mandibula
3182 3313 3337 3368 asini.

2137 3412 2270 3469 LIII.
2314 3410 2393 3465 De
2441 3411 2608 3479 portis
2651 3425 2781 3480 quas
2820 3408 3042 3464 Samson
3078 3407 3133 3461 in
3173 3405 3361 3460 vertice
3403 3402 3592 3458 montis
3632 3401 3757 3457 tulit

2209 3519 2328 3558 cum
2361 3502 2596 3572 postibus
2624 3511 2671 3556 et
2700 3517 2837 3554 sera.

2136 3598 2271 3654 LIV.
2314 3595 2392 3649 De
2425 3595 2622 3650 Dalila.

2146 3691 2256 3746 LV.
2299 3688 2598 3745 Philisthtei
2622 3688 2852 3744 hetantes
2878 3702 2969 3758 per
2997 3684 3249 3751 convivia,
3281 3690 3467 3738 vocant
3497 3679 3759 3741 Samson.

2144 3782 2274 3838 LVI.
2322 3781 2528 3836 Michas
2560 3781 2712 3834 matri
2738 3796 2845 3834 sure
2876 3778 3125 3850 loquitur.

2144 3876 2302 3932 LVII.
2346 3873 2423 3929 De
2449 3874 2573 3944 ﬁliis
2598 3870 2737 3926 Dan.

2141 3968 2317 4026 LVIII.
2359 3965 2441 4022 De
2467 3965 2731 4022 lonathan
2756 3964 2869 4035 ﬁlio
2896 3962 3118 4018 Gcrsan.

2142 4062 2279 4119 LIX.
2324 4061 2401 4116 De
2441 4060 2621 4116 Levita
2661 4058 2926 4113 habitante
2965 4057 3017 4112 in
3057 4056 3220 4112 latere
3249 4055 3436 4110 montis
3475 4052 3758 4126 Ephrains.

1873 4462 2316 4548 INCIPIT

1280 4635 1879 4859 LIBER
1981 4634 2883 4786 SOPHTIM

1961 4863 2025 4926 id
2060 4868 2186 4934 est.

1636 5025 2501 5166 JUDICUM.

1914 5262 2263 5283 α*-

519 5404 603 5481 [Τ.
636 5404 680 5470 1,
711 5403 774 5461 Β.
803 5403 845 5473 I,
876 5403 1009 5477 Cap.
1041 5406 1107 5481 l.]
1145 5408 1275 5466 Post
1305 5416 1537 5466 mortem
1568 5409 1736 5466 Iosue
1761 5406 2052 5465 consulue-
2077 5410 2132 5471 D
2156 5420 2257 5462 suo
2287 5424 2299 5460 :
2331 5403 2578 5460 Ascendc
2600 5418 2811 5459 mecum
2846 5405 2899 5458 in
2932 5409 3081 5461 sorte
3113 5414 3255 5467 mea,
3284 5406 3335 5454 ct
3366 5410 3544 5469 pugna
3569 5404 3770 5451 contra

445 5508 573 5560 runt
607 5500 703 5556 ﬁlii
756 5498 920 5556 Israel
967 5500 1279 5566 Dominum,
1315 5502 1559 5560 dicentes
1587 5520 1600 5558 :
1632 5501 1767 5572 Quis
1797 5488 2056 5557 ascendet

446 5607 575 5653 ante
626 5611 726 5651 nos
774 5604 962 5651 contra
1016 5596 1419 5666 Chananzeum,
1465 5608 1518 5655 et
1574 5597 1679 5655 erit
1733 5596 1837 5653 dux
1894 5594 2055 5654 belli?

451 5689 708 5760 Dixitque
758 5689 1018 5746 Dominus
1063 5708 1077 5745 :
1118 5688 1288 5747 ludas
1335 5690 1637 5747 ascendet:
1675 5704 1806 5747 ecce
1862 5686 2056 5745 tradidi

446 5788 644 5836 terram
680 5781 732 5836 in
778 5798 968 5838 manus
1010 5782 1149 5855 ejus.
1193 5782 1257 5838 Et
1296 5782 1371 5837 sit
1410 5781 1577 5838 Iudas
1622 5781 1864 5839 Simeoni
1906 5779 2056 5835 fratri

2159 5498 2550 5566 Chananmum,
2585 5505 2643 5552 ut
2674 5505 2727 5552 et
2765 5510 2866 5567 ego
2907 5509 3125 5567 pergam
3164 5501 3341 5549 tecum
3375 5491 3426 5544 in
3459 5497 3609 5544 sorte
3654 5498 3772 5543 tua.

2164 5594 2229 5649 Et
2257 5591 2389 5649 abiit
2418 5607 2539 5648 cum
2577 5606 2643 5646 eo
2677 5588 2924 5647 Simeon.
2956 5586 3325 5655 Ascendilque
3351 5581 3540 5648 Iudas,
3569 5588 3627 5635 et
3660 5591 3777 5634 tra-

2160 5686 2298 5743 didit
2329 5686 2587 5743 Dominus
2613 5683 2980 5745 Channnmum
3009 5696 3073 5738 ac
3104 5678 3456 5737 Pherezzeum
3488 5674 3540 5728 in
3569 5687 3783 5737 manus

2163 5795 2347 5836 eorum
2376 5797 2386 5833 :
2420 5786 2475 5834 et
2503 5782 2891 5850 pereusserunt
2923 5775 2975 5832 in
3006 5774 3177 5832 Bezcc
3199 5771 3384 5830 decem
3414 5764 3582 5823 millia
3611 5766 3773 5823 Viro-
