3956 6338
215 297 302 351 509

1567 302 1772 360 LIBER
1808 303 2124 364 JUDltJUM.

3383 306 3486 361 510

217 430 336 470 rum.
370 411 448 484 lC.
485 412 550 486 Li
580 415 1023 494 luvcneruutque
1053 422 1432 478 Adunidlezec
1457 424 1507 478 in
1531 424 1720 493 Bezec,
1743 434 1796 480 et
1822 427 1877 487 Α
1905 425 2247 481 habitatores
2274 426 2406 491 Dor,
2433 438 2488 482 et
2519 425 2780 488 Jehlaum,
2807 434 2863 480 et
2902 426 3162 495 Mageddo
3186 441 3310 480 cum
3338 427 3484 482 vicu-

217 519 564 580 pugnaverunt
614 526 809 570 contra
853 534 972 570 eum
1000 560 1014 584 ,
1069 533 1132 572 ac
1175 529 1559 587 pcrmsserunt
1587 519 1800 574 Chana-

216 617 373 658 natum
415 616 464 656 et
506 602 880 666 Pberez-rum.
926 611 1084 680 Fugit
1121 621 1301 666 autem
1348 612 1747 668 Adoni-Bezec
1781 631 1796 670 :

217 710 360 766 quem
385 695 554 751 secuti
596 704 1169 770 comprehenderunt,
1210 705 1365 759 carsis
1397 707 1800 762 summitatibus

215 803 448 843 manuum
477 789 595 860 ejus
617 807 681 848 ac
707 796 925 864 pedum.
950 797 1199 867 Dixitque
1222 796 1395 853 Adoni
1433 797 1603 852 Bczec
1630 816 1642 851 :
1667 799 1800 868 Sep-

215 881 431 951 tuaginta
464 898 642 952 reges,
664 890 960 958 amputatis
986 906 1241 945 manuum
1271 905 1333 942 ac
1357 892 1548 960 pedum
1575 891 1800 945 summi-

217 977 422 1041 tatibus,
438 981 764 1050 colligebant
779 985 883 1037 sub
909 1001 1090 1040 mensa
1110 1001 1228 1040 mea
1243 986 1484 1040 ciborum
1501 985 1756 1055 reliquias
1779 1002 1794 1040 :

215 1073 340 1126 sicut
355 1071 475 1138 feci,
506 1074 575 1127 ita
593 1075 829 1133 reddidit
851 1079 980 1134 mihi
1005 1079 1170 1134 Dem.
1190 1080 1651 1150 Adduxcruutqne
1672 1096 1794 1134 eum

211 1165 257 1219 in
286 1164 609 1233 Jerusalem,
634 1181 688 1223 et
739 1170 810 1225 ibi
837 1181 1085 1226 mortuus
1120 1185 1222 1227 est.
1252 1173 1637 1243 Oppugnautes
1668 1187 1797 1243 ergo

209 1259 290 1315 ﬁlii
320 1260 466 1316 Juda:
491 1261 818 1330 Jerusalem,
855 1279 1112 1334 ceperunt
1149 1285 1290 1330 earn,
1327 1277 1382 1321 et
1414 1273 1798 1338 percusserunt

209 1355 368 1410 inore
399 1356 585 1426 gladii,
623 1357 902 1415 tradentes
928 1371 1180 1416 cunctam
1216 1362 1465 1416 incendio
1497 1360 1794 1415 civitatem.

209 1449 266 1504 Et
302 1459 477 1518 postea
515 1451 911 1509 descendentes
951 1465 1324 1526 pugnaverunt
1362 1464 1549 1508 contra
1582 1453 1797 1507 Chana-

209 1559 388 1609 ntcum,
421 1546 511 1614 qui
556 1545 836 1600 habitabat
875 1549 928 1602 in
971 1550 1261 1611 montanis,
1295 1557 1349 1603 et
1381 1547 1446 1602 ad
1488 1549 1789 1614 meridiem,

209 1647 254 1691 et
279 1638 326 1691 iu
361 1641 784 1709 campestribus.
825 1642 1172 1714 Pergeusque
1217 1641 1384 1699 Judas
1425 1652 1614 1697 contra
1653 1641 1795 1696 Cha-

210 1745 460 1797 nanmum,
493 1733 585 1801 qui
620 1732 894 1789 habitabat
926 1734 980 1789 in
1015 1736 1255 1802 llebron,
1284 1735 1440 1806 cujus
1473 1750 1667 1789 nomen
1692 1733 1795 1788 fuit

1905 519 1970 574 lis
2017 520 2162 586 suis,
2198 518 2473 589 erupitque
2510 517 2854 573 Chananaeus
2905 517 3153 572 habitare
3205 531 3327 574 cum
3382 518 3486 572 eis.

1906 611 2192 682 Postquam
2224 621 2406 668 autem
2437 611 2779 666 confortatus
2836 619 2921 666 est
2948 611 3115 666 lsrael
3143 655 3158 677 ,
3219 610 3348 666 fecit
3394 625 3493 666 eos

1905 704 2244 769 tributarios,
2276 714 2330 758 et
2356 704 2754 758 delerenoluit.
2788 703 3044 773 Ephraim
3069 705 3236 759 etiam
3263 717 3368 758 non
3402 703 3492 757 in-

1903 796 2506 853 terfrcitChananmum
2538 838 2552 862 ,
2595 798 2684 866 qui
2716 796 2994 851 habitabat
3048 798 3100 851 in
3145 795 3342 861 Gazer,
3392 795 3491 854 sed

1903 891 2170 946 habitavit
2199 905 2321 945 cum
2355 905 2443 946 eo.
2469 889 2712 944 Z-thulon
2763 904 2872 945 non
2904 889 3110 944 delevit
3157 888 3492 946 habitatores

1900 984 2100 1039 Cetrun
2135 994 2186 1036 et
2225 982 2408 1037 Naalol
2436 1000 2450 1037 :
2481 982 2576 1038 sed
2625 981 2885 1036 habitavit
2915 980 3262 1037 Chanana‘us
3292 983 3344 1036 in
3378 998 3494 1037 me-

1900 1078 1990 1132 dio
2017 1079 2156 1149 ejus,
2193 1078 2469 1147 factusque
2499 1086 2580 1132 est
2611 1078 2660 1131 ei
2709 1075 3050 1130 tributarius.
3079 1073 3160 1147 [Ο.
3195 1074 3308 1148 γι]
3351 1083 3492 1132 Aser

1899 1190 2113 1244 quoque
2148 1187 2253 1227 non
2282 1172 2489 1227 delevit
2522 1171 2856 1227 habitatores
2888 1170 3067 1224 Accbu
3092 1212 3108 1236 ,
3162 1181 3217 1224 et
3244 1169 3486 1236 Sidonis,

1899 1279 1954 1323 ct
1985 1269 2155 1322 Aalah
2177 1280 2229 1322 et
2256 1267 2519 1330 Achazib,
2547 1275 2602 1321 et
2630 1267 2788 1332 Alba,
2814 1277 2864 1322 et
2899 1265 3088 1336 Aphec
3113 1309 3128 1335 ,
3183 1276 3238 1321 et
3291 1267 3486 1322 lloob:

1901 1359 2268 1431 habitavitth
2292 1359 2846 1415 inmediotlhananzoi
2867 1359 3194 1414 habitatoris
3219 1360 3490 1415 illiuster—

1899 1470 1994 1520 rae,
2023 1468 2123 1508 nec
2146 1452 2412 1508 interfecit
2429 1469 2580 1508 cum.
2605 1451 3092 1524 Nephthali[l'ulg.
3119 1452 3486 1524 add.quoque|

1899 1564 2005 1602 non
2029 1547 2236 1601 delevit
2252 1547 2593 1601 habitatores
2617 1545 2972 1601 Beth-Semes
2985 1553 3041 1600 et
3054 1545 3393 1600 Beth-Anath
3405 1561 3418 1599 :
3432 1553 3488 1600 et

1900 1639 2158 1694 habitavit
2194 1640 2335 1694 inter
2362 1639 2728 1693 (Jhananzeum
2766 1639 3125 1693 habitatorem
3161 1646 3345 1702 terrae,
3374 1635 3489 1692 fue-

1897 1740 2130 1802 runtque
2157 1733 2204 1787 ei
2239 1731 2589 1787 Betltsdntit'ae
2618 1742 2672 1786 et
2699 1730 3001 1785 Bctltzznitm
3041 1730 3332 1784 tribumrii.
3384 1731 3488 1783 Ar-

213 1826 484 1896 autiquitus
503 1827 917 1895 Cariath-Arbe,
948 1833 1214 1900 percussit
1245 1831 1407 1894 Sisai,
1437 1841 1484 1882 ct
1514 1829 1786 1894 Animam,
1824 1832 1868 1892 Β
1896 1825 2170 1896 ctavitque
2199 1824 2554 1879 Amorrhtens
2585 1825 2725 1878 filios
2767 1824 2879 1878 Dan
2908 1824 2960 1877 in
2994 1833 3208 1885 monte,
3241 1837 3341 1876 uec
3395 1821 3492 1875 de-

212 1933 256 1974 et
282 1919 562 1973 Tholmai:
596 1931 757 1991 atque
790 1922 914 1977 inde
952 1922 1227 1992 profectus
1260 1923 1390 1978 abiit
1422 1925 1486 1975 ad
1527 1921 1792 1975 habitato-

210 2027 285 2066 res
314 2012 499 2080 Dabir,
536 2014 692 2083 cujus
727 2030 924 2071 nomen
967 2027 1118 2071 vetns
1155 2027 1274 2071 erat
1311 2013 1790 2084 Cari:ttlt-Seplier,

210 2107 253 2160 id
281 2121 379 2173 est,
411 2106 606 2162 civitas
637 2108 966 2166 litterarum.
1000 2110 1084 2182 [(1.
1123 2109 1212 2181 IL]
1252 2109 1505 2180 Dixitque
1535 2108 1740 2162 (Zhalcb
1772 2125 1787 2162 :

209 2202 291 2266 Qui
329 2203 656 2271 percusserit
699 2203 1188 2274 Cariath-Sepher,
1223 2215 1276 2259 et
1315 2203 1604 2258 vastaverit
1639 2218 1787 2274 eum,

209 2294 327 2348 dabo
358 2295 406 2349 ei
437 2299 610 2350 Axam
648 2297 810 2351 filiam
846 2313 1018 2353 meam
1057 2315 1303 2354 uxorem.
1339 2296 1583 2367 Cumque
1614 2297 1789 2366 cepis-

209 2395 281 2441 set
300 2403 417 2441 eam
439 2387 714 2452 Othoniel,
745 2390 886 2445 filius
925 2390 1123 2458 Cencz,
1155 2391 1320 2446 frater
1353 2389 1558 2444 Chaleh
1586 2390 1786 2456 minor,

210 2479 338 2536 dedit
361 2485 412 2536 ei
439 2482 614 2536 Axatu
643 2482 805 2537 filiam
843 2500 994 2538 suam
1030 2484 1339 2554 conjugem,
1368 2499 1529 2552 quam
1566 2495 1791 2552 pergen-

211 2586 301 2630 tem
329 2577 380 2630 in
414 2576 613 2632 itinere
643 2587 668 2614 "
699 2579 908 2633 moituit
941 2579 1021 2634 vir
1050 2594 1180 2633 suos
1204 2621 1217 2644 ,
1249 2588 1307 2632 ut
1333 2586 1539 2647 peteret
1577 2593 1606 2631 a
1641 2585 1792 2646 patre

209 2684 292 2724 inn
314 2685 522 2740 agrum.
550 2671 682 2736 Quae
723 2687 844 2727 cum
888 2675 1217 2742 su8pirassel
1264 2673 1461 2728 sedens
1510 2674 1560 2725 in
1609 2672 1784 2737 asino,

209 2764 328 2819 dixit
365 2766 417 2818 ei
452 2765 702 2822 Chalcb:
733 2768 871 2834 Quid
905 2768 1108 2825 habes?
1139 2769 1208 2823 At
1239 2769 1326 2821 illa
1352 2767 1674 2836 respondit:
1715 2766 1786 2820 Da

209 2855 320 2908 mihi
346 2856 787 2912 benedictionem
814 2898 830 2923 ,
869 2860 995 2928 quia
1035 2869 1235 2914 tetram
1297 2869 1542 2912 arentem
1592 2857 1787 2912 dedisti

208 2948 320 3003 mihi
351 2967 363 3001 :
389 2951 452 3002 da
483 2961 539 3004 et
578 2950 840 3020 irriguam
887 2953 1063 3022 aquis.
1097 2951 1254 3006 Dedit
1297 2967 1426 3019 ergo
1471 2953 1519 3005 ei
1580 2949 1789 3005 Cbaleh

207 3040 442 3112 irriguum
473 3043 752 3114 superius,
782 3054 836 3098 et
870 3044 1133 3114 irriguum
1162 3046 1404 3097 inferius.
1439 3044 1520 3115 [(1.
1561 3042 1671 3114 lli.)
1702 3043 1789 3097 Fi-

207 3132 252 3187 lii
274 3147 448 3190 autem
475 3136 648 3190 (lintei
682 3137 894 3206 cognati
926 3138 1082 3203 Mosi,
1119 3137 1489 3191 asCenderunt
1533 3138 1600 3192 de
1652 3136 1786 3191 civi-

1896 1921 1976 1975 dit
2009 1921 2089 1975 eis
2121 1920 2296 1974 locum
2330 1929 2386 1974 ut
2415 1919 2481 1974 ad
2514 1918 2756 1986 planiora
2789 1917 3232 1973 descenderent:
3281 1914 3494 1970 habita-

1896 2015 2081 2084 vitque
2113 2015 2162 2067 in
2194 2023 2374 2067 mente
2405 2012 2579 2067 liares
2602 2053 2618 2077 ,
2651 2011 2792 2081 quod
2849 2010 3263 2080 interpretatur,
3324 2019 3490 2063 testa-

1896 2122 2018 2172 ceo,
2049 2107 2101 2160 in
2155 2105 2316 2160 Ailon
2347 2114 2404 2160 et
2432 2106 2694 2159 Salahim.
2732 2104 2796 2158 Et
2825 2112 3116 2173 aggravata
3164 2115 3244 2157 est
3294 2115 3488 2156 manus

1896 2202 2090 2256 domus
2120 2200 2347 2271 Joseph,
2382 2200 2668 2270 factusque
2690 2209 2774 2254 est
2795 2199 2842 2253 ei
2875 2200 3212 2252 tributarius.
3257 2195 3377 2250 Fuit
3398 2212 3490 2250 au.

1897 2305 2002 2350 tem
2039 2295 2303 2350 terminus
2326 2295 2632 2348 Amorrhmi
2663 2294 2732 2348 ab
2758 2307 2989 2347 ascensu
3019 2289 3332 2361 Scorpionis
3353 2331 3367 2356 ,
3395 2304 3487 2360 pe-

1898 2402 2000 2454 tra,
2028 2401 2079 2445 et.
2106 2390 2390 2461 superiora
2427 2391 2570 2447 loca.

1967 2486 2053 2559 [Β.
2079 2486 2145 2550 ll,
2173 2485 2304 2556 Cap.
2327 2486 2416 2558 ll.)
2459 2485 2828 2557 Ascenditquc
2879 2486 3103 2554 angelus
3151 2483 3363 2540 Domini
3419 2482 3490 2539 de

1893 2580 2076 2650 Galgal
2128 2581 2192 2633 ad
2256 2580 2434 2634 locum
2491 2579 2731 2634 flentium
2759 2619 2774 2645 ,
2801 2587 2856 2634 et
2884 2580 2960 2632 ait
2994 2594 3007 2631 :
3039 2576 3211 2632 Eduxi
3270 2592 3365 2631 vos
3417 2575 3489 2632 de

1896 2672 2157 2744 Egyplo,
2190 2683 2243 2727 et
2270 2673 2551 2728 introduxi
2585 2673 2637 2726 in
2669 2683 2888 2740 terram,
2922 2687 3022 2741 pro
3051 2687 3154 2742 qua
3179 2671 3364 2742 juravi
3397 2685 3492 2738 pa-

1895 2769 2066 2825 trihus
2098 2768 2298 2822 vestris
2332 2785 2344 2821 :
2377 2776 2432 2822 et
2478 2767 2754 2837 pollicitus
2799 2781 2918 2820 sum
2974 2774 3033 2819 ut
3081 2780 3190 2818 non
3251 2763 3485 2819 facerem

1895 2864 2108 2919 irritum
2144 2874 2360 2933 pactum
2401 2877 2581 2916 meum
2612 2863 2892 2916 vobiscum
2933 2860 2984 2915 in
3039 2859 3431 2928 Sempiternum
3468 2875 3482 2914 :

1893 2958 1964 3010 ita
1997 2959 2278 3012 dumtaxat
2311 2966 2369 3010 ut
2416 2973 2521 3012 non
2555 2955 2791 3010 feriretis
2825 2954 3004 3010 lmdus
3052 2970 3176 3008 cum
3213 2953 3484 3008 habitato-

1894 3052 2046 3106 ribus
2077 3061 2234 3106 terrte
2263 3051 2442 3121 lmjns,
2479 3057 2533 3104 et
2562 3049 2748 3121 [ναις.
2782 3047 2902 3120 sed]
2955 3061 3081 3102 aras
3133 3061 3322 3100 eorum
3354 3047 3486 3100 sub-

1894 3147 2179 3201 verterelis
2215 3165 2227 3198 :
2284 3155 2340 3199 et
2373 3144 2622 3198 noluistis
2665 3143 2855 3197 audire
2898 3156 3088 3195 vocem
3141 3155 3317 3195 meam
3351 3154 3490 3197 :cur

209 3233 299 3280 ίδῑο
323 3227 648 3297 Palmam").
678 3245 800 3284 cum
830 3231 955 3284 “liis
982 3230 1153 3292 JUda.
1191 3232 1242 3286 in
1289 3232 1561 3285 deserlum
1620 3232 1787 3287 εοΐιίε
1815 3229 1861 3294 C
1895 3238 1994 3290 huc
2019 3234 2256 3289 fecistis?
2278 3234 2453 3301 Quam
2483 3234 2554 3286 ob
2585 3247 2696 3286 rent
2726 3231 2870 3284 noltti
2903 3229 3091 3284 delere
3118 3245 3214 3283 eos
3264 3244 3294 3282 a
3353 3228 3486 3283 facie

208 3319 325 3386 ejus,
351 3321 498 3391 quod
523 3332 606 3376 est
643 3323 709 3376 ad
736 3323 1016 3379 meridiem
1077 3324 1257 3389 Arad,
1304 3334 1359 3377 et
1407 3324 1786 3378 habitaverunt

207 3426 310 3466 cum
331 3419 416 3467 eo.
437 3412 591 3468 Abiit
617 3423 795 3469 autem
818 3414 984 3470 Judas
1013 3431 1133 3468 curn
1166 3416 1440 3480 Simeone,
1465 3417 1631 3470 fratre
1659 3429 1781 3483 suo,

206 3515 247 3557 et
273 3517 658 3573 percusserunt
685 3509 844 3562 simul
875 3508 1238 3564 Chanantettm
1286 3512 1374 3579 qui
1425 3511 1780 3566 habitahat‘in

206 3595 446 3666 Sephath,
480 3612 532 3654 et
565 3601 961 3656 interfecerunt
982 3617 1129 3658 eum.
1167 3602 1541 3674 Vocatumque
1569 3613 1654 3657 est
1682 3618 1781 3656 no-

204 3708 307 3746 men
338 3694 512 3763 urbis,
550 3693 773 3758 Horma,
798 3695 854 3749 id
885 3705 990 3761 est,
1042 3696 1350 3750 anathema.
1389 3697 1658 3766 Ccpitque
1689 3697 1784 3751 Ju-

203 3784 281 3840 das
305 3786 502 3842 Gazam
527 3803 651 3844 cum
676 3789 875 3844 ﬁnibus
905 3790 1022 3845 suis
1048 3830 1062 3854 ,
1106 3800 1160 3846 et
1188 3789 1515 3845 Ascalonem
1544 3834 1560 3857 ,
1620 3800 1784 3861 atque

202 3879 426 3935 Accaron
458 3897 582 3936 cum
613 3883 860 3937 terminis
891 3885 1024 3937 suis.
1074 3883 1306 3953 Fuitque
1355 3883 1614 3938 Dominus
1657 3899 1780 3938 cum

201 3969 337 4040 Juda,
362 3985 420 4032 et
450 3986 709 4031 montana
740 3978 1016 4046 possedit;
1041 3995 1140 4032 nec
1168 3980 1336 4046 pntuit
1359 3978 1540 4033 delere
1570 3978 1783 4033 habita-

199 4074 326 4124 tores
351 4071 535 4138 vallis,
567 4072 696 4141 quia
727 4071 941 4127 falcatis
970 4075 1222 4128 currihus
1272 4073 1642 4129 abundabant.
1679 4073 1780 4128 Dc-

199 4159 485 4234 deruntque
508 4163 716 4220 Cbaleb
744 4165 964 4220 ilebron
986 4210 999 4232 ,
1036 4168 1176 4221 sicut
1211 4167 1425 4222 dixerat
1457 4167 1654 4232 Moses,
1687 4167 1778 4236 qui

198 4253 375 4310 delevit
402 4273 473 4311 ex
504 4273 571 4312 ea
625 4267 737 4312 tres
782 4257 926 4314 filios
969 4259 1133 4315 Ense.
1182 4258 1264 4331 lC.
1299 4259 1414 4330 1V.]
1470 4259 1778 4315 Jebnsarum

198 4360 357 4404 autem
385 4348 754 4407 habitatorem
799 4351 1101 4408 Jerusalem
1150 4370 1256 4406 non
1305 4353 1626 4408 deleverunt
1681 4354 1777 4409 lilii

197 4441 462 4514 Benjamin
489 4464 502 4499 :
540 4445 912 4512 habitavitque
937 4448 1222 4503 .lebuSaeus
1247 4463 1372 4503 cum
1405 4449 1535 4502 ﬁliis
1585 4448 1781 4519 Benja-

196 4537 292 4592 min
319 4538 368 4593 in
401 4537 712 4594 Jerusalem
737 4585 750 4609 ,
795 4555 968 4611 usque
999 4544 1052 4596 in
1101 4550 1422 4608 prtesentem
1453 4541 1620 4596 diem.
1675 4541 1782 4596 Do-

1893 3336 2071 3380 vestra
2105 3341 2119 3380 :
2151 3332 2210 3378 ut
2241 3325 2484 3377 habeatis
2512 3326 2719 3385 hostes,
2749 3331 2802 3375 et
2826 3322 2899 3374 dii
2931 3335 3118 3374 eorum
3179 3321 3288 3372 sint
3332 3317 3483 3372 vobis

1892 3421 1944 3474 in
1995 3419 2228 3473 ruinam.
2275 3417 2356 3488 [(1.
2411 3414 2547 3488 νη]
2596 3414 2843 3485 Cumque
2894 3414 3214 3482 loqueretur
3255 3411 3483 3484 angelus

1891 3513 2105 3569 Domini
2130 3512 2294 3566 verba
2330 3510 2446 3565 ιιωο
2475 3509 2542 3563 ad
2579 3523 2769 3564 omnes
2803 3507 2943 3562 filios
2984 3506 3149 3561 lsrael
3178 3546 3194 3572 ,
3229 3505 3481 3560 elevave-

1888 3604 2225 3677 runt[_Vulg.
2279 3604 2403 3658 add.
2455 3602 2582 3675 ipsi]
2615 3617 2802 3656 vocem
2852 3617 3008 3656 suam
3040 3642 3054 3664 ,
3104 3611 3158 3656 et
3195 3599 3479 3656 ﬂeverunt.

1890 3701 1955 3755 Et
1986 3709 2236 3755 vocatum
2283 3711 2364 3753 eSt
2390 3712 2584 3752 nomen
2633 3697 2736 3752 ioci
2767 3695 2913 3751 illius
2941 3736 2955 3758 ,
2985 3695 3256 3750 Flentium
3291 3693 3479 3766 [Vulg].

1886 3793 2009 3847 add.
2041 3790 2242 3864 Locus]
2269 3794 2382 3846 sive
2415 3792 2772 3860 lacrymarum
2801 3809 2810 3842 :
2845 3788 3376 3859 immolaveruntque
3405 3787 3480 3842 ibi

1887 3885 2097 3941 hostias
2123 3885 2356 3940 Domino
2378 3883 2462 3957 [(1.
2496 3883 2658 3955 Vli|.]
2690 3883 2903 3938 Dimisit
2937 3898 3067 3954 ergo
3094 3881 3263 3938 Josue
3305 3897 3482 3952 popu-

1887 3979 2020 4045 lum,
2045 3989 2100 4032 et
2132 3978 2389 4033 abierunt
2418 3977 2513 4031 filii
2544 3976 2712 4031 lsrael
2747 3975 3119 4046 unusquisque
3165 3975 3218 4029 in
3263 3989 3480 4046 posses-

1885 4071 2094 4126 sionem
2141 4084 2329 4134 suani,
2390 4079 2448 4124 ut
2489 4070 2804 4125 obtinerent
2851 4084 3013 4124 eam:
3058 4070 3486 4138 servieruntque

1883 4163 2115 4219 Domino
2135 4164 2351 4219 cunctis
2375 4163 2568 4219 diebus
2593 4165 2711 4233 ejus
2738 4203 2750 4224 .
2783 4174 2832 4217 et
2885 4164 3166 4218 seniorum
3198 4161 3291 4232 qui
3322 4162 3484 4232 longo

1885 4266 2008 4326 post
2052 4262 2176 4313 eum
2235 4261 2496 4314 vixerunt
2558 4268 2843 4328 tempore,
2895 4268 2950 4313 et
2990 4267 3258 4313 noverant
3301 4257 3484 4313 omnia

1881 4366 2051 4421 opera
2086 4353 2294 4408 Domini
2324 4394 2339 4417 ,
2370 4367 2493 4422 qua:
2543 4351 2751 4408 fecerat
2790 4365 2914 4407 cum
2964 4352 3152 4408 lsrael.
3189 4351 3272 4423 [Τ.
3317 4349 3382 4415 ll,
3415 4351 3478 4406 Β.

1884 4441 1998 4516 HL]
2028 4445 2276 4502 Mortuus
2305 4454 2390 4499 est
2414 4454 2594 4502 autem
2618 4443 2808 4510 Josue,
2847 4443 2991 4498 filius
3039 4444 3156 4497 Non
3185 4486 3199 4508 ,
3237 4442 3474 4498 famulus

1886 4536 2122 4603 Domini,
2150 4546 2372 4594 centum
2404 4547 2459 4594 et
2483 4537 2673 4593 decem
2720 4552 3021 4600 annorum,
3051 4545 3107 4592 et
3125 4537 3476 4606 sepelierunt

197 4641 299 4682 tuus
316 4647 538 4701 quoque
563 4631 764 4701 Joseph
798 4635 1047 4688 ascendit
1070 4633 1121 4686 in
1151 4633 1403 4700 Betti-El,
1439 4633 1646 4703 fuitque
1673 4635 1778 4689 Do-
1804 4633 1859 4695 D
1883 4647 2004 4687 eum
2031 4633 2084 4686 in
2118 4631 2316 4687 finibus
2347 4629 2711 4700 possessionis
2757 4645 2870 4684 suae
2902 4629 2956 4684 in
2989 4627 3474 4684 Thanmatb-Sare

195 4721 352 4776 minus
373 4739 497 4779 cum
530 4725 630 4777 eis.
681 4723 812 4778 Nam
845 4739 969 4779 cum
1018 4725 1334 4782 obsiderent
1365 4725 1552 4780 urbem
1582 4769 1596 4791 ,
1657 4741 1779 4796 qua:

196 4815 325 4882 prius
356 4816 497 4870 Luza
532 4817 850 4884 vocabatur,
885 4817 1137 4873 viderunt
1179 4818 1457 4874 hominem
1489 4820 1778 4890 egredien-

195 4913 285 4960 tem
315 4907 381 4963 de
427 4909 682 4974 civitate,
715 4910 1079 4982 dixeruntque
1105 4913 1170 4967 ad
1201 4929 1323 4967 eum
1354 4931 1366 4966 :
1398 4912 1642 4968 Ostende
1674 4927 1774 4968 no-

192 4997 265 5054 bis
290 5003 568 5060 introitum
601 5005 848 5062 civitatis
873 5048 886 5068 ,
940 5017 996 5062 et
1041 5006 1300 5062 faciemus
1347 5017 1521 5062 tecum
1552 5006 1770 5062 miseri—

194 5093 433 5150 cordiam.
477 5092 583 5161 Qui
639 5111 762 5150 cum
822 5097 1153 5153 ostendisset
1207 5098 1326 5166 eis,
1383 5105 1773 5168 percusserunt

193 5185 360 5242 urbem
391 5189 448 5243 in
492 5204 589 5244 ore
616 5189 779 5260 gladii
813 5209 826 5244 :
862 5190 1136 5246 hominem
1165 5201 1343 5247 autem
1375 5192 1548 5259 illutn,
1575 5201 1628 5246 et
1655 5208 1772 5246 om-

193 5294 300 5337 nem
343 5288 724 5356 cognationem
786 5287 904 5357 ejus
953 5288 1297 5344 dimiserunt.
1344 5287 1445 5356 Qui
1477 5288 1768 5355 dimissus,

193 5376 306 5432 abiit
331 5380 382 5434 iu
417 5391 615 5436 terram
647 5381 888 5450 Ettltitn,
922 5395 975 5437 et
1001 5384 1292 5438 mdilicavit
1346 5383 1415 5437 ibi
1464 5384 1766 5440 civitatem.

194 5467 266 5539 [0.
288 5471 378 5547 V.)
410 5474 743 5545 Vocavitque
767 5493 884 5532 eam
911 5478 1109 5534 Luzam
1139 5498 1151 5532 :
1185 5495 1305 5550 quae
1366 5480 1438 5534 ita
1465 5481 1770 5550 appellatur

194 5576 348 5629 usque
389 5567 443 5621 in
476 5576 800 5637 praesentem
851 5569 1017 5626 diem.
1065 5571 1345 5625 Manasses
1399 5588 1615 5643 quoque
1658 5588 1766 5628 non

193 5652 374 5713 delevit
403 5660 698 5730 Belli-Son,
730 5674 782 5718 et
831 5663 1050 5720 Thanac
1093 5681 1215 5723 cum
1262 5667 1454 5722 viculis
1501 5668 1655 5732 suis,
1711 5679 1767 5724 et

1884 4726 1937 4780 in
1965 4732 2153 4780 monte
2180 4725 2440 4793 Ephraim
2471 4766 2485 4788 ,
2529 4739 2558 4777 a
2602 4722 3023 4792 septentrionali
3072 4723 3228 4793 plaga
3276 4722 3479 4778 montis

1881 4820 2044 4876 Gaas.
2077 4819 2380 4888 Omnisque
2403 4819 2496 4874 illa
2519 4820 2806 4889 generatio
2837 4831 3162 4890 congregata
3186 4828 3271 4876 est
3291 4830 3481 4892 patres

1880 4929 2047 4971 suos:
2077 4920 2134 4970 et
2161 4923 2522 4968 surrexerunt
2551 4912 2645 4968 alii
2669 4955 2684 4980 ,
2717 4911 2809 4982 qui
2845 4927 2951 4967 non
2993 4921 3254 4968 noverant
3288 4911 3475 4966 Domi-

1876 5024 2027 5074 num,
2062 5018 2118 5062 et
2149 5023 2312 5078 Opera
2335 5022 2456 5078 quae
2487 5006 2690 5062 fecerat
2720 5022 2843 5061 cum
2870 5006 3060 5061 lsrael.
3091 5006 3480 5076 Feceruntque

1877 5100 2165 5157 ﬁliilsrael
2199 5100 2403 5155 malum
2437 5098 2489 5154 in
2522 5108 2827 5170 conspectu
2879 5099 3139 5166 Domini,
3185 5109 3239 5154 et
3265 5098 3476 5155 servie-

1881 5206 2006 5252 runt
2036 5196 2260 5252 Baalim.
2297 5197 2376 5250 Ac
2399 5195 2729 5250 dimiserunt
2759 5194 3043 5250 Dominum
3065 5194 3234 5249 Deum
3259 5203 3476 5265 patrum

1877 5303 2100 5344 suorum
2123 5331 2138 5354 ,
2171 5288 2262 5359 qui
2293 5287 2558 5343 eduxerat
2585 5301 2682 5343 eos
2711 5287 2780 5342 de
2818 5295 2960 5343 terra
2996 5287 3217 5360 Egypti
3253 5306 3264 5341 :
3297 5298 3350 5342 et
3380 5302 3476 5343 se-

1876 5384 1986 5437 cuti
2018 5391 2144 5437 sunt
2167 5382 2300 5436 deos
2331 5380 2566 5450 alienos,
2598 5381 2842 5451 deosque
2868 5382 3230 5451 populorum,
3256 5380 3348 5450 qui
3378 5379 3476 5433 ha-

1877 5477 2125 5533 bitabant
2148 5478 2199 5532 iu
2237 5476 2472 5532 circuitu
2513 5491 2741 5540 eorum,
2786 5486 2842 5532 et
2872 5477 3236 5532 adoraverunt
3265 5488 3378 5537 eos,
3413 5480 3469 5526 et

1875 5573 1940 5628 ad
1974 5571 2306 5628 iracundiam
2339 5572 2748 5629 concitaverunt
2776 5572 3064 5628 Dominum
3091 5613 3104 5633 ,
3137 5569 3475 5624 dimittente:

1871 5683 2018 5732 eum,
2047 5675 2102 5722 et
2132 5667 2437 5722 servientes
2466 5663 2493 5704 δ
2521 5665 2648 5720 Baal
2679 5674 2732 5721 et
2754 5663 3071 5719 Astharolh.
3096 5661 3180 5733 [Ε.
3212 5659 3272 5714 IX
3292 5657 3328 5729 .]
3359 5657 3470 5711 Ira-

131 5737 150 5852 i
195 5842 209 5852 _
257 5783 282 5852 ’ξ
319 5775 540 5852 Palatia.
568 5795 672 5852 ms,
704 5781 899 5835 monuit
928 5796 1041 5835 eam
1072 5783 1166 5834 vir.
1202 5781 1334 5835 Vide
1362 5798 1482 5850 qutc
1512 5782 1578 5837 dc
1608 5783 1768 5852 hujus

195 5842 286 5902 loci
315 5862 476 5906 sensu
501 5850 732 5909 diximus
754 5854 913 5924 paulo
945 5855 1195 5924 superius
1224 5855 1275 5909 in
1302 5842 1460 5926 caput
1484 5854 1648 5913 Josue
1672 5842 1759 5913 iv.

131 5943 178 5958 νο-

1947 5780 1976 5820 ³
1998 5780 2160 5837 Juxta
2187 5778 2467 5834 Hebraeum
2497 5780 2695 5835 habent
2726 5773 3071 5834 codd.uostri
3106 5771 3256 5838 Bard,
3289 5784 3474 5839 quam-

1874 5869 2035 5926 quam
2062 5856 2114 5910 in
2139 5853 2361 5913 Palatia.
2397 5851 2672 5920 posterior
2698 5863 2893 5905 manus
2923 5843 3224 5916 rescripsit,
3245 5840 3470 5898 Baulim.
