3956 6338
387 257 485 314 Ml

1391 265 1449 325 S.
1490 265 1867 324 IIIERONYMI
1910 266 2139 327 DlVlNA
2180 267 2659 326 BlBLlOTIIEltA.

3572 275 3681 331 51:).

385 385 583 451 tusque
616 379 878 438 Dominus
898 389 1092 439 contra
1124 382 1329 451 Israel,
1353 384 1577 441 tradidit
1603 400 1701 441 eos
1724 386 1776 440 in
1812 385 1988 440 mani-
2014 387 2069 450 Α
2092 385 2330 455 Spiritus
2370 386 2585 443 Domini
2614 429 2629 455 ,
2674 395 2731 444 et
2765 388 3032 459 judicavit
3062 389 3248 447 Israel.
3310 389 3688 462 Egressusque

330 470 335 478 “
389 472 491 529 bus
522 474 923 544 diripientium,
956 476 1050 549 qui
1076 476 1415 548 deceperunt
1467 493 1564 535 eos
1587 520 1603 545 ,
1636 487 1692 536 et
1720 478 1987 535 vendide-

392 576 521 622 runt
578 567 870 636 hostibus,
930 570 1021 640 qui
1078 569 1396 626 habitabant
1446 587 1544 644 per
1597 588 1829 644 gyrum,
1881 587 1985 629 nec

388 668 690 731 potuerunt
719 663 983 720 resistere
1024 664 1352 722 adversariis
1387 668 1501 723 suis
1531 685 1547 734 ;
1603 669 1696 724 sed
1726 682 1990 739 quocum-

395 769 501 823 que
525 770 757 829 pergere
785 758 1125 823 voluissent,
1153 774 1347 816 manus
1374 760 1592 816 Domini
1642 771 1762 817 erat
1818 776 1986 832 super

401 864 521 917 eus,
547 852 690 908 sicut
717 852 936 908 locutus
965 861 1081 920 est,
1108 861 1163 908 et
1180 852 1390 922 juravit
1409 854 1489 909 eis
1511 898 1526 923 ,
1551 864 1609 910 et
1630 855 1988 911 vehementer

388 943 578 1001 afﬂicti
607 954 753 1002 sunt.
796 946 878 1018 [Β.
909 945 1022 1019 [V.]
1071 945 1475 1020 Suscitavitque
1524 949 1785 1005 Dominus
1842 949 1985 1020 judi-

387 1055 502 1108 ces,
524 1041 615 1110 qui
645 1041 946 1097 liberarent
967 1056 1065 1098 eos
1092 1041 1159 1097 de
1186 1046 1518 1100 vastantium
1560 1044 1843 1112 manibus;
1888 1044 1985 1101 sed

391 1148 491 1189 nec
542 1134 664 1190 illos
711 1136 902 1193 audire
959 1139 1274 1205 voluerunt,
1324 1139 1658 1195 fornicantes
1702 1154 1825 1195 cum
1882 1140 1986 1197 diis

391 1225 609 1293 alienis,
633 1234 688 1282 et
726 1228 1019 1287 adorantes
1071 1247 1189 1288 eos.
1229 1231 1349 1289 Cito
1388 1234 1756 1289 deseruerunt
1801 1235 1943 1288 viam
1970 1275 1984 1299 ,

393 1333 490 1389 per
515 1334 675 1392 quam
709 1322 941 1394 ingressi
976 1326 1191 1382 fuerant
1222 1336 1403 1395 patres
1425 1341 1613 1383 eorum
1638 1368 1653 1392 ,
1681 1337 1736 1383 et
1758 1325 1989 1396 audien:

397 1418 478 1467 tes
509 1413 763 1469 mandata
789 1413 1033 1482 Domini,
1063 1418 1247 1472 omnia
1281 1418 1458 1475 l‘eeere
1492 1418 1786 1475 contraria.
1816 1417 1986 1473 Cum-

386 1520 492 1576 que
519 1506 783 1562 Dominus
820 1508 1036 1579 judices
1078 1511 1404 1578 suscitaret,
1457 1513 1511 1568 in
1548 1511 1745 1569 diebus
1794 1525 1983 1567 eorum

387 1598 710 1656 ﬂectebatur
755 1603 1131 1659 misericordia
1159 1645 1175 1672 ,
1245 1614 1300 1661 et
1340 1605 1598 1662 audiebat
1651 1604 1983 1661 afﬂictarum

387 1696 663 1764 gemitus,
735 1704 791 1751 et
842 1695 1109 1753 liberabat
1149 1712 1245 1754 eos
1292 1698 1362 1754 de
1413 1700 1565 1756 caede
1623 1700 1981 1755 vastantium.

2092 489 2178 536 est
2205 479 2272 535 ad
2318 496 2551 555 pugnam
2595 491 2651 537 et
2694 482 2916 538 tradidit
2960 484 3220 540 Dominus
3260 485 3310 540 in
3351 500 3511 540 manu
3563 486 3689 556 ejus

2092 574 2678 646 Chusan-Rasatbaim,
2719 592 2901 647 regem
2951 577 3130 650 Syriae
3151 560 3179 647 ,’
3204 590 3258 636 et
3298 581 3497 651 pressit
3537 597 3688 637 cum.

2090 662 2415 738 Quievitque
2444 676 2587 724 terra
2613 668 2969 740 quadraginta
3002 670 3182 737 annis,
3237 681 3292 727 et
3322 680 3570 727 mortuus
3597 680 3693 729 est

2090 759 2345 816 Otltnniel
2396 761 2535 815 filius
2573 759 2773 818 Cenez.
2817 761 2904 835 [τ.
2935 762 3021 828 ιιι,
3054 763 3112 818 Β.
3153 762 3291 837 vn]
3345 764 3695 822 Addiderunt

2089 861 2271 909 autem
2297 855 2390 909 ﬁlii
2422 854 2589 911 Israel
2614 854 2794 912 facere
2832 857 3035 911 malum
3070 857 3124 911 in
3156 866 3448 928 conspectu
3503 859 3695 914 Domi—

2091 948 2144 1002 ni
2182 966 2193 1003 :
2236 949 2325 1019 qui
2382 949 2707 1003 confortavit
2761 950 3052 1009 adversum
3108 965 3204 1005 eos
3261 952 3453 1021 Eglon,
3498 967 3691 1024 regem

2090 1043 2247 1098 Moab
2276 1060 2288 1096 :
2321 1044 2445 1114 quia
2478 1043 2730 1100 fecerunt
2765 1045 2968 1100 malum
3021 1046 3074 1100 in
3104 1055 3403 1117 conspectu
3444 1046 3582 1118 ejus.
3620 1048 3695 1103 Et

2091 1126 2365 1204 copulavit
2402 1135 2453 1190 ei
2496 1134 2635 1191 ﬁlios
2677 1138 2910 1192 Ammon
2943 1147 2997 1193 et
3046 1139 3301 1204 Amalec,
3346 1140 3584 1212 abiitque
3635 1151 3695 1196 et

2092 1230 2357 1299 percussit
2388 1230 2577 1298 Israel,
2606 1238 2771 1301 atque
2814 1231 3056 1300 possedit
3101 1234 3292 1288 urbem
3345 1233 3687 1289 Palmarum.

2092 1323 2512 1395 Servieruntque
2537 1325 2630 1379 ﬁlii
2662 1325 2825 1381 Israel
2860 1325 3051 1396 Eglon,
3077 1326 3189 1395 regi
3216 1324 3392 1393 Moab,
3417 1326 3605 1382 decem
3633 1336 3696 1383 et

2091 1428 2215 1471 octo
2260 1418 2421 1473 annis
2460 1435 2474 1473 :
2510 1416 2591 1490 [C.
2633 1418 2804 1491 XIV.]
2846 1418 2916 1472 Et
2960 1428 3146 1488 postea
3194 1418 3570 1475 clamaverunt
3618 1420 3693 1474 ad

2092 1509 2377 1583 Dominum
2412 1526 2424 1563 :
2471 1509 2564 1580 qui
2603 1511 2885 1566 suscitavit
2920 1511 3004 1565 eis
3034 1510 3360 1566 salvatorem
3418 1510 3697 1567 vocabqu

2089 1599 2117 1640 δ
2144 1602 2284 1667 Aod,
2320 1602 2488 1656 ﬁlium
2513 1602 2652 1659 Gera
2676 1645 2690 1671 ,
2730 1603 2822 1658 ﬁlii
2851 1601 3081 1672 Jemini,
3109 1604 3201 1676 qui
3239 1612 3468 1674 utraque
3521 1619 3696 1659 manu

2089 1695 2352 1750 utebatur
2397 1710 2495 1765 pro
2521 1696 2769 1752 dextera.
2822 1697 3193 1768 Miserumque
3232 1698 3326 1751 ﬁlii
3379 1697 3539 1752 Israel
3586 1711 3698 1766 per

390 1787 683 1860 Postquam
716 1798 899 1846 autem
930 1799 1179 1847 mortuus
1209 1802 1353 1848 esset
1397 1793 1591 1865 judex,
1626 1794 1985 1850 reverteban-
2015 1781 2061 1843 Β
2091 1788 2239 1842 illum
2272 1802 2496 1844 munera
2531 1789 2700 1860 Eglon
2754 1788 2869 1860 regi
2913 1789 3091 1845 Moab.
3120 1790 3221 1860 Qui
3252 1790 3383 1846 fecit
3426 1788 3533 1845 sibi
3561 1789 3693 1861 gla-

392 1890 497 1948 tur,
529 1889 557 1919 α
581 1889 639 1938 et
670 1883 840 1938 multo
868 1884 1073 1955 majora
1104 1884 1377 1941 faciebant
1402 1901 1564 1958 quam
1611 1886 1857 1942 fecerant
1888 1903 1982 1957 pa-

390 1979 503 2028 tres
529 1987 743 2037 eorum.
768 1984 1064 2046 sequentes
1094 1977 1228 2033 deos
1253 1978 1490 2044 alienos,
1522 1979 1830 2035 servientes
1881 1980 1980 2047 eis,

390 2072 445 2119 et
474 2063 770 2122 adorantes
811 2067 955 2123 illos.
1013 2068 1132 2126 Non
1174 2069 1504 2127 dimiserunt
1559 2071 1983 2129 adinveutiones

390 2172 540 2225 suas,
571 2168 628 2215 et
653 2160 795 2216 viam
821 2160 1199 2230 durissimam,
1232 2179 1331 2235 per
1351 2180 1514 2236 quam
1546 2166 1827 2221 ambulare
1862 2182 1988 2223 con-

390 2261 705 2308 sueverant.
755 2252 840 2327 [C.
883 2253 979 2328 X.]
1026 2256 1311 2329 lratusque
1360 2266 1444 2314 est
1486 2257 1640 2315 furor
1660 2259 1877 2315 Domini
1930 2260 1985 2316 in

394 2341 580 2414 Israel,
610 2353 666 2402 et
703 2347 815 2401 ait:
847 2347 983 2416 Quia
1020 2349 1231 2405 irritum
1272 2348 1401 2405 fecit
1428 2364 1563 2421 gens
1610 2351 1712 2406 ista
1770 2360 1987 2420 paetum

394 2454 611 2506 meum,
653 2441 799 2513 quod
847 2444 1164 2515 pepigeram
1209 2459 1333 2500 eum
1381 2444 1625 2515 patribus
1663 2460 1887 2511 eorum,
1932 2455 1988 2502 et

392 2547 583 2589 vocem
605 2549 780 2591 meam
809 2536 1001 2593 audire
1031 2536 1363 2607 contempsit
1397 2547 1490 2593 :et
1518 2552 1620 2609 ego
1644 2554 1753 2593 non
1788 2538 1983 2595 delebo

389 2637 607 2700 gentes,
641 2644 778 2698 quas
798 2630 1226 2701 dimisitJosue,
1272 2639 1329 2688 et
1375 2643 1621 2689 mortuus
1656 2643 1779 2699 est,
1830 2642 1891 2689 ut
1931 2635 1985 2690 in

386 2722 523 2794 ipsis
543 2725 796 2795 experiar
814 2725 1006 2796 Israel,
1028 2738 1210 2783 utrum
1232 2729 1545 2785 custodiant
1572 2729 1715 2785 viam
1746 2731 1983 2799 Domini,

394 2826 450 2873 et
476 2819 758 2875 ambulent
788 2821 841 2875 in
874 2837 961 2885 ea,
990 2823 1134 2877 sicut
1156 2822 1541 2879 custodierunt
1569 2836 1749 2894 patres
1766 2841 1982 2892 eorum,

389 2923 458 2964 an
492 2926 620 2967 non.
658 2911 742 2985 [Β.
776 2912 862 2985 V.]
909 2914 1122 2970 Dimisit
1167 2931 1321 2993 ergo.
1351 2917 1611 2974 Dominus
1643 2934 1837 2975 omnes
1889 2919 1986 2975 bas

394 3001 666 3073 nationes,
700 3012 755 3060 et
779 3004 894 3061 cito
922 3006 1244 3064 subvertere
1284 3008 1479 3079 noluit,
1517 3025 1620 3068 nec
1666 3011 1887 3068 tradidit
1932 3013 1986 3068 in

391 3110 585 3152 manus
602 3098 791 3155 Josue.

2086 1880 2233 1935 dium
2266 1881 2579 1952 ancipitem,
2607 1882 2899 1939 habentem
2929 1884 2980 1938 iu
3010 1884 3196 1939 medio
3231 1884 3484 1954 capulum
3509 1883 3692 1955 longi-

2089 1976 2294 2032 tudinis
2324 1975 2515 2047 palmae
2551 1991 2765 2045 manus,
2792 1988 2848 2034 et
2870 1979 3147 2033 accinctus
3172 1986 3256 2033 est
3286 1993 3351 2033 eo
3373 1978 3561 2033 subter
3589 1991 3693 2032 sa-

2086 2084 2213 2139 gum
2247 2069 2301 2123 in
2337 2068 2533 2125 dextro
2577 2069 2809 2125 femore.
2856 2068 3174 2140 Obtulitque
3228 2084 3453 2125 munera
3483 2069 3690 2139 Eglon,

2088 2163 2203 2233 regi
2226 2162 2405 2219 Moab.
2454 2162 2586 2218 Erat
2612 2173 2793 2219 autem
2832 2163 3004 2234 Eglon
3047 2177 3266 2218 crassus
3307 2164 3489 2219 nimis.
3521 2164 3699 2220 Cum-

2087 2271 2192 2327 que
2221 2255 2511 2312 obtulisset
2538 2255 2589 2311 ei
2615 2271 2865 2323 munera,
2897 2265 3220 2327 prosccutus
3244 2265 3329 2313 est
3356 2256 3558 2325 socios,
3591 2259 3695 2328 qui

2088 2363 2212 2403 cum
2237 2363 2301 2402 eo
2328 2358 2615 2404 venerant.
2649 2349 2715 2403 Et
2740 2363 2989 2404 reversus
3013 2348 3081 2404 de
3106 2348 3371 2418 Galgalis,
3412 2349 3501 2405 ubi
3529 2358 3700 2406 erant

2089 2440 2262 2508 idola,
2287 2440 2425 2497 dixit
2454 2442 2521 2497 ad
2549 2457 2737 2513 regem
2780 2460 2794 2500 :
2824 2440 3062 2498 Verbum
3102 2452 3375 2498 secretum
3413 2442 3590 2500 habeo
3619 2443 3698 2499 ad

2090 2542 2164 2603 te,
2188 2554 2220 2589 o
2246 2551 2369 2590 rex.
2396 2536 2465 2590 Et
2509 2536 2599 2591 ille
2630 2536 2918 2606 imperavit
2961 2536 3238 2594 silentium
3271 2553 3287 2594 :
3340 2537 3702 2609 egressisque

2091 2627 2341 2684 omnibus
2368 2627 2456 2697 qui
2487 2630 2631 2684 circa
2663 2644 2787 2686 eum
2818 2640 2977 2687 erant
3003 2672 3017 2696 ,
3051 2631 3336 2703 ingressus
3366 2641 3449 2687 est
3471 2631 3590 2687 Aod
3625 2632 3703 2688 ad
3771 2629 3781 2639 ’

2090 2737 2258 2779 eum:
2313 2724 2537 2779 sedebat
2586 2736 2768 2781 autem
2814 2727 2865 2795 in
2923 2727 3113 2783 aestivo
3167 2727 3452 2784 caenaculo
3499 2727 3698 2791 solus,

2091 2815 2334 2887 dixitque
2365 2835 2376 2869 :
2414 2816 2648 2873 Verbhm
2678 2818 2774 2874 Dei
2806 2819 2982 2877 habeo
3020 2820 3088 2876 ad
3117 2828 3189 2875 te.
3218 2820 3323 2886 Qui
3350 2822 3531 2875 statim
3564 2836 3702 2875 sur-

2092 2911 2231 2966 rexit
2258 2910 2326 2964 de
2361 2909 2574 2966 throno.
2601 2910 2963 2984 Extenditque
2992 2912 3107 2967 Aod
3137 2927 3356 2968 manum
3382 2912 3698 2982 sinistram,

2090 3012 2147 3058 et
2171 3002 2290 3058 tulit
2319 3004 2485 3059 sicam
2509 3004 2576 3059 de
2607 3005 2796 3060 dextro
2824 3004 3027 3060 femore
3067 3020 3173 3061 suo
3193 3046 3209 3073 ,
3241 3004 3526 3075 inﬁxilque
3564 3020 3698 3060 eam

2092 3098 2146 3153 in
2177 3108 2369 3155 ventre
2400 3099 2518 3170 ejus
2552 3109 2658 3154 tam
2684 3097 2882 3163 valide,
2916 3107 2974 3152 ut
3002 3099 3229 3170 capulus
3250 3097 3457 3155 ferrum
3484 3114 3696 3170 seque-

461 3189 544 3264 [C.
569 3191 663 3259 Xl,
691 3192 823 3263 Cap.
867 3193 977 3268 ΠΙ.]
1004 3194 1097 3251 Hae
1127 3205 1254 3253 sunt
1292 3208 1484 3270 gentes
1531 3213 1667 3271 quas
1721 3199 1983 3257 Dominus
2011 3178 2053 3236 (ί
2089 3204 2245 3250 retur
2267 3195 2317 3249 in
2341 3194 2595 3261 vulnere,
2619 3208 2679 3248 ac
2708 3192 3068 3265 pinguissimo
3105 3193 3265 3262 adipe
3293 3196 3693 3265 stringeretur.

387 3284 720 3357 dereliquit,
771 3295 832 3343 ut
860 3288 1179 3345 erndiretin
1210 3291 1291 3347 eis
1342 3291 1636 3359 Israelem,
1697 3300 1753 3347 et
1791 3308 1984 3350 omnes

385 3380 480 3450 qui
528 3396 634 3436 non
682 3392 949 3439 noverant
980 3383 1125 3439 bella
1167 3382 1599 3440 Chanantenrnm
1632 3402 1647 3441 :
1678 3395 1737 3441 ut
1786 3397 1979 3458 postea

385 3474 658 3531 discerent
688 3476 783 3531 ﬁlii
807 3490 998 3532 eorum
1028 3485 1239 3534 certare
1255 3495 1377 3535 cum
1407 3479 1682 3545 hostibus,
1706 3491 1760 3538 et
1783 3481 1987 3537 habere

386 3566 839 3625 consuetudinem
883 3570 1166 3639 proeliandi
1199 3588 1213 3627 :
1245 3572 1482 3643 quinque
1514 3583 1761 3644 satrapas
1813 3574 1985 3629 Phili-

387 3660 680 3725 stinorum,
714 3676 1048 3734 omnemque
1078 3664 1448 3719 Chananteum
1475 3706 1491 3730 ,
1536 3675 1592 3720 et
1648 3666 1934 3722 Sidonium
1967 3709 1982 3732 ,

390 3759 554 3823 atque
586 3750 833 3820 Evteum,
863 3756 955 3824 qui
1003 3754 1286 3811 habitabat
1314 3757 1368 3811 in
1397 3767 1580 3812 monte
1619 3757 1826 3813 Libano
1846 3800 1861 3824 ,
1919 3758 1989 3814 de

388 3854 573 3902 monte
616 3847 743 3902 Baal
794 3847 1031 3904 llermon
1084 3865 1252 3921 usque
1300 3850 1367 3906 ad
1421 3850 1705 3907 introitum
1766 3853 1986 3909 Emath.

391 3937 717 4010 Dimisitque
774 3955 907 4006 eos,
941 3951 999 3997 ut
1046 3942 1101 3997 in
1146 3943 1275 4012 ipsis
1315 3945 1662 4013 experiretur
1704 3946 1985 4014 Israelem,

392 4040 573 4087 utrum
602 4033 817 4090 audiret
849 4035 1107 4091 mandata
1130 4036 1343 4091 Domini
1374 4052 1497 4108 quae
1526 4047 1866 4108 praeceperat
1898 4055 1989 4108 pa-

397 4125 567 4180 tribus
595 4139 786 4181 eorum
819 4141 915 4193 per
945 4142 1166 4182 manum
1191 4127 1327 4184 Mosi
1357 4171 1371 4195 ,
1398 4144 1465 4185 an
1496 4145 1628 4186 non.
1684 4131 1767 4203 [Β.
1810 4130 1894 4198 Vl,
1923 4129 1986 4186 C.

394 4217 534 4293 XII.]
565 4218 750 4289 Itaque
774 4219 867 4276 ﬁlii
895 4219 1062 4278 Israel
1084 4221 1470 4278 habitaverunt
1493 4224 1547 4278 in
1578 4223 1764 4279 medio
1786 4224 1990 4280 Chana-

390 4313 514 4381 naei,
547 4324 602 4370 et
626 4314 960 4384 Hetthaei,.et
980 4314 1309 4386 Amorrhmi,
1333 4324 1389 4372 et
1413 4317 1711 4386 Pherezaei,
1738 4327 1793 4372 et
1820 4318 1985 4387 Evari,

391 4414 448 4462 et
467 4406 699 4464 Jebusmi
735 4426 749 4463 :
783 4420 838 4464 et
866 4408 1145 4464 duxerunt
1175 4424 1377 4465 uxores
1405 4408 1545 4465 ﬁlias
1595 4425 1784 4466 eorum
1812 4452 1826 4477 ,
1862 4411 1993 4482 ipsi"

384 4515 499 4577 que
523 4500 663 4557 ﬁlias
693 4516 822 4558 suas
851 4500 975 4556 ﬁliis
999 4517 1186 4558 eorum
1218 4502 1658 4571 tradiderunt,et
1681 4503 1991 4560 servierunt

393 4591 496 4647 diis
527 4608 737 4649 eorum.
783 4593 1163 4665 Feceruntque
1206 4594 1405 4649 malum
1452 4595 1505 4649 in
1533 4605 1827 4664 conspectu
1883 4594 1989 4648 Do-
2015 4564 2067 4625 υ

393 4684 548 4754 mini,
584 4695 640 4741 et
660 4685 821 4743 obliti
851 4697 978 4743 sunt
1030 4686 1128 4743 Dei
1167 4687 1274 4754 sui,
1324 4688 1629 4744 servientes
1678 4687 1884 4743 Baalim
1934 4695 2031 4769 et_

396 4777 714 4834 Astbaroth.
738 4778 1026 4851 [ratusque
1064 4780 1331 4836 Dominus
1363 4791 1551 4837 contra
1594 4781 1792 4847 Israel,
1826 4780 1993 4836 tradi-

395 4872 478 4926 dit
504 4872 673 4928 eosin
708 4888 904 4930 manus
935 4873 1504 4931 CbnsanoRasathaim
1549 4876 1697 4945 regis
1744 4875 1993 4945 Mesopo-

395 4964 598 5033 tamiae,
625 4966 1042 5040 servieruntque
1064 4969 1114 5024 ei
1136 4978 1262 5023 octo
1289 4968 1468 5024 annis.
1495 4966 1577 5041 [C.
1606 4966 1773 5039 Xlll.]
1802 4968 1868 5022 Et
1887 4969 1998 5024 cla-

400 5066 685 5113 maverunt
707 5058 772 5114 ad
802 5059 1091 5117 Dominum
1123 5078 1137 5116 :
1183 5063 1273 5132 qui
1305 5061 1591 5117 suscitavit
1642 5062 1721 5116 eis
1755 5062 2000 5118 salvato-

398 5165 512 5205 rem
546 5191 562 5219 ,
641 5159 697 5207 et
755 5152 1008 5210 liberavit
1046 5164 1182 5221 eos’,
1230 5154 1483 5211 Othoniel
1530 5153 1785 5210 videlicet
1830 5155 2001 5211 lilium

397 5243 580 5300 Cenez
610 5285 625 5313 ,
667 5242 896 5301 fratrem
951 5246 1155 5304 Chaleb
1212 5249 1480 5306 minorem
1518 5266 1532 5304 :
1564 5248 1773 5319 fuitque
1832 5248 1886 5304 in
1937 5263 2003 5304 eo

470 5462 497 5492 ι
541 5452 633 5511 Sic
690 5467 823 5510 mss.
868 5465 1108 5517 omnes;
1157 5451 1334 5521 editi,
1385 5452 1549 5508 multo
1602 5452 1828 5524 pejora;
1895 5452 1991 5507 sed

405 5542 546 5584 unus
575 5535 663 5584 est
690 5540 907 5591 sensus,
937 5524 1052 5580 sive
1090 5527 1316 5595 majora,
1346 5524 1464 5581 sive
1506 5526 1687 5597 peiora
1710 5524 1989 5651 ἱἐίίιίςειιιιιιε.

1761 5613 1882 5651 ΛΒΤ.

471 5670 500 5711 ι’
530 5671 649 5729 Non
689 5670 865 5730 solum
897 5669 1032 5737 Aod,
1063 5666 1159 5724 sed
1192 5668 1305 5722 Aod
1351 5667 1600 5738 inclytum
1632 5613 1987 5740 ﬁlirmkgera,

399 5744 587 5815 legunt
635 5759 788 5815 mssa
828 5744 1031 5813 aliquot
1067 5740 1412 5815 recentiores
1438 5740 1561 5815 libri
1609 5757 1731 5815 cum
1762 5740 1991 5815 Canone

401 5811 540 5873 Iléb.
572 5818 728 5875 verit.
759 5811 981 5874 Certum
1007 5821 1095 5872 est
1128 5820 1312 5870 autem
1358 5811 1513 5879 illud,
1544 5813 1820 5882 inclytum,
1851 5812 1989 5869 nihil

2088 3288 2200 3345 Nec
2227 3288 2419 3344 eduxit
2442 3287 2677 3357 gladium
2700 3331 2715 3357 ,
2747 3287 2842 3342 sed
2877 3287 2948 3342 ita
2971 3296 3027 3342 ut
3057 3293 3433 3357 percusserat,
3464 3286 3702 3354 reliquit

2085 3383 2138 3439 in
2161 3396 2391 3452 corpore
2427 3398 2440 3437 :
2469 3380 2763 3455 statimque
2784 3396 2885 3451 per
2911 3389 3129 3436 secreta
3162 3389 3368 3435 natura:
3403 3379 3513 3434 alvi
3538 3387 3698 3437 ster-

2087 3490 2212 3531 cora
2240 3483 2625 3546 proruperunt.
2660 3474 2776 3528 Aod
2818 3470 3000 3529 autem
3026 3473 3231 3529 clausis
3276 3473 3702 3543 diligentissime

2088 3568 2248 3625 ostiis
2278 3568 2567 3630 cmnaculi,
2601 3576 2655 3622 et
2685 3566 2991 3623 obﬁrmatis
3047 3580 3168 3621 sera
3196 3607 3212 3632 ,
3268 3581 3366 3635 per
3420 3566 3702 3636 posticam

2088 3676 2346 3733 egressus
2367 3671 2471 3717 est.
2496 3660 2764 3731 Servique
2794 3661 2934 3729 regis
2965 3660 3196 3728 ingressi
3239 3657 3493 3714 viderunt
3539 3657 3707 3712 clau.

2090 3770 2178 3812 sas
2202 3755 2347 3810 fores
2364 3754 2655 3820 cmnaculi,
2686 3762 2849 3824 atque
2872 3752 3128 3807 dixerunt
3160 3770 3171 3806 :
3204 3750 3457 3806 Forsitan
3488 3758 3701 3821 purgat

2090 3850 2269 3904 alvum
2306 3848 2356 3902 in
2381 3848 2572 3903 testivo
2593 3847 2868 3903 cubiculo.
2904 3848 3407 3918 Exspectantesque
3442 3844 3537 3900 diu
3592 3845 3705 3899 do-

2091 3958 2194 3999 nec
2223 3941 2634 4009 erubescerent,
2669 3950 2723 3997 et
2757 3942 3006 3997 videntes
3031 3940 3175 4012 quod
3215 3940 3394 3996 nullus
3422 3941 3696 4009 aperiret,

2093 4036 2338 4092 tulerunt
2367 4035 2573 4091 clavem
2609 4054 2623 4089 :
2665 4043 2724 4089 et
2777 4033 3086 4103 aperientes
3139 4033 3464 4088 invenerunt
3511 4030 3703 4087 domi-

2094 4147 2219 4185 num
2248 4144 2405 4183 suum
2442 4130 2492 4182 in
2524 4138 2666 4183 terra
2692 4126 2969 4197 jacentem
3002 4136 3298 4180 mortuum.
3339 4123 3456 4179 And
3484 4133 3703 4191 autem,

2094 4222 2222 4278 dum
2247 4220 2324 4275 illi
2356 4220 2732 4284 turbarentur,
2764 4218 2984 4289 effugit,
3035 4226 3092 4273 et
3141 4218 3461 4288 pertransiit
3511 4218 3702 4272 locum

2095 4316 2401 4381 idolorum,
2437 4314 2583 4369 unde
2626 4328 2878 4368 reversus
2924 4312 3115 4368 fuerat.
3168 4311 3433 4381 Venitque
3476 4311 3530 4366 in
3577 4312 3705 4369 Sei-

2093 4410 2216 4465 rath
2248 4426 2260 4463 :
2292 4418 2347 4464 et
2376 4408 2559 4463 statim
2588 4407 2833 4462 insonuit
2863 4406 3088 4461 buccina
3108 4405 3163 4461 in
3187 4415 3373 4460 monte
3395 4404 3699 4475 Ephraim:

2096 4501 2604 4571 descenderuntque
2626 4515 2749 4556 eum
2778 4514 2844 4555 eo
2881 4498 2972 4552 lilii
3002 4498 3204 4562 Israel,
3243 4498 3363 4568 ipso
3405 4496 3461 4551 in
3516 4496 3705 4553 fronte

2095 4595 2397 4665 gradiente.
2430 4593 2534 4661 Qui
2565 4592 2708 4647 dixit
2736 4591 2803 4646 ad
2832 4605 2929 4645 eos
2956 4608 2968 4643 :
2998 4589 3299 4658 Sequimini
3356 4604 3442 4644 me
3474 4629 3489 4653 ,
3520 4587 3698 4642 tradi—
3727 4641 3738 4649 _

2095 4689 2174 4744 dit
2198 4687 2343 4743 enim
2372 4686 2634 4743 Dominus
2665 4684 2914 4739 inimicos
2943 4689 3161 4736 nostros
3199 4680 3468 4736 Moabitas
3492 4679 3546 4734 in
3575 4694 3703 4733 ma-

2097 4799 2198 4840 nus
2230 4784 2464 4838 nostras.
2499 4778 3013 4847 Descenderuntque
3054 4785 3175 4846 post
3200 4790 3350 4838 eum,
3375 4784 3432 4829 et
3456 4788 3705 4844 occupa-

2099 4885 2293 4932 verunt
2318 4872 2451 4928 vada
2478 4870 2731 4928 Jordanis
2759 4887 2880 4941 qua:
2911 4868 3287 4925 transmittunt
3325 4867 3380 4921 in
3406 4866 3564 4922 Moab
3597 4884 3612 4921 :
3646 4875 3706 4923 et

2098 4985 2205 5026 non
2227 4967 2547 5023 dimiserunt
2578 4966 2812 5021 transire
2849 4977 3174 5035 quemquam
3207 4981 3219 5013 :
3265 4960 3364 5017 sed
3412 4973 3705 5029 percusse-

2099 5072 2227 5120 runt
2253 5062 2515 5118 Moabitas
2546 5060 2599 5115 in
2631 5067 2877 5130 tempore
2902 5058 2996 5112 illo
3020 5098 3035 5124 ,
3070 5056 3290 5111 circiter
3335 5054 3522 5110 decem
3570 5053 3707 5108 mil—

2100 5156 2194 5225 lia,
2226 5168 2416 5211 omnes
2441 5153 2698 5208 robustos
2721 5158 2777 5206 et
2820 5148 2993 5205 fortes
3040 5150 3209 5220 viros.
3260 5146 3452 5203 Nullus
3500 5161 3700 5201 eorum

2099 5248 2334 5310 evadere
2358 5246 2553 5319 potuit.
2587 5243 3024 5315 Humiliatusque
3061 5248 3147 5298 est
3174 5239 3333 5296 Moab
3354 5238 3443 5296 die
3472 5238 3566 5295 illo
3591 5239 3701 5295 sub

2097 5452 2243 5508 aliud
2284 5465 2408 5507 esse
2451 5457 2650 5518 praeter
2698 5444 3209 5518 interpretationem
3254 5440 3510 5518 nominis
3561 5441 3704 5508 Aod,

2096 5540 2217 5594 qua:
2247 5514 2824 5594 errore'librariorum
2856 5516 3010 5570 ﬂuxit
3038 5530 3069 5571 e
3097 5514 3340 5586 margine
3397 5515 3453 5569 in
3481 5528 3705 5571 sacrum

2097 5593 2443 5651 contextum.
2485 5593 2666 5648 ΜΑιιτ.

2166 5698 2233 5710 —
2260 5668 2414 5731 Mss,
2443 5664 2575 5721 Aoth
2599 5708 2612 5729 ,
2639 5661 2725 5717 vel
2753 5662 2957 5718 Haotlt.
2988 5660 3144 5719 Unus
3174 5656 3407 5731 Palatin.
3436 5671 3466 5711 e
3491 5659 3701 5715 nostris

2098 5740 2246 5795 addit
2274 5741 2509 5794 secunda
2534 5752 2695 5791 manu
2727 5738 3012 5808 inclytum;
3038 5747 3158 5804 qua:
3184 5744 3290 5787 vox
3314 5730 3481 5800 ipsius
3524 5732 3704 5787 uomi-

2097 5812 2184 5869 nis
2206 5811 2319 5869 Aod
2348 5809 2733 5882 interpretatio
2762 5822 2868 5866 est.
3236 5850 3247 5851 κ
