4098 6366
283 316 394 370 515

1645 311 1848 369 LIBER
1886 311 2199 372 JUDICUM.

3477 323 3584 382 5H

289 447 450 486 manu
481 430 646 486 Israel
671 475 684 499 ,
719 439 772 486 et
815 432 1019 501 quievit
1067 440 1236 498 terra,
1271 431 1542 503 octoginta
1589 433 1766 486 annis.
1801 433 1884 505 ξΒ.
1915 433 1969 492 Α
1995 431 2189 486 ostium
2229 432 2594 499 tabernaculi,
2626 443 2680 490 et
2709 448 2830 490 cum
2862 437 3076 493 venerit
3114 438 3312 509 aliquis
3354 440 3586 496 interm-

292 523 403 590 γη,
437 522 498 576 C.
523 523 667 596 XV.]
699 525 828 580 Post
878 523 1026 578 httnc
1076 525 1176 579 fuit
1204 524 1450 596 Samgar,
1484 524 1622 578 ﬁlius
1659 523 1837 578 Anath
1865 566 1879 590 ,

287 616 377 685 qui
421 618 693 685 percussit
732 617 798 670 de
835 617 1108 671 Pbilistim
1140 627 1428 672 sexcentos
1463 616 1608 672 viros
1640 631 1881 684 vomere,

292 717 349 764 et
380 709 497 778 ipse
521 725 736 779 quoque
763 709 1008 766 defendit
1035 711 1224 764 Israel.

360 800 453 873 [Β.
485 801 578 867 IX,
614 802 743 874 Cap.
768 801 889 873 IV.]
914 803 1358 874 Addideruntqtte
1387 804 1484 859 ﬁlii
1510 803 1676 859 Israel
1708 801 1886 860 facere

287 896 490 950 malum
543 894 596 948 in
639 903 934 966 conspectu
963 895 1176 951 Domini
1212 907 1332 966 post
1381 906 1612 952 mortem
1645 896 1759 952 Aod
1785 939 1802 964 ,
1832 906 1888 952 et

288 987 514 1043 tradidit
540 987 660 1042 illos
675 987 934 1042 Dominus
959 990 1008 1043 itt
1041 1003 1231 1042 manus
1248 989 1427 1056 Jahitt,
1445 990 1588 1061 regis
1601 989 1879 1056 Chanaan,

287 1084 376 1153 qui
411 1083 661 1152 regnavit
689 1083 740 1137 itt
765 1081 938 1137 Asor:
969 1083 1259 1154 habuitque
1289 1084 1480 1138 ducem
1507 1085 1777 1139 exercitus
1802 1083 1886 1137 sui

288 1175 510 1230 nomine
550 1175 822 1245 Sisaram,
851 1176 966 1246 ipse
1007 1186 1186 1231 autem
1234 1176 1509 1232 habitabat
1559 1179 1610 1231 itt
1653 1177 1887 1232 Aroscth

288 1268 552 1339 gentiunt.
582 1266 1075 1340 Clamaveruntque
1116 1270 1206 1323 filii
1238 1270 1403 1325 Israel
1449 1271 1517 1326 ad
1557 1271 1843 1325 Dominunt
1872 1288 1884 1325 :

287 1372 600 1432 nongentos
633 1364 779 1417 enim
814 1362 1049 1418 habebat
1079 1363 1308 1419 falcatos
1335 1379 1528 1420 currus
1549 1406 1561 1430 ,
1600 1376 1654 1420 et
1686 1379 1781 1434 per
1811 1364 1890 1418 vi-

287 1454 425 1525 ginti
459 1469 630 1508 annos
657 1454 1007 1509 vehementer
1037 1464 1388 1525 oppresserat
1429 1470 1548 1511 eos.
1582 1456 1672 1527 [0.
1702 1456 1887 1528 ΧΠ]

289 1548 422 1603 Erat
445 1557 626 1604 autem
655 1550 899 1604 Debbora
929 1551 1207 1620 pr0pltetis
1238 1566 1374 1606 uxor
1396 1550 1700 1621 Laphidoth
1722 1593 1736 1617 ,
1769 1568 1889 1621 qua:

279 1640 562 1711 judicabat
608 1642 866 1712 populum
910 1643 961 1696 itt
999 1643 1090 1698 illo
1121 1651 1388 1713 tempore.
1423 1643 1494 1699 Et
1536 1644 1761 1700 sedebat
1789 1644 1889 1699 sub

290 1736 498 1805 palma,
532 1751 654 1806 qua:
685 1736 904 1791 nomine
938 1737 1081 1792 illius
1115 1739 1433 1805 vocabatur,
1462 1739 1603 1795 inter
1636 1739 1803 1794 Rama
1835 1749 1890 1795 ct

1986 540 2121 597 gatts
2162 535 2248 594 te,
2283 536 2338 583 et
2368 528 2557 584 dicens
2594 547 2606 581 :
2651 529 2922 601 Numquid
2959 532 3044 588 hic
3087 543 3169 589 cst
3216 535 3454 607 aliquis?
3481 537 3588 592 Re-

1988 620 2312 690 spondebis:
2338 621 2530 676 Nullus
2557 631 2658 679 est.
2679 623 2825 680 Tulit
2855 626 3055 696 itaque,
3079 627 3232 682 Jaltel
3259 644 3396 683 uxor
3415 630 3580 698 Aber,

1988 711 2198 767 clavum
2227 713 2581 781 tabernaculi,
2606 730 2890 772 assumens
2913 720 3117 788 pariter
3138 729 3193 776 et
3220 721 3501 777 malleum:
3534 733 3590 779 et

1988 806 2236 877 ingressa
2277 808 2592 865 abSCundite
2637 819 2692 866 et
2726 827 2848 867 cum
2899 813 3160 881 silentio,
3195 815 3373 883 posuit
3423 832 3590 886 supra

1993 906 2211 969 tempus
2258 901 2450 970 capitis
2494 902 2612 971 ejus
2656 905 2865 959 clavum
2891 948 2904 972 ,
2937 922 3358 980 pereussumqtte
3390 909 3590 966 malleo

1991 993 2175 1047 defixit
2204 995 2258 1048 in
2287 997 2572 1052 cerebrum
2614 1014 2788 1069 usque
2826 1000 2891 1056 ad
2921 1007 3163 1057 terram:
3199 1004 3289 1073 qui
3335 1018 3587 1075 soporem

1993 1091 2155 1145 morti
2184 1092 2400 1146 socians
2428 1091 2650 1159 defecit,
2678 1103 2731 1149 et
2760 1106 3005 1151 mortuus
3030 1106 3134 1152 est.
3167 1098 3233 1152 Et
3263 1113 3391 1154 ecce
3417 1099 3589 1155 Barac

1990 1198 2222 1253 sequens
2255 1184 2492 1240 Sisaram
2538 1186 2788 1243 veniebat
2819 1205 2832 1247 :
2863 1204 3188 1261 egressaque
3217 1189 3368 1246 Jaltel
3414 1193 3466 1246 in
3497 1208 3590 1247 oe-

1991 1289 2208 1331 cursum
2242 1276 2358 1347 ejtts
2388 1277 2521 1332 dixit
2547 1280 2630 1334 ei:
2666 1279 2838 1347 Veni,
2884 1292 2938 1338 et
2972 1284 3255 1339 ostendam
3288 1284 3383 1339 tibi
3412 1285 3586 1340 virum

1991 1387 2150 1442 quem
2184 1374 2403 1442 quaeris.
2440 1373 2689 1441 Quicum
2715 1375 2974 1431 intrasset
3003 1377 3068 1431 ad
3099 1393 3242 1444 eam,
3273 1379 3405 1434 vidit
3437 1379 3588 1435 Sisa-

1991 1481 2104 1520 ram
2133 1466 2408 1536 jacentem
2434 1480 2732 1536 mortuum,
2767 1479 2820 1526 et
2850 1473 3069 1527 clavum
3113 1473 3333 1528 inﬁxum
3369 1474 3419 1528 in
3451 1485 3590 1532 tem-

1994 1573 2124 1628 pore
2147 1559 2284 1628 ejus.
2323 1560 2633 1617 Iluntiliavit
2664 1578 2796 1633 ergo
2827 1564 2972 1619 Deus
3003 1565 3055 1620 in
3086 1565 3174 1622 die
3203 1567 3293 1622 illo
3319 1566 3474 1623 Jabin
3500 1585 3588 1625 re-

1991 1669 2112 1724 gem
2159 1655 2414 1709 Chanaan
2470 1671 2652 1712 coram
2706 1657 2831 1714 ﬁliis
2882 1660 3090 1717 Israel:
3130 1665 3220 1734 qtti
3270 1667 3589 1722 crescebant

1993 1745 2254 1816 quotidie,
2313 1757 2368 1801 et
2418 1747 2545 1802 forti
2592 1765 2752 1805 manu
2797 1754 3180 1822 Opprimebant
3209 1755 3365 1814 Jabin
3405 1775 3589 1832 regem

292 1830 526 1885 Betb-EI
551 1832 605 1885 in
641 1840 824 1887 monte
867 1831 1156 1901 Ephraitu:
1182 1833 1656 1904 ascendebantque
1680 1834 1747 1889 ad
1769 1850 1886 1888 eam
1917 1831 1966 1890 B
1993 1835 2274 1904 Chanaan,
2307 1838 2480 1894 donec
2502 1841 2750 1898 delerent
2780 1858 2924 1899 eum.

289 1923 387 1976 ﬁlii
414 1922 580 1977 Israel
621 1924 674 1977 in
703 1938 865 1979 omne
901 1924 1186 1993 judicium.
1219 1925 1346 1993 Quae
1393 1928 1538 1980 misit
1583 1936 1638 1982 et
1679 1928 1890 1982 vocavit

289 2015 666 2071 Barac—ﬁlium
698 2016 958 2073 Abionem
988 2017 1056 2072 de
1084 2017 1256 2073 Cedes
1288 2018 1576 2088 Nephtltali
1601 2038 1612 2073 :
1639 2019 1888 2090 dixitque

288 2110 356 2164 ad
389 2126 511 2165 eum
540 2129 552 2163 :
585 2109 856 2180 Pratcepit
891 2111 986 2165 tibi
1019 2111 1280 2166 Dominus
1313 2112 1456 2166 Deus
1484 2111 1647 2166 Israel
1675 2153 1691 2179 ,
1726 2112 1884 2178 vade,

286 2210 345 2256 et
368 2201 476 2258 duc
500 2204 802 2258 exercitum
828 2203 880 2257 in
905 2210 1142 2258 montem
1166 2203 1400 2272 Tltabor,
1428 2205 1694 2275 tollesque
1713 2215 1886 2260 tecum

288 2294 480 2349 decem
521 2295 694 2349 millia
724 2305 1086 2365 pugnatorum
1123 2296 1188 2351 de
1221 2296 1344 2352 filiis
1381 2296 1702 2366 Nephtltali,
1731 2306 1786 2353 et
1822 2297 1890 2354 de

292 2388 418 2442 ﬁliis
445 2388 686 2444 Zabulon
715 2405 727 2442 :
761 2403 860 2459 ego
885 2399 1063 2444 autem
1094 2389 1357 2444 adducam
1380 2391 1443 2445 ad
1475 2399 1526 2446 te
1553 2392 1605 2445 itt
1633 2391 1752 2446 loco
1781 2401 1891 2446 tor-

291 2483 474 2536 rentis
501 2481 685 2549 Cisun,
724 2481 960 2538 Sisaram
991 2482 1290 2553 principem
1315 2484 1590 2539 exercitus
1620 2484 1807 2552 Jabin,
1837 2493 1892 2540 et

292 2590 488 2629 currus
520 2575 660 2645 ejus,
693 2587 852 2646 atque
877 2591 1094 2632 omnem
1141 2577 1541 2632 multitudinem
1565 2623 1579 2648 ,
1605 2587 1659 2634 et
1683 2578 1889 2634 tradant
1959 2637 1966 2640 _

289 2681 388 2721 eos
421 2668 473 2720 itt
507 2683 666 2722 manu
698 2678 806 2722 tua.
842 2668 1096 2739 Dixitque
1138 2669 1204 2724 ad
1248 2685 1366 2724 eam
1406 2670 1612 2726 Barac:
1647 2670 1702 2726 Si
1739 2671 1892 2726 venis

291 2778 506 2817 mecum
531 2804 546 2827 ,
589 2761 777 2817 vadam
812 2780 824 2816 :
874 2763 919 2818 si
964 2763 1203 2818 nolueris
1242 2764 1457 2831 venire,
1498 2780 1604 2819 non
1649 2781 1888 2835 pergam.

291 2858 424 2925 Qum
457 2860 594 2914 dixit
631 2859 697 2914 ad
747 2876 868 2914 cum
907 2879 921 2915 :
956 2859 1046 2914 Ibo
1074 2860 1297 2930 quidem
1335 2871 1508 2916 tecum
1539 2902 1553 2925 ,
1586 2860 1679 2916 sed
1708 2863 1760 2915 in
1792 2861 1894 2916 hac

292 2953 411 3007 vice
438 2953 536 3006 tibi
571 2952 793 3006 victoria
822 2967 934 3006 non
964 2953 1323 3022 reputabitur,
1354 2953 1478 3022 quia
1507 2951 1558 3006 itt
1590 2968 1750 3007 mantt
1778 2969 1895 3008 mtt-

290 3044 445 3100 licris
500 3044 744 3100 tradetur
800 3044 1004 3100 Sisara.
1059 3043 1380 3117 [C.XVII.]
1418 3045 1665 3100 Surrexit
1714 3048 1894 3114 itaque

292 3141 569 3209 Debbora,
596 3150 650 3196 et
670 3141 915 3210 perrexit
939 3153 1060 3195 cum
1087 3138 1262 3193 Barac
1289 3140 1341 3193 in
1365 3138 1557 3194 Cedes.
1582 3139 1682 3207 Qui
1706 3139 1894 3193 accitis

291 3232 534 3287 Zabulon
569 3241 624 3287 et
649 3230 935 3301 Nephtltali
963 3274 977 3299 ,
1009 3229 1259 3286 ascendit
1287 3246 1409 3285 cum
1439 3231 1628 3286 decem
1657 3230 1893 3286 millibus
1923 3232 1968 3296 C

294 3336 696 3397 pugnatorum,
744 3325 950 3380 habens
1003 3325 1313 3380 Debboram
1363 3325 1416 3379 itt
1469 3325 1728 3379 comitatu
1769 3340 1886 3380 suo.

293 3419 442 3474 Aher
471 3428 650 3474 autem
700 3419 913 3474 Cintetts
958 3427 1264 3474 recesserat
1307 3419 1581 3490 quondam
1615 3435 1642 3473 a
1682 3421 1892 3475 (καθιείς

296 3514 495 3568 (Linteis
540 3513 794 3567 fratribus
827 3513 963 3579 suis,
997 3513 1121 3568 ﬁliis
1164 3513 1365 3582 Jobab,
1400 3514 1616 3584 COgnati
1648 3513 1804 3582 Mosi,
1839 3523 1894 3570 et

297 3605 610 3660 tetenderat
641 3606 987 3661 tabernacula
1030 3620 1201 3676 u5qtte
1232 3606 1298 3660 ad
1331 3607 1523 3661 vallem
1544 3649 1556 3670 ,
1586 3623 1707 3677 quae
1734 3623 1894 3663 voca-

291 3701 454 3756 batur
484 3701 732 3766 Scnnim,
759 3709 814 3756 et
838 3708 954 3756 erat
978 3701 1130 3771 juxta
1151 3699 1346 3758 Cedes.
1374 3701 1466 3774 [C.
1493 3701 1680 3756 XVIII.
1705 3701 1724 3774 ]
1751 3702 1895 3757 Nun-

295 3797 485 3848 tiatum
511 3810 599 3862 jue
629 3803 714 3848 est
744 3794 966 3856 Sisara),
986 3794 1132 3865 quod
1166 3795 1501 3850 ascendisset
1531 3797 1700 3850 Barac
1729 3796 1889 3864 ﬁlius,

294 3888 570 3944 Abinoetn
597 3887 650 3942 itt
679 3897 916 3943 montem
940 3887 1178 3944 Thabor.
1205 3889 1268 3943 Et
1289 3890 1635 3960 congregavit
1657 3905 1896 3960 nongen-

295 3992 380 4039 tos
407 3985 635 4039 falcatos
652 3998 864 4048 currus,
889 3998 1214 4054 omnemque
1243 3984 1540 4039 exercitum
1571 3983 1636 4038 de
1662 3983 1895 4041 Aroscth

294 4079 539 4147 gentium
586 4076 653 4131 ad
698 4084 996 4131 torrentem
1031 4075 1212 4130 Cison.
1262 4074 1509 4146 Dixitque
1547 4075 1793 4130 Debbora
1825 4075 1896 4131 ad

295 4168 499 4224 Barac:
534 4168 732 4238 Surge,
766 4167 881 4222 haec
913 4177 997 4222 est
1019 4166 1318 4234 enitndies,
1343 4167 1396 4221 in
1417 4183 1521 4237 qua
1550 4167 1772 4222 tradidit
1796 4168 1898 4222 Do-

293 4263 474 4318 minus
513 4261 756 4318 Sisaram
801 4261 854 4315 itt
911 4275 1100 4315 manus
1137 4269 1293 4315 tuas:
1327 4275 1392 4315 en
1427 4262 1543 4329 ipse
1589 4261 1780 4314 ductor
1813 4270 1898 4316 est

294 4365 442 4410 tuus.
486 4354 782 4411 Descendit
821 4354 1002 4424 itaque
1033 4354 1204 4409 Barac
1233 4352 1302 4409 de
1345 4362 1528 4408 monte
1555 4353 1774 4410 Tltabor
1801 4396 1814 4421 ,
1845 4364 1901 4410 et

294 4448 482 4504 decem
512 4447 684 4502 millia
712 4455 1066 4518 pugnatorum
1092 4461 1212 4502 cum
1237 4462 1322 4502 eo.
1355 4446 1772 4518 Perterruitque
1795 4447 1894 4504 Do-

295 4542 477 4596 minus
507 4541 772 4606 Sisaram,
801 4549 856 4594 ct
878 4555 1069 4594 omnes
1091 4554 1284 4595 currus
1309 4538 1448 4610 ejus,
1475 4540 1899 4612 universatnque

2066 1929 2162 2001 |_C.
2188 1931 2308 2002 XX,
2344 1931 2470 2005 Cap.
2502 1933 2600 2007 V.]
2650 1934 3087 2012 Cecineruntqtte
3119 1943 3373 2001 Debbora
3405 1953 3458 2002 et
3496 1946 3592 2004 Ba-

1991 2038 2105 2086 rac,
2133 2024 2275 2078 ﬁlius
2300 2025 2586 2092 Ahinoem,
2611 2027 2664 2082 in
2691 2030 2784 2084 illo
2810 2031 2921 2100 die,
2950 2033 3227 2093 dicentes:

1992 2115 2094 2182 Qui
2119 2130 2313 2187 sponte
2339 2120 2613 2178 obtulistis
2643 2122 2711 2179 de
2737 2125 2902 2182 Israel
2933 2129 3141 2187 animas
3162 2143 3371 2191 vestras
3399 2134 3464 2192 ad
3497 2152 3592 2207 pe-

2139 2211 2391 2281 riculum,

2065 2303 2370 2360 benedicite
2393 2306 2643 2364 Domino.

1993 2395 2212 2465 Audite,
2244 2413 2419 2470 reges,
2458 2403 2715 2472 percipite
2742 2407 2983 2477 auribus,
3018 2410 3292 2483 principes
3325 2432 3339 2469 :

2066 2489 2180 2560 Ego
2211 2506 2354 2560 sum,
2391 2507 2494 2562 ego
2520 2509 2636 2549 sum
2663 2512 2782 2568 qua:
2814 2498 3044 2559 Domino
3073 2517 3296 2574 canam,

2065 2585 2287 2654 psallam
2322 2587 2552 2644 Domino
2587 2590 2696 2646 Deo
2727 2592 2916 2648 Israel.

1994 2675 2243 2748 Domine,
2275 2695 2396 2734 cum
2421 2682 2600 2738 exires
2631 2683 2699 2740 de
2719 2685 2874 2755 Seir,
2983 2751 2985 2753 _

2065 2777 2121 2826 et
2160 2772 2419 2828 transires
2451 2790 2544 2845 per
2577 2777 2824 2848 regiones
2855 2778 3026 2836 Edom
3049 2824 3080 2851 ,.

1995 2863 2166 2919 Terra
2199 2876 2344 2921 mota
2375 2877 2480 2936 est,
2505 2871 2740 2942 coelique
2767 2887 2830 2928 ac
2861 2874 3035 2932 nubes
3056 2876 3590 2954 stillaveruntaquis.

1994 2955 2202 3012 Montes
2232 2958 2508 3015 fluxerunt
2537 2977 2565 3015 a
2598 2961 2734 3019 facie
2768 2964 3002 3034 Domini,

2067 3061 2124 3106 et
2149 3051 2296 3108 Sinai
2330 3071 2358 3107 a
2395 3055 2532 3111 faeie
2565 3058 2775 3114 Domini
2808 3061 2904 3118 Dei
2937 3063 3122 3122 Israel.

1997 3142 2053 3197 Itt
2077 3143 2266 3201 diebus
2299 3147 2527 3220 Samgar
2557 3151 2650 3206 ﬁlii
2678 3153 2889 3221 Anath,

2072 3240 2125 3293 itt
2155 3240 2347 3297 diebus
2377 3243 2566 3312 .Iahel,
2600 3247 2924 3317 quieverunt
2951 3255 3157 3311 semitae
3183 3275 3196 3312 :

2070 3343 2122 3388 ct
2150 3335 2240 3406 qui
2287 3335 2734 3408 ingrediebantur
2773 3360 2870 3414 per
2897 3361 3022 3415 eas,
3055 3350 3470 3411 ambulaverunt
3496 3371 3592 3427 per

2137 3430 2305 3486 calles
2333 3433 2539 3507 devios.

1995 3519 2360 3578 Cessaverunt
2390 3523 2558 3580 fortes
2591 3527 2645 3582 in
2673 3528 2862 3600 Israel,
2889 3541 2944 3588 et
2971 3535 3293 3604 quieverunt
3319 3556 3332 3594 :

2068 3615 2241 3672 donec
2268 3629 2518 3690 surgeret
2544 3622 2816 3692 Debbora,
2842 3637 3094 3699 surgeret
3123 3641 3297 3689 mater
3322 3635 3373 3691 itt
3400 3635 3590 3694 Israel.

1997 3707 2144 3762 Nova
2175 3709 2316 3766 bella
2349 3713 2514 3782 elegit
2546 3715 2838 3786 Dominus,

2070 3811 2123 3854 et
2155 3811 2342 3871 portas
2374 3802 2613 3861 hostium
2652 3807 2768 3878 ipse
2799 3810 3101 3872 subvertit:

1997 3893 2236 3968 Clypeus
2269 3907 2321 3952 et
2353 3897 2504 3955 hasta
2532 3901 2576 3955 si
2603 3905 2956 3972 apparuerint

2067 3990 2124 4044 itt
2158 3991 2514 4062 quadraginta
2546 3995 2786 4053 millibus
2811 3998 2998 4056 Israel.

1997 4083 2107 4141 Cor
2137 4103 2314 4142 meum
2341 4089 2515 4161 diligit
2547 4093 2825 4165 principes
2858 4097 3060 4168 Israel,

2071 4182 2163 4252 qui
2193 4184 2412 4254 propria
2446 4186 2722 4245 voluntate
2752 4191 3030 4249 obtulistis
3059 4209 3156 4252 vos
3181 4195 3482 4256 discrimini
3507 4242 3524 4270 ,

2071 4275 2378 4334 benedicite
2403 4278 2653 4336 Domino.

1999 4367 2103 4435 Qui
2135 4371 2429 4426 ascenditis
2461 4387 2625 4444 super
2652 4376 2888 4436 nitentes
2915 4381 3098 4438 asinos
3125 4423 3139 4450 ,

2072 4474 2127 4520 et
2147 4467 2347 4523 sedetis
2377 4468 2432 4523 in
2459 4468 2690 4539 judicio,

2074 4569 2126 4615 et
2154 4561 2442 4616 antbulatis
2466 4562 2515 4616 itt
2549 4563 2661 4630 via,
2687 4563 2995 4636 loquimini.

296 4632 750 4725 mulliludincmr
772 4632 827 4687 ίῐι
855 4647 949 4687 οτθ
973 4632 1135 4702 813d“
1160 4675 1174 4700 ν
1209 4631 1276 4686 ad
1300 4642 1657 4703 conspectum
1685 4634 1854 4689 Barac
1881 4652 1894 4690 τ
1923 4629 1976 4690 Ῑ)
2001 4646 2106 4706 Ubi
2135 4651 2307 4706 collisi
2341 4661 2470 4708 sunt
2513 4629 2705 4712 currus
2730 4629 2844 4725 ,ἐι
2893 4659 3131 4717 hostium
3171 4673 3255 4720 est
3304 4665 3598 4725 suffocatus

297 4726 353 4781 in
378 4735 611 4794 tantum,
642 4734 703 4781 ut
733 4724 919 4781 Sisara
944 4725 1012 4782 de
1039 4741 1200 4781 curru
1224 4725 1485 4782 desiliens
1506 4769 1519 4792 ,
1554 4727 1781 4797 pedibus
1811 4729 1894 4783 fu-

295 4835 473 4896 geret,
518 4835 574 4879 et
625 4824 796 4880 Barac
845 4833 1266 4895 persequeretur
1311 4825 1580 4896 fugientes
1624 4844 1813 4884 currus
1844 4839 1898 4885 et

293 4919 622 4982 exercitum,
670 4933 842 4988 usque
895 4919 964 4972 ad
1019 4918 1256 4975 Arosetlt
1307 4921 1571 4990 gentium,
1623 4931 1678 4978 et
1720 4924 1899 4978 omnis

295 5010 541 5066 hostium
574 5011 866 5066 multitudo
897 5028 1065 5082 usque
1095 5012 1163 5067 ad
1199 5013 1627 5071 internecionem
1656 5017 1895 5073 caderet.

295 5104 478 5160 Sisara
531 5116 712 5161 autem
763 5105 972 5177 fugiens
1006 5109 1249 5175 pervenit
1289 5109 1357 5163 ad
1400 5111 1689 5166 tentorium
1739 5111 1894 5168 .lahel

295 5199 486 5254 uxoris
517 5198 664 5254 Aber
691 5199 879 5255 Cinaei.
913 5198 1015 5273 [Β.
1046 5199 1226 5274 XIX.]
1256 5202 1388 5257 Erat
1429 5205 1573 5259 enim
1621 5221 1722 5274 pax
1755 5207 1896 5260 inter

293 5289 454 5346 Jabin
486 5306 670 5362 regem
701 5291 844 5346 Azor
869 5333 884 5358 ,
918 5302 971 5347 et
1001 5293 1221 5373 domum
1260 5295 1406 5350 Aber
1444 5296 1634 5351 Cinazi.
1660 5297 1892 5369 Egressa

293 5387 464 5456 igitur
487 5387 649 5442 Jahel
679 5387 733 5441 in
759 5402 1042 5443 occursum
1066 5387 1286 5455 Sisarae,
1317 5390 1452 5444 dixit
1475 5392 1541 5446 ad
1570 5407 1725 5446 eum:
1749 5391 1896 5448 Intra

293 5481 365 5534 ad
397 5496 484 5537 me
508 5524 522 5545 ,
556 5481 776 5537 domine
805 5483 914 5536 nti:
940 5481 1078 5536 intra
1105 5527 1118 5550 ,
1153 5497 1221 5537 ne
1250 5484 1462 5539 timeas.
1493 5483 1595 5552 Qui
1621 5485 1896 5556 ingressus

293 5573 717 5629 tabernaculum
743 5574 885 5644 ejus,
916 5583 971 5630 et
992 5585 1217 5646 opertus
1246 5575 1313 5632 ab
1337 5591 1398 5632 ea
1432 5577 1596 5648 pallio
1619 5623 1632 5647 ,
1665 5579 1802 5634 dixit
1831 5579 1897 5634 ad

295 5679 418 5720 eam
448 5684 460 5719 :
491 5665 567 5720 Da
593 5665 748 5735 mihi,
783 5666 1030 5733 obsecro,
1063 5668 1342 5736 paululum
1374 5684 1552 5740 aquae,
1583 5672 1707 5741 quia
1742 5671 1898 5728 valde

293 5758 448 5815 sitio.
479 5759 612 5830 Quae
636 5763 852 5832 aperuit
874 5771 1052 5818 utrem
1075 5763 1256 5830 Iactis,
1284 5773 1339 5820 et
1363 5765 1512 5820 dedit
1536 5765 1588 5821 ei
1615 5766 1824 5833 bibere,
1844 5775 1899 5823 et

296 5853 518 5924 operuit
571 5853 744 5912 illum.
802 5855 1055 5927 Dixitque
1103 5857 1288 5915 Sisara
1316 5857 1383 5915 ad
1423 5874 1540 5916 eam
1585 5859 1726 5917 :Sta
1773 5870 1897 5918 ante

2145 4745 2451 4812 exercitus,

2074 4836 2147 4893 ibi
2170 4848 2461 4894 narrentur
2487 4839 2712 4910 iustitia:
2745 4843 2957 4902 Domini

2075 4937 2130 4985 et
2160 4931 2446 4986 clementia
2470 4933 2523 4988 itt
2557 4933 2725 4991 fortes
2757 4935 2943 4993 Israel.

2005 5021 2155 5078 Tunc
2183 5023 2469 5079 descendit
2501 5028 2735 5096 populus
2763 5029 2976 5086 Domini
3005 5032 3072 5088 ad
3101 5043 3307 5106 portas,

2071 5123 2126 5170 et
2154 5117 2386 5172 obtinuit
2421 5119 2803 5190 principatum.

1999 5205 2196 5278 Surge,
2230 5224 2414 5280 surge,
2458 5209 2706 5268 Debbora
2722 5255 2738 5281 ,

2071 5318 2252 5375 surge,
2285 5319 2467 5375 surge,
2499 5316 2553 5362 et
2583 5307 2806 5378 loquere
2827 5311 3100 5368 canticum
3129 5331 3140 5367 :

1998 5393 2168 5466 Surge
2184 5438 2198 5460 ,
2234 5395 2425 5451 Barac.

2073 5498 2128 5544 et
2153 5490 2500 5559 apprehende
2529 5493 2773 5564 captivos
2801 5503 2941 5566 tuos,
2968 5497 3043 5554 ﬁli
3069 5498 3356 5560 Abinoem.

2003 5578 2240 5638 Salvatte
2268 5592 2391 5639 sunt
2420 5582 2663 5656 reliquiae
2691 5588 2908 5659 populi,

2074 5676 2333 5733 Dominus
2362 5678 2413 5732 in
2447 5677 2680 5737 fortibus
2707 5681 3006 5742 dimicavit.

2003 5768 2084 5826 Ex
2115 5771 2369 5840 Epitraim
2399 5773 2600 5830 delevit
2624 5790 2723 5833 eos
2754 5777 2806 5834 in
2835 5779 3092 5847 Amalec,

2075 5874 2123 5919 ct
2143 5874 2263 5936 post
2284 5883 2406 5924 cum
2427 5884 2494 5926 ex
2513 5869 2793 5944 Benjamin
2819 5871 2871 5928 in
2894 5874 3125 5946 populos
3141 5883 3283 5949 tuos,
3299 5892 3332 5936 0
3353 5878 3596 5941 Amalec.
