4098 6366
518 301 622 357 515
1514 305 1572 361 S.
1615 300 1999 362 HIERONYMI
2038 301 2267 364 DIVINA
2315 306 2787 367 BIBLIOTHECA.
3708 312 3818 372 516

522 413 598 470 De
629 411 833 469 Machir
864 412 1138 487 principes
1168 415 1569 472 descenderunt
1594 457 1611 485 ,
2144 422 2199 482 Α
2290 422 2380 494 qui
2412 433 2598 480 autem
2625 424 2857 497 diligunt
2890 432 2941 480 te
2964 464 2980 491 ,

590 506 979 563 ctdeZabulon
993 509 1084 577 qui
1103 514 1399 567 exercitum
1417 509 1760 568 ducerentad
1778 512 2112 570 bellandum.
2291 515 2535 571 sicutsol
2566 516 2618 570 in
2650 526 2771 570 orttt
2795 531 2894 572 suo
2924 515 3173 587 splendet
3203 557 3217 583 ,
3253 517 3322 571 ita
3358 516 3604 573 rutilent.

519 600 695 658 Duces
727 601 981 660 lssaebar
1013 602 1166 659 fuere
1192 620 1313 660 cum
1341 605 1624 673 Debbora,
2292 607 2391 683 [Ο.
2426 609 2949 683 XXI.]Quievitque
2972 619 3115 667 terra
3138 611 3607 682 perquadragiuta
3631 626 3832 668 annis.

589 702 644 748 et
672 692 845 749 Barac
875 694 1104 765 vestigia
1133 705 1258 752 sunt
1288 698 1485 764 secuti,
2292 702 2400 776 [T.
2448 703 2545 770 IV,
2591 703 2652 759 Β.
2689 704 2766 770 Χ,
2801 704 2929 775 Cap.
2975 703 3106 776 VL]
3158 703 3427 761 Fecerunt
3491 714 3671 761 autem
3731 706 3837 762 filii

570 784 825 856 quiquasi
841 787 895 842 in
913 802 1228 858 prazcepsac
1243 789 2112 851 barathrumsediscriminidedit.
2219 793 2387 850 Israel
2419 796 2619 850 malum
2651 796 2702 851 in
2737 807 3035 866 conspectu
3066 796 3280 853 Domini
3312 815 3324 852 ε
3351 798 3443 869 qui
3489 796 3710 853 tradidit
3730 814 3836 854 eos

519 879 701 937 Diviso
728 888 917 936 contra
942 896 1000 937 se
1027 881 1218 939 Ruben
1239 927 1254 952 ,
2220 889 2274 943 iu
2299 904 2461 945 manu
2495 888 2705 945 Madian
2730 900 2943 960 septem
2973 889 3133 945 annis
3154 933 3168 957 ,
3200 896 3257 944 et
3287 889 3536 960 oppressi
3560 900 3687 945 sunt
3717 889 3839 944 val-

590 974 1060 1047 magnanimorum
1090 987 1307 1049 reperta
1337 981 1620 1037 contentio
1646 989 1755 1038 est.
2216 981 2288 1036 de
2333 982 2401 1036 ab
2444 983 2547 1038 eis.
2598 982 2981 1051 Feceruntque
3010 982 3116 1037 sibi
3158 992 3309 1037 antra
3343 992 3398 1039 et
3438 985 3726 1053 speluncas
3773 982 3837 1039 in

514 1070 692 1138 Quare
724 1071 935 1128 habitas
969 1072 1112 1128 inter
1139 1073 1277 1130 duos
1312 1076 1613 1143 terminos,
2116 1097 2120 1101 η
2220 1072 2494 1129 montibus
2519 1114 2532 1136 ,
2581 1084 2637 1129 et
2678 1075 3044 1130 munitissima
3090 1075 3158 1129 ad
3212 1076 3627 1147 repugnandum
3684 1076 3831 1131 loca.

588 1173 646 1218 ut
672 1164 859 1219 audias
890 1165 1085 1221 sibilos
1114 1168 1389 1239 gregum?
2215 1162 2463 1237 Cumque
2495 1167 2741 1222 saevisset
2768 1165 2958 1232 Israel,
2984 1167 3318 1223 ascendebat
3346 1168 3555 1223 Madian
3584 1178 3636 1225 et
3658 1167 3837 1223 Ama-

514 1257 701 1313 Diviso
728 1267 921 1314 contra
949 1274 1012 1315 se
1030 1258 1220 1317 Ruben
1243 1303 1259 1328 ,
2220 1257 2334 1324 lec,
2374 1260 2673 1329 caeterique
2713 1258 3063 1314 orientalium
3104 1259 3419 1325 nationum,
3467 1268 3522 1315 et
3558 1259 3697 1331 apud
3729 1276 3834 1317 eos

586 1350 1057 1420 magnanimorum
1093 1364 1313 1421 reperta
1349 1355 1632 1411 contentio
1660 1367 1781 1425 est,
2220 1348 2443 1418 ﬁgentes
2491 1352 2725 1408 tentoria
2753 1393 2767 1416 ,
2802 1351 2941 1406 sicut
2972 1359 3132 1406 erant
3173 1352 3224 1406 in
3253 1350 3438 1408 herbis
3462 1395 3474 1412 .
3506 1361 3699 1407 cuncta
3728 1366 3835 1407 va-

512 1443 721 1500 Gaiaad
746 1454 898 1501 trans
929 1445 1225 1502 Iordanem
1256 1448 1619 1519 quiescebat,
2219 1441 2437 1497 stabant
2465 1459 2640 1513 usque
2682 1443 2748 1498 ad
2780 1444 3060 1499 introitum
3104 1443 3297 1500 Gazae:
3333 1443 3574 1516 nihilque
3600 1446 3835 1500 omnino

585 1545 641 1592 et
665 1536 779 1592 Dan
809 1537 1034 1593 vacabat
1060 1539 1323 1596 navibus:
2220 1536 2286 1591 ad
2320 1536 2484 1591 vitam
2508 1539 2793 1607 pertinens
2818 1538 3204 1609 relinquebant
3228 1537 3281 1594 in
3306 1537 3505 1601 Israel.
3535 1554 3643 1595 non
3669 1553 3832 1610 oves,

510 1627 654 1684 Aser
676 1627 960 1685 habitabat
988 1630 1041 1684 in
1066 1629 1251 1686 littore
1274 1631 1471 1699 maris,
2222 1645 2328 1684 non
2354 1630 2552 1699 boves,
2585 1647 2692 1685 non
2714 1632 2921 1686 asinos.
2957 1631 3065 1702 Ipsi
3095 1631 3243 1687 enim
3277 1642 3332 1688 et
3362 1633 3600 1689 universi
3627 1647 3831 1705 greges

587 1721 639 1775 iu
672 1722 938 1793 portubus
962 1723 1301 1780 morabatur.
1796 1760 1799 1765 η
2219 1737 2409 1777 eorum
2442 1722 2735 1779 veniebant
2783 1738 2907 1779 cum
2957 1724 3328 1779 tabernaculis
3369 1725 3516 1792 suis,
3560 1736 3615 1781 et
3657 1727 3837 1782 instar

514 1810 757 1868 Zabulon
791 1829 922 1869 vero
966 1824 1021 1869 et
1056 1813 1355 1886 Nrpltthali
1384 1816 1701 1873 obtulerunt
1736 1818 1952 1875 animas
1987 1833 2116 1875 snas
2145 1813 2194 1874 B
2221 1815 2560 1872 locustarum
2605 1819 2858 1873 universa
2906 1816 3290 1888 complebant,
3322 1819 3608 1873 innumera
3642 1818 3840 1875 multi-

665 1906 826 1961 morti
2222 1909 2353 1963 tudo
2381 1908 2695 1978 hominum,
2730 1919 2785 1964 et
2810 1910 3182 1978 camelorum,
3216 1910 3478 1982 quidquid
3512 1912 3833 1984 tetigerunt,

588 1997 641 2053 in
667 2000 891 2070 regione
917 1999 1178 2058 Merome.
2220 2001 2594 2057 devastantes.
2631 2001 3071 2073 Humiliatusque
3107 2015 3189 2058 est
3225 2003 3393 2059 Israel
3426 2004 3581 2060 valde
3609 2005 3663 2059 in
3696 2019 3839 2061 con-

520 2092 796 2151 Venerunt
827 2112 982 2167 reges
1006 2108 1063 2152 et
1097 2109 1510 2173 pugnaverunt,
2217 2104 2415 2166 spectu
2442 2094 2679 2152 Madiau.
2716 2094 2810 2168 [ϐ.
2835 2094 3044 2169 XXII.]
3074 2096 3141 2151 Et
3165 2097 3417 2152 clamavit
3440 2098 3507 2152 ad
3540 2099 3835 2154 Dominum

588 2200 973 2259 pugnaverunt
1004 2206 1161 2262 reges
1188 2190 1446 2247 Chanaan
1465 2232 1480 2254 ,
2221 2187 2505 2255 postulans
2534 2186 2811 2243 auxilium
2848 2198 3040 2243 contra
3074 2188 3421 2245 Madianitas.
3446 2190 3547 2259 Qui
3579 2192 3727 2246 misit
3756 2190 3836 2248 ad

584 2279 640 2336 in
671 2281 928 2337 Tbanach
955 2283 1108 2352 juxta
1143 2300 1312 2355 aquas
1343 2284 1646 2356 Mageddo,
2218 2297 2317 2335 eos
2338 2282 2515 2336 virum
2542 2280 2896 2351 prophetam,
2930 2288 2986 2336 et
3011 2282 3223 2337 locutus
3251 2292 3334 2337 est
3364 2302 3377 2336 :
3408 2283 3533 2338 Haec
3559 2283 3693 2338 dicit
3721 2284 3837 2338 Do-

582 2384 639 2429 et
664 2380 845 2429 tamen
874 2376 1010 2430 nihil
1043 2376 1215 2432 tulere
1248 2378 1578 2447 praedantes.
2219 2378 2400 2431 minus
2441 2375 2587 2430 Deus
2633 2374 2792 2429 Israel
2834 2390 2848 2429 :
2900 2373 3012 2445 Ego
3049 2389 3146 2430 vos
3195 2375 3297 2430 feci
3355 2377 3724 2433 conscendere
3758 2378 3839 2434 dc

512 2468 587 2523 De
615 2467 756 2524 cmlo
787 2469 1105 2525 dimicatum
1139 2480 1224 2527 est
1249 2480 1441 2527 contra
1461 2488 1563 2529 eos
1590 2492 1603 2525 :
2218 2471 2481 2543 Egypto,
2513 2480 2569 2525 et
2593 2471 2756 2525 eduxi
2788 2470 2857 2525 de
2889 2470 3052 2525 domo
3074 2470 3389 2536 servitutis,
3415 2479 3468 2526 et
3502 2472 3725 2528 liberavi
3756 2473 3840 2529 de

581 2560 754 2615 stellae
788 2572 1071 2616 manentes
1101 2564 1153 2617 in
1186 2562 1379 2618 ordine
1408 2573 1466 2620 et
1491 2579 1661 2620 cursu
1682 2580 1820 2635 suo,
2125 2616 2136 2625 ,
2218 2578 2379 2618 manu
2413 2563 2793 2635 Aigylitiorum
2830 2571 2888 2618 et
2928 2564 3175 2618 omnium
3210 2563 3578 2634 inimicorum,
3628 2567 3715 2635 qui
3747 2564 3840 2620 af-

579 2653 869 2709 adversum
901 2654 1143 2711 Sisaram
1178 2665 1579 2727 pugnaverunt.
2218 2655 2473 2726 Iligebant
2503 2671 2600 2709 vos
2627 2674 2638 2708 :
2673 2655 2920 2726 ejeciqne
2947 2670 3046 2711 eos
3073 2656 3139 2711 ad
3171 2658 3461 2712 introitum
3485 2668 3747 2724 vestrum,
3772 2666 3840 2715 et

508 2744 747 2801 Torrens
768 2744 936 2800 Cison
965 2748 1130 2801 traxit
1151 2749 1422 2804 cadavera
1450 2764 1644 2806 eorum
1668 2776 1703 2816 ,ί
2216 2748 2415 2803 tradidi
2447 2749 2607 2803 vobis
2640 2758 2836 2803 terram
2878 2763 3091 2804 eorum.
3124 2750 3190 2805 Et
3216 2750 3324 2804 dixi
3362 2767 3376 2805 :
3417 2752 3528 2821 Ego
3558 2753 3829 2809 Dominus

578 2848 797 2893 torrens
821 2835 1142 2902 Cadumim,
1178 2848 1394 2895 torrens
1427 2841 1594 2898 Cison
1625 2859 1638 2896 :
2216 2841 2362 2897 Deus
2398 2849 2618 2906 vester,
2670 2856 2737 2896 ne
2792 2840 3029 2897 timeatis
3070 2841 3203 2899 deos
3244 2842 3723 2911 Amorrhzcorum,
3769 2846 3833 2901 in

577 2932 841 2988 conculca
863 2978 877 3002 ,
911 2934 1090 2988 anima
1122 2950 1274 3003 mea,
1308 2936 1590 2992 robustos.
2212 2951 2445 3007 quorum
2487 2945 2627 2991 terra
2678 2935 2955 2991 habitatis.
2988 2935 3058 2990 Et
3097 2936 3352 2992 noluisds
3395 2929 3585 2994 audire
3629 2955 3826 2996 vocem

506 3023 734 3096 Ungulaa
770 3043 1032 3098 equorum
1060 3028 1411 3097 ceciderunt,
2215 3044 2414 3085 meam.
2444 3028 2604 3086 Venit
2648 3039 2831 3085 autem
2866 3030 3091 3100 angelus
3136 3030 3393 3096 Domini,
3446 3038 3501 3089 et
3540 3033 3681 3089 sedit
3716 3034 3829 3091 sub

578 3120 909 3191 fugientibus
933 3122 1173 3191 impetu,
2213 3136 2439 3189 quercu,
2475 3137 2595 3192 qua:
2616 3134 2734 3178 erat
2761 3124 2812 3177 in
2839 3123 3019 3192 Ephra
3049 3133 3104 3179 et
3131 3125 3432 3193 pertinebat
3460 3127 3526 3181 ad
3561 3127 3690 3182 Joas
3720 3145 3820 3199 pa-

505 3213 576 3269 Et
602 3229 698 3285 per
735 3231 976 3286 praeceps
1006 3216 1291 3272 ruentibus
1320 3216 1632 3275 fortissimis
1660 3221 1921 3275 hostium.
2134 3204 2182 3271 C
2215 3223 2348 3268 trem
2383 3212 2601 3268 fmilia:
2628 3214 2770 3270 Ezri.
2802 3215 3050 3287 Cumque
3078 3214 3304 3272 Gedeon
3341 3218 3483 3272 filius
3507 3220 3625 3290 ejus
3649 3235 3823 3277 excu—

502 3306 805 3364 Maledicite
836 3317 994 3362 terra:
1024 3308 1226 3376 Meroz,
1257 3308 1397 3364 dixit
1427 3309 1662 3381 angelus
1701 3311 1958 3367 Domini:
2213 3315 2349 3360 teret
2411 3313 2574 3376 atque
2638 3316 2896 3377 purgaret
2950 3307 3222 3363 frumenta
3270 3308 3323 3363 In
3393 3311 3649 3367 torculnri
3675 3353 3691 3380 ,
3760 3322 3826 3370 ut

573 3399 879 3456 maledicite
911 3400 1309 3456 habitatoribus
1339 3400 1491 3469 ejus,
2208 3397 2417 3469 fugeret
2463 3398 2676 3454 Madian
2703 3442 2718 3467 ,
2774 3402 3028 3470 apparuit
3071 3402 3121 3456 ei
3176 3403 3402 3473 angelus
3460 3405 3705 3473 Domini,
3762 3416 3819 3463 et

573 3492 697 3563 quia
733 3510 838 3548 ηοη
872 3506 1140 3549 veneram
1172 3494 1238 3549 ad
1266 3495 1542 3550 ουχίιίυιη
1582 3496 1830 3564 Domini,
2207 3492 2317 3545 ait:
2352 3492 2611 3546 Dominus
2649 3503 2823 3547 tecum
2853 3534 2867 3559 ,
2902 3494 3144 3549 virorum
3197 3494 3519 3552 fortissime.
3558 3498 3822 3571 Dixitque

571 3585 624 3640 in
655 3584 990 3656 adjutorium
1021 3586 1443 3642 fortissimorum
1466 3588 1612 3658 ejus.
2204 3585 2253 3639 ei
2285 3583 2506 3639 Gedeon
2534 3603 2546 3639 :
2571 3586 2842 3654 Obsecro,
2878 3587 3096 3643 domine
3119 3589 3191 3643 mi
3220 3630 3234 3653 ,
3262 3589 3307 3643 si
3338 3590 3600 3646 Dominus
3629 3594 3816 3649 nobis~

500 3675 793 3733 Bciicdicia
822 3679 964 3735 inter
991 3681 1249 3736 mulieres
1278 3681 1433 3737 Jatiel
1462 3697 1597 3737 ιιιοιι
1630 3682 1777 3737 Aber
1796 3682 1985 3752 Ciimi,
2203 3693 2323 3734 eum
2344 3688 2451 3741 est,
2475 3693 2573 3732 cur
2594 3680 3074 3749 apprehenderunt
3101 3697 3200 3737 nos
3223 3684 3340 3738 hare
3354 3684 3560 3739 omnia?
3580 3685 3819 3743 ubisunt

574 3770 931 3827 benedicatur
959 3771 1011 3828 in
1046 3773 1396 3829 tabernacqu
1421 3788 1541 3829 suo.
1790 3758 1809 3769 ’
2204 3770 2467 3827 mirabilia
2490 3772 2639 3841 ejus,
2671 3789 2792 3845 qua:
2823 3783 3387 3847 narraveruntpatres
3414 3778 3607 3845 nostri,
3640 3785 3810 3849 atque

499 3865 707 3935 Aquam
739 3865 940 3934 petenti
970 3866 1048 3920 lac
1076 3864 1228 3920 dedit
1251 3910 1266 3934 ,
2201 3862 2476 3919 dixerunt:
2496 3863 2571 3918 De
2587 3863 2822 3936 Egyplo
2838 3865 3134 3922 eduxitnos
3147 3867 3435 3924 Dominus?
3452 3867 3605 3925 Nunc
3621 3881 3808 3929 autem

569 3966 625 4012 et
648 3956 702 4012 in
736 3956 912 4027 phiala
946 3957 1251 4028 principum
1276 3958 1481 4014 obtulit
1506 3958 1786 4033 butyrum.
2199 3956 2489 4027 dereliquit
2515 3973 2614 4012 nos
2631 3958 2647 4029 [
2665 3957 2815 4030 Vulg.
2832 3959 2977 4014 addit
2995 3960 3251 4033 Domini],
3274 3971 3323 4016 et
3342 3962 3627 4018 tradiditin
3644 3979 3807 4021 manu

496 4051 783 4109 Siuistram
816 4067 1032 4107 manum
1063 4052 1294 4109 misitad
1327 4054 1565 4120 clavum,
2199 4048 2432 4106 Hadian.
2464 4050 2842 4121 Rexpexitque
2867 4051 2933 4107 ad
2953 4066 3076 4107 eum
3101 4053 3383 4120 Dominus,
3417 4064 3472 4110 et
3500 4056 3575 4110 ait
3608 4056 3807 4119 :‘Vade

568 4156 623 4202 et
652 4146 931 4203 dexteram
959 4145 1027 4200 ad
1056 4145 1331 4202 fabrorum
1362 4147 1583 4204 malleus
1604 4190 1619 4214 ,
2197 4148 2248 4199 in
2282 4144 2383 4200 hac
2409 4144 2725 4201 fortitudine
2766 4155 2852 4200 tua
2878 4189 2892 4211 ,
2937 4157 2992 4201 et
3034 4146 3291 4201 liberabis
3326 4146 3492 4203 Israel
3530 4147 3600 4204 de
3638 4166 3802 4207 manu

477 4238 1120 4310 ,PercussitqueSisaram
1136 4241 1647 4311 quaerensincapite
1663 4242 1872 4299 vulneri
1890 4241 2087 4310 locum,
2197 4239 2408 4294 Madian
2436 4255 2449 4293 :
2484 4241 2621 4294 scito
2651 4239 2794 4311 quod
2824 4239 3064 4295 miserim
3088 4248 3161 4295 te.
3196 4239 3301 4308 Qui
3328 4242 3661 4312 respondens
3692 4243 3800 4298 ait:

570 4344 625 4389 et
655 4344 868 4404 tempus
901 4334 1079 4390 valide
1110 4336 1408 4402 perforatis.
2192 4330 2463 4400 Obsecro,
2495 4331 2718 4387 domine
2744 4333 2852 4397 mi,
2888 4334 2939 4386 in
2984 4346 3093 4403 quo
3133 4332 3376 4389 liberabo
3424 4334 3627 4391 Israel?
3670 4350 3802 4393 ecce

495 4428 642 4485 Inter
668 4429 834 4499 pedes
864 4429 984 4499 ejus
1009 4430 1115 4483 ruit
1140 4446 1155 4483 :
1192 4490 1197 4497 _
2193 4424 2394 4481 familia
2426 4441 2544 4480 mea
2577 4426 2761 4480 infima
2791 4435 2873 4480 est
2912 4425 2968 4479 in
3009 4425 3256 4480 Manasse
3277 4467 3293 4491 ,
3323 4437 3377 4481 et
3406 4442 3507 4493 ego
3536 4428 3800 4484 minimus

565 4522 791 4588 defecit,
825 4532 880 4578 et
906 4532 1157 4578 mortuus
1185 4532 1287 4579 est.
2193 4521 2247 4575 in
2266 4520 2433 4575 domo
2470 4520 2639 4590 patris
2673 4520 2799 4574 mei.
2838 4518 3094 4590 Dixitque
3122 4520 3185 4573 ei~
3208 4519 3503 4575 Dominus:
3540 4519 3655 4592 Ego
3692 4537 3795 4577 ero

464 4620 631 4676 'Ante
657 4619 822 4691 pedes
847 4618 994 4674 illius
1024 4618 1371 4687 volvebatur,
2115 4604 2168 4665 Ι)
2195 4623 2370 4668 tecum
2395 4653 2410 4678 ,
2445 4625 2495 4667 et
2532 4614 2804 4682 percuties
2842 4611 3053 4668 Madian
3094 4612 3253 4684 quasi
3282 4628 3447 4668 unum
3485 4616 3680 4668 virmn.
3722 4615 3797 4672 Et

562 4720 620 4767 et
641 4712 858 4782 iacebat
883 4710 1149 4767 exanimis
1180 4721 1236 4766 et
1270 4709 1616 4766 miserabilis.
2192 4704 2283 4761 ille
2311 4721 2326 4762 :
2358 4705 2418 4762 Si
2451 4706 2632 4760 inveni
2657 4746 2672 4770 ,
2709 4705 2881 4775 inquit
2907 4744 2923 4771 ,
2948 4705 3396 4775 gratiam-coram
3428 4714 3483 4760 te
3509 4744 3523 4768 ,
3553 4705 3623 4760 da
3652 4706 3793 4762 mihi

492 4802 597 4861 Per
624 4803 914 4861 fenestram
946 4804 1284 4875 prospiciens
1313 4801 1553 4858 ululabat
1580 4811 1758 4858 mater
1783 4802 1934 4874 ejus:
2188 4800 2398 4870 signum
2416 4838 2430 4862 ,
2454 4798 2594 4869 quod
2623 4806 2678 4854 tu
2711 4800 2787 4854 sis
2810 4799 2902 4869 qui
2933 4797 3179 4868 loqueris
3206 4797 3275 4855 ad
3304 4814 3411 4854 me.
3451 4798 3534 4854 Ne
3565 4800 3793 4858 recedas

562 4906 617 4952 et
643 4895 711 4952 de
740 4897 1026 4952 cmnaculo
1054 4894 1401 4965 loquebatur.
1534 4919 1539 4923 ο
2190 4895 2339 4959 hinc,
2369 4893 2543 4948 donec
2564 4903 2809 4949 revertar
2838 4893 2903 4948 ad
2940 4902 2992 4949 te
3016 4931 3032 4957 ,
3076 4904 3301 4962 portans
3330 4892 3696 4961 sacrificium,
3735 4902 3793 4950 et

488 4988 599 5045 Cur
624 4997 863 5043 moratur
889 4987 1099 5059 regredi
1130 5002 1325 5045 currus
1352 4986 1509 5058 ejus?
2185 4988 2417 5043 offerens
2447 4986 2545 5043 tibi
2589 4987 2693 5054 Qui
2724 4984 3041 5055 respondit:
3067 4983 3180 5053 Ego
3206 4983 3564 5054 praestolabor
3587 4985 3792 5040 adven-

558 5093 723 5149 quare
752 5078 1102 5136 tardaverunt
1131 5078 1295 5149 pedes
1319 5078 1702 5153 quadrigarum
1728 5078 1911 5134 illius?
2188 5089 2297 5136 tum
2333 5091 2502 5136 tuum.
2537 5079 2817 5150 Ingressus
2839 5091 2920 5134 eat
2947 5079 3129 5148 itaque
3156 5076 3380 5133 Gedeon
3406 5086 3463 5133 et
3489 5079 3641 5133 coxit
3681 5078 3795 5134 bte—

487 5173 602 5231 Una
634 5173 928 5243 sapientior
955 5175 1173 5230 caeteris
1206 5174 1466 5230 uxoribus
1488 5174 1609 5246 ejus
2185 5175 2312 5229 dum
2355 5184 2409 5230 et
2438 5173 2508 5230 de
2551 5172 2744 5230 farinae
2778 5171 2963 5228 modio
2991 5184 3215 5243 azymos
3252 5182 3422 5241 panes
3448 5188 3461 5225 :
3484 5185 3794 5244 carnesque

559 5267 677 5322 haec
703 5266 881 5322 socrui
909 5266 1068 5321 verba
1095 5265 1415 5338 respondit:
2184 5282 2395 5340 ponens
2425 5266 2478 5323 in
2509 5266 2769 5331 canistro,
2800 5265 2962 5336 etjus
2990 5266 3231 5320 carnium
3264 5264 3486 5320 mittens
3521 5265 3575 5319 in
3603 5265 3749 5321 nhm
3769 5308 3787 5337 ,

486 5360 738 5416 Forsitan
772 5372 914 5413 ntmc
934 5358 1128 5413 dividit
1154 5358 1327 5430 spolia
1350 5403 1364 5427 ,
2188 5359 2310 5417 tulit
2336 5360 2516 5415 omnia
2546 5358 2649 5413 sub
2667 5373 2874 5429 quercu
2898 5399 2912 5424 ,
2943 5364 3001 5413 et
3026 5356 3226 5413 obtulit
3253 5357 3328 5413 ei.
3358 5354 3457 5413 Cui
3500 5356 3645 5414 dixit
3690 5348 3791 5413 an;

556 5460 612 5508 et
645 5449 1010 5522 pulcherrima
1044 5449 1369 5506 feminarum
1393 5450 1609 5521 eligitur
1634 5451 1725 5506 ei:
2184 5455 2338 5527 gelus
2384 5452 2599 5510 Domini
2633 5471 2645 5506 :
2681 5452 2834 5508 Tolle
2871 5465 3068 5508 carnes
3111 5460 3167 5507 et
3215 5465 3382 5519 partes
3432 5466 3689 5523 azytuos,
3732 5465 3792 5510 et

485 5546 679 5604 Vestes
734 5545 1079 5601 diversorum
1128 5546 1373 5601 colorum
1421 5544 1623 5604 Sisara:
1671 5545 1965 5603 traduntur
2020 5545 2074 5602 iu
2181 5563 2324 5620 pone
2351 5563 2513 5617 supra
2534 5557 2744 5618 petram
2769 5545 3123 5615 illam,etjus
3144 5545 3384 5615 desuper
3412 5545 3598 5602 funde.
3616 5544 3789 5602 Cum~

630 5641 868 5713 praedam
890 5683 907 5706 ,
2181 5657 2288 5713 que
2333 5640 2551 5696 fecisset
2580 5640 2651 5695 ita
2675 5679 2692 5707 ,
2721 5638 2966 5694 extendit
3000 5636 3227 5709 angelus
3256 5636 3473 5695 Domini
3499 5641 3788 5695 summita-

556 5747 608 5791 et
640 5734 882 5807 supellex
907 5732 1053 5789 varia
1084 5732 1150 5787 ad
1174 5732 1419 5788 ornanda
1452 5733 1590 5789 colla
1612 5736 1949 5806 congeritur.
2185 5744 2290 5790 tem
2317 5734 2503 5801 virgae,
2525 5747 2690 5803 quam
2724 5732 2991 5787 tenebant
3014 5731 3068 5787 in
3091 5746 3277 5800 utanu,
3304 5739 3362 5787 et
3387 5732 3564 5802 tetigit
3585 5747 3787 5790 carnes

485 5830 576 5890 Sic
600 5839 835 5903 pereant
862 5845 1054 5889 omnes
1076 5826 1278 5885 inimici
1308 5826 1385 5883 tui
1404 5870 1419 5895 ,
1450 5827 1677 5885 Domine
1702 5844 1715 5883 :
2183 5835 2238 5882 et
2262 5838 2484 5895 azymon
2509 5838 2676 5893 panes
2697 5866 2712 5893 ,
2745 5822 3098 5896 ascenditque
3128 5824 3267 5895 ignis
3290 5822 3361 5880 do
3386 5831 3558 5895 petra,
3582 5832 3639 5882 et
3663 5841 3788 5884 car-
