4098 6366
293 334 395 387 517

1657 333 1864 388 LIBER
1903 329 2222 388 JUIDICUM.

3489 346 3593 401 518

293 459 389 499 nes
443 454 774 517 azyntcsquc
813 459 982 514 panes
1030 447 1371 516 consumpsit
1405 462 1418 500 :
1450 447 1671 516 angelus
1714 455 1892 501 autem
1925 449 1975 506 Α
2000 451 2086 498 tur
2108 453 2296 499 contra
2325 461 2409 500 tne
2437 445 2622 511 Israel,
2649 458 2696 501 ct
2729 448 2872 503 dicat
2899 467 2910 502 :
2945 449 3074 505 lib-is
3102 453 3304 506 viribus
3335 455 3594 512 liberatus

295 537 509 593 Domini
551 539 774 593 evanuit
809 553 878 594 ex
903 538 1078 593 oculis
1105 539 1241 608 ejus.
1286 537 1590 609 Videasque
1617 537 1838 594 Gedeou
1871 580 1886 604 ,

291 633 434 704 quod
458 642 601 688 esset
630 634 855 704 angelus
888 634 1095 688 Domini
1123 674 1138 700 ,
1172 634 1251 688 ait
1279 650 1293 688 :
1328 633 1440 689 IIeu
1468 633 1596 687 mihi
1627 677 1636 695 ,
1664 634 1891 688 Domine

297 729 459 793 Deus,
509 729 640 799 quia
679 728 787 784 vidi
840 728 1087 800 angelum
1127 730 1334 783 Dotiiini
1382 728 1521 783 facie
1560 729 1624 781 ad
1676 729 1888 781 laciem.

299 824 551 893 Dixitque
592 823 642 878 ei
680 823 941 878 Dominus
970 841 981 876 :
1018 823 1125 877 Pax
1162 832 1336 878 tecum
1373 839 1387 877 ε
1421 839 1486 876 ne
1521 823 1710 876 timeas
1738 863 1752 887 ,
1786 836 1890 877 non

295 916 571 973 morieris.
602 915 914 972 Edidcavit
944 931 1074 988 ergo
1106 917 1176 971 ibi
1198 915 1421 972 Gedeou
1447 917 1616 970 altare
1643 913 1890 981 Domino,

298 1011 623 1080 vocavitqne
655 1010 785 1065 illud
809 1051 824 1077 ,
863 1009 1074 1064 Domini
1109 1023 1208 1079 pax
1237 1051 1252 1075 ,
1288 1025 1458 1079 usque
1495 1011 1546 1062 itt
1573 1016 1892 1078 pricsentem

292 1103 464 1159 diem.
489 1102 735 1174 Cumque
759 1102 938 1158 adhuc
961 1110 1109 1157 esset
1141 1103 1191 1155 in
1233 1101 1442 1171 Epln-a,
1481 1116 1600 1170 quae
1629 1111 1714 1155 est
1744 1097 1896 1153 fami-

293 1197 385 1252 lia:
425 1197 546 1251 Eari
579 1237 594 1264 ,
643 1206 802 1252 nocte
851 1196 940 1251 illa
986 1195 1124 1250 dixit
1155 1195 1416 1250 Dominus
1447 1195 1510 1247 ad
1542 1210 1667 1249 eum
1699 1213 1712 1250 :
1740 1194 1896 1249 Tolle

294 1297 510 1344 taurum
556 1290 724 1360 patris
784 1289 901 1354 liti,
963 1299 1018 1345 et
1079 1290 1307 1344 alterum
1365 1297 1577 1342 taurum
1631 1303 1895 1342 annorum

293 1391 504 1453 septem
527 1426 542 1451 ,
577 1383 938 1453 demrucsque
970 1398 1116 1438 aram
1153 1382 1302 1447 Baal,
1325 1397 1444 1453 quae
1467 1391 1553 1438 est
1585 1382 1754 1452 patris
1782 1379 1858 1434 tui
1878 1420 1894 1448 ,

291 1484 351 1530 et
374 1491 587 1539 nemus,
618 1473 762 1546 quod
789 1475 929 1531 circa
961 1490 1112 1529 aram
1142 1485 1249 1541 est,
1279 1474 1499 1531 succida
1529 1491 1542 1528 :
1575 1484 1629 1529 ct
1660 1473 1896 1528 ardilica-

297 1567 382 1623 bis
410 1567 586 1622 altare
615 1568 841 1622 Domino
867 1569 976 1622 Deo
1001 1574 1090 1621 tuo
1114 1568 1166 1622 in
1195 1569 1508 1622 summitate
1531 1578 1696 1637 petrae
1719 1567 1897 1635 hujus,

297 1677 466 1732 super
483 1677 646 1732 quam
669 1661 998 1717 sacrificium
1029 1672 1155 1715 ante
1179 1659 1405 1731 posuisd
1431 1679 1444 1716 :
1467 1659 1760 1730 'I‘ullesquc
1788 1669 1902 1713 tau-

300 1771 418 1810 rum
448 1755 771 1820 secundum,
805 1765 862 1810 et
887 1754 1087 1810 oﬁ‘eres
1119 1754 1495 1810 holocaustum
1530 1769 1694 1822 super
1725 1753 1898 1823 ligno-

1993 553 2133 593 sum.
2180 540 2431 612 Loquere
2471 544 2536 597 ad
2573 545 2829 614 populum
2860 590 2873 613 ,
2919 559 2972 604 ct
2998 552 3206 605 cunctis
3249 553 3596 610 audientibus

1996 633 2226 700 praedira
2268 649 2279 690 :
2313 633 2414 698 Qui
2447 635 2833 692 l'orttiidoIOsus
2872 646 2927 694 et
2959 640 3180 697 timidus
3211 657 3313 710 est,
3358 657 3599 702 reverta-

1998 735 2101 780 tur.
2133 725 2603 800 Recessernntque
2625 731 2692 786 de
2715 741 2899 789 monte
2917 735 3138 802 Galaad,
3166 747 3219 794 et
3242 743 3442 796 reversi
3473 751 3599 798 sunt

1996 817 2064 870 de
2092 819 2289 888 popqu
2321 821 2512 891 viginti
2543 823 2650 877 dtto
2682 824 2852 880 millia
2883 829 3145 895 virorum,
3180 841 3234 885 et
3263 843 3467 888 tantum
3497 836 3596 891 de-

1997 925 2114 964 cent
2139 911 2301 966 millia
2327 926 2724 970 remanserunt.
2750 917 2834 990 [C.
2861 919 3313 994 XXV.]Dixitque
3337 927 3598 984 Dominus

1997 1003 2062 1056 ad
2095 1004 2312 1060 Gedeou
2345 1023 2360 1060 :
2395 1009 2585 1065 Adhuc
2621 1017 2848 1082 populus
2881 1015 3084 1072 multus
3116 1026 3231 1084 est,
3265 1020 3369 1077 duc
3401 1037 3495 1078 eos
3531 1024 3597 1080 ad

1997 1111 2186 1167 aquas,
2219 1109 2272 1152 et
2306 1099 2376 1153 ibi
2408 1101 2652 1170 probabo
2683 1104 2836 1172 illos,
2879 1117 2932 1161 ct
2963 1107 3028 1162 de
3060 1127 3166 1179 quo
3199 1111 3385 1168 dixero
3415 1115 3508 1169 tibi
3545 1127 3603 1173 ut

1999 1200 2175 1246 tecum
2204 1198 2385 1263 vadat,
2416 1194 2532 1265 ipse
2560 1206 2747 1268 pergat
2771 1217 2784 1252 :
2813 1216 2968 1268 quem
3000 1203 3076 1256 ire
3104 1203 3450 1273 prohibuere.
3485 1210 3600 1278 ipse

2003 1295 2327 1340 revertatur.
2362 1289 2601 1355 Cumque
2640 1291 3012 1348 descendisset
3038 1296 3268 1366 populus
3295 1298 3360 1353 ad
3391 1316 3556 1370 aquas
3585 1343 3600 1368 ,

2000 1375 2134 1431 dixit
2175 1377 2434 1434 Dominus
2477 1382 2542 1434 ad
2585 1383 2807 1438 Gedeou
2851 1403 2862 1439 :
2910 1388 3006 1455 Qui
3063 1391 3239 1460 lingua
3279 1393 3604 1451 lambnerint

2000 1483 2192 1539 aquas,
2223 1472 2362 1526 sicut
2395 1473 2570 1529 solent
2603 1490 2766 1531 canes
2793 1478 3057 1547 lambere,
3090 1485 3369 1552 separabis
3397 1501 3489 1540 eos
3519 1501 3606 1542 sc-

2000 1575 2188 1616 crsmn
2224 1578 2237 1614 :
2267 1567 2358 1634 qui
2391 1577 2572 1621 autem
2605 1571 2842 1623 CttI'Valiri
2872 1571 3102 1642 genibus
3136 1575 3390 1644 biberint,
3433 1579 3484 1633 in
3525 1581 3604 1634 al-

2006 1662 2116 1708 tera
2151 1666 2306 1724 parte
2347 1665 2526 1713 erunt.
2579 1661 2701 1716 Fuit
2753 1665 2934 1734 itaque
2982 1683 3238 1723 numerus
3282 1685 3466 1726 eorum
3513 1674 3603 1744 qui

2005 1761 2168 1802 manu
2195 1751 2263 1804 ad
2294 1766 2354 1804 os
2390 1753 2706 1822 projiciente
2744 1773 2909 1826 aquas
2951 1759 3289 1818 lambtterant
3313 1807 3326 1831 ,
3373 1769 3604 1822 trercnti

303 1861 422 1903 rum
447 1858 652 1903 struem
675 1893 688 1918 ,
731 1864 856 1918 qua:
893 1847 966 1903 de
999 1863 1222 1902 nemore
1250 1846 1562 1902 διιρείᾱιτίδ.
1601 1846 1904 1915 Assuntptis
1937 1847 1981 1908 Β
2008 1841 2111 1896 viri
2141 1849 2356 1898 :omnis
2379 1857 2558 1902 autem
2585 1851 2790 1920 reliqua
2821 1854 3109 1909 multitudo
3131 1855 3270 1910 ﬂexo
3298 1861 3497 1928 poplite
3529 1863 3606 1914 bi-

305 1944 465 2014 igilur
492 1942 715 1998 Gedeou
743 1941 930 1998 decem
966 1943 1091 1996 viris
1119 1944 1188 1994 de
1212 1941 1390 1996 servis
1420 1941 1564 2001 suis.
1598 1939 1725 1994 fecit
1756 1939 1899 1994 sicut

307 2045 641 2108 praeparat
667 2034 852 2108 [γαίῃ.
875 2037 1018 2088 addit
1041 2034 1113 2106 ei]
1137 2035 1421 2088 Dominus.
1458 2035 1680 2088 'l‘imcns
1721 2045 1901 2086 autem

302 2129 526 2185 domum
562 2127 730 2199 patris
766 2128 853 2182 sui
884 2169 897 2193 ,
938 2139 992 2183 et
1022 2129 1272 2182 homines
1301 2126 1443 2180 illius
1472 2125 1708 2180 civitatis
1744 2163 1758 2189 ,
1810 2138 1905 2193 per

303 2220 450 2274 diem
507 2220 688 2275 Iacere
738 2219 912 2274 ttoluit
943 2261 958 2288 ,
1009 2219 1104 2274 scd
1156 2220 1336 2274 omnia
1385 2228 1545 2273 nocte
1588 2216 1904 2286 complevit.

304 2309 554 2384 Cumque
575 2313 946 2367 surrexissent
966 2314 1069 2367 viri
1099 2313 1283 2382 oppidi
1313 2312 1432 2382 ejus
1461 2326 1636 2376 inane,
1655 2310 1910 2364 viderunt

304 2405 642 2461 destructam
677 2421 828 2460 aram
863 2405 988 2459 Baal
1009 2451 1021 2471 ,
1064 2405 1353 2475 lucumque
1379 2404 1649 2458 succisum
1669 2445 1682 2468 ,
1708 2411 1764 2456 et
1795 2411 1909 2454 tau-

308 2514 427 2553 rum
459 2498 692 2554 alterttm
727 2498 1034 2568 impositum
1067 2512 1231 2568 super
1251 2498 1442 2562 altare,
1468 2494 1611 2565 quod
1637 2505 1762 2549 tunc
1783 2493 1912 2547 tedi-

311 2594 528 2646 Iicalutn
556 2602 694 2646 erat.
728 2592 1100 2661 Dixeruntque
1128 2591 1195 2645 ad
1227 2589 1457 2644 invicem
1494 2607 1504 2642 :
1532 2589 1664 2654 Quis
1697 2591 1797 2640 hoc
1831 2586 1907 2639 fe-

309 2687 674 2758 cit?Cutnque
692 2689 1070 2757 perquirerent
1096 2697 1372 2741 auctorem
1397 2684 1544 2751 facti,
1570 2682 1772 2737 dictum
1792 2689 1910 2735 est:

317 2781 564 2848 Gedeon,
594 2783 737 2837 liltus
761 2780 912 2849 Icas,
947 2779 1076 2835 fecit
1106 2781 1222 2834 haec
1249 2780 1452 2832 omnia.
1482 2778 1546 2832 Et
1574 2777 1826 2831 dixerunt
1847 2772 1914 2828 ad

313 2879 447 2935 Joas
484 2893 498 2931 :
535 2877 746 2932 Produc
781 2877 952 2931 tilium
985 2886 1134 2930 tuum
1160 2916 1174 2941 ,
1210 2885 1266 2927 ut
1301 2875 1566 2928 moriatur
1597 2889 1610 2924 :
1644 2869 1767 2940 quia
1820 2869 1912 2923 dc-

319 2975 524 3029 struxit
550 2989 696 3029 aram
734 2974 878 3039 Daal,
913 2984 970 3029 ct
991 2972 1220 3028 succidit
1245 2986 1457 3025 nemus.
1481 2969 1688 3038 Quibus
1714 2967 1806 3022 ille
1835 2981 1918 3021 re-

316 3067 577 3137 spondit:
600 3067 865 3138 Numqud
889 3067 1098 3122 ultores
1121 3064 1254 3120 estis
1284 3063 1432 3131 Baal,
1462 3073 1522 3118 ιιι
1551 3057 1919 3133 pugnetis’pro

319 3175 384 3216 eo
403 3161 428 3200 '7
458 3161 546 3230 qui
576 3160 925 3215 adversarius
955 3166 1040 3215 est
1067 3158 1206 3228 ejus,
1233 3157 1497 3211 moriatur
1523 3166 1806 3224 antequam
1830 3152 1917 3206 lux

2009 1934 2180 1989 Iterat.
2216 1936 2284 1992 Et
2311 1938 2382 1990 ait
2416 1938 2677 1995 Dominus
2707 1942 2771 1996 ad
2803 1943 3026 1999 Gedeou
3061 1962 3074 2002 :
3108 1946 3164 2000 In
3199 1950 3449 2004 trecentis
3478 1953 3608 2006 viris

2007 2028 2100 2098 qui
2135 2029 2477 2086 lambueruut
2507 2049 2697 2102 aquas,
2732 2036 2972 2091 liberabo
3003 2051 3099 2092 vos
3124 2083 3137 2106 ,
3174 2049 3228 2094 ιιι
3255 2041 3462 2096 tradam
3494 2043 3608 2098 Ma-

2007 2121 2133 2175 dian
2167 2122 2220 2176 in
2253 2139 2415 2178 manu
2457 2135 2545 2179 tua
2575 2143 2590 2182 :
2621 2129 2798 2181 omnis
2841 2138 3022 2183 autem
3071 2131 3278 2202 reliqua
3323 2136 3608 2190 multitudo

2012 2223 2316 2269 revertatur
2347 2217 2398 2270 itt
2434 2217 2610 2272 locum
2652 2234 2832 2274 suum.
2867 2221 3107 2292 Sumptia
3149 2223 3330 2293 itaque
3373 2241 3472 2295 pro
3513 2243 3612 2280 titi-

2013 2320 2168 2360 met‘o
2207 2307 2429 2364 cibariis
2465 2317 2523 2364 et
2559 2310 2724 2375 tubis,
2762 2327 2982 2368 omnem
3016 2315 3276 2384 reliquam
3315 2318 3613 2372 multitudi-

2017 2413 2136 2452 nem
2169 2399 2320 2454 abire
2351 2404 2607 2470 praecepit
2636 2403 2701 2458 ad
2733 2405 3081 2460 tabernacula
3111 2421 3231 2474 sua,
3262 2421 3315 2463 et
3346 2409 3460 2478 ipso.
3489 2427 3610 2466 cum

2017 2494 2278 2549 trecentis
2309 2495 2436 2549 viris
2474 2511 2532 2551 se
2558 2500 2838 2552 certamini
2867 2500 3039 2554 dedit.
3071 2500 3256 2556 Castra
3296 2511 3474 2558 autem
3509 2505 3616 2559 Ma-

2015 2587 2143 2642 dian
2174 2599 2332 2644 erant
2361 2591 2549 2645 subter
2577 2593 2629 2645 in
2661 2593 2824 2646 vallo.
2856 2593 3054 2649 Eadem
3081 2605 3242 2650 noch
3265 2596 3394 2651 dixit
3426 2598 3470 2651 Ι)
3493 2599 3614 2652 nni-

2019 2698 2120 2736 nus
2146 2681 2211 2735 ad
2235 2697 2358 2736 eum
2385 2699 2399 2736 :
2430 2685 2623 2754 Surge,
2649 2696 2702 2739 et
2728 2685 2999 2741 descende
3027 2688 3076 2740 in
3103 2697 3282 2742 castra
3310 2703 3324 2745 :
3353 2691 3478 2758 quia
3509 2702 3616 2744 tra-

2019 2773 2128 2828 didi
2157 2789 2248 2829 eos
2282 2776 2334 2829 in
2367 2792 2528 2831 manu
2559 2786 2668 2830 tua.
2703 2779 2794 2832 Siti
2828 2792 3009 2834 autem
3044 2781 3192 2834 solus
3224 2783 3300 2836 ire
3331 2781 3615 2850 formidas,

2021 2870 2317 2925 descendat
2349 2880 2530 2926 tecum
2581 2871 2758 2927 I’hura
2791 2891 2926 2942 puer
2961 2886 3103 2929 tuus.
3133 2878 3195 2930 Et
3225 2893 3348 2931 cum
3385 2877 3620 2934 audieris

2021 2961 2150 3032 quid
2184 2963 2493 3033 loquantur,
2525 2975 2653 3019 tunc
2684 2966 3142 3022 confortabuntur
3170 2984 3357 3023 manus
3395 2982 3522 3037 tum,
3567 2980 3622 3026 et

2020 3057 2267 3111 securior
2319 3059 2386 3111 ad
2445 3059 2679 3113 hostium
2729 3071 2906 3114 castra
2957 3061 3279 3118 descendes.
3337 3065 3625 3120 Descendit

2024 3166 2152 3219 ergo
2194 3151 2310 3219 ipse
2340 3160 2391 3206 et
2439 3151 2616 3206 Pitura
2647 3168 2781 3223 puer
2815 3154 2929 3224 ejus
2966 3155 3015 3209 in
3050 3167 3257 3226 ptrtem
3293 3168 3618 3228 Castrorum,

319 3253 559 3308 crastina
591 3251 773 3308 veniat
801 3268 818 3304 :
847 3252 893 3306 si
927 3250 1070 3306 Deus
1101 3259 1186 3304 est
1210 3291 1222 3314 ,
1257 3247 1491 3302 vindicet
1516 3261 1574 3300 se
1595 3245 1663 3300 de
1691 3260 1758 3300 eo
1785 3287 1798 3311 ,
1831 3244 1917 3313 qui
1947 3243 1994 3310 ρ
2026 3241 2113 3297 ubi
2139 3253 2653 3300 erantarmatorutn
2685 3247 2906 3317 vigiliae.
2939 3249 3148 3302 Madian
3173 3258 3354 3306 autem
3380 3263 3432 3304 et
3462 3252 3624 3305 Ama—

322 3345 540 3402 anﬂ'odit
585 3362 733 3401 arani
772 3347 914 3416 ejus.
954 3345 1015 3398 Et
1059 3345 1151 3398 illo
1178 3344 1264 3398 die
1298 3352 1517 3397 vocatus
1546 3353 1624 3395 est
1653 3339 1872 3395 Gedeou
1902 3379 1916 3404 ,

323 3437 574 3494 Jerobaal
593 3455 657 3494 eo
672 3439 813 3508 quod
831 3436 1056 3491 dixisset
1068 3433 1525 3490 .loas:U|ciscatur
1539 3447 1597 3487 se
1613 3431 1733 3484 Baal
1753 3430 1820 3484 de
1833 3444 1922 3494 eo,

321 3531 418 3602 qui
433 3531 653 3586 suii‘odit
671 3531 840 3587 altare
856 3527 1353 3601 ejus.lgiturcmnis
1366 3527 1658 3591 Madian,et
1681 3524 1924 3591 Amalec,

324 3634 378 3680 et
405 3625 704 3679 orientales
735 3623 912 3693 pepuli
945 3623 1256 3694 congregati
1289 3629 1415 3677 sunt
1439 3620 1620 3687 simul,
1653 3632 1708 3674 et
1737 3627 1917 3673 trans-

327 3730 520 3775 euntes
543 3719 858 3786 .lordanem,
883 3719 1252 3773 castrautetati
1287 3727 1416 3771 sunt
1452 3715 1508 3769 in
1536 3715 1672 3769 valle
1693 3712 1924 3769 .Iezrael.

326 3810 569 3882 Spiritus
595 3825 774 3868 autem
802 3813 1017 3868 Domini
1051 3811 1222 3866 induit
1254 3811 1474 3867 Gedeou
1509 3853 1521 3874 ,
1553 3810 1643 3880 qui
1672 3809 1930 3878 clangens

331 3904 562 3958 buccina
585 3905 904 3958 convocavit
929 3903 1151 3958 domum
1192 3902 1421 3957 Abiezcr
1442 3947 1454 3968 ,
1500 3912 1554 3956 Ill
1585 3915 1644 3956 se
1671 3915 1929 3970 sequere-

331 4007 444 4051 tur.
476 3995 730 4066 Misitque
771 3998 992 4051 nuntios
1021 3995 1074 4050 in
1119 3995 1432 4049 universum
1475 3994 1801 4056 Manassen,
1839 3990 1931 4062 qui

329 4099 386 4142 et
420 4091 536 4158 ipse
565 4099 784 4144 seCotus
809 4099 894 4144 est
925 4104 1049 4143 eum
1074 4131 1088 4157 ,
1120 4097 1176 4143 et
1205 4087 1341 4141 alios
1378 4086 1595 4140 nuntios
1628 4085 1680 4139 ιιι
1715 4085 1852 4140 Aser
1881 4092 1935 4138 et

332 4179 581 4235 Zabulon
606 4192 660 4235 ct
681 4181 990 4251 Neplttliali,
1016 4183 1104 4252 qui
1131 4192 1488 4236 occurrerunt
1509 4179 1579 4234 ei.
1605 4179 1686 4251 [Ο.
1715 4177 1938 4249 χιιιν.ι

335 4271 590 4342 Dixitque
615 4271 838 4329 Gedeou
871 4275 935 4326 ad
972 4274 1140 4328 Deum
1169 4290 1181 4326 :
1205 4271 1262 4328 Si
1287 4272 1490 4326 :-alvutn
1518 4271 1680 4326 litcias
1706 4287 1805 4340 per
1827 4286 1937 4325 ma-

337 4381 470 4419 num
501 4381 679 4420 meant
705 4365 896 4430 Israel,
923 4365 1061 4420 sicut
1086 4366 1295 4420 locutus
1317 4380 1396 4428 es,
1427 4379 1622 4434 ponam
1647 4364 1747 4418 hoc
1768 4363 1940 4418 vellus

337 4457 479 4513 lana:
507 4457 560 4511 in
585 4473 710 4513 area
736 4475 750 4510 :
780 4459 826 4514 si
853 4473 942 4512 ros
973 4459 1026 4513 in
1053 4459 1170 4513 solo
1191 4458 1389 4514 vellere
1417 4458 1600 4524 fuerit,
1631 4467 1686 4511 et
1713 4459 1766 4511 in
1792 4457 1939 4512 omni

339 4562 485 4606 terra
527 4552 766 4617 siccitas,
815 4553 983 4607 sciam
1013 4552 1154 4622 quod
1188 4568 1282 4622 per
1311 4568 1527 4606 manum
1567 4567 1762 4617 meam,
1800 4553 1943 4606 sicut

2027 3337 2130 3404 lee,
2187 3348 2242 3392 et
2286 3353 2476 3394 omnes
2521 3329 2818 3396 orientales
2863 3343 3068 3412 populi,
3119 3343 3223 3400 fusi
3269 3345 3518 3414 iacebant
3571 3347 3624 3401 in

2028 3432 2188 3497 valle,
2233 3441 2292 3487 ut
2323 3434 2653 3488 locustarum
2685 3435 2974 3491 multitudo
3005 3453 3018 3491 :
3053 3439 3245 3493 cameli
3276 3454 3490 3510 quoque
3539 3440 3626 3494 in-

2029 3526 2391 3580 numerabiles
2434 3536 2608 3592 erant,
2651 3529 2790 3582 sicut
2829 3544 2994 3584 arena
3030 3546 3150 3598 qute
3187 3531 3329 3596 jacet
3361 3532 3412 3586 in
3446 3532 3629 3589 littore

2031 3621 2216 3675 maris.
2249 3619 2334 3692 {C.
2371 3619 2590 3691 χχιιι]
2615 3619 2858 3692 Cumque
2885 3623 3129 3678 venisset
3157 3622 3401 3689 Gedeon,
3437 3619 3629 3680 tiarra-

2033 3714 2124 3769 bat
2151 3715 2346 3785 aliquis
2371 3715 2641 3769 somnium
2667 3716 2913 3786 proximo
2934 3733 3056 3782 suo,
3086 3728 3142 3773 et
3166 3718 3216 3772 in
3237 3717 3378 3772 hunc
3411 3719 3629 3773 modum
3675 3756 3680 3761 ι

2033 3806 2304 3862 referebat
2329 3808 2470 3878 quod
2503 3808 2712 3862 viderat
2741 3825 2756 3864 :
2792 3808 2906 3862 Vidi
2942 3810 3236 3876 somnium,
3267 3819 3322 3866 et
3354 3811 3634 3866 videbatttr

2033 3901 2164 3957 mihi
2203 3902 2354 3972 qttasi
2399 3901 2798 3957 subrinericius
2826 3904 2981 3971 panis
3008 3919 3076 3959 ex
3117 3904 3326 3960 hordeo
3360 3905 3544 3970 volvi,
3577 3913 3636 3961 et

2034 3994 2246 4050 Madian
2286 4005 2465 4052 eaStra
2498 3995 2830 4051 descendere
2861 4015 2875 4049 :
2917 4013 3151 4067 rumque
3189 3998 3528 4067 pervenisset
3569 3998 3634 4053 ad

2036 4090 2466 4157 tabernaculum,
2513 4092 2780 4160 percussit
2833 4091 2986 4158 illud,
3038 4104 3200 4164 atque
3246 4093 3535 4159 subvertit,
3581 4103 3637 4148 et

2037 4190 2198 4237 terra:
2242 4182 2481 4238 funditus
2511 4186 2835 4254 ccteqUavit.
2870 4184 3169 4254 Respondit
3199 4187 3244 4242 is
3273 4229 3286 4251 ,
3314 4188 3401 4242 cui
3449 4189 3636 4258 loque-

2041 4275 2378 4333 balurz-Non
2405 4285 2488 4333 est
2517 4277 2618 4332 hoc
2641 4278 2809 4347 aliud,
2841 4279 2942 4334 nisi
2973 4280 3188 4350 gladius
3216 4281 3508 4345 Gedeonis,
3542 4281 3639 4335 ﬁlii

2040 4366 2189 4435 Joas,
2217 4368 2318 4422 viri
2346 4368 2605 4424 Israelita
2633 4386 2644 4422 :
2670 4370 2887 4426 tradidit
2915 4372 3058 4426 enim
3085 4372 3226 4426 Deus
3255 4371 3436 4442 [ναις.
3461 4371 3639 4426 Domi-

2043 4459 2165 4531 nus]
2209 4459 2263 4514 in
2307 4475 2500 4515 manus
2541 4461 2660 4532 ejus
2704 4462 2915 4517 Madian
2961 4474 3016 4519 et
3053 4464 3232 4517 omnia
3271 4470 3448 4517 castra
3499 4462 3640 4532 ejus.

2045 4553 2290 4622 Cumque
2333 4554 2574 4609 audisset
2616 4553 2835 4610 Gedeou
2879 4555 3174 4621 somnium,
3225 4567 3277 4610 et
3322 4555 3648 4624 interpreta~

340 4643 563 4698 locutus
601 4659 683 4705 es.
736 4645 994 4699 liberabis
1035 4645 1222 4700 Israel.
1258 4644 1596 4715 Factumque
1636 4654 1722 4700 est
1752 4647 1842 4698 ita.
1879 4644 1946 4699 Et
1974 4639 2025 4700 D
2049 4648 2251 4701 tionem
2285 4647 2425 4717 ejus,
2455 4647 2724 4716 adoravit,
2759 4659 2810 4702 et
2843 4663 3094 4704 reversus
3125 4649 3191 4703 ad
3230 4659 3405 4704 castra
3437 4648 3644 4718 Israel,

341 4738 414 4794 de
439 4747 602 4793 nocte
627 4753 982 4809 consurgens,
1010 4755 1269 4808 expresso
1293 4739 1514 4807 vellere,
1537 4738 1797 4795 concham
1825 4753 1945 4793 rore

339 4832 660 4903 complevit.
713 4833 958 4902 Dixitque
989 4847 1180 4887 rursus
1211 4833 1274 4887 ad
1309 4834 1474 4888 Deum
1518 4853 1530 4886 :
1575 4833 1652 4889 Ne
1683 4834 1946 4886 irascatur

344 4925 500 4982 furor
530 4939 654 4982 tuus
685 4936 873 5001 contra
903 4928 1087 5002 tne,.si
1116 4928 1293 4982 adhuc
1321 4929 1490 4983 semel
1520 4935 1801 4982 tentavero
1827 4967 1842 4992 ,
1875 4925 1949 4981 si-

344 5033 513 5086 gnum
545 5035 798 5090 quaerens
829 5021 879 5074 in
923 5020 1145 5076 vellere.
1179 5022 1310 5082 Oro,
1345 5029 1404 5074 ut
1438 5020 1613 5075 solum
1643 5019 1816 5074 vellus
1845 5020 1949 5074 sic-

345 5128 474 5169 cum
507 5115 602 5180 sit,
632 5124 684 5170 et
709 5117 888 5170 omnis
918 5124 1063 5170 terra
1093 5132 1214 5170 roro
1245 5115 1486 5170 madens.
1520 5115 1776 5185 Fecitque
1811 5117 1950 5170 Deus

349 5216 514 5262 nocte
548 5207 640 5261 illa
671 5218 724 5261 ut
750 5208 1139 5278 postulaverat,
1173 5215 1228 5262 et
1254 5207 1352 5262 fuit
1377 5209 1589 5262 siccitas
1614 5209 1667 5262 in
1695 5208 1816 5262 solo
1843 5209 1954 5262 vel-

351 5298 492 5366 lere,
523 5309 578 5354 et
610 5315 698 5354 ros
733 5299 787 5353 in
819 5300 966 5354 omni
999 5312 1166 5355 terra.

431 5391 583 5465 [ϐαρ.
615 5391 755 5470 γη]
787 5391 953 5464 Igitur
979 5393 1254 5462 Jerobaal,
1289 5395 1378 5461 qui
1408 5405 1459 5449 et
1484 5393 1729 5459 Gedeon,
1759 5393 1827 5448 de
1858 5408 1955 5448 no-

352 5492 444 5540 cte
473 5500 830 5557 consurgens,
873 5495 927 5540 et
962 5486 1138 5540 omnis
1167 5486 1392 5556 p0pulus
1421 5501 1541 5540 cum
1570 5499 1669 5552 eo,
1705 5483 1850 5540 venit
1888 5483 1958 5540 ad

357 5575 566 5632 fontem
596 5578 688 5648 qui
731 5591 952 5633 vocatur
980 5577 1184 5634 llarod.
1231 5577 1398 5632 Erant
1426 5587 1602 5632 autem
1634 5583 1815 5631 castra
1851 5575 1960 5631 Ma-

357 5670 489 5726 dian
508 5671 560 5726 in
582 5671 724 5728 valle
742 5672 807 5726 ad
829 5672 1305 5742 septentrionalem
1331 5671 1540 5742 plagam
1562 5669 1718 5724 collis
1735 5668 1957 5725 excelsi.

361 5761 618 5833 Dixitque
647 5763 910 5818 Domitius
939 5763 1003 5818 ad
1033 5765 1255 5820 Gedeou
1287 5781 1299 5818 :
1327 5764 1527 5818 multus
1561 5773 1733 5818 tecum
1763 5771 1844 5817 cst
1869 5775 1964 5830 po—

365 5855 545 5926 pulus,
575 5872 676 5913 nec
709 5858 950 5913 tradetur
981 5856 1192 5914 Madian
1224 5857 1278 5912 in
1302 5871 1492 5914 manus
1514 5856 1652 5926 ejus,
1680 5870 1748 5913 ne
1769 5854 1965 5926 glorie-

2050 4739 2154 4793 ait:
2180 4739 2416 4808 Surgite,
2447 4739 2667 4794 tradidit
2689 4739 2832 4794 enim
2857 4742 3114 4796 Dominus
3138 4741 3188 4796 in
3216 4756 3408 4795 manus
3431 4751 3647 4797 nostras

2051 4840 2228 4885 castra
2259 4830 2487 4885 Madian.
2517 4832 2814 4901 Divisitque
2835 4843 3108 4889 trecentos
3141 4835 3284 4890 viros
3305 4834 3362 4890 in
3389 4844 3501 4891 tres
3523 4847 3650 4906 par-

2049 4933 2152 4991 tes,
2204 4933 2259 4979 et
2295 4923 2446 4979 dedit
2488 4925 2644 4980 tubas
2680 4927 2732 4980 in
2761 4928 3014 4981 manibus
3057 4944 3270 4993 eorum,
3321 4929 3651 5000 lagenasque

2055 5030 2249 5071 vacuas
2276 5023 2340 5071 ac
2369 5017 2644 5087 lampadas
2667 5019 2720 5073 ιιι
2755 5019 2936 5074 medio
2964 5020 3301 5091 lagenarum.
3336 5022 3404 5076 Et
3425 5023 3563 5077 dixit
3583 5021 3652 5078 ad

2052 5121 2146 5163 eos
2178 5125 2188 5159 :
2219 5107 2372 5174 Quod
2400 5123 2486 5164 me
2514 5109 2693 5166 facere
2725 5111 2992 5178 videritis,
3021 5111 3123 5167 hoc
3153 5113 3309 5170 tacite
3335 5132 3348 5167 :
3381 5114 3658 5186 ingrediar

2055 5216 2138 5270 pat
2156 5210 2261 5257 tem
2290 5214 2616 5270 castrorum,
2649 5213 2701 5259 et
2729 5205 2872 5275 quod
2897 5205 3078 5262 fecero
3100 5208 3404 5262 sectamini.
3427 5209 3659 5277 Quando

2057 5294 2401 5363 personuerit
2433 5295 2554 5350 tuba
2588 5297 2640 5351 in
2674 5313 2834 5352 manu
2871 5314 3010 5366 mea,
3045 5316 3142 5355 vos
3171 5317 3394 5372 quoque
3423 5317 3518 5371 per
3543 5313 3662 5357 caa-

2062 5399 2266 5443 trorutn
2296 5390 2576 5445 circuitum
2611 5391 2846 5463 clangitc
2871 5402 2931 5448 et
2959 5395 3321 5462 conclamate,
3351 5396 3580 5450 Domino
3606 5402 3664 5450 et

2064 5482 2327 5538 Gedeoni.
2377 5484 2763 5555 Ingressusque
2797 5485 3044 5558 Gedeon,
3089 5500 3142 5544 et
3185 5489 3408 5545 trecenti
3440 5488 3537 5542 viri
3571 5487 3664 5557 qui

2065 5590 2216 5632 erant
2235 5593 2358 5633 cum
2387 5593 2473 5644 eo,
2497 5579 2552 5634 in
2577 5593 2785 5650 partem
2815 5594 3147 5652 castrorum,
3181 5582 3560 5653 incipientibus
3587 5581 3666 5635 vi-

2063 5669 2204 5739 giliis
2243 5671 2416 5726 noctis
2459 5673 2674 5740 mediae,
2704 5682 2759 5729 et
2793 5677 3110 5732 custodibus
3147 5677 3419 5731 suscitatis
3443 5719 3455 5739 ,
3487 5690 3669 5747 caspe-

2070 5774 2190 5818 runt
2223 5763 2467 5820 bnccinis
2496 5766 2772 5838 clangere,
2807 5779 2862 5824 et
2889 5768 3240 5838 complodere
3268 5769 3409 5824 inter
3438 5785 3496 5824 sc
3529 5767 3673 5842 lage-

2073 5870 2188 5912 nas.
2237 5853 2318 5929 [ϐ.
2357 5853 2596 5930 XXVI“
2629 5857 2877 5931 Cum
2906 5877 3005 5932 per
3041 5875 3236 5932 gyrum
3273 5872 3578 5920 castrorum
3621 5864 3677 5921 in
