3956 6338
496 260 606 320 519

1516 265 1576 324 S.
1618 264 2002 326 HIERONYMI
2042 266 2273 329 DIVINA
2316 268 2790 332 BIBLIOTHECA.

3665 296 3757 358 590

497 380 671 436 tribus
706 389 1065 451 personarent
1105 381 1260 452 locis,
1312 389 1368 440 et
1414 384 1635 458 hydrias
1679 386 2097 459 confregissent,
2127 395 2175 452 Α
2208 390 2271 444 ad
2320 392 2640 448 orientalem
2686 400 2897 462 partem
2950 391 3105 449 Nobe
3150 400 3206 450 et
3239 395 3462 469 Jegbaa,
3506 412 3757 474 percussit

499 484 793 531 tenuerunt
821 478 1058 533 sinistris
1087 479 1337 534 manibus
1368 481 1665 551 lampadas,
1704 490 1759 537 et
1784 482 1990 538 dextris
2014 499 2104 538 so-

2209 492 2386 538 castra
2430 482 2699 549 hostium,
2739 485 2830 556 qui
2863 486 3046 541 securi
3093 500 3275 556 erant,
3315 488 3368 546 et
3404 493 3531 549 nihil
3571 499 3757 558 adversi

499 579 695 625 nantes
742 569 918 638 tubas,
966 571 1486 643 clantaveruutquc:
1520 574 1746 631 Gladius
1792 576 2010 631 Domini
2049 586 2106 632 et
2205 575 2643 644 suspicabamur.
2677 575 3061 649 Fugeruutque
3085 579 3263 637 Zebcc
3285 583 3614 659 etSalmana,
3638 608 3756 661 quos

497 661 804 731 Gedeonis,
848 671 1057 722 stantes
1092 667 1287 737 singuli
1317 667 1370 723 in
1399 669 1518 723 loco
1552 682 1654 726 suo
1687 685 1783 741 per
1811 670 2099 728 circuitum

497 765 798 814 castrorum
840 758 1076 815 hostium
1104 760 1290 833 [ναις.
1329 761 1651 835 hostilium].
1692 765 1886 821 Omnia
1917 766 2099 837 itaque

493 862 675 907 castra
721 854 931 911 turbata
978 863 1126 924 sunt,
1176 864 1232 912 et
1275 856 1661 927 vociferantes,
1720 860 2098 932 ululantesque

489 944 784 1018 fugerunt,
852 959 906 1005 et
950 949 1305 1007 nihilominus
1352 952 1678 1009 insistebant
1728 956 1957 1011 trecenti
1999 956 2098 1011 viri

488 1038 738 1096 huccinis
771 1053 1144 1113 personantes.
1190 1043 1270 1117 [C.
1306 1045 1574 1119 XXVII1.]
1622 1048 1954 1121 lmmisitque
1990 1050 2096 1105 Do-

490 1136 671 1192 minus
694 1136 935 1208 gladium
968 1139 1020 1193 in
1043 1138 1296 1195 omnibus
1326 1141 1544 1209 castris,
1571 1150 1628 1198 et
1654 1151 1837 1198 mutua
1861 1158 1920 1198 se
1944 1142 2095 1199 caede

488 1235 832 1304 truncabant,
877 1235 1145 1307 fugientes
1176 1252 1349 1308 usque
1376 1236 1440 1292 ad
1475 1236 1790 1303 Beth-Seta,
1823 1247 1877 1293 et
1918 1237 2093 1308 crepi-

483 1324 666 1382 dinem
698 1327 1042 1384 Abel—Meula
1071 1328 1122 1384 in
1157 1329 1428 1385 Tebbatb.
1461 1330 1878 1387 Conclamantes
1907 1337 2088 1385 autem

483 1420 584 1475 viri
615 1419 784 1475 Israel
813 1420 883 1477 de
913 1420 1225 1493 Nepbtbali,
1259 1434 1315 1479 et
1339 1421 1482 1480 Aser
1506 1463 1521 1490 ,
1554 1434 1611 1479 et
1639 1424 1785 1478 omni
1818 1422 2087 1491 Manasse,

482 1516 952 1587 persequebantur
975 1516 1214 1572 Madian.
1248 1516 1505 1588 Misitque
1529 1516 1753 1574 Gedeon
1782 1517 2001 1572 nuntios
2033 1517 2086 1571 in

482 1622 701 1664 omnem
732 1619 969 1665 montem
995 1609 1272 1681 prraim,
1305 1611 1495 1667 dicens
1519 1627 1535 1669 :
1558 1611 1883 1667 Descendite
1917 1612 1967 1665 in
1996 1625 2085 1666 oc-

478 1715 698 1757 cursum
728 1702 962 1769 Madian,
995 1710 1051 1759 et
1079 1714 1343 1774 occupate
1378 1718 1545 1774 aquas
1572 1719 1747 1775 uSque
1771 1702 2081 1760 Beth-Bara

2204 682 2543 738 persequens
2593 669 2816 727 Gedeon
2868 674 3309 746 comprehendit,
3365 681 3569 738 turbato
3617 689 3747 742 omni

2202 760 2449 816 exercitu
2488 776 2701 818 eorum.
2750 763 3168 838 Revertensqtté
3207 768 3274 824 de
3316 769 3452 826 bello
3491 785 3606 831 ante
3643 779 3756 836 solis

2201 862 2405 920 ortum,
2440 853 2809 924 apprehendit
2846 872 3079 927 puerum
3122 860 3194 916 de
3236 862 3367 917 viris
3393 862 3612 924 Soccotb
3645 890 3655 923 :
3686 871 3758 928 in-

2201 947 2610 1017 terrogavitque
2652 965 2776 1003 eum
2822 952 3042 1005 nomina
3083 951 3384 1024 principum
3423 966 3474 1012 et
3509 961 3755 1021 seniorum

2197 1036 2459 1109 Soccoth,
2490 1051 2545 1095 et
2576 1041 2869 1113 descripsit
2891 1046 3232 1116 septuaginta
3256 1057 3454 1118 septem
3477 1052 3613 1111 viros
3635 1073 3646 1109 :
3667 1054 3758 1113 Ve-

2198 1133 2384 1204 nitque
2427 1134 2494 1189 ad
2534 1134 2793 1204 Soccoth,
2835 1145 2893 1191 et
2920 1136 3056 1192 dixit
3084 1138 3162 1194 eis
3198 1156 3212 1194 τ
3255 1140 3329 1194 Eu
3366 1140 3535 1199 Zebee
3563 1155 3613 1201 et
3649 1147 3751 1204 Sal-

2198 1241 2355 1281 tnaua
2377 1270 2392 1293 ,
2425 1243 2596 1301 super
2639 1229 2839 1300 quibus
2884 1232 3264 1302 exprobrastis
3306 1235 3463 1306 mihi,
3492 1238 3712 1298 dicentes
3741 1261 3753 1301 :

2194 1320 2446 1377 Forsitan
2490 1338 2687 1379 manus
2719 1323 2897 1381 Zebcc
2929 1334 2985 1381 et
3014 1327 3268 1385 Salmana
3308 1329 3359 1383 itt
3391 1333 3626 1389 manibus
3664 1338 3756 1392 tuis

2193 1422 2353 1481 sunt,
2398 1414 2469 1470 et
2503 1414 2709 1473 idcirco
2742 1419 2984 1487 postulas
3014 1430 3070 1474 ιιι
3110 1420 3306 1476 demus
3335 1423 3494 1493 viris,
3523 1428 3607 1493 qui
3646 1429 3754 1485 lassi

2191 1516 2318 1562 sunt
2347 1517 2401 1563 et
2429 1507 2779 1580 defecerunt,
2829 1527 3018 1583 panes.
3048 1513 3194 1569 Tulit
3221 1530 3351 1586 ergo
3384 1518 3617 1575 seniores
3641 1520 3754 1576 civi-

2193 1602 2320 1656 tatis
2355 1612 2410 1658 et
2439 1605 2624 1674 spinas
2653 1605 2857 1663 deserti
2901 1622 2964 1663 ac
2997 1608 3254 1679 tribulos,
3288 1619 3345 1668 et
3376 1613 3619 1669 contrivit
3643 1631 3749 1673 cum

2190 1693 2291 1760 eis,
2315 1705 2479 1765 atque
2502 1700 2822 1755 comminuit
2848 1701 2999 1757 viros
3021 1702 3283 1759 Soccotlt.
3307 1704 3536 1763 Turrcm
3562 1724 3754 1780 quoque

479 1804 644 1869 atque
692 1795 1004 1853 Iordanem.
1049 1797 1420 1869 Clamavitque
1459 1798 1636 1852 omnis
1691 1797 1974 1869 Ephraim,
2029 1805 2085 1852 et
2116 1783 2434 1846 BPhanueI
2485 1789 2787 1860 subvertit,
2841 1794 3039 1850 occisis
3087 1795 3483 1855 habitatoribus
3523 1801 3751 1859 civitatis.

481 1892 884 1962 praroccupavit
926 1907 1095 1963 aquas
1126 1907 1296 1962 usque
1336 1891 1639 1948 Betb-Bara
1681 1903 1844 1963 atque
1886 1892 2081 1948 Jurda-

476 1998 627 2039 nem.
661 1984 1153 2056 Apprehensosque
1184 1982 1324 2041 duos
1365 1985 1511 2041 viros
1554 1985 1801 2053 Madian,
1846 1984 1989 2041 Oreb
2028 1993 2083 2041 et

478 2073 613 2143 Zeb,
637 2075 910 2132 interfecit
936 2077 1080 2132 Oreb
1101 2076 1156 2131 in
1183 2077 1345 2134 Petra
1373 2078 1539 2144 Oreb,
1570 2076 1683 2134 Zeb
1706 2094 1839 2134 vero
1865 2079 1919 2133 in
1947 2078 2082 2133 Tor-

475 2168 645 2224 culari
691 2167 820 2225 Zeb.
865 2169 945 2241 [C.
991 2168 1214 2243 XXIX]
1257 2170 1323 2227 Et
1364 2172 1634 2241 persecuti
1673 2181 1801 2226 sunt
1841 2170 2075 2241 Madian,

474 2264 649 2333 capita
677 2263 822 2320 Oreb
848 2274 902 2320 et
930 2263 1041 2320 Zeb
1072 2273 1351 2336 portantes
1379 2264 1445 2321 ad
1474 2264 1698 2322 Gedeon
1732 2272 1761 2302 ι
1787 2264 1855 2321 de
1884 2274 2076 2321 contra

470 2355 677 2413 fluenta
703 2356 982 2413 Iordanis.

546 2449 697 2524 [Cap.
734 2450 893 2524 Vlll.]
939 2451 1314 2525 Dixeruntque
1354 2452 1421 2509 ad
1454 2467 1577 2509 eum
1625 2452 1729 2509 viri
1771 2444 2071 2523 Ephraim;

473 2541 615 2610 Quid
645 2552 728 2597 est
772 2541 879 2600 hoc
917 2543 1060 2615 quod
1098 2544 1280 2601 facere
1309 2543 1550 2613 voluisti,
1598 2554 1654 2599 ut
1700 2560 1808 2599 non
1852 2559 1951 2599 nos
1976 2559 2073 2600 vo-

470 2649 650 2705 cares,
678 2651 801 2692 cum
829 2637 896 2693 ad
930 2653 1167 2710 pugnam
1194 2653 1449 2711 pergeres
1469 2649 1657 2695 contra
1680 2639 1931 2695 Madian?
1962 2640 2072 2707 iur-

463 2737 654 2801 gantes
693 2730 929 2797 fortiter,
969 2740 1025 2787 et
1054 2747 1223 2803 prope
1251 2732 1360 2788 vim
1400 2732 1722 2789 inferentes.
1756 2732 1838 2805 [C.
1872 2732 2067 2805 XXX.j

466 2821 676 2889 Quibus
708 2823 798 2879 ille
823 2824 1107 2895 respondit
1133 2841 1148 2880 :
1180 2824 1320 2893 Quid
1346 2826 1493 2881 enim
1532 2825 1640 2880 tale
1683 2824 1861 2882 facere
1892 2826 2061 2896 potui,

465 2916 629 2985 quale
646 2930 743 2971 vos
759 2916 989 2972 fecistis?
1003 2918 1197 2974 Nonne
1212 2918 1408 2974 melior
1420 2928 1502 2975 est
1520 2934 1767 2976 racemus
1782 2918 2059 2989 Epliraim,

463 3008 758 3066 vindemiis
789 3010 1055 3067 Abiezer?
1086 3010 1147 3066 In
1176 3026 1369 3068 manus
1388 3020 1600 3068 vestras
1626 3011 1847 3066 tradidit
1882 3009 2065 3065 Domi-

464 3118 569 3158 nus
598 3103 875 3175 principcs
900 3103 1136 3170 Madian,
1163 3104 1309 3162 Oreb
1334 3116 1387 3162 et
1407 3106 1519 3163 Zeb
1543 3122 1558 3160 :
1590 3105 1718 3177 quid
1747 3105 1853 3161 tale
1885 3104 2061 3161 facere

2190 1882 2274 1955 [C.
2315 1880 2534 1954 XXXI.]
2564 1884 2817 1955 Dixitque
2853 1888 2920 1941 ad
2951 1887 3133 1944 Zebee
3159 1899 3216 1945 et
3244 1890 3495 1947 Salmana
3528 1912 3539 1946 :
3570 1893 3747 1961 Quales

2186 1975 2412 2032 fuerunt
2437 1978 2571 2044 viri,
2602 1994 2741 2050 quos
2763 1978 3039 2036 occidistis
3067 1981 3119 2036 in
3147 1981 3403 2039 Tbabor?
3427 1984 3521 2050 Qui
3552 2000 3751 2055 respon-

2184 2067 2383 2125 derunt
2417 2089 2428 2123 :
2453 2073 2659 2127 similes
2690 2073 2789 2138 tui,
2815 2083 2870 2129 et
2898 2090 3039 2130 unus
3059 2091 3127 2131 ex
3151 2077 3229 2131 eis
3250 2078 3408 2148 quasi
3441 2080 3573 2134 filius
3595 2082 3741 2151 regis.

2182 2163 2394 2229 Quibus
2425 2164 2518 2221 ille
2544 2166 2620 2220 ait
2649 2166 2834 2239 [Vulg].
2866 2162 3171 2242 reSpondit]
3206 2187 3220 2224 :
3256 2170 3476 2228 Fratres
3507 2174 3606 2229 mei
3643 2173 3747 2230 fue-

2179 2264 2330 2323 runt,
2360 2255 2456 2310 filii
2486 2258 2679 2313 matris
2711 2274 2866 2315 mete.
2909 2259 3055 2315 Vivit
3097 2261 3396 2332 Dominus,
3428 2266 3543 2337 quia
3581 2265 3621 2320 si
3650 2282 3750 2322 ser-

2178 2350 2414 2406 vassetis
2455 2366 2587 2419 eos,
2619 2367 2727 2407 non
2768 2368 2870 2409 vos
2914 2354 3245 2411 occiderem.
3304 2357 3547 2430 Dixitque
3581 2358 3747 2415 Jetlier

2178 2442 2546 2514 primogenito
2596 2459 2698 2501 suo
2731 2462 2745 2500 :
2778 2445 2980 2515 Surge,
3023 2457 3079 2504 et
3107 2448 3357 2506 interfice
3384 2466 3497 2507 eos.
3525 2451 3623 2521 Qui
3649 2467 3745 2509 non

2175 2535 2368 2591 eduxit
2405 2536 2641 2606 gladium
2678 2551 2693 2593 :
2737 2538 2962 2595 timebat
3005 2542 3174 2607 enim,
3233 2543 3363 2613 quia
3399 2544 3570 2601 adhuc
3614 2562 3736 2615 puer

2173 2637 2312 2683 erat.
2345 2628 2721 2701 Dixeruntque
2750 2630 2933 2688 Zebee
2964 2643 3019 2688 et
3049 2632 3311 2690 Salmana
3343 2654 3358 2690 :
3389 2637 3466 2692 Tu
3496 2653 3664 2709 surge,
3694 2649 3742 2694 et

2172 2721 2318 2777 irrue
2346 2721 2401 2777 in
2430 2737 2561 2790 nos,
2594 2725 2721 2793 quia
2756 2725 2911 2796 juxta
2951 2735 3166 2783 aetatem
3199 2729 3370 2786 robur
3395 2738 3479 2786 est
3503 2730 3737 2787 hominis.

2170 2812 2417 2870 Surrexit
2462 2815 2719 2884 Gedeon,
2769 2828 2823 2874 et
2864 2819 3140 2876 interfecit
3179 2821 3361 2880 Zebcc
3397 2834 3447 2880 et
3488 2825 3739 2892 Salmana,

2170 2910 2288 2965 tulit
2313 2920 2633 2967 ornamenta
2666 2929 2729 2968 ac
2758 2913 2971 2985 btﬂlas,
3002 2915 3199 2984 quibus
3221 2919 3363 2974 colla
3387 2920 3636 2991 regalium
3663 2935 3742 2975 ca-

2167 3004 2433 3059 melorum
2469 3004 2721 3060 decorari
2763 3008 2968 3077 solent.
3013 3007 3398 3083 Dixeruntque
3436 3027 3617 3068 omnes
3647 3011 3740 3067 viri

2165 3096 2326 3153 Israel
2352 3098 2417 3153 ad
2440 3098 2663 3156 Gedeon
2696 3119 2709 3157 :
2740 3101 3034 3159 Dominare
3059 3106 3232 3163 nostri
3259 3116 3341 3171 tu,
3368 3115 3425 3162 et
3446 3107 3581 3162 filius
3605 3117 3734 3173 tuus,

460 3196 634 3266 potui,
668 3196 830 3266 quale
877 3211 978 3252 vos
1018 3196 1268 3253 fecistis?
1297 3198 1453 3267 Quod
1494 3213 1616 3254 cum
1648 3199 1862 3254 locutus
1892 3208 2059 3267 esset,
2090 3178 2136 3243 C
2167 3204 2220 3247 et
2258 3192 2400 3247 Illius
2429 3192 2523 3247 tibi
2558 3194 2655 3262 tui,
2686 3196 2808 3264 quia
2854 3194 3100 3252 liberasti
3140 3212 3239 3253 nos
3279 3199 3349 3255 de
3387 3215 3544 3254 manu
3570 3196 3739 3271 [γυῖα.

461 3290 729 3362 requievit
756 3291 980 3363 spiritus
1009 3307 1221 3360 eorum,
1247 3308 1355 3363 quo
1385 3292 1664 3348 tumebant
1688 3303 1884 3348 contra
1911 3308 2058 3349 eum.

460 3383 704 3456 Cumque
730 3386 972 3442 venisset
990 3385 1213 3442 Gedeon
1234 3384 1302 3441 ad
1321 3384 1636 3453 Iordanem,
1660 3387 1914 3441 transivit
1933 3400 2058 3441 eum

460 3493 582 3535 cum
616 3482 872 3537 trecentis
901 3481 1050 3549 viris,
1080 3482 1172 3551 qui
1201 3495 1386 3537 secum
1413 3489 1591 3547 erant,
1620 3491 1675 3538 et
1706 3496 1818 3552 pra:
1847 3481 2059 3538 lassitu-

460 3574 621 3644 dine,
664 3575 929 3645 fugientes
956 3576 1211 3646 persequi
1242 3591 1352 3631 non
1391 3584 1664 3646 poterant.
1709 3576 1958 3647 Dixitque
1992 3576 2059 3632 ad

463 3666 615 3722 viros
636 3667 867 3724 Soccodt
895 3684 907 3720 :
931 3667 1086 3738 Date,
1112 3668 1359 3736 obsecro,
1387 3684 1556 3739 panes
1580 3669 1802 3738 populo,
1830 3670 1919 3740 qui
1948 3685 2060 3725 me-

460 3774 583 3815 cum
614 3768 719 3828 est,
749 3758 874 3830 quia
904 3759 1066 3815 valde
1093 3758 1447 3828 defecerunt,
1478 3770 1534 3815 ut
1579 3761 1844 3831 possimus
1874 3776 2059 3831 persc-

458 3852 551 3922 qui
579 3851 754 3908 Zebcc
780 3861 835 3908 et
862 3850 1153 3919 Salmana,
1186 3867 1342 3924 reges
1378 3852 1611 3909 Madian.
1644 3852 2059 3924 Respoiiderunt

457 3946 734 4016 principes
773 3944 1012 4002 Soccoth
1042 3943 1327 4001 :Forsitau
1370 3946 1562 4014 palmae
1602 3962 1856 4002 manuum
1884 3946 2058 4003 Zebee

457 4046 515 4093 et
559 4036 810 4092 Salmana
856 4037 912 4091 in
964 4051 1129 4091 manu
1177 4049 1263 4091 tua
1306 4046 1451 4102 sunt,
1485 4046 1540 4093 et
1570 4037 1771 4093 idcirco
1818 4039 2057 4109 postulas

457 4140 518 4187 ut
541 4131 732 4188 demus
763 4131 1025 4187 exercitui
1063 4140 1153 4187 tuo
1181 4145 1369 4203 panes.
1404 4131 1611 4199 Quibus
1641 4132 1735 4191 ille
1769 4134 1843 4187 ait
1874 4150 1888 4188 :
1921 4134 2056 4188 Cum

457 4240 589 4297 ergo
618 4223 904 4282 tradiderit
927 4225 1191 4282 Dominus
1218 4223 1397 4280 Zebee
1423 4232 1480 4280 et
1507 4225 1759 4280 Salmana
1792 4226 1844 4280 in
1868 4239 2058 4281 manus

372 4352 375 4353 ν
459 4337 632 4389 meas,
660 4331 944 4377 conteram
981 4334 1172 4376 carnes
1201 4328 1419 4375 vestras
1457 4335 1578 4375 cum
1616 4320 1787 4389 spinis
1813 4319 2057 4375 tribulis—

454 4429 562 4484 que
591 4413 815 4470 deserti.
842 4414 908 4469 Et
934 4412 1062 4469 inde
1089 4411 1493 4478 conscendens,
1513 4412 1663 4468 venit
1691 4412 1743 4469 in
1770 4411 2012 4468 Phanuel
2040 4430 2052 4466 :

452 4506 780 4580 loeutusque
800 4519 885 4565 est
910 4508 976 4562 ad
1002 4506 1147 4563 viros
1172 4507 1291 4577 ejus
1319 4507 1425 4563 loci
1461 4507 1681 4562 similia.
1711 4508 1810 4563 Cui
1852 4508 1927 4563 illi
1967 4525 2053 4563 re-

462 4602 820 4673 spenderunt,
852 4601 996 4657 sicut
1040 4600 1437 4671 responderant
1474 4600 1577 4656 viri
1619 4599 1874 4658 Soccoth.
1908 4600 2050 4657 Dixit

452 4695 635 4767 itaque
670 4705 725 4751 et
759 4695 840 4751 eis
871 4713 884 4749 :
919 4695 1052 4751 Cum
1094 4709 1349 4750 reversus
1389 4692 1543 4749 fuero
1581 4693 1756 4749 victor
1792 4696 1845 4749 in
1886 4709 2041 4764 pace,

453 4786 733 4843 destruam
757 4795 962 4843 turrem
993 4788 1153 4842 hanc.
1184 4785 1363 4841 Zebee
1391 4793 1575 4841 autem
1603 4796 1656 4841 et
1675 4781 1933 4843 Salmana
1960 4801 2046 4841 re-

449 4879 804 4953 quiescebant
824 4895 947 4936 cum
973 4881 1123 4936 omni
1151 4879 1397 4936 exercitu
1420 4896 1537 4936 suo.
1563 4879 1879 4947 Quindecim
1900 4880 2043 4936 enim

447 4976 623 5034 millia
653 4978 757 5031 viri
789 4983 1170 5033 remanserant
1199 4992 1267 5032 ex
1296 4975 1554 5031 omnibus
1583 4977 1775 5031 turmis
1802 4977 2044 5032 orienta-

448 5072 583 5128 lium
613 5069 963 5141 populorum,
1006 5070 1167 5127 cmsis
1198 5079 1416 5127 centum
1443 5068 1629 5141 viginti
1660 5070 1899 5125 millibus
1929 5069 2046 5125 bel-

452 5163 688 5220 latorum
716 5172 773 5218 et
802 5162 1149 5219 educentium
1180 5162 1439 5234 gladium.
1482 5162 1905 5232 Ascendensque
1934 5163 2040 5218 Ge-

448 5255 591 5312 deon
610 5269 707 5327 per
723 5254 867 5310 viam
883 5270 1072 5310 eorum
1095 5256 1185 5327 qui
1210 5256 1263 5311 in
1280 5253 1645 5311 tabernaculis
1667 5254 2037 5321 morabantur,

523 5378 550 5407 ⁸
579 5368 638 5426 In
671 5367 902 5425 ﬂebrtco
950 5378 1034 5423 est
1072 5351 1227 5457 frti")
1270 5379 1461 5435 nam.
1496 5384 1690 5422 nteever
1728 5367 2038 5441 Laijarden,

445 5462 589 5536 quod
622 5461 1108 5537 Septuagintae’t‘tro
1134 5461 1292 5537 πέρᾳν
1319 5467 1408 5515 τοῦ
1429 5459 1702 5537 Ἰορδὸςεξου,
1753 5463 1865 5537 sive
1891 5468 1953 5515 ut
1987 5460 2039 5537 in

447 5530 555 5593 llis.
589 5530 957 5611 Alexandrino
982 5532 1035 5587 ἐκ
1061 5538 1152 5588 τοῦ
1172 5530 1337 5611 3':th
1360 5539 1453 5611 tot":
1474 5530 1739 5611 Ἰορδάνου,
1766 5530 1818 5586 id
1842 5540 1949 5611 est,
1974 5532 2040 5586 de

447 5617 594 5663 trans
615 5605 925 5666 Iordanem,
955 5603 1366 5658 transtulerunt.
1390 5603 1602 5668 Cano'n,
1632 5613 1812 5657 contra
1836 5605 2035 5674 ﬂuenta

447 5679 721 5734 Jordam’s.
769 5676 839 5731 At
878 5675 1242 5749 Hieronymus
1268 5676 1613 5749 particulam
1654 5676 2033 5749 de__supplen-

449 5754 571 5805 tlam
602 5749 812 5804 monuit
839 5764 936 5801 uos-
960 5746 1052 5801 lih.
1081 5742 1149 5800 de
1178 5742 1313 5798 locis
1342 5742 1620 5802 Hebraicis
1651 5763 1664 5799 :
1696 5742 1920 5814 Meeber,
1950 5749 2031 5801 in-

448 5834 584 5893 qutt,
614 5838 708 5892 pro
738 5838 843 5892 quo
879 5818 1065 5890 Aquila
1106 5814 1395 5887 transtulit,
1433 5818 1534 5876 ἀπὸ
1558 5819 1753 5893 stipata;
1784 5816 2032 5889 Symma-

2166 3296 2296 3342 tacet
2323 3286 2513 3359 manu]
2537 3287 2767 3342 Madian.
2801 3288 3013 3357 Quibus
3039 3290 3130 3345 ille
3157 3292 3234 3346 ait
3266 3309 3279 3345 :
3307 3292 3425 3347 Non
3447 3292 3740 3346 dominabor

2168 3383 2358 3451 vestri,
2393 3399 2492 3439 nec
2523 3383 2894 3440 dominabitur
2936 3386 2991 3439 in
3028 3401 3127 3441 vos
3157 3387 3303 3441 filius
3335 3403 3507 3455 meus,
3541 3386 3628 3442 sed
3654 3385 3740 3441 do.

2163 3479 2461 3535 minabitur
2484 3480 2765 3535 Dominus.
2802 3480 3056 3552 Dixitque
3077 3482 3145 3537 ad
3169 3498 3267 3538 eos
3300 3500 3314 3537 :
3344 3482 3511 3539 Unam
3549 3479 3741 3551 petitio-

2163 3589 2284 3628 nem
2299 3573 2556 3644 postuloa
2572 3574 2743 3631 vobis:
2760 3575 2892 3631 Date
2904 3576 3034 3632 mihi
3050 3578 3266 3633 inaures
3279 3594 3351 3635 ex
3368 3577 3543 3649 praeda
3556 3586 3738 3632 vestra.

2161 3664 2383 3722 Inaures
2406 3667 2550 3723 enim
2572 3682 2767 3723 aureas
2791 3667 3075 3726 lsntaelitte
3103 3670 3312 3727 habere
3342 3676 3737 3741 consueverant.

2159 3760 2261 3828 Qui
2286 3762 2682 3832 responderunt
2701 3779 2713 3815 :
2730 3761 3116 3818 Libentissime
3144 3763 3421 3819 dabimus.
3447 3761 3741 3834 Expanden-

2161 3864 2351 3927 tesque
2362 3872 2523 3926 super
2540 3866 2741 3913 terram
2756 3856 3003 3927 pallium,
3024 3860 3378 3927 proiecerunt
3394 3857 3447 3913 in
3461 3873 3524 3913 eo
3538 3857 3737 3912 inaures

2160 3950 2226 4005 de
2242 3949 2443 4019 prmda,
2460 3949 2627 4004 ctfuit
2646 3950 2858 4019 pondus
2872 3950 3267 4021 postulatarum
3288 3952 3580 4017 inaurium,
3605 3945 3740 4002 mille

2158 4044 2482 4115 septingenti
2509 4043 2629 4098 auri
2658 4042 2803 4109 sicli,
2841 4045 3048 4114 absque
3085 4045 3451 4109 ornamentis,
3486 4053 3539 4098 et
3575 4039 3738 4096 moni-

2159 4136 2321 4207 libus,
2352 4148 2411 4193 et
2448 4146 2600 4193 veste
2648 4151 2923 4207 purpurea
2944 4177 2959 4204 ,
3005 4137 3204 4208 quibus
3246 4137 3461 4193 Madian
3493 4150 3643 4207 reges
3670 4130 3739 4187 uti

2157 4227 2301 4283 soliti
2332 4238 2519 4295 erant,
2568 4235 2623 4284 et
2659 4240 2859 4299 printer
2898 4237 3121 4298 torques
3168 4243 3366 4284 aureas
3401 4227 3736 4284 camelorum.

2157 4319 2421 4390 Fecitque
2441 4336 2509 4376 ex
2533 4336 2600 4377 eo
2629 4320 2853 4376 Gedeon
2883 4320 3089 4391 ephod,
3117 4332 3171 4376 et
3204 4324 3392 4391 posuit
3425 4321 3555 4377 illttd
3586 4322 3637 4376 in
3672 4316 3742 4373 ci-

2155 4412 2327 4467 vitate
2354 4426 2450 4467 sua
2480 4411 2683 4482 Epltra.
2716 4412 3153 4484 Fornicatttsque
3183 4422 3271 4469 est
3292 4413 3479 4469 omnis
3510 4410 3664 4468 Israel
3692 4411 3739 4465 in

2157 4520 2245 4573 θον
2277 4515 2332 4560 et
2378 4504 2577 4561 factum
2625 4514 2714 4562 est
2757 4505 3004 4563 Gedeoni
3048 4516 3102 4562 et
3142 4509 3295 4563 omni
3339 4507 3528 4563 domui
3554 4506 3667 4577 ejus
3693 4506 3741 4559 in

2081 4566 2129 4626 θ
2154 4602 2389 4656 ruinam.
2440 4599 2766 4656 llumiliatus
2803 4610 2891 4656 est
2933 4611 3118 4656 autem
3162 4600 3382 4656 Madian
3415 4614 3601 4656 coram
3631 4598 3741 4652 filiis

2153 4692 2357 4760 Israel,
2412 4707 2514 4748 nec
2566 4701 2861 4763 potuerunt
2893 4693 3034 4748 ultra
3079 4692 3299 4750 elevare
3348 4692 3624 4758 cervices,
3654 4686 3741 4744 sed

2153 4788 2363 4860 quievit
2396 4797 2544 4845 terra
2572 4804 2669 4857 per
2696 4789 3055 4861 quadraginta
3082 4805 3277 4858 annos,
3304 4791 3507 4861 quibus
3540 4785 3745 4860 praefuit

2152 4882 2401 4939 Gedeon.
2444 4882 2526 4955 [Β.
2557 4881 2674 4955 XI].
2704 4882 2855 4938 Abiit
2883 4884 3067 4956 itaque
3103 4883 3386 4954 Jerobaal,
3422 4883 3565 4939 filius
3602 4881 3740 4946 leas,

2151 4985 2207 5031 et
2237 4975 2498 5030 habitavit
2547 4975 2601 5030 in
2644 4975 2808 5032 domo
2849 4990 2945 5031 sua
2994 4991 3010 5030 :
3058 4975 3361 5046 habuitque
3413 4973 3740 5046 septuaginta

2152 5067 2316 5133 ﬁlios,
2343 5068 2436 5137 qui
2465 5068 2675 5139 egressi
2713 5076 2841 5123 sunt
2863 5068 2932 5125 de
2972 5069 3174 5124 femore
3197 5068 3338 5139 ejus,
3366 5082 3436 5124 eo
3467 5066 3607 5139 quod
3634 5064 3742 5136 plu-

2149 5176 2240 5216 res
2271 5161 2497 5218 haberet
2538 5177 2760 5219 uxores.
2807 5163 3125 5219 Concubina
3160 5174 3342 5219 autem
3378 5163 3556 5230 illius,
3589 5174 3740 5232 quam

2147 5253 2384 5310 habebat
2415 5256 2468 5310 in
2504 5254 2749 5324 Sichetn,
2781 5256 2969 5326 genuit
2996 5256 3051 5312 ei
3080 5255 3250 5311 filium
3281 5255 3505 5312 nomine
3528 5253 3741 5311 Abime-

2150 5368 2273 5423 chus
2295 5371 2593 5437 ἐξεναντίας,
2625 5367 2794 5436 idest,
2825 5378 2993 5437 trans,
3026 5368 3107 5424 vel
3142 5370 3205 5423 de
3234 5380 3442 5425 contra.
3478 5367 3586 5423 Alii
3618 5378 3738 5421 mss.

2150 5441 2443 5495 Bibliorum
2465 5443 2668 5511 legunt,
2697 5451 2861 5496 trans.
2897 5441 3076 5497 Man'r.

2216 5562 2290 5573 ——
2317 5532 2499 5589 Nostri
2533 5549 2690 5601 mss.,
2726 5533 2795 5587 ad
2836 5531 3047 5606 Gedeon
3085 5536 3432 5606 trausﬂuenta
3473 5527 3738 5606 Iordanis.

2144 5602 2282 5660 Illud
2304 5606 2368 5659 de
2391 5615 2571 5660 contra
2596 5606 2833 5674 pressius
2853 5605 3025 5660 haeret
3052 5602 3281 5661 Hebraeo
3300 5615 3499 5670 nam,
3521 5602 3745 5657 videtur.-

2142 5691 2247 5745 que
2280 5682 2394 5746 ipse
2426 5678 2787 5747 Hieronymus
2816 5677 3217 5748 postgAquilam
3252 5685 3318 5748 et
3357 5674 3740 5748 Symmachum

2167 5742 2401 5873 ilroba'sse
2440 5748 2536 5802 lib.
2567 5742 2648 5803 de'
2667 5742 2847 5817 Locis,
2892 5746 2959 5804 ad
3002 5742 3191 5805 v'ocem
3237 5742 3466 5813 Mcebér,
3510 5742 3650 5815 quod
3692 5749 3745 5795 ct

2167 5828 2386 5873 tartian.
2419 5830 2588 5873 notat.

2191 5828 2386 5875 artian.
2419 5830 2588 5876 notat.
