4098 6366
316 279 420 339 59.1

1679 284 1883 341 LIBER
1921 282 2239 347 JUDICUM.

3500 300 3605 357 522

319 393 464 453 lech.
500 394 853 467 Mortuusque
879 404 965 453 est
984 399 1206 455 Gedeon
1230 398 1372 455 ﬁlius
1394 399 1525 455 .loas
1554 400 1605 454 in
1634 408 1912 455 senectute
1938 400 1986 459 A
2014 416 2132 471 gem
2157 405 2471 466 Abimelech
2496 410 2664 465 filium
2688 409 2903 465 ancillae
2936 410 3053 481 ejus
3079 426 3241 483 super
3273 414 3606 474 habitatores

314 488 477 557 bona,
499 500 554 546 et
578 492 826 560 sepultus
849 491 902 545 in
918 492 1175 561 sepulcro
1200 491 1327 548 Joas
1356 493 1524 563 patris
1546 494 1626 548 sui
1652 492 1704 547 in
1734 492 1913 564 Ephra

312 580 383 638 de
412 582 619 637 familia
670 582 815 638 Ezri.
852 583 938 654 [Τ.
971 582 1059 657 V.]
1102 584 1397 655 Postquam
1443 595 1622 641 autem
1665 593 1912 641 mortuus

2018 496 2259 564 Sichem,
2291 517 2357 558 eo
2386 503 2531 574 quod
2571 503 2743 558 frater
2786 511 2966 559 vester
2997 505 3070 560 sit
3102 522 3114 558 :
3144 506 3187 561 si
3218 521 3346 577 ergo
3374 521 3521 566 recte
3552 522 3608 567 et

2014 592 2220 662 absque
2256 596 2386 651 vitio
2430 597 2620 668 egistis
2667 612 2791 653 cum
2836 596 3127 666 Jerobaal,
3171 608 3226 655 et
3262 598 3429 655 domo
3469 603 3608 673 ejus,

314 687 402 733 est
425 677 674 745 Gedeon,
702 678 885 734 aversi
915 689 1041 734 sunt
1069 679 1174 735 ﬁlii
1208 679 1399 744 Israel,
1432 691 1487 736 et
1519 679 1767 735 fornicati
1790 687 1917 734 sunt
2018 682 2182 740 hodie
2212 685 2466 744 laetemini
2501 690 2551 744 in
2588 688 2939 759 Abimelech,
2982 700 3035 745 et
3066 690 3157 746 ille
3189 691 3399 748 Imtetur
3427 695 3479 750 in
3510 712 3608 751 vo-

314 785 440 826 cum
473 771 702 825 Baalim.
743 771 1256 843 Percusseruntquc
1292 788 1417 828 cum
1446 774 1574 829 Baal
1620 773 1828 837 foedus,
1855 781 1913 827 ut

312 874 464 921 esset
492 863 575 920 eis
606 864 662 920 in
692 863 851 920 deum
878 907 893 933 ,
937 881 1039 922 nec
1078 866 1358 922 recordati
1404 875 1532 923 sunt
1563 867 1775 923 Domini
1817 867 1914 923 Dei

318 959 423 1023 sui,
462 958 553 1028 qui
576 957 720 1014 eruit
748 972 844 1015 eos
878 958 948 1014 de
986 960 1242 1015 manibus
1279 960 1527 1015 omnium
1567 961 1910 1015 inimicorum

312 1066 543 1109 suorum
577 1068 678 1122 per
706 1052 1019 1120 circuitum,
1052 1070 1155 1111 nec
1197 1054 1443 1111 fecerunt
1481 1056 1910 1112 misericordiam

313 1161 437 1202 cum
463 1146 630 1201 domo
656 1146 916 1203 Jerobaal
940 1147 1190 1215 Gedeon,
1218 1148 1370 1219 juxta
1401 1150 1585 1206 omnia
1630 1149 1769 1205 bona
1791 1164 1912 1219 qua:

314 1242 523 1297 fecerat
555 1242 758 1297 lsraeli.

316 1374 319 1383 π
393 1332 475 1405 [Ο.
508 1333 727 1403 XXXII,
749 1334 878 1406 Cap.
905 1333 1023 1407 IX]
1049 1336 1197 1392 Abiit
1220 1347 1401 1392 autem
1430 1337 1751 1393 Abimelech
1771 1336 1914 1391 ﬁlius

316 1426 577 1483 Jerobaal
614 1428 668 1482 in
704 1428 925 1485 Sichem
959 1429 1025 1484 ad
1057 1429 1257 1486 fratres
1288 1432 1478 1486 matris
1507 1447 1642 1498 suae,
1681 1439 1735 1486 et
1766 1430 1913 1485 locu—

320 1529 411 1575 tus
440 1530 527 1576 est
568 1520 634 1576 ad
673 1536 801 1589 eos,
834 1528 890 1577 et
928 1522 995 1577 ad
1039 1537 1256 1578 omnem
1300 1524 1678 1593 cognationem
1721 1522 1914 1577 domus

318 1614 493 1685 patris
521 1615 714 1670 matris
738 1630 881 1681 suas,
917 1615 1104 1673 dicens
1137 1632 1152 1671 :
1186 1617 1493 1687 Loquimini
1524 1618 1593 1672 ad
1615 1633 1807 1693 omnes
1836 1617 1915 1673 vi-

319 1721 415 1763 ros
441 1707 658 1763 Sichem
697 1708 878 1776 :Quid
911 1709 1066 1764 vobis
1103 1719 1189 1765 est
1214 1712 1430 1777 melius,
1462 1719 1522 1765 ut
1560 1710 1913 1767 dominentur

2016 776 2122 833 bis.
2148 779 2240 836 Sin
2267 794 2447 840 autem
2479 800 2756 855 perverse,
2791 786 3103 858 egrediatur
3150 790 3290 860 ignis
3327 807 3392 846 ex
3428 806 3525 858 eo,
3552 802 3610 849 et

2015 886 2300 932 consumat
2347 878 2683 936 habitatores
2714 880 2929 937 Sichem
2961 924 2975 947 ,
3020 894 3075 939 et
3117 885 3375 954 oppidum
3408 886 3565 942 Mello
3589 929 3605 954 ,

2016 968 2434 1040 egrediaturque
2463 972 2600 1044 ignis
2649 973 2721 1030 de
2749 974 2881 1029 viris
2913 975 3129 1033 Sichem
3157 1019 3173 1045 ,
3212 987 3267 1034 et
3308 979 3377 1035 de
3406 980 3607 1050 oppido

2014 1056 2202 1130 Mello,
2247 1071 2303 1118 et
2347 1063 2575 1120 devoret
2615 1064 2956 1124 Abimelech.
3004 1069 3133 1137 Quae
3180 1085 3303 1126 cum
3346 1072 3607 1140 dixisset,

2016 1152 2150 1225 fugit
2172 1167 2227 1211 ct
2266 1157 2403 1212 abiit
2431 1158 2482 1213 in
2507 1159 2642 1215 Bera
2676 1179 2686 1214 :
2719 1160 3089 1233 habitavitque
3120 1163 3192 1220 ibi
3217 1176 3364 1220 metu
3388 1167 3608 1224 Abime-

2016 1246 2135 1303 lech
2169 1248 2354 1306 fratris
2399 1252 2506 1307 sui.
2544 1253 2805 1324 Regnavit
2853 1256 3036 1326 itaque
3076 1256 3395 1315 Abimelech
3440 1277 3606 1333 super

2014 1339 2177 1395 Israel
2211 1342 2381 1399 tribus
2427 1346 2609 1402 annis.
2641 1346 2892 1417 Misitque
2918 1349 3176 1405 Dominus
3202 1351 3459 1421 spiritum
3488 1370 3611 1422 pes-

2014 1432 2211 1487 simum
2254 1434 2398 1490 inter
2426 1436 2747 1494 Abimelech
2769 1449 2825 1495 et
2856 1441 3189 1498 habitatores
3230 1443 3445 1500 Sichem
3468 1488 3482 1514 ,
3515 1448 3605 1516 qui

2015 1535 2305 1595 creperum
2333 1544 2454 1583 eum
2487 1530 2769 1599 detestari,
2805 1541 2860 1588 et
2885 1536 3059 1589 scelus
3100 1537 3495 1593 interfectionis
3523 1555 3611 1595 se-

2016 1620 2294 1689 ptuaginta
2331 1620 2568 1678 ﬁliorum
2591 1623 2872 1693 Jerobaal,
2908 1634 2962 1679 ct
2991 1626 3313 1682 effusionem
3337 1632 3614 1701 sanguinis

2016 1727 2206 1768 eorum
2253 1714 2507 1772 conferre
2545 1717 2595 1771 in
2637 1717 2953 1773 Abimelech
2984 1718 3207 1776 fratrem
3249 1736 3436 1791 suum,
3468 1734 3523 1779 et
3556 1726 3610 1780 in

318 1798 494 1856 vestri
536 1800 881 1871 septuaginta
924 1801 1029 1856 viri
1064 1817 1254 1858 omnes
1295 1802 1393 1857 ﬁlii
1433 1803 1722 1870 Jerobaal,
1756 1819 1823 1858 an
1855 1812 1913 1859 ut
1944 1791 1993 1853 B
2018 1815 2247 1862 caeteros
2273 1806 2638 1864 Sichimorum
2666 1810 2968 1880 principes,
2996 1812 3088 1883 qui
3116 1829 3237 1868 eum
3268 1814 3608 1885 adiuverant.

321 1892 630 1950 dominetur
665 1894 820 1950 vobis
863 1910 1002 1951 unus
1044 1896 1174 1950 vir?
1208 1896 1476 1967 simulque
1532 1896 1909 1963 considerate,

320 1987 445 2057 quia
479 2002 538 2042 os
573 1997 813 2043 vestrum
845 1998 898 2044 et
934 2003 1064 2045 caro
1088 1997 1267 2044 vestra
1296 2006 1438 2045 sum.
1462 1988 1759 2059 Locutique
1790 1998 1916 2045 sunt

313 2083 525 2141 fratres
564 2085 755 2139 matris
799 2084 916 2154 ejus
945 2084 1017 2141 de
1066 2100 1135 2141 eo
1166 2086 1233 2141 ad
1276 2099 1468 2141 omnes
1506 2087 1651 2141 viros
1692 2084 1911 2141 Sichem

318 2179 610 2235 universos
666 2192 951 2235 sermones
1020 2181 1196 2245 istos,
1255 2189 1310 2234 et
1368 2178 1772 2234 inclinaverunt
1818 2192 1913 2233 cor

310 2290 505 2332 eorum
534 2282 659 2345 post
686 2273 996 2341 Abimelcc,
1031 2274 1279 2329 dicentes
1308 2291 1320 2327 :
1355 2272 1548 2331 Frater
1588 2280 1777 2329 noster
1803 2282 1906 2328 est.

311 2370 706 2440 Dederuntque
737 2369 815 2424 illi
846 2370 1195 2439 septuaginta
1222 2368 1406 2439 pondo
1443 2369 1650 2439 argenti
1680 2367 1749 2423 de
1786 2366 1913 2421 fano

311 2459 687 2517 Baal-Bcrith.
729 2460 833 2529 Qui
855 2459 1120 2515 conduxit
1145 2460 1247 2515 sibi
1280 2475 1351 2516 ex
1377 2474 1444 2515 eo
1462 2461 1609 2514 viros
1639 2461 1829 2528 inopes
1858 2464 1916 2514 et

314 2568 510 2625 vagos,
536 2552 826 2623 secutique
850 2562 973 2608 sunt
1012 2568 1159 2609 eum.
1195 2551 1264 2607 Et
1298 2552 1447 2607 venit
1484 2552 1536 2605 in
1566 2551 1784 2607 domum
1819 2566 1915 2621 pa-

309 2646 418 2701 tris
452 2646 537 2700 sui
569 2647 622 2700 in
644 2645 852 2717 Ephra,
886 2653 943 2702 et
971 2644 1172 2701 occidit
1202 2645 1400 2701 fratres
1427 2659 1558 2700 suos
1585 2643 1727 2699 ﬁlios
1757 2646 1915 2700 Jero-

308 2735 435 2793 baal
461 2738 806 2808 septuaginta
830 2736 1002 2803 viros,
1026 2751 1191 2806 super
1214 2734 1449 2805 lapidem
1477 2751 1671 2805 unum,
1696 2750 1915 2791 reman-

307 2827 499 2899 sitque
531 2828 783 2883 Joatham
818 2828 962 2884 ﬁlius
988 2828 1245 2884 .lerobaal
1279 2828 1567 2894 minimus,
1597 2839 1650 2883 et
1679 2827 1914 2883 abscon-

308 2920 469 2977 ditus
494 2932 598 2977 est.
626 2920 952 2993 Congregati
978 2929 1105 2977 sunt
1129 2930 1312 2976 autem
1331 2935 1519 2977 omnes
1547 2919 1652 2974 viri
1674 2920 1912 2985 Sichem,

311 3022 374 3071 et
428 3015 701 3070 universae
741 3015 961 3069 familiae
1006 3014 1159 3070 urbis
1200 3014 1359 3070 Mello
1401 3032 1415 3069 :
1462 3014 1825 3085 abieruntque
1861 3022 1916 3069 et

314 3108 730 3165 constituerunt
751 3124 936 3181 regem
959 3108 1301 3178 Abimelech,
1323 3108 1480 3180 juxta
1505 3124 1769 3180 quercum
1793 3123 1914 3179 qua:

2017 1898 2435 1972 Posueruntque
2474 1902 2701 1959 insidias
2752 1904 3019 1960 adversus
3064 1921 3189 1962 eum
3240 1908 3295 1962 in
3345 1910 3608 1965 montium

2016 1995 2349 2063 summitate,
2384 2006 2437 2052 et
2466 1997 2594 2051 dum
2636 1997 2787 2065 illius
2819 2001 3264 2068 praestolarentur
3292 2001 3609 2072 adventum,

2016 2088 2341 2144 exercebant
2364 2089 2668 2161 latrocinia,
2698 2101 2920 2162 agentes
2942 2094 3159 2163 praedas
3182 2093 3251 2150 de
3279 2104 3615 2165 praetereun—

2017 2180 2181 2237 tibus.
2231 2180 2660 2256 Nuntiatumque
2710 2196 2796 2241 est
2844 2187 3185 2245 Abimelech.
3230 2189 3394 2245 Venit
3431 2201 3609 2247 autem

2014 2272 2146 2329 Gaal
2175 2274 2316 2329 ﬁlius
2359 2275 2508 2332 Ebed
2538 2292 2659 2332 cum
2691 2278 2947 2336 fratribus
2976 2283 3124 2349 suis,
3172 2292 3229 2339 et
3271 2286 3528 2341 transivit
3556 2287 3609 2342 in

2014 2367 2331 2424 Sichimam.
2358 2371 2438 2425 Ad
2468 2372 2627 2440 cujus
2642 2373 2933 2430 adventum
2963 2377 3132 2433 erecti
3166 2377 3498 2436 habitatores
3528 2380 3614 2436 Si-

2015 2462 2197 2531 chem,
2229 2466 2435 2535 egressi
2465 2474 2597 2521 sunt
2624 2467 2676 2521 in
2700 2482 2882 2539 agros,
2914 2480 3192 2529 vastantes
3218 2474 3427 2543 vineas,
3452 2491 3613 2532 uvas-

2015 2568 2122 2625 que
2151 2557 2450 2624 calcantes,
2486 2567 2542 2613 et
2571 2558 2729 2614 factis
2765 2563 3103 2618 cantantium
3131 2563 3346 2631 choris,
3380 2566 3613 2636 ingressi

2015 2657 2145 2703 sunt
2183 2648 2365 2704 fanum
2393 2650 2477 2705 dei
2508 2652 2612 2717 sui,
2650 2660 2703 2707 et
2738 2652 2881 2708 inter
2912 2656 3104 2724 epulas
3139 2666 3194 2712 et
3220 2660 3412 2725 pocula
3442 2660 3611 2715 male-

2015 2740 2270 2797 dicebaut
2302 2742 2649 2800 Abimelech.
2685 2744 2753 2798 Et
2782 2745 2911 2801 dicit
2936 2748 3071 2827 Gaal
3103 2749 3249 2804 ﬁlius
3283 2748 3467 2824 [Vulg.
3499 2752 3613 2806 cla-

2016 2844 2199 2889 mante
2231 2834 2361 2891 Gaal
2390 2834 2522 2908 ﬁlio]
2555 2836 2703 2891 Ebed
2737 2855 2750 2890 :
2781 2837 2919 2906 Quis
2939 2846 3026 2895 est
3047 2840 3390 2905 Abimelech,
3415 2850 3470 2897 et
3489 2858 3610 2914 qua:

2017 2937 2103 2983 est
2126 2926 2369 2997 Sichem,
2402 2937 2459 2983 ut
2488 2930 2790 2985 serviamus
2820 2932 2907 2985 ei?
2932 2933 3200 3003 numquid
3226 2949 3332 2990 non
3362 2945 3445 2990 est
3472 2935 3614 2992 ﬁlius

2018 3020 2296 3087 Jerobaal,
2320 3029 2375 3077 et
2399 3023 2680 3078 constituit
2706 3023 3003 3094 principem
3027 3026 3193 3083 Zebul
3215 3043 3428 3083 servum
3456 3044 3610 3085 suum

2018 3131 2185 3184 super
2214 3117 2364 3170 viros
2396 3117 2562 3171 Emor
2591 3117 2757 3187 patris
2789 3116 3010 3173 Sichem
3034 3120 3058 3172 ?
3088 3122 3196 3175 Cur
3225 3121 3388 3191 igitur
3408 3123 3613 3178 servie-

307 3200 491 3256 stabat
549 3201 602 3255 in
634 3200 874 3257 Sichem.
917 3199 1000 3274 [0.
1038 3199 1307 3271 XXXIII.]
1347 3201 1503 3268 Quod
1546 3215 1669 3255 cum
1702 3200 1915 3255 nuntia-
1943 3193 1990 3257 C
2019 3221 2140 3261 mus
2187 3207 2283 3262 ei?
2327 3207 2534 3262 utinam
2575 3208 2729 3263 daret
2765 3208 2966 3279 aliquis
3011 3213 3269 3281 populum
3315 3214 3477 3268 istum
3511 3215 3613 3271 sub

310 3301 428 3350 tum
461 3302 613 3349 esset
643 3295 924 3363 Joatham,
958 3294 1056 3350 ivit
1094 3307 1151 3352 et
1195 3295 1347 3350 stetit
1378 3296 1433 3349 in
1470 3296 1674 3359 vertice
1712 3293 1916 3349 montis

310 3388 599 3459 Garizim,
649 3391 970 3461 elevataque
1009 3405 1147 3447 voce
1184 3392 1469 3459 clamavit,
1508 3399 1563 3446 et
1591 3390 1731 3445 dixit
1760 3407 1775 3444 :
1808 3393 1915 3446 Au-

308 3483 425 3541 dite
467 3501 588 3552 me,
622 3485 725 3541 viri
753 3486 970 3542 Sichem
998 3528 1012 3553 ,
1042 3488 1114 3542 ita
1146 3496 1203 3542 ut
1236 3486 1427 3559 qulg.
1463 3495 1595 3539 tacet
1626 3485 1705 3557 ut]
1734 3485 1918 3541 audiat

306 3591 409 3633 vos
442 3580 605 3634 Deus.
638 3578 825 3635 lerunt
846 3580 1012 3651 ligna,
1039 3590 1096 3634 ut
1121 3588 1388 3650 ungerent
1410 3594 1576 3650 super
1598 3593 1658 3633 se
1687 3593 1871 3649 regem
1898 3594 1911 3632 :

310 3672 685 3745 dixeruntque
724 3675 882 3729 olivae
909 3692 923 3729 :
953 3675 1166 3744 Impera
1198 3674 1378 3730 nobis.
1424 3673 1557 3740 Quae
1588 3672 1870 3742 reSpondit
1898 3688 1913 3726 :

309 3764 589 3836 Numquid
623 3781 845 3836 possum
870 3767 1128 3823 deserere
1159 3766 1552 3839 pinguedinem
1585 3780 1783 3832 meam,
1811 3779 1917 3836 qua

309 3866 369 3916 et
394 3860 472 3915 dii
506 3867 732 3916 utuntur
756 3868 812 3916 et
850 3861 1136 3929 homines,
1171 3873 1224 3917 et
1262 3862 1453 3918 venire
1492 3870 1550 3917 ut
1595 3862 1737 3916 inter
1776 3860 1918 3931 ligna

309 3954 680 4025 promovear?
723 3954 1097 4025 Dixeruntque
1135 3954 1279 4025 ligna
1320 3954 1386 4009 ad
1418 3955 1669 4009 arborem
1712 3952 1915 4009 ﬁcum:

311 4044 482 4115 Veni,
518 4056 573 4102 et
614 4062 783 4118 super
819 4063 916 4103 nos
947 4062 1176 4119 regnum
1215 4049 1427 4118 accipe.
1472 4048 1604 4115 Qum
1638 4045 1921 4116 reSpondit

310 4138 397 4195 eis
426 4155 442 4191 :
476 4137 747 4208 Numquid
784 4155 1006 4208 possum
1046 4139 1309 4195 deserere
1345 4138 1689 4195 dulcedinem
1718 4152 1916 4201 meam,

310 4230 643 4303 fructusque
670 4232 1053 4299 suavissimos,
1084 4243 1139 4288 et
1173 4234 1257 4287 ire
1283 4240 1344 4288 ut
1372 4232 1514 4288 inter
1542 4241 1741 4287 caetera
1772 4230 1920 4301 ligna

311 4325 691 4396 promovear?
729 4325 1041 4397 Locutaque
1070 4336 1200 4381 sunt
1226 4326 1372 4396 ligna
1398 4326 1465 4381 ad
1500 4326 1666 4381 vitem
1701 4343 1713 4381 :
1757 4324 1919 4392 Veni,

317 4424 378 4472 et
406 4416 620 4487 impera
664 4417 844 4472 nobis.
875 4416 1008 4485 Quae
1050 4418 1332 4489 respondit
1359 4417 1556 4491 [Vulg.
1586 4418 1732 4471 addit
1760 4416 1872 4490 eis]
1905 4436 1917 4470 :

320 4507 602 4579 Numquid
632 4524 852 4580 possum
881 4510 1142 4567 deserere
1171 4512 1357 4567 vinum
1386 4526 1589 4577 meum,
1622 4510 1764 4582 quod
1791 4510 1923 4566 laeti-

312 4600 449 4657 ﬁcat
478 4602 653 4658 Deum
685 4612 742 4659 et
771 4605 1043 4673 homines,
1070 4616 1124 4660 et
1150 4605 1290 4660 inter
1311 4604 1453 4676 ligna
1477 4614 1676 4661 caetera
1702 4618 1922 4675 promo-

313 4694 436 4750 veri
473 4694 586 4766 [ΑΙ.
619 4695 1015 4767 commoveri]?
1062 4696 1428 4767 Dixeruntque
1467 4696 1652 4752 omnia
1680 4696 1824 4766 ligna
1852 4694 1923 4750 ad

317 4787 652 4846 rhamnum:
679 4789 838 4856 Veni,
863 4800 915 4844 ct
939 4789 1145 4859 impera
1166 4803 1330 4860 super
1353 4804 1469 4844 nos.
1494 4790 1625 4857 Quae
1645 4788 1928 4858 respondit

319 4882 378 4938 ei
410 4901 421 4935 :
459 4883 520 4939 Si
552 4898 686 4940 vere
723 4900 811 4939 me
849 4898 1034 4953 regem
1066 4883 1220 4939 vobis
1266 4883 1630 4951 constituitis,
1660 4883 1839 4939 venite
1873 4891 1928 4938 et

314 4974 427 5033 Sub
466 4976 669 5032 umbra
715 4990 835 5032 mea
870 4976 1214 5046 requiescite.
1257 4975 1315 5032 Si
1358 4987 1540 5031 autem
1584 4991 1691 5030 non
1737 4975 1922 5042 vultis,

316 5067 641 5138 egrediatur
687 5068 826 5137 ignis
856 5067 926 5123 de
957 5067 1213 5133 rhamno,
1242 5078 1298 5123 et
1342 5067 1569 5122 devoret
1612 5065 1808 5121 cedros
1835 5065 1927 5120 Li-

315 5160 471 5218 bani.
511 5160 595 5232 [C.
629 5159 899 5232 XXXIVJ
940 5160 1095 5215 Nunc
1126 5161 1287 5231 igitur
1310 5201 1326 5228 ,
1369 5159 1414 5214 si
1453 5166 1603 5215 recte
1631 5170 1686 5215 et
1722 5158 1929 5228 absque

315 5264 553 5328 peccato
586 5253 953 5310 constituistis
982 5268 1148 5324 super
1174 5267 1271 5309 vos
1300 5268 1482 5324 regem
1511 5250 1848 5316 Abimelech,
1876 5258 1932 5307 et

316 5345 470 5405 bene
502 5348 692 5417 egistis
731 5360 855 5401 cum
902 5346 1188 5412 Jerobaat,
1231 5353 1285 5401 et
1326 5360 1450 5400 cum
1489 5343 1655 5398 domo
1691 5343 1842 5413 ejus,
1872 5350 1929 5397 et

317 5437 645 5495 reddidistis
675 5437 847 5492 vicem
892 5435 1173 5491 beneﬁciis
1218 5436 1374 5506 ejus,
1420 5434 1513 5506 qui
1542 5433 1803 5506 pugnavit
1829 5448 1929 5505 pro

319 5534 510 5602 vobis,
546 5543 601 5590 et
640 5534 880 5589 animam
913 5544 1064 5589 suam
1106 5532 1251 5589 dedit
1289 5531 1583 5603 periculis,
1627 5540 1687 5585 ut
1714 5537 1933 5586 erueret

321 5643 434 5686 vos
457 5627 527 5685 de
551 5644 711 5683 manu
739 5627 978 5696 Madian,
1007 5628 1097 5699 qui
1126 5643 1267 5683 nunc
1296 5627 1608 5683 surrexistis
1626 5637 1817 5682 contra
1837 5626 1934 5683 do-

322 5735 483 5778 mum
514 5722 686 5793 patris
725 5721 873 5789 mei,
916 5729 969 5776 et
1012 5721 1361 5777 interfecistis
1399 5720 1537 5776 ﬁlios
1564 5720 1683 5792 ejus
1710 5728 1933 5789 septua-

323 5815 486 5889 ginta
514 5819 664 5874 viros
690 5832 857 5889 super
887 5835 1054 5876 unum
1085 5817 1343 5888 lapidem,
1377 5825 1432 5874 et
1457 5815 1822 5873 constituistis
1849 5830 1935 5872 re-

667 5913 946 5977 Pa'rnor.
996 5912 1294 5978 XXVIII.

1946 4560 1998 4621 D

2018 3314 2183 3355 manu
2211 3313 2329 3355 mea
2361 3344 2375 3367 ,
2418 3309 2474 3355 ut
2512 3299 2785 3355 auferrem
2816 3300 2885 3356 de
2930 3302 3109 3357 medio
3139 3303 3485 3361 Abimelech.
3524 3307 3613 3361 Di-

2019 3402 2276 3463 ctumque
2301 3402 2386 3448 est
2416 3392 2729 3449 Abimelech
2772 3411 2787 3448 :
2816 3393 3095 3466 Congrega
3124 3398 3396 3453 exercitus
3428 3398 3614 3454 multi-

2019 3487 2290 3554 tudinem,
2322 3494 2377 3541 et
2403 3486 2547 3541 veni.
2579 3486 2746 3542 Zebul
2770 3487 2913 3543 enim
2944 3489 3198 3561 princeps
3226 3491 3485 3556 civitatis,
3516 3507 3613 3548 au-

2020 3581 2147 3637 ditis
2175 3581 2520 3637 sermonibus
2551 3580 2683 3638 Gaal
2713 3582 2807 3637 ﬁlii
2833 3583 3003 3649 Obed,
3038 3585 3212 3639 iratus
3239 3597 3322 3641 est
3349 3586 3525 3653 valde,
3556 3597 3614 3644 et

2020 3675 2167 3731 misit
2190 3675 2328 3730 clam
2354 3673 2421 3729 ad
2444 3673 2763 3729 Abimelech
2785 3675 3026 3746 nuntios,
3060 3674 3249 3731 dicens
3274 3676 3451 3734 :Ecce
3478 3679 3613 3736 Gaal

2020 3768 2163 3824 ﬁlius
2184 3768 2333 3824 Obed
2364 3768 2515 3823 venit
2538 3768 2590 3822 in
2617 3767 2915 3823 Sichimam
2946 3784 3069 3825 cum
3104 3771 3358 3826 fratribus
3389 3772 3521 3841 suis,
3556 3783 3615 3829 et

2021 3868 2298 3932 oppugnat
2325 3861 2617 3915 adversum
2644 3867 2698 3915 te
2727 3860 3029 3917 civitatem.
3060 3861 3233 3933 Surge
3255 3862 3433 3933 itaque
3457 3871 3617 3920 nocte

2022 3968 2143 4011 cum
2176 3952 2375 4022 populo
2403 3950 2493 4021 qui
2519 3961 2696 4007 tecum
2719 3958 2821 4019 est,
2856 3961 2911 4006 et
2934 3951 3083 4007 latita
3114 3952 3165 4007 in
3190 3967 3343 4023 agro,
3366 3962 3422 4009 et
3441 3954 3615 4023 primo

2022 4059 2203 4111 mane,
2224 4044 2431 4098 oriente
2456 4042 2595 4109 sole,
2617 4042 2766 4097 irrue
2795 4055 2962 4111 super
2987 4043 3285 4098 civitatem.
3312 4044 3411 4100 Illo
3430 4056 3613 4101 autem

2023 4137 2335 4208 egrediente
2363 4136 2653 4191 adversum
2684 4145 2736 4189 te
2758 4149 2879 4189 cum
2906 4135 3104 4205 populo
3126 4151 3224 4190 suo
3242 4182 3255 4205 ,
3288 4136 3374 4192 fac
3398 4137 3448 4193 ei
3469 4139 3614 4209 quod

2022 4229 2289 4300 potueris.
2323 4226 2568 4283 Surrexit
2596 4224 2777 4296 itaque
2796 4224 3116 4281 Abimelech
3145 4242 3267 4281 cum
3289 4228 3435 4282 omni
3457 4243 3617 4283 exer-

2024 4323 2135 4379 citu
2165 4337 2265 4380 suo
2304 4331 2495 4390 nocte,
2527 4331 2582 4378 et
2611 4321 2842 4377 tetendit
2871 4320 3094 4376 insidias
3133 4322 3288 4391 juxta
3317 4322 3613 4378 Sichimam

2026 4416 2079 4473 in
2109 4424 2343 4487 quatuor
2383 4415 2538 4470 locis.
2568 4415 2943 4484 Egressusque
2967 4423 3051 4469 est
3089 4413 3222 4470 Gaal
3255 4415 3397 4470 ﬁlius
3426 4415 3574 4471 Obed
3595 4455 3612 4485 ,

2026 4518 2082 4565 et
2106 4510 2257 4565 stetit
2282 4510 2335 4564 in
2375 4506 2599 4563 introitu
2640 4516 2813 4577 portae
2838 4506 3097 4561 civitatis.
3146 4505 3402 4562 Surrexit
3428 4516 3610 4563 autem

2025 4603 2366 4669 Abimelech,
2389 4609 2445 4657 et
2470 4600 2647 4655 omnis
2669 4600 2944 4655 exercitus
2967 4614 3090 4653 cum
3113 4613 3178 4654 eo
3200 4598 3268 4654 de
3294 4598 3616 4656 insidiarum

2026 4697 2167 4752 loco.
2193 4697 2437 4765 Cumque
2456 4694 2687 4749 vidisset
2711 4693 2963 4763 papulum
2988 4691 3142 4759 Gaal,
3167 4692 3307 4748 dixit
3327 4692 3394 4748 ad
3416 4693 3614 4749 Zebul:

2028 4788 2171 4845 Ecce
2195 4787 2264 4842 de
2292 4786 2569 4842 montibus
2597 4784 2889 4840 multitudo
2918 4783 3222 4840 descendit.
3260 4784 3360 4840 Cui
3402 4786 3495 4842 ille
3533 4801 3619 4843 re-

2028 4883 2278 4954 spondit:
2302 4881 2532 4936 Umbras
2563 4878 2826 4935 montium
2854 4879 3006 4933 vides
3031 4879 3185 4948 quasi
3216 4877 3496 4934 hominum
3524 4895 3619 4936 ca-

2033 4975 2143 5047 pita
2168 5017 2181 5042 ,
2219 4982 2276 5030 et
2313 4974 2419 5029 hoc
2444 4987 2635 5028 errore
2663 4970 2951 5042 deciperis.
2984 4970 3303 5041 Rursusque
3327 4970 3465 5027 Gaal
3492 4974 3569 5027 ait
3600 4991 3613 5027 :

2030 5069 2172 5125 Ecce
2200 5068 2432 5139 populus
2460 5066 2530 5123 de
2568 5065 2823 5120 umbilico
2858 5072 3019 5119 terrae
3045 5062 3358 5133 descendit,
3394 5074 3449 5121 et
3478 5081 3620 5123 unus

2031 5174 2240 5216 cuneus
2268 5158 2419 5215 venit
2455 5172 2551 5228 per
2582 5156 2727 5211 viam
2774 5169 2896 5227 quae
2934 5155 3155 5225 respicit
3197 5169 3478 5226 quercum.
3520 5157 3620 5214 Cui

2033 5253 2168 5311 dixit
2197 5252 2366 5309 Zebul
2391 5271 2403 5308 :
2428 5250 2537 5308 Ubi
2562 5259 2810 5307 estnunc
2838 5264 2900 5304 os
2927 5257 3100 5317 tuum,
3131 5264 3238 5320 quo
3264 5249 3571 5322 loquebaris
3607 5269 3621 5307 :

2033 5346 2169 5417 Quis
2192 5357 2276 5402 est
2299 5342 2624 5401 Abimelech
2651 5351 2710 5397 ut
2739 5342 3043 5397 serviamus
3070 5341 3156 5397 ei?
3185 5341 3377 5398 Nonne
3405 5344 3507 5400 iste
3535 5354 3623 5401 est

2034 5439 2298 5512 p0pulus,
2321 5452 2481 5508 quem
2504 5432 2886 5505 despiciebas?
2908 5432 3187 5504 Egredere
3207 5444 3263 5490 et
3300 5450 3477 5507 pugna
3502 5450 3628 5492 con-

2034 5541 2117 5590 tra
2147 5547 2293 5589 eum.
2318 5529 2466 5585 Abiit
2493 5542 2623 5598 ergo
2651 5525 2809 5595 Gaal,
2832 5534 3117 5596 Spectante
3140 5526 3503 5584 Sichimorum
3532 5544 3629 5600 po-

2036 5628 2190 5699 pulo,
2223 5633 2277 5681 et
2307 5622 2566 5695 pugnavit
2595 5628 2789 5677 contra
2816 5620 3155 5689 Abimelech,
3189 5624 3281 5691 qui
3311 5633 3628 5692 persecutus

2038 5728 2128 5777 est
2151 5734 2278 5776 eum
2314 5717 2645 5789 fugientem,
2679 5722 2734 5771 et
2773 5711 2829 5768 in
2856 5713 3047 5770 urbem
3074 5714 3369 5783 compulit;
3411 5715 3627 5772 cecide-

2043 5823 2277 5886 runtque
2302 5827 2367 5870 ex
2406 5818 2561 5882 parte
2584 5808 2704 5880 ejus
2731 5806 2988 5881 plurimi,
3017 5819 3190 5877 usque
3220 5804 3286 5861 ad
3318 5816 3526 5878 portam
3554 5809 3631 5866 ci-

3124 5897 3201 5957 17
