4098 6366
502 267 609 323 525

1507 264 1568 320 s.
1611 256 1992 319 lllERONYMI
2034 253 2264 312 omns
2303 218 2781 310 maritumum.

3689 253 3790 312 524

504 376 685 433 vitatis
717 390 730 429 :
758 382 812 430 et
841 373 1162 431 Abimelech
1193 371 1334 429 sedit
1357 373 1411 429 in
1443 372 1618 429 Ruma
1653 390 1665 426 :
1695 370 1864 428 Zebul
1890 380 2092 436 autem,
2123 372 2170 432 Α
2200 383 2341 436 rum,
2376 379 2432 424 et
2463 368 2734 440 principes
2758 367 2978 438 triginta
3003 365 3310 434 civitatum,
3338 381 3460 439 quae
3482 381 3547 424 ex
3572 370 3793 426 nomine

503 471 637 529 Gaal
664 478 722 527 et
743 469 926 526 socios
947 469 1069 539 ejus
1091 469 1300 539 expulit
1325 467 1394 523 de
1424 467 1579 532 urbe,
1613 481 1713 522 nec
1736 465 1787 520 in
1817 480 1883 520 ea
1906 476 2098 532 passus

507 578 590 622 est
616 564 968 622 commorari.
1008 563 1268 634 Sequenti
1315 576 1446 632 ergo
1474 561 1563 616 die
1597 574 1855 632 egressus
1892 569 1976 614 est
2007 571 2102 628 po-

509 660 665 732 pulus
693 659 748 715 in
783 671 1056 728 campum.
1087 655 1242 725 Quod
1283 671 1405 710 cum
1436 654 1747 710 nuntiatum
1778 663 1924 710 esset
1963 651 2096 708 Abi—

511 751 770 818 melech,
831 750 953 805 tulit
1017 748 1324 804 exercitum
1390 761 1595 814 suum,
1668 755 1725 801 et
1787 745 1976 800 divisit
2042 744 2098 798 in

513 856 623 900 tres
661 850 890 908 turmas,
961 839 1187 895 tendens
1225 837 1451 895 insidias
1489 838 1543 894 in
1582 839 1749 910 agris.
1790 837 2100 907 Vidensque

509 935 650 1007 quod
697 933 1048 1004 egrederetur
1098 930 1330 1002 populus
1374 931 1443 986 de
1493 931 1741 996 civitate,
1773 929 2018 985 surrexit
2040 936 2101 983 et

507 1030 666 1085 irruit
689 1027 745 1084 in
767 1042 862 1083 eos
888 1041 1012 1081 cum
1041 1039 1212 1081 cuneo
1242 1039 1376 1092 suo,
1413 1040 1729 1096 oppugnans
1753 1034 1808 1082 et
1841 1023 2100 1094 obsidens

508 1126 778 1180 civitatem
806 1141 817 1176 :
842 1122 963 1177 dua:
1001 1128 1177 1176 autem
1213 1130 1405 1175 turmae
1437 1122 1681 1191 palantes
1716 1137 1811 1190 per
1848 1134 2097 1189 campum

503 1217 846 1272 adversarios
880 1213 1364 1284 persequebantur.
1391 1214 1564 1270 Porro
1600 1215 1917 1269 Abimelech
1951 1212 2098 1268 omni

503 1309 597 1364 illo
622 1307 714 1364 die
742 1306 1086 1377 oppugnabat
1118 1307 1342 1375 urbem,
1393 1321 1553 1377 quam
1591 1308 1754 1377 cepit,
1793 1303 2098 1361 interfectis

509 1400 905 1456 habitatoribus
931 1400 1068 1469 ejus,
1095 1400 1320 1471 ipsaque
1338 1400 1638 1466 destructa,
1670 1400 1740 1454 ita
1771 1412 1829 1455 ut
1856 1398 1932 1455 sal
1962 1401 2015 1453 in
2034 1414 2098 1454 ea

503 1496 869 1566 dispergeret.
902 1493 1057 1562 Quod
1081 1509 1205 1550 cum
1249 1493 1528 1548 audissent
1559 1494 1650 1564 qui
1697 1493 2011 1548 habitabant
2041 1491 2098 1547 in

505 1596 656 1643 turre
687 1586 1091 1656 Sichimorum,
1134 1587 1368 1658 ingressi
1405 1595 1534 1641 sunt
1559 1585 1742 1641 fanum
1773 1586 1862 1641 dei
1887 1586 1968 1640 sui
1997 1585 2100 1640 Be-

508 1680 640 1746 rith,
673 1678 762 1734 ubi
811 1677 990 1734 fmdus
1015 1693 1141 1733 cum
1181 1692 1248 1732 eo
1295 1678 1634 1748 pepigerant,
1664 1689 1720 1733 et
1747 1694 1814 1732 ex
1843 1693 1910 1732 eo
1942 1677 2098 1732 locus

2201 461 2319 532 ejus
2367 461 2655 533 appellata:
2705 470 2836 517 sunt
2875 456 3267 529 Havuth-Jair,
3315 460 3368 516 id
3419 470 3538 529 cst,
3589 461 3792 532 oppida

2199 554 2334 621 Jair,
2379 572 2548 627 usque
2578 557 2632 612 in
2671 565 2996 627 prtesentem
3037 555 3219 623 diem,
3267 557 3320 611 in
3362 565 3508 612 terra
3564 555 3791 612 Galaad.

2200 647 2553 719 Mortuusque
2582 657 2666 705 est
2697 647 2832 717 Jair,
2865 663 2928 704 ac
2948 648 3194 719 sepultus
3221 648 3275 703 in
3307 649 3429 704 loco
3469 648 3555 704 cui
3579 660 3666 705 est
3700 663 3796 704 vo-

2201 744 2455 800 cabulum
2481 743 2711 799 Camon.
2738 743 2862 799 Filii
2891 752 3074 800 autem
3102 743 3292 814 Israel,
3336 745 3572 814 peccatis
3595 744 3797 799 veteri-

2201 835 2301 893 bus
2335 835 2620 909 jungentes
2656 852 2816 906 nova,
2862 837 3107 893 fecerunt
3147 836 3347 891 malum
3395 835 3448 891 in
3497 843 3795 906 conspectu

2201 927 2436 996 Domini,
2461 940 2518 984 et
2541 928 3047 995 servieruntidolis,
3085 929 3290 984 Baalim
3305 937 3364 986 et
3393 928 3713 995 Astharoth,
3741 937 3797 986 et

2199 1023 2305 1079 diis
2325 1024 2496 1096 Syriae
2524 1038 2588 1081 ac
2611 1024 2834 1081 Sidonis
2865 1035 2919 1080 et
2951 1025 3108 1080 Moab
3139 1035 3192 1081 et
3221 1025 3454 1081 filiorum
3489 1027 3720 1082 Ammon
3742 1033 3797 1083 et

2200 1113 2509 1170 Philisthim
2546 1135 2560 1172 ε
2611 1117 3043 1187 dimiseruntque
3080 1116 3392 1188 Dominum,
3423 1128 3479 1174 et
3507 1134 3617 1174 non
3649 1120 3797 1174 cule-

2201 1208 2330 1261 bant
2357 1225 2504 1268 eum.
2527 1208 2727 1264 Contra
2761 1225 2897 1280 quos
2927 1209 3193 1265 Dominus
3219 1212 3388 1266 iratus
3409 1253 3425 1280 ,
3457 1211 3678 1267 tradidit
3699 1225 3797 1268 eos

2201 1301 2254 1355 in
2283 1315 2474 1356 manus
2503 1301 2810 1357 Philisthim
2841 1311 2898 1359 et
2925 1303 3160 1358 ﬁliorum
3193 1304 3448 1359 Ammon.
3483 1301 3799 1376 Afﬁictique

2200 1401 2347 1457 sunt,
2403 1402 2459 1448 et
2497 1394 2852 1449 vehementer
2889 1399 3136 1465 Oppressi
3186 1410 3279 1466 per
3320 1410 3492 1453 annos
3523 1397 3709 1452 decem
3742 1403 3800 1454 et

2199 1493 2344 1552 octo,
2369 1474 2566 1542 omnes
2597 1488 2686 1556 qui
2726 1487 3042 1544 habitabant
3072 1501 3219 1544 trans
3247 1489 3542 1548 Iordanem
3569 1493 3621 1547 in
3651 1503 3796 1549 terra

2199 1579 2530 1646 Amorrhmi,
2581 1584 2670 1650 qui
2703 1582 2862 1635 estin
2902 1581 3104 1638 Galaad
3140 1599 3156 1636 ε
3212 1584 3266 1638 in
3317 1592 3546 1653 tantum,
3591 1593 3651 1641 ut
3698 1586 3800 1643 lilii

2199 1673 2462 1741 Ammon,
2511 1675 2748 1733 Iordane
2782 1678 3128 1746 transmisso,
3185 1688 3464 1736 vastarent
3507 1681 3700 1736 Judam
3741 1684 3800 1738 et

510 1790 705 1832 nomen
753 1782 1060 1844 acceperat,
1089 1773 1183 1844 qui
1225 1782 1345 1828 erat
1387 1772 1542 1828 valde
1584 1774 1843 1827 munitus.
1880 1772 2098 1826 Abime—
2130 1761 2176 1830 Β
2204 1767 2484 1837 Benjaiuin
2517 1778 2575 1824 et
2620 1770 2911 1840 Ephraim:
2948 1771 3288 1843 amictusque
3309 1782 3391 1828 est
3418 1773 3584 1829 Israel
3607 1775 3796 1832 nimis.

505 1869 622 1926 lech
659 1882 894 1938 quoque,
925 1867 1152 1922 audiens
1199 1867 1346 1920 viros
1399 1866 1567 1921 turris
1606 1865 1970 1922 Sichimorum
2003 1880 2098 1934 pa-

505 1962 638 2017 riter
667 1958 1042 2030 conglobatos,
1072 1957 1318 2014 asceudit
1349 1959 1401 2012 in
1431 1965 1670 2012 montem
1707 1956 1925 2013 Selmon
1971 1971 2094 2009 (tum

503 2053 650 2110 omni
683 2052 882 2124 populo
921 2066 1039 2121 suo,
1074 2060 1148 2116 et,
1189 2060 1404 2120 arrepta
1433 2049 1631 2114 securi,
1663 2047 1909 2118 praecidit
1937 2047 2098 2103 arbo-

502 2151 577 2205 ris
616 2162 858 2216 ramum,
898 2145 1324 2216 impositumque
1360 2142 1543 2198 ferens
1584 2141 1835 2209 humero,
1858 2140 1998 2196 dixit
2026 2139 2097 2194 ad

499 2241 718 2297 socios:
749 2238 903 2306 Quod
933 2253 1018 2292 me
1050 2234 1260 2291 vidistis
1289 2233 1478 2306 |Vulg.
1509 2232 1724 2303 videtis]
1748 2231 1956 2301 facere,
1988 2233 2098 2287 cito

496 2334 680 2390 facile.
731 2332 898 2403 Igitur
941 2330 1197 2385 certatim
1251 2342 1432 2384 ramos
1478 2326 1546 2381 de
1591 2325 1881 2382 arboribus
1913 2322 2098 2395 purel-

497 2430 713 2493 dentes,
740 2426 1110 2497 sequehautur
1132 2424 1346 2480 ducem.
1368 2421 1470 2489 Qui
1481 2420 1888 2477 circumdantes
1902 2421 2087 2490 praesi-

499 2521 678 2582 dium.
719 2517 1149 2582 succenderunt;
1181 2524 1345 2586 atque
1389 2517 1460 2568 ita
1489 2513 1686 2568 factum
1711 2523 1816 2579 est,
1849 2522 1908 2568 ut
1941 2512 2094 2567 fumo

499 2625 554 2670 et
579 2615 702 2685 igne
731 2613 882 2668 mille
919 2611 1198 2666 hominum
1245 2614 1593 2672 necarentur,
1623 2607 1722 2662 viri
1781 2607 1987 2678 pariter
2031 2621 2095 2662 ac

500 2708 797 2772 mulieres,
847 2693 1210 2760 habitatorum
1261 2703 1428 2757 turris
1487 2701 1726 2759 Sichem.
1774 2699 2092 2755 Ahimelech

492 2810 694 2865 autem,
730 2798 856 2853 inde
889 2795 1266 2867 proﬁciscens,
1298 2795 1449 2850 venit
1474 2795 1541 2849 ad
1563 2793 1820 2862 oppidum
1853 2793 2090 2860 Thebes,

496 2893 639 2964 quod
683 2892 1026 2947 circumdatis
1077 2889 1368 2945 obsidebat
1419 2889 1683 2944 exercitu.
1739 2890 1866 2942 Erat
1909 2895 2090 2943 autem

499 2985 662 3041 turris
684 2985 895 3039 excelsa
915 2983 971 3037 in
991 2982 1164 3039 media
1183 2983 1424 3047 civitate,
1454 2981 1522 3036 ad
1551 2996 1712 3051 quam
1738 2981 2093 3052 confugerant

496 3077 598 3132 viri
627 3075 787 3130 simul
810 3092 871 3129 ac
904 3075 1185 3141 mulieres,
1211 3084 1265 3129 et
1303 3087 1494 3128 omnes
1531 3074 1802 3144 principes
1831 3074 2089 3140 civitatis,

2204 1861 2267 1916 Et
2299 1862 2597 1918 clamantes
2643 1863 2711 1918 ad
2761 1863 3071 1928 Dominum,
3108 1865 3364 1920 dixerunt
3399 1884 3412 1920 :
3445 1867 3802 1924 Peccavimus

2201 1955 2317 2024 tibi,
2343 1957 2466 2026 quia
2505 1955 2905 2028 dereliquimus
2940 1958 3109 2013 Deum
3141 1968 3386 2014 nostrum
3427 1959 3612 2034 [ναις.
3652 1962 3804 2017 addit

2200 2048 2531 2121 Dominum],
2549 2057 2608 2105 et
2631 2051 2952 2106 servivimus
2982 2051 3204 2106 Baalim.
3231 2052 3439 2118 Quibus
3471 2053 3684 2109 locutus
3716 2063 3803 2110 est

2202 2141 2469 2196 Dominus
2495 2158 2508 2196 :
2532 2141 2802 2212 Numquid
2836 2160 2942 2198 non
2961 2144 3206 2216 Egyptii
3241 2153 3297 2200 et
3321 2146 3648 2212 Amorrhazi,
3678 2146 3805 2202 ﬁliis

2198 2249 2306 2304 que
2343 2232 2576 2290 Ammon
2599 2246 2652 2291 et
2673 2235 3003 2300 Philisthim,
3043 2235 3248 2292 Sidonii
3291 2249 3506 2309 quoque
3540 2249 3596 2294 et
3635 2243 3806 2294 Ama-

2200 2326 2283 2381 lee
2317 2337 2372 2381 et
2395 2324 2676 2394 Chanaan,
2720 2342 3116 2399 Oppresserunt
3154 2345 3275 2398 vos,
3327 2344 3383 2387 et
3418 2333 3701 2388 clamastis
3729 2331 3806 2390 ad

2199 2431 2305 2486 me,
2333 2430 2387 2474 et
2409 2422 2526 2475 erui
2559 2435 2656 2476 vos
2697 2421 2767 2476 de
2797 2438 2958 2476 manu
2989 2424 3219 2478 eorum?
3252 2423 3321 2478 Et
3343 2435 3520 2479 tamen
3544 2424 3804 2496 reliquis-

2200 2516 2268 2565 tis
2285 2527 2392 2576 me,
2426 2523 2478 2568 et
2503 2514 2753 2569 eoluistis
2791 2514 2922 2570 deos
2957 2517 3166 2572 alienos
3195 2534 3207 2570 :
3241 2517 3319 2588 [Ο.
3365 2515 3676 2588 XXXVIIH
3716 2517 3806 2572 Ide

2195 2603 2344 2658 circo
2382 2619 2490 2659 non
2525 2605 2718 2660 addam
2753 2616 2809 2660 ut
2850 2607 2988 2662 ultra
3014 2622 3110 2662 vos
3141 2609 3366 2665 liberem
3399 2609 3536 2675 :Ite,
3564 2619 3619 2665 et
3646 2609 3809 2666 invoo

2198 2706 2318 2752 cate
2340 2698 2473 2752 deos
2495 2713 2634 2768 quos
2656 2699 2895 2768 elegistis
2924 2718 2935 2754 :
2966 2701 3067 2770 ipsi
3085 2717 3178 2757 vos
3206 2701 3437 2759 liberent
3466 2705 3518 2758 in
3546 2712 3803 2774 tempore

2200 2777 2487 2860 angustiae.
2519 2791 2888 2862 Dixerunlque
2912 2793 3003 2848 ﬁlii
3025 2795 3189 2849 Israel
3214 2796 3282 2850 ad
3312 2796 3597 2852 Dominum
3629 2814 3642 2850 :
3668 2798 3810 2852 Peer-

2197 2884 2462 2950 cavimus,
2494 2885 2665 2940 redde
2689 2898 2750 2941 tu
2770 2886 2925 2942 nobis
2943 2888 3204 2960 quidquid
3231 2889 3326 2944 tibi
3349 2890 3522 2960 placet
3546 2908 3557 2944 :
3583 2900 3804 2947 tantum

2198 2991 2342 3032 nunc
2377 2977 2546 3032 libera
2602 2994 2721 3034 nos.
2771 2981 2905 3048 Quae
2940 2981 3208 3048 dicentes,
3249 2984 3433 3037 omnia
3485 2982 3574 3052 de~
3603 2983 3809 3041 ﬁnibus

2199 3069 2311 3125 suis
2333 3071 2637 3127 alienorum
2666 3073 2892 3128 deorum
2922 3074 3069 3129 idola
3110 3076 3486 3146 projeeerunt,
3513 3087 3569 3132 et
3600 3079 3812 3133 service

491 3172 676 3227 clausa
706 3169 1229 3237 ﬁrmissimejanua,
1253 3177 1308 3223 et
1328 3184 1495 3236 super
1527 3167 1689 3223 turris
1718 3177 1917 3224 tectum
1948 3179 2092 3223 stan-
2120 3159 2166 3228 C
2199 3173 2323 3218 runt
2345 3163 2581 3218 Domino
2612 3166 2627 3237 ί
2660 3165 2816 3237 Vulg.
2842 3165 2986 3220 addit
3013 3162 3146 3239 Deo]
3179 3169 3302 3239 :qui
3331 3168 3684 3240 doluitsuper
3707 3171 3810 3226 mi-

497 3275 576 3319 tcs
607 3275 703 3334 per
735 3262 1158 3334 propugnacula.
1188 3261 1578 3332 Accedensque
1599 3261 1916 3318 Abimeiech
1935 3263 2090 3333 juxta

495 3360 711 3425 turrim,
746 3358 1018 3429 pugnabat
1045 3356 1264 3411 fortiter
1299 3375 1311 3409 ε
1354 3366 1410 3411 et
1437 3357 1881 3426 appropinquans
1927 3359 2090 3425 ostio,

496 3454 675 3524 ignem
721 3463 1033 3521 supponere
1091 3449 1381 3504 nitebatur.
1437 3448 1518 3519 lC.
1571 3447 1839 3520 XXXVH
1867 3449 1936 3504 Et
1963 3463 2094 3506 ecce

499 3543 693 3599 mulier
732 3557 837 3597 una
897 3541 1140 3611 fragmen
1192 3542 1351 3596 molae
1407 3541 1645 3610 desuper
1684 3540 1913 3611 jacieus,
1945 3542 2097 3596 illisit

494 3634 660 3702 capiti
690 3632 1032 3697 Abimeleeh,
1071 3643 1124 3685 et
1153 3632 1424 3701 confregit
1469 3632 1758 3687 cerebrum
1799 3632 1939 3702 ejus.
1990 3632 2094 3701 Qui

501 3727 711 3779 vocavit
751 3724 860 3780 cito
905 3724 1233 3794 armigerum
1280 3737 1457 3785 suum,
1488 3735 1542 3778 et
1566 3725 1644 3777 ait
1663 3724 1729 3777 ad
1753 3741 1876 3778 eum
1913 3742 1926 3777 :
1962 3725 2097 3780 Eva-

494 3817 617 3887 gina
642 3815 875 3886 gladium
911 3823 1081 3879 tuum,
1107 3824 1161 3869 et
1192 3824 1416 3885 percute
1444 3831 1530 3870 me
1566 3833 1576 3870 :
1610 3832 1677 3870 ne
1716 3815 1861 3870 forte
1885 3816 2096 3872 dicatur

468 3953 471 3955 -
499 3911 642 3983 quod
675 3926 702 3964 a
739 3910 937 3966 femina
967 3909 1288 3965 interfectus
1321 3912 1443 3963 sim.
1476 3909 1579 3975 Qui
1612 3909 1755 3978 iussa
1789 3909 2094 3978 perﬁciens,

512 4004 788 4061 interfecit
815 4019 961 4060 eum.
995 4003 1200 4073 Illoque
1245 4014 1490 4068 mortuo,
1524 4017 1714 4058 omnes
1757 4007 1847 4072 qui
1876 4019 1999 4058 cum
2030 4017 2098 4059 eo

505 4106 664 4155 erant
684 4095 754 4151 de
784 4095 974 4159 Israel,
1004 4095 1206 4149 reversi
1225 4103 1362 4148 sunt
1382 4094 1449 4148 ad
1477 4094 1636 4150 sedes
1677 4110 1803 4149 suas
1836 4113 1848 4148 :
1892 4105 1948 4150 et
1974 4098 2099 4151 red-

502 4190 638 4246 didit
665 4188 813 4245 Deus
850 4187 1078 4252 malum,
1125 4186 1268 4256 quod
1307 4185 1510 4241 fecerat
1548 4187 1864 4243 Abii‘nelech
1903 4196 2097 4244 contra

500 4293 708 4353 patrem
735 4296 887 4336 suum
906 4315 923 4347 ,
953 4278 1253 4334 interfectis
1283 4278 1623 4347 septuaginta
1667 4277 1924 4334 fratribus
1953 4278 2094 4346 suis,

501 4373 800 4432 Sichimitis
828 4385 1065 4444 quoque,
1118 4370 1264 4441 quod
1312 4371 1517 4441 operati
1567 4381 1742 4437 erant,
1774 4374 2096 4429 retrihutum

499 4479 603 4532 est,
637 4478 693 4523 et.
727 4466 877 4522 venit
925 4479 1092 4532 super
1124 4477 1220 4518 eos
1245 4463 1556 4520 maledictio
1583 4463 1830 4520 Joathain
1865 4465 1962 4521 ﬁlii
2001 4466 2093 4523 Je-

504 4560 711 4616 robaal.

575 4650 660 4722 [Τ.
694 4649 784 4718 VI,
812 4648 877 4706 (Σ.
911 4646 1155 4715 XXXVI,
1188 4646 1315 4716 Cap.
1348 4646 1442 4717 X.]
1479 4646 1608 4702 Post
1629 4649 1949 4705 Abimeleclt
1981 4667 2100 4706 sur-

505 4747 642 4802 rexit
663 4746 770 4800 dux
805 4745 856 4798 in
906 4743 1071 4798 Israel
1113 4741 1285 4796 'I‘ltola
1314 4741 1456 4796 ﬁlius
1492 4741 1642 4798 Phua
1682 4745 1854 4813 patrui
1881 4743 2100 4802 Abime‘

507 4837 654 4903 lech,
709 4837 792 4891 vir
842 4835 912 4890 de
960 4832 1223 4898 Issachar,
1274 4834 1365 4902 qui
1420 4831 1683 4889 habitavit
1735 4835 1788 4889 in
1839 4844 1865 4872 ⁸
1920 4836 2100 4892 Samir

508 4929 710 4985 montis
759 4927 1020 4996 Ephraim
1054 4944 1067 4979 :
1109 4933 1168 4981 et
1201 4925 1464 4995 judicavit
1519 4926 1773 4982 Israelem
1804 4928 1992 4999 viginti
2044 4938 2100 4984 et

515 5022 689 5078 tribus
739 5021 918 5083 annis,
950 5031 1303 5088 mortuusque
1332 5033 1396 5072 ac
1419 5019 1664 5088 sepultus
1693 5031 1774 5074 est
1810 5022 1861 5074 in
1898 5021 2097 5078 Samir.

513 5112 598 5184 [Β.
629 5110 748 5176 XII,
779 5109 841 5164 C.
869 5108 1156 5180 XXXVII].
1180 5110 1314 5175 Huic
1339 5111 1605 5165 successit
1629 5110 1741 5166 Jair
1763 5111 2096 5181 Galaadites,

511 5205 604 5273 qui
625 5201 892 5272 judicavit
914 5200 1080 5256 Israel
1107 5217 1200 5270 per
1224 5201 1410 5270 viginti
1439 5210 1497 5258 et
1520 5202 1658 5256 duos
1680 5216 1872 5273 annos,
1894 5205 2100 5262 habens

511 5297 733 5366 triginta
785 5294 923 5348 ﬁlius
972 5294 1224 5350 sedentes
1254 5310 1417 5364 super
1458 5295 1676 5365 triginta
1719 5295 1897 5365 pullos
1922 5297 2100 5352 asina-

589 5483 612 5510 α
640 5469 1116 5542 Non_Samir._s_ed
1142 5468 1301 5523 Sanir
1327 5471 1550 5542 legimus
1574 5473 1624 5526 in
1655 5473 1874 5528 Canone
1895 5484 1949 5528 ct
1975 5474 2100 5532 aliis

517 5559 650 5600 mss.
683 5535 980 5598 codicibus.
1000 5537 1052 5594 Id
1073 5541 1184 5594 vitii
1211 5543 1347 5595 forte
1372 5535 1650 5612 inductum
1672 5555 1755 5599 Cal.
1782 5563 1808 5598 ει
1843 5545 2094 5612 librariis,

513 5617 609 5686 qui
639 5623 804 5685 supra
832 5612 1235 5686 Deuteronumii
1257 5627 1375 5681 cap.
1409 5627 1491 5686 ιιι,
1525 5610 1626 5669 (:nl.
1661 5615 1788 5680 901i,
1820 5618 1920 5671 sub
1948 5610 2092 5673 litteé

511 5682 572 5742 ra
605 5687 666 5759 By,
700 5682 896 5759 {intueri
931 5685 1092 5759 Sanir
1117 5682 1379 5759 legerant.
1431 5685 1797 5759 I’racterquant
1842 5691 1983 5759 quod
2009 5703 2096 5744 er-

517 5773 608 5814 ror
635 5757 856 5815 inolevit
880 5755 1020 5828 apud
1043 5757 1409 5824 exscriptorcs
1431 5755 1672 5826 Latinos,
1700 5769 1756 5815 ut
1777 5775 1827 5813 m
1855 5755 2096 5818 scribant

2195 3257 2352 3311 seriis
2379 3271 2591 3312 eorum.
2647 3256 2836 3329 Itaque
2883 3258 2980 3314 ﬁlii
3033 3262 3263 3316 Ammon
3298 3261 3706 3318 conclamautes
3747 3265 3806 3318 in

2193 3346 2394 3403 Galaad
2424 3349 2592 3404 ﬁxere
2625 3352 2852 3406 tentoria
2883 3369 2896 3404 :
2947 3362 3134 3407 contra
3175 3368 3314 3423 quos
3343 3355 3661 3424 congregati
3701 3350 3805 3410 ﬁlii

2204 3442 2406 3508 Israel,
2469 3444 2519 3497 in
2564 3443 2783 3513 MaSpha
2831 3447 3198 3500 castramctati
3231 3449 3378 3500 sunt.
3429 3446 3810 3516 Dixeruntque

2196 3538 2469 3607 principes
2511 3537 2712 3593 Galaad
2765 3539 2962 3608 singuli
3017 3539 3083 3593 ad
3130 3539 3414 3608 pmximos
3466 3551 3597 3595 suos
3640 3557 3654 3593 :
3696 3541 3807 3607 Qui

2198 3631 2406 3698 primus
2432 3647 2462 3685 e
2493 3631 2640 3686 nobis
2665 3631 2744 3702 [:h.
2789 3643 2894 3686 non
2943 3631 3126 3703 habet]
3159 3643 3351 3689 contra
3391 3633 3537 3689 ﬁlios
3570 3636 3810 3692 Ammon

2196 3726 2427 3793 creuerit
2455 3725 2742 3790 dimicare,
2776 3727 2878 3780 erit
2908 3727 3014 3781 (lux
3048 3728 3230 3797 populi
3263 3726 3487 3783 Gal-uad.

2273 3817 2356 3888 [Β.
2390 3815 2529 3884 χιιι,
2555 3816 2620 3872 c.
2663 3817 2908 3882 xxxrx,
2948 3816 3076 3891 Cap.
3126 3820 3240 3892 xm
3274 3820 3399 3876 Fuit
3428 3822 3523 3877 illo
3552 3831 3811 3893 tempore

2202 3908 2433 3979 Jephthe
2475 3909 2811 3976 Galaadites,
2856 3913 2934 3966 vir
2960 3913 3292 3969 fortissimus
3315 3923 3478 3984 atque
3507 3925 3804 3986 pugnator,

2202 4002 2346 4058 ﬁlius
2373 4003 2620 4058 mulieris
2646 4005 2976 4073 meretricis,
3009 4007 3099 4076 qui
3145 4016 3304 4061 natus
3334 4015 3419 4062 est
3454 4008 3524 4063 de
3567 4007 3802 4063 Galaad.

2202 4093 2398 4150 Habuit
2422 4104 2601 4152 autem
2629 4095 2834 4151 Galaad
2875 4111 3120 4166 uxorem,
3149 4098 3216 4152 de
3235 4113 3341 4170 qua
3365 4099 3606 4169 suscepit
3633 4101 3804 4169 tilias,

2201 4187 2292 4257 qui
2321 4195 2602 4257 postquam
2621 4202 2927 4258 creverant,
2945 4191 3223 4259 eiecerunt
3241 4191 3498 4261 Jephthe,
3517 4191 3764 4247 dicentes
3785 4207 3804 4246 :

2204 4278 2387 4335 Haeres
2419 4280 2473 4334 in
2506 4279 2672 4335 domo
2705 4283 2873 4350 patris
2903 4283 3076 4338 nostri
3107 4299 3231 4339 esse
3263 4301 3369 4340 non
3413 4287 3638 4354 poteris,
3670 4289 3806 4357 quia

2202 4371 2269 4426 de
2299 4372 2471 4427 altera
2502 4383 2677 4430 matre
2703 4386 3000 4443 generatus
3036 4393 3116 4432 es.
3155 4379 3307 4447 Quos
3347 4380 3440 4435 ille
3469 4380 3680 4451 fugiens
3719 4385 3809 4436 ala

2205 4479 2310 4534 que
2338 4465 2608 4535 devitans,
2641 4467 2909 4523 habitavit
2937 4469 2990 4524 in
3021 4479 3164 4526 terra
3195 4470 3310 4526 Toh
3339 4474 3808 4544 :congiegatiqtm

2125 4549 2173 4612 D
2201 4566 2326 4612 sunt
2355 4559 2421 4614 ad
2448 4574 2569 4614 eum
2611 4560 2710 4614 viri
2769 4562 2980 4630 inepes,
3035 4573 3091 4617 et
3133 4563 3537 4631 latrocinantes,
3568 4572 3624 4620 et
3648 4563 3808 4637 quasi

2205 4651 2505 4722 principem
2553 4654 2945 4724 sequebantur.
3002 4655 3059 4711 In
3107 4657 3215 4712 illis
3267 4658 3461 4717 diebus
3491 4662 3806 4732 pugnabant

2204 4745 2303 4799 lilii
2325 4752 2556 4801 Ammon
2586 4755 2772 4802 contra
2797 4747 2980 4804 Israel.
3004 4749 3213 4816 Quibus
3234 4753 3433 4808 acriter
3453 4754 3802 4823 instantibus,

2202 4846 2562 4906 perrexerunt
2610 4839 2845 4910 majores
2894 4849 3024 4896 natu
3076 4841 3302 4911 Galaad,
3360 4857 3419 4900 ut
3461 4847 3710 4903 tollerent
3743 4849 3803 4904 in

2202 4929 2462 4984 auxilium
2487 4929 2570 4984 sui
2595 4929 2829 4999 Jephthe
2855 4931 2926 4988 de
2955 4943 3096 4988 terra
3123 4934 3239 4990 Toh
3277 4955 3290 4988 :
3329 4936 3691 5008 dixeruntque
3732 4938 3806 4995 ad

2207 5037 2330 5077 eum
2366 5040 2379 5076 :
2415 5022 2572 5089 Veni,
2599 5033 2654 5078 et
2685 5039 2804 5080 esto
2827 5028 3076 5098 princeps
3105 5039 3311 5095 uoster,
3333 5041 3389 5086 et
3415 5045 3588 5103 pugna
3615 5039 3804 5090 contra

2207 5113 2352 5168 filios
2397 5114 2651 5169 Ammon.
2697 5115 2904 5183 Quibus
2954 5117 3044 5173 ille
3099 5122 3423 5191 resliondit:
3469 5121 3658 5180 Nonne
3703 5129 3806 5182 V08

2205 5208 2360 5271 estis,
2389 5209 2477 5277 qui
2509 5208 2704 5265 odistis
2733 5225 2840 5276 me,
2862 5221 2917 5266 et
2945 5213 3183 5282 ejecistis
3204 5216 3272 5270 de
3285 5215 3450 5270 dumo
3474 5218 3641 5287 patris
3668 5218 3805 5288 mei,

2207 5309 2261 5354 et
2293 5313 2436 5353 nunc
2469 5301 2700 5354 venistis
2735 5303 2800 5356 ad
2832 5316 2918 5359 me
2952 5307 3276 5363 necessitate
3299 5309 3607 5381 compulsi?
3640 5311 3807 5368 Dixen-

2208 5491 2394 5559 pro'n,
2426 5484 2482 5531 et
2503 5495 2660 5559 apro
2683 5497 2774 5559 m._
2814 5482 3174 5559 Hieronymus
3207 5487 3346 5543 libro
3377 5488 3658 5546 nominum
3692 5491 3803 5548 ﬂes

2213 5548 2520 5603 braicorum
2549 5548 2706 5606 habet
2736 5553 2931 5609 Samir.
2962 5548 3134 5612 Μλιιτ.

2281 5617 2711 5692 —Mss.quoque
2745 5627 2914 5678 nostri
2942 5627 3103 5681 Sam’r
3133 5629 3221 5684 :in
3253 5625 3482 5690 Hebraeo
3503 5645 3682 5690 autem
3715 5644 3800 5692 est

2204 5698 2390 5754 mm.
2421 5703 2474 5747 et
2495 5693 2684 5749 Graece
2706 5700 2883 5771 Σαμὶρ.
