  <div class='ocr_page' id='page_1' title='image "/cluster/home/n/w/nwhite01/storage/ocr_20150623/28/hvd.32044015471410/268.png"; bbox 0 0 4098 6366; ppageno 0'>
   <div class='ocr_carea' id='block_1_1' title="bbox 311 298 429 359">
    <p class='ocr_par' dir='ltr' id='par_1_1' title="bbox 311 298 429 359">
     <span class='ocr_line' id='line_1_1' title="bbox 311 298 429 359; baseline 0 -2"><span class='ocrx_word' id='word_1_1' title='bbox 311 298 429 359; x_wconf 64' lang='grc' dir='ltr'><strong>ωδ</strong></span> 
     </span>
    </p>
   </div>
   <div class='ocr_carea' id='block_1_2' title="bbox 1672 302 2227 365">
    <p class='ocr_par' dir='ltr' id='par_1_2' title="bbox 1672 302 2227 365">
     <span class='ocr_line' id='line_1_2' title="bbox 1672 302 2227 365; baseline -0.009 0"><span class='ocrx_word' id='word_1_2' title='bbox 1672 303 1878 365; x_wconf 78' lang='lat' dir='ltr'><strong>LIBER</strong></span> <span class='ocrx_word' id='word_1_3' title='bbox 1914 302 2227 363; x_wconf 72' lang='grc' dir='ltr'><strong>ιυῡιεωι.</strong></span> 
     </span>
    </p>
   </div>
   <div class='ocr_carea' id='block_1_3' title="bbox 3512 318 3623 376">
    <p class='ocr_par' dir='ltr' id='par_1_3' title="bbox 3512 318 3623 376">
     <span class='ocr_line' id='line_1_3' title="bbox 3512 318 3623 376; baseline 0.027 -3"><span class='ocrx_word' id='word_1_4' title='bbox 3512 318 3623 376; x_wconf 71' lang='lat'><strong>526</strong></span> 
     </span>
    </p>
   </div>
   <div class='ocr_carea' id='block_1_4' title="bbox 312 414 3625 504">
    <p class='ocr_par' dir='ltr' id='par_1_4' title="bbox 312 414 3625 504">
     <span class='ocr_line' id='line_1_4' title="bbox 312 414 3625 504; baseline 0.008 -37"><span class='ocrx_word' id='word_1_5' title='bbox 312 421 561 483; x_wconf 85' lang='lat' dir='ltr'><strong>rnotque</strong></span> <span class='ocrx_word' id='word_1_6' title='bbox 584 414 865 488; x_wconf 79' lang='lat' dir='ltr'><strong>principes</strong></span> <span class='ocrx_word' id='word_1_7' title='bbox 889 416 1095 474; x_wconf 81' lang='lat' dir='ltr'><strong>Galaad</strong></span> <span class='ocrx_word' id='word_1_8' title='bbox 1117 418 1184 474; x_wconf 90' lang='lat' dir='ltr'><strong>ad</strong></span> <span class='ocrx_word' id='word_1_9' title='bbox 1213 418 1448 491; x_wconf 84' lang='lat' dir='ltr'><strong>Jepbthe</strong></span> <span class='ocrx_word' id='word_1_10' title='bbox 1483 441 1493 474; x_wconf 89' lang='lat'>:</span> <span class='ocrx_word' id='word_1_11' title='bbox 1526 422 1608 479; x_wconf 86' lang='lat' dir='ltr'><strong>0b</strong></span> <span class='ocrx_word' id='word_1_12' title='bbox 1647 422 1788 478; x_wconf 87' lang='lat' dir='ltr'><strong>hanc</strong></span> <span class='ocrx_word' id='word_1_13' title='bbox 1817 422 1920 493; x_wconf 78' lang='lat' dir='ltr'><strong>igi-</strong></span> <span class='ocrx_word' id='word_1_14' title='bbox 1947 422 1998 485; x_wconf 86' lang='lat' dir='ltr'><strong>A</strong></span> <span class='ocrx_word' id='word_1_15' title='bbox 2028 425 2166 481; x_wconf 86' lang='lat' dir='ltr'><strong>verit</strong></span> <span class='ocrx_word' id='word_1_16' title='bbox 2207 434 2400 481; x_wconf 86' lang='lat' dir='ltr'><strong>contra</strong></span> <span class='ocrx_word' id='word_1_17' title='bbox 2430 440 2576 494; x_wconf 89' lang='lat' dir='ltr'><strong>eum,</strong></span> <span class='ocrx_word' id='word_1_18' title='bbox 2610 426 2827 498; x_wconf 77' lang='lat' dir='ltr'><strong>quando</strong></span> <span class='ocrx_word' id='word_1_19' title='bbox 2871 428 3136 485; x_wconf 73' lang='lat' dir='ltr'><strong>habitavit</strong></span> <span class='ocrx_word' id='word_1_20' title='bbox 3184 432 3236 486; x_wconf 92' lang='lat' dir='ltr'><strong>in</strong></span> <span class='ocrx_word' id='word_1_21' title='bbox 3287 433 3523 504; x_wconf 83' lang='lat' dir='ltr'><strong>Esebon,</strong></span> <span class='ocrx_word' id='word_1_22' title='bbox 3562 446 3625 493; x_wconf 86' lang='lat' dir='ltr'><strong>et</strong></span> 
     </span>
    </p>
   </div>
   <div class='ocr_carea' id='block_1_5' title="bbox 313 514 1924 588">
    <p class='ocr_par' dir='ltr' id='par_1_5' title="bbox 313 514 1924 588">
     <span class='ocr_line' id='line_1_5' title="bbox 313 514 1924 588; baseline 0.004 -23"><span class='ocrx_word' id='word_1_23' title='bbox 313 521 407 566; x_wconf 90' lang='lat' dir='ltr'><strong>tur</strong></span> <span class='ocrx_word' id='word_1_24' title='bbox 430 528 649 568; x_wconf 77' lang='lat' dir='ltr'><strong>causam</strong></span> <span class='ocrx_word' id='word_1_25' title='bbox 680 529 827 569; x_wconf 88' lang='lat' dir='ltr'><strong>nunc</strong></span> <span class='ocrx_word' id='word_1_26' title='bbox 851 514 919 571; x_wconf 91' lang='lat' dir='ltr'><strong>ad</strong></span> <span class='ocrx_word' id='word_1_27' title='bbox 957 526 1008 571; x_wconf 91' lang='lat' dir='ltr'><strong>te</strong></span> <span class='ocrx_word' id='word_1_28' title='bbox 1037 516 1308 585; x_wconf 82' lang='lat' dir='ltr'><strong>venimus,</strong></span> <span class='ocrx_word' id='word_1_29' title='bbox 1338 525 1403 575; x_wconf 90' lang='lat' dir='ltr'><strong>ut</strong></span> <span class='ocrx_word' id='word_1_30' title='bbox 1435 518 1798 588; x_wconf 82' lang='lat' dir='ltr'><strong>proﬁciscaris</strong></span> <span class='ocrx_word' id='word_1_31' title='bbox 1828 534 1924 573; x_wconf 82' lang='lat' dir='ltr'><strong>uo-</strong></span> 
     </span>
    </p>
   </div>
   <div class='ocr_carea' id='block_1_6' title="bbox 313 606 1921 683">
    <p class='ocr_par' dir='ltr' id='par_1_6' title="bbox 313 606 1921 683">
     <span class='ocr_line' id='line_1_6' title="bbox 313 606 1921 683; baseline 0.002 -20"><span class='ocrx_word' id='word_1_32' title='bbox 313 606 558 677; x_wconf 86' lang='lat' dir='ltr'><strong>biscum,</strong></span> <span class='ocrx_word' id='word_1_33' title='bbox 601 619 657 665; x_wconf 92' lang='lat' dir='ltr'><strong>et</strong></span> <span class='ocrx_word' id='word_1_34' title='bbox 698 625 908 681; x_wconf 82' lang='lat' dir='ltr'><strong>pugnes</strong></span> <span class='ocrx_word' id='word_1_35' title='bbox 933 620 1126 667; x_wconf 84' lang='lat' dir='ltr'><strong>contra</strong></span> <span class='ocrx_word' id='word_1_36' title='bbox 1154 612 1293 666; x_wconf 93' lang='lat' dir='ltr'><strong>ﬁlios</strong></span> <span class='ocrx_word' id='word_1_37' title='bbox 1321 611 1576 678; x_wconf 79' lang='lat' dir='ltr'><strong>Ammon,</strong></span> <span class='ocrx_word' id='word_1_38' title='bbox 1601 612 1783 683; x_wconf 84' lang='lat' dir='ltr'><strong>sisque</strong></span> <span class='ocrx_word' id='word_1_39' title='bbox 1810 613 1921 669; x_wconf 79' lang='lat' dir='ltr'><strong>dux</strong></span> 
     </span>
    </p>
   </div>
   <div class='ocr_carea' id='block_1_7' title="bbox 313 703 1925 780">
    <p class='ocr_par' dir='ltr' id='par_1_7' title="bbox 313 703 1925 780">
     <span class='ocr_line' id='line_1_7' title="bbox 313 703 1925 780; baseline 0.002 -21"><span class='ocrx_word' id='word_1_40' title='bbox 313 703 563 759; x_wconf 82' lang='lat' dir='ltr'><strong>omnium</strong></span> <span class='ocrx_word' id='word_1_41' title='bbox 615 703 707 775; x_wconf 89' lang='lat' dir='ltr'><strong>qui</strong></span> <span class='ocrx_word' id='word_1_42' title='bbox 756 704 1004 761; x_wconf 76' lang='lat' dir='ltr'><strong>habitant</strong></span> <span class='ocrx_word' id='word_1_43' title='bbox 1055 707 1106 761; x_wconf 91' lang='lat' dir='ltr'><strong>in</strong></span> <span class='ocrx_word' id='word_1_44' title='bbox 1155 707 1383 764; x_wconf 86' lang='lat' dir='ltr'><strong>Galaad.</strong></span> <span class='ocrx_word' id='word_1_45' title='bbox 1422 707 1663 780; x_wconf 86' lang='lat' dir='ltr'><strong>Jephthe</strong></span> <span class='ocrx_word' id='word_1_46' title='bbox 1708 722 1925 779; x_wconf 82' lang='lat' dir='ltr'><strong>quoque</strong></span> 
     </span>
    </p>
   </div>
   <div class='ocr_carea' id='block_1_8' title="bbox 312 795 1925 871">
    <p class='ocr_par' dir='ltr' id='par_1_8' title="bbox 312 795 1925 871">
     <span class='ocr_line' id='line_1_8' title="bbox 312 795 1925 871; baseline 0.003 -21"><span class='ocrx_word' id='word_1_47' title='bbox 312 795 458 850; x_wconf 75' lang='lat' dir='ltr'><strong>dixit</strong></span> <span class='ocrx_word' id='word_1_48' title='bbox 483 795 569 853; x_wconf 82' lang='lat' dir='ltr'><strong>eis</strong></span> <span class='ocrx_word' id='word_1_49' title='bbox 603 815 616 853; x_wconf 89' lang='lat'><strong>:</strong></span> <span class='ocrx_word' id='word_1_50' title='bbox 649 796 705 855; x_wconf 88' lang='lat' dir='ltr'><strong>Si</strong></span> <span class='ocrx_word' id='word_1_51' title='bbox 752 812 882 853; x_wconf 89' lang='lat' dir='ltr'><strong>vere</strong></span> <span class='ocrx_word' id='word_1_52' title='bbox 930 799 1157 855; x_wconf 79' lang='lat' dir='ltr'><strong>venistis</strong></span> <span class='ocrx_word' id='word_1_53' title='bbox 1200 799 1267 854; x_wconf 90' lang='lat' dir='ltr'><strong>ad</strong></span> <span class='ocrx_word' id='word_1_54' title='bbox 1322 816 1435 865; x_wconf 90' lang='lat' dir='ltr'><strong>me,</strong></span> <span class='ocrx_word' id='word_1_55' title='bbox 1474 808 1533 855; x_wconf 93' lang='lat' dir='ltr'><strong>ut</strong></span> <span class='ocrx_word' id='word_1_56' title='bbox 1565 815 1795 871; x_wconf 85' lang='lat' dir='ltr'><strong>pugnem</strong></span> <span class='ocrx_word' id='word_1_57' title='bbox 1828 814 1925 867; x_wconf 91' lang='lat' dir='ltr'><strong>pro</strong></span> 
     </span>
    </p>
   </div>
   <div class='ocr_carea' id='block_1_9' title="bbox 312 890 1925 964">
    <p class='ocr_par' dir='ltr' id='par_1_9' title="bbox 312 890 1925 964">
     <span class='ocr_line' id='line_1_9' title="bbox 312 890 1925 964; baseline 0.003 -21"><span class='ocrx_word' id='word_1_58' title='bbox 312 890 474 947; x_wconf 85' lang='lat' dir='ltr'><strong>vobis</strong></span> <span class='ocrx_word' id='word_1_59' title='bbox 507 900 697 946; x_wconf 82' lang='lat' dir='ltr'><strong>contra</strong></span> <span class='ocrx_word' id='word_1_60' title='bbox 731 892 871 947; x_wconf 77' lang='lat' dir='ltr'><strong>ﬁlios</strong></span> <span class='ocrx_word' id='word_1_61' title='bbox 916 895 1174 961; x_wconf 84' lang='lat' dir='ltr'><strong>Ammon,</strong></span> <span class='ocrx_word' id='word_1_62' title='bbox 1226 893 1624 964; x_wconf 86' lang='lat' dir='ltr'><strong>tradideritque</strong></span> <span class='ocrx_word' id='word_1_63' title='bbox 1675 908 1773 949; x_wconf 90' lang='lat' dir='ltr'><strong>eos</strong></span> <span class='ocrx_word' id='word_1_64' title='bbox 1821 893 1925 948; x_wconf 88' lang='lat' dir='ltr'><strong>Do-</strong></span> 
     </span>
    </p>
   </div>
   <div class='ocr_carea' id='block_1_10' title="bbox 311 983 1924 1056">
    <p class='ocr_par' dir='ltr' id='par_1_10' title="bbox 311 983 1924 1056">
     <span class='ocr_line' id='line_1_10' title="bbox 311 983 1924 1056; baseline 0.001 -18"><span class='ocrx_word' id='word_1_65' title='bbox 311 983 502 1038; x_wconf 85' lang='lat' dir='ltr'><strong>minus</strong></span> <span class='ocrx_word' id='word_1_66' title='bbox 527 983 579 1037; x_wconf 85' lang='lat' dir='ltr'><strong>iu</strong></span> <span class='ocrx_word' id='word_1_67' title='bbox 608 999 800 1039; x_wconf 83' lang='lat' dir='ltr'><strong>manus</strong></span> <span class='ocrx_word' id='word_1_68' title='bbox 827 999 1001 1053; x_wconf 83' lang='lat' dir='ltr'><strong>meas,</strong></span> <span class='ocrx_word' id='word_1_69' title='bbox 1038 1000 1141 1056; x_wconf 86' lang='lat' dir='ltr'><strong>ego</strong></span> <span class='ocrx_word' id='word_1_70' title='bbox 1169 1000 1269 1042; x_wconf 89' lang='lat' dir='ltr'><strong>ero</strong></span> <span class='ocrx_word' id='word_1_71' title='bbox 1298 985 1555 1055; x_wconf 76' lang='lat' dir='ltr'><strong>princeps</strong></span> <span class='ocrx_word' id='word_1_72' title='bbox 1582 985 1796 1042; x_wconf 81' lang='lat' dir='ltr'><strong>vester?</strong></span> <span class='ocrx_word' id='word_1_73' title='bbox 1821 984 1924 1052; x_wconf 85' lang='lat' dir='ltr'><strong>Qui</strong></span> 
     </span>
    </p>
   </div>
   <div class='ocr_carea' id='block_1_11' title="bbox 310 1076 1926 1147">
    <p class='ocr_par' dir='ltr' id='par_1_11' title="bbox 310 1076 1926 1147">
     <span class='ocr_line' id='line_1_11' title="bbox 310 1076 1926 1147; baseline 0.002 -16"><span class='ocrx_word' id='word_1_74' title='bbox 310 1076 725 1145; x_wconf 87' lang='lat' dir='ltr'><strong>responderunt</strong></span> <span class='ocrx_word' id='word_1_75' title='bbox 746 1077 795 1131; x_wconf 85' lang='lat' dir='ltr'><strong>ci</strong></span> <span class='ocrx_word' id='word_1_76' title='bbox 829 1096 841 1131; x_wconf 90' lang='lat'><strong>:</strong></span> <span class='ocrx_word' id='word_1_77' title='bbox 876 1076 1161 1145; x_wconf 79' lang='lat' dir='ltr'><strong>Dominus,</strong></span> <span class='ocrx_word' id='word_1_78' title='bbox 1197 1078 1285 1145; x_wconf 92' lang='lat' dir='ltr'><strong>qui</strong></span> <span class='ocrx_word' id='word_1_79' title='bbox 1311 1077 1430 1133; x_wconf 80' lang='lat' dir='ltr'><strong>haec</strong></span> <span class='ocrx_word' id='word_1_80' title='bbox 1463 1078 1634 1143; x_wconf 84' lang='lat' dir='ltr'><strong>audit,</strong></span> <span class='ocrx_word' id='word_1_81' title='bbox 1668 1079 1783 1147; x_wconf 84' lang='lat' dir='ltr'><strong>ipse</strong></span> <span class='ocrx_word' id='word_1_82' title='bbox 1813 1093 1926 1135; x_wconf 87' lang='lat' dir='ltr'><strong>me-</strong></span> 
     </span>
    </p>
   </div>
   <div class='ocr_carea' id='block_1_12' title="bbox 315 1167 1921 1241">
    <p class='ocr_par' dir='ltr' id='par_1_12' title="bbox 315 1167 1921 1241">
     <span class='ocr_line' id='line_1_12' title="bbox 315 1167 1921 1241; baseline 0.002 -18"><span class='ocrx_word' id='word_1_83' title='bbox 315 1167 502 1223; x_wconf 89' lang='lat' dir='ltr'><strong>diator</strong></span> <span class='ocrx_word' id='word_1_84' title='bbox 542 1182 606 1223; x_wconf 91' lang='lat' dir='ltr'><strong>ac</strong></span> <span class='ocrx_word' id='word_1_85' title='bbox 636 1170 791 1223; x_wconf 89' lang='lat' dir='ltr'><strong>testis</strong></span> <span class='ocrx_word' id='word_1_86' title='bbox 820 1178 924 1235; x_wconf 90' lang='lat' dir='ltr'><strong>est,</strong></span> <span class='ocrx_word' id='word_1_87' title='bbox 954 1170 1097 1240; x_wconf 89' lang='lat' dir='ltr'><strong>quod</strong></span> <span class='ocrx_word' id='word_1_88' title='bbox 1131 1181 1317 1227; x_wconf 85' lang='lat' dir='ltr'><strong>nostra</strong></span> <span class='ocrx_word' id='word_1_89' title='bbox 1345 1172 1608 1241; x_wconf 84' lang='lat' dir='ltr'><strong>promissa</strong></span> <span class='ocrx_word' id='word_1_90' title='bbox 1643 1172 1921 1227; x_wconf 80' lang='lat' dir='ltr'><strong>iaciemus.</strong></span> 
     </span>
    </p>
   </div>
   <div class='ocr_carea' id='block_1_13' title="bbox 313 1259 1927 1332">
    <p class='ocr_par' dir='ltr' id='par_1_13' title="bbox 313 1259 1927 1332">
     <span class='ocr_line' id='line_1_13' title="bbox 313 1259 1927 1332; baseline 0.001 -17"><span class='ocrx_word' id='word_1_91' title='bbox 313 1259 469 1315; x_wconf 79' lang='lat' dir='ltr'><strong>Abiit</strong></span> <span class='ocrx_word' id='word_1_92' title='bbox 498 1260 684 1330; x_wconf 79' lang='lat' dir='ltr'><strong>itaque</strong></span> <span class='ocrx_word' id='word_1_93' title='bbox 719 1259 957 1329; x_wconf 81' lang='lat' dir='ltr'><strong>.Iepbtbe</strong></span> <span class='ocrx_word' id='word_1_94' title='bbox 994 1276 1118 1317; x_wconf 88' lang='lat' dir='ltr'><strong>cum</strong></span> <span class='ocrx_word' id='word_1_95' title='bbox 1152 1261 1487 1332; x_wconf 75' lang='lat' dir='ltr'><strong>principibus</strong></span> <span class='ocrx_word' id='word_1_96' title='bbox 1511 1262 1740 1325; x_wconf 86' lang='lat' dir='ltr'><strong>Galaad,</strong></span> <span class='ocrx_word' id='word_1_97' title='bbox 1776 1261 1927 1317; x_wconf 80' lang='lat' dir='ltr'><strong>fecit-</strong></span> 
     </span>
    </p>
   </div>
   <div class='ocr_carea' id='block_1_14' title="bbox 312 1353 1927 1427">
    <p class='ocr_par' dir='ltr' id='par_1_14' title="bbox 312 1353 1927 1427">
     <span class='ocr_line' id='line_1_14' title="bbox 312 1353 1927 1427; baseline 0 -18"><span class='ocrx_word' id='word_1_98' title='bbox 312 1369 425 1423; x_wconf 93' lang='lat' dir='ltr'><strong>que</strong></span> <span class='ocrx_word' id='word_1_99' title='bbox 450 1370 579 1410; x_wconf 89' lang='lat' dir='ltr'><strong>eum</strong></span> <span class='ocrx_word' id='word_1_100' title='bbox 609 1354 789 1410; x_wconf 90' lang='lat' dir='ltr'><strong>omnis</strong></span> <span class='ocrx_word' id='word_1_101' title='bbox 812 1355 1050 1425; x_wconf 81' lang='lat' dir='ltr'><strong>populus</strong></span> <span class='ocrx_word' id='word_1_102' title='bbox 1084 1356 1387 1427; x_wconf 82' lang='lat' dir='ltr'><strong>principem</strong></span> <span class='ocrx_word' id='word_1_103' title='bbox 1412 1356 1516 1410; x_wconf 92' lang='lat' dir='ltr'><strong>sui.</strong></span> <span class='ocrx_word' id='word_1_104' title='bbox 1546 1355 1626 1427; x_wconf 72' lang='grc'><strong>[(3.</strong></span> <span class='ocrx_word' id='word_1_105' title='bbox 1658 1353 1795 1425; x_wconf 73' lang='lat' dir='ltr'><strong>XL]</strong></span> <span class='ocrx_word' id='word_1_106' title='bbox 1820 1354 1927 1409; x_wconf 86' lang='lat' dir='ltr'><strong>Lo-</strong></span> 
     </span>
    </p>
   </div>
   <div class='ocr_carea' id='block_1_15' title="bbox 313 1446 1926 1518">
    <p class='ocr_par' dir='ltr' id='par_1_15' title="bbox 313 1446 1926 1518">
     <span class='ocr_line' id='line_1_15' title="bbox 313 1446 1926 1518; baseline -0.002 -16"><span class='ocrx_word' id='word_1_107' title='bbox 313 1456 591 1517; x_wconf 86' lang='lat' dir='ltr'><strong>cutusque</strong></span> <span class='ocrx_word' id='word_1_108' title='bbox 619 1455 704 1501; x_wconf 87' lang='lat' dir='ltr'><strong>est</strong></span> <span class='ocrx_word' id='word_1_109' title='bbox 750 1446 986 1518; x_wconf 78' lang='lat' dir='ltr'><strong>Jepbtlte</strong></span> <span class='ocrx_word' id='word_1_110' title='bbox 1029 1463 1220 1503; x_wconf 86' lang='lat' dir='ltr'><strong>omnes</strong></span> <span class='ocrx_word' id='word_1_111' title='bbox 1251 1460 1535 1503; x_wconf 84' lang='lat' dir='ltr'><strong>sermones</strong></span> <span class='ocrx_word' id='word_1_112' title='bbox 1586 1462 1714 1503; x_wconf 90' lang='lat' dir='ltr'><strong>suos</strong></span> <span class='ocrx_word' id='word_1_113' title='bbox 1743 1461 1926 1500; x_wconf 84' lang='lat' dir='ltr'><strong>coram</strong></span> 
     </span>
    </p>
   </div>
   <div class='ocr_carea' id='block_1_16' title="bbox 317 1537 1930 1610">
    <p class='ocr_par' dir='ltr' id='par_1_16' title="bbox 317 1537 1930 1610">
     <span class='ocr_line' id='line_1_16' title="bbox 317 1537 1930 1610; baseline -0.004 -14"><span class='ocrx_word' id='word_1_114' title='bbox 317 1539 559 1596; x_wconf 88' lang='lat' dir='ltr'><strong>Domino</strong></span> <span class='ocrx_word' id='word_1_115' title='bbox 586 1539 643 1594; x_wconf 87' lang='lat' dir='ltr'><strong>in</strong></span> <span class='ocrx_word' id='word_1_116' title='bbox 674 1539 915 1610; x_wconf 88' lang='lat' dir='ltr'><strong>Maspha.</strong></span> <span class='ocrx_word' id='word_1_117' title='bbox 949 1540 1015 1595; x_wconf 88' lang='lat' dir='ltr'><strong>Et</strong></span> <span class='ocrx_word' id='word_1_118' title='bbox 1044 1541 1195 1595; x_wconf 80' lang='lat' dir='ltr'><strong>misit</strong></span> <span class='ocrx_word' id='word_1_119' title='bbox 1225 1540 1447 1595; x_wconf 85' lang='lat' dir='ltr'><strong>nuntios</strong></span> <span class='ocrx_word' id='word_1_120' title='bbox 1476 1539 1545 1595; x_wconf 89' lang='lat' dir='ltr'><strong>ad</strong></span> <span class='ocrx_word' id='word_1_121' title='bbox 1575 1554 1758 1609; x_wconf 79' lang='lat' dir='ltr'><strong>regem</strong></span> <span class='ocrx_word' id='word_1_122' title='bbox 1792 1537 1930 1592; x_wconf 84' lang='lat' dir='ltr'><strong>ﬁlio-</strong></span> 
     </span>
    </p>
   </div>
   <div class='ocr_carea' id='block_1_17' title="bbox 316 1629 1910 1703">
    <p class='ocr_par' dir='ltr' id='par_1_17' title="bbox 316 1629 1910 1703">
     <span class='ocr_line' id='line_1_17' title="bbox 316 1629 1910 1703; baseline -0.003 -15"><span class='ocrx_word' id='word_1_123' title='bbox 316 1648 438 1688; x_wconf 85' lang='lat' dir='ltr'><strong>rum</strong></span> <span class='ocrx_word' id='word_1_124' title='bbox 465 1635 734 1701; x_wconf 86' lang='lat' dir='ltr'><strong>Ammou,</strong></span> <span class='ocrx_word' id='word_1_125' title='bbox 765 1634 852 1702; x_wconf 84' lang='lat' dir='ltr'><strong>qui</strong></span> <span class='ocrx_word' id='word_1_126' title='bbox 877 1649 941 1688; x_wconf 82' lang='lat' dir='ltr'><strong>ex</strong></span> <span class='ocrx_word' id='word_1_127' title='bbox 972 1648 1199 1703; x_wconf 79' lang='lat' dir='ltr'><strong>persona</strong></span> <span class='ocrx_word' id='word_1_128' title='bbox 1223 1648 1323 1689; x_wconf 82' lang='lat' dir='ltr'><strong>sua</strong></span> <span class='ocrx_word' id='word_1_129' title='bbox 1344 1629 1910 1699; x_wconf 78' lang='lat' dir='ltr'><strong>dicerentzQuidmihi</strong></span> 
     </span>
    </p>
   </div>
   <div class='ocr_carea' id='block_1_18' title="bbox 316 1725 1930 1795">
    <p class='ocr_par' dir='ltr' id='par_1_18' title="bbox 316 1725 1930 1795">
     <span class='ocr_line' id='line_1_18' title="bbox 316 1725 1930 1795; baseline -0.002 -14"><span class='ocrx_word' id='word_1_130' title='bbox 316 1736 371 1781; x_wconf 88' lang='lat' dir='ltr'><strong>et</strong></span> <span class='ocrx_word' id='word_1_131' title='bbox 400 1725 501 1780; x_wconf 82' lang='lat' dir='ltr'><strong>tibi</strong></span> <span class='ocrx_word' id='word_1_132' title='bbox 536 1737 644 1793; x_wconf 73' lang='lat' dir='ltr'><strong>eat,</strong></span> <span class='ocrx_word' id='word_1_133' title='bbox 676 1726 804 1795; x_wconf 84' lang='lat' dir='ltr'><strong>quia</strong></span> <span class='ocrx_word' id='word_1_134' title='bbox 851 1726 1045 1781; x_wconf 80' lang='lat' dir='ltr'><strong>venisti</strong></span> <span class='ocrx_word' id='word_1_135' title='bbox 1086 1734 1277 1781; x_wconf 85' lang='lat' dir='ltr'><strong>contra</strong></span> <span class='ocrx_word' id='word_1_136' title='bbox 1316 1740 1420 1789; x_wconf 86' lang='lat' dir='ltr'><strong>me.</strong></span> <span class='ocrx_word' id='word_1_137' title='bbox 1458 1732 1516 1781; x_wconf 87' lang='lat' dir='ltr'><strong>ut</strong></span> <span class='ocrx_word' id='word_1_138' title='bbox 1544 1734 1788 1779; x_wconf 84' lang='lat' dir='ltr'><strong>vastares</strong></span> <span class='ocrx_word' id='word_1_139' title='bbox 1820 1731 1930 1777; x_wconf 88' lang='lat' dir='ltr'><strong>ter-</strong></span> 
     </span>
    </p>
   </div>
   <div class='ocr_carea' id='block_1_19' title="bbox 2028 520 3622 594">
    <p class='ocr_par' dir='ltr' id='par_1_19' title="bbox 2028 520 3622 594">
     <span class='ocr_line' id='line_1_19' title="bbox 2028 520 3622 594; baseline 0.009 -22"><span class='ocrx_word' id='word_1_140' title='bbox 2028 520 2218 576; x_wconf 87' lang='lat' dir='ltr'><strong>vienlis</strong></span> <span class='ocrx_word' id='word_1_141' title='bbox 2248 521 2402 590; x_wconf 86' lang='lat' dir='ltr'><strong>ejus,</strong></span> <span class='ocrx_word' id='word_1_142' title='bbox 2431 530 2486 577; x_wconf 88' lang='lat' dir='ltr'><strong>et</strong></span> <span class='ocrx_word' id='word_1_143' title='bbox 2519 523 2570 576; x_wconf 91' lang='lat' dir='ltr'><strong>iu</strong></span> <span class='ocrx_word' id='word_1_144' title='bbox 2602 524 2780 579; x_wconf 89' lang='lat' dir='ltr'><strong>Aroer</strong></span> <span class='ocrx_word' id='word_1_145' title='bbox 2802 569 2818 594; x_wconf 91' lang='lat'><strong>,</strong></span> <span class='ocrx_word' id='word_1_146' title='bbox 2845 532 2898 580; x_wconf 88' lang='lat' dir='ltr'><strong>et</strong></span> <span class='ocrx_word' id='word_1_147' title='bbox 2925 524 3072 580; x_wconf 84' lang='lat' dir='ltr'><strong>villis</strong></span> <span class='ocrx_word' id='word_1_148' title='bbox 3099 526 3271 594; x_wconf 85' lang='lat' dir='ltr'><strong>illius,</strong></span> <span class='ocrx_word' id='word_1_149' title='bbox 3305 529 3389 585; x_wconf 91' lang='lat' dir='ltr'><strong>vel</strong></span> <span class='ocrx_word' id='word_1_150' title='bbox 3414 530 3466 584; x_wconf 93' lang='lat' dir='ltr'><strong>in</strong></span> <span class='ocrx_word' id='word_1_151' title='bbox 3488 545 3622 586; x_wconf 89' lang='lat' dir='ltr'><strong>cun-</strong></span> 
     </span>
    </p>
   </div>
   <div class='ocr_carea' id='block_1_20' title="bbox 2027 614 3619 689">
    <p class='ocr_par' dir='ltr' id='par_1_20' title="bbox 2027 614 3619 689">
     <span class='ocr_line' id='line_1_20' title="bbox 2027 614 3619 689; baseline 0.006 -20"><span class='ocrx_word' id='word_1_152' title='bbox 2027 614 2128 669; x_wconf 89' lang='lat' dir='ltr'><strong>ctis</strong></span> <span class='ocrx_word' id='word_1_153' title='bbox 2149 614 2460 670; x_wconf 86' lang='lat' dir='ltr'><strong>civitatibus</strong></span> <span class='ocrx_word' id='word_1_154' title='bbox 2475 615 2627 686; x_wconf 82' lang='lat' dir='ltr'><strong>juxta</strong></span> <span class='ocrx_word' id='word_1_155' title='bbox 2648 615 2965 685; x_wconf 80' lang='lat' dir='ltr'><strong>Iordanem,</strong></span> <span class='ocrx_word' id='word_1_156' title='bbox 3000 632 3095 689; x_wconf 86' lang='lat' dir='ltr'><strong>per</strong></span> <span class='ocrx_word' id='word_1_157' title='bbox 3124 628 3400 677; x_wconf 86' lang='lat' dir='ltr'><strong>trecentos</strong></span> <span class='ocrx_word' id='word_1_158' title='bbox 3425 638 3619 680; x_wconf 84' lang='lat' dir='ltr'><strong>annos.</strong></span> 
     </span>
    </p>
   </div>
   <div class='ocr_carea' id='block_1_21' title="bbox 2028 705 3624 784">
    <p class='ocr_par' dir='ltr' id='par_1_21' title="bbox 2028 705 3624 784">
     <span class='ocr_line' id='line_1_21' title="bbox 2028 705 3624 784; baseline 0.008 -25"><span class='ocrx_word' id='word_1_159' title='bbox 2028 705 2206 772; x_wconf 80' lang='lat' dir='ltr'><strong>Quare</strong></span> <span class='ocrx_word' id='word_1_160' title='bbox 2231 716 2380 762; x_wconf 89' lang='lat' dir='ltr'><strong>tanto</strong></span> <span class='ocrx_word' id='word_1_161' title='bbox 2399 720 2642 778; x_wconf 76' lang='lat' dir='ltr'><strong>tempore</strong></span> <span class='ocrx_word' id='word_1_162' title='bbox 2664 709 2801 764; x_wconf 85' lang='lat' dir='ltr'><strong>nihil</strong></span> <span class='ocrx_word' id='word_1_163' title='bbox 2834 725 3000 781; x_wconf 84' lang='lat' dir='ltr'><strong>super</strong></span> <span class='ocrx_word' id='word_1_164' title='bbox 3027 711 3129 767; x_wconf 87' lang='lat' dir='ltr'><strong>hac</strong></span> <span class='ocrx_word' id='word_1_165' title='bbox 3159 715 3481 784; x_wconf 88' lang='lat' dir='ltr'><strong>repetitione</strong></span> <span class='ocrx_word' id='word_1_166' title='bbox 3505 724 3624 773; x_wconf 64' lang='lat' dir='ltr'><strong>ten-</strong></span> 
     </span>
    </p>
   </div>
   <div class='ocr_carea' id='block_1_22' title="bbox 2032 802 3627 874">
    <p class='ocr_par' dir='ltr' id='par_1_22' title="bbox 2032 802 3627 874">
     <span class='ocr_line' id='line_1_22' title="bbox 2032 802 3627 874; baseline 0.007 -19"><span class='ocrx_word' id='word_1_167' title='bbox 2032 802 2230 857; x_wconf 82' lang='lat' dir='ltr'><strong>lastis?</strong></span> <span class='ocrx_word' id='word_1_168' title='bbox 2260 802 2425 873; x_wconf 80' lang='lat' dir='ltr'><strong>Igitur</strong></span> <span class='ocrx_word' id='word_1_169' title='bbox 2448 818 2559 859; x_wconf 85' lang='lat' dir='ltr'><strong>non</strong></span> <span class='ocrx_word' id='word_1_170' title='bbox 2588 820 2692 874; x_wconf 86' lang='lat' dir='ltr'><strong>ego</strong></span> <span class='ocrx_word' id='word_1_171' title='bbox 2715 821 2885 874; x_wconf 86' lang='lat' dir='ltr'><strong>pecco</strong></span> <span class='ocrx_word' id='word_1_172' title='bbox 2914 806 2966 860; x_wconf 92' lang='lat' dir='ltr'><strong>in</strong></span> <span class='ocrx_word' id='word_1_173' title='bbox 2996 817 3070 873; x_wconf 90' lang='lat' dir='ltr'><strong>te,</strong></span> <span class='ocrx_word' id='word_1_174' title='bbox 3103 808 3196 862; x_wconf 89' lang='lat' dir='ltr'><strong>sed</strong></span> <span class='ocrx_word' id='word_1_175' title='bbox 3227 817 3283 863; x_wconf 81' lang='lat' dir='ltr'><strong>tn</strong></span> <span class='ocrx_word' id='word_1_176' title='bbox 3308 821 3503 865; x_wconf 87' lang='lat' dir='ltr'><strong>contra</strong></span> <span class='ocrx_word' id='word_1_177' title='bbox 3536 827 3627 867; x_wconf 90' lang='lat' dir='ltr'><strong>me</strong></span> 
     </span>
    </p>
   </div>
   <div class='ocr_carea' id='block_1_23' title="bbox 2029 895 3628 971">
    <p class='ocr_par' dir='ltr' id='par_1_23' title="bbox 2029 895 3628 971">
     <span class='ocr_line' id='line_1_23' title="bbox 2029 895 3628 971; baseline 0.006 -23"><span class='ocrx_word' id='word_1_178' title='bbox 2029 895 2170 949; x_wconf 83' lang='lat' dir='ltr'><strong>male</strong></span> <span class='ocrx_word' id='word_1_179' title='bbox 2191 897 2326 965; x_wconf 78' lang='lat' dir='ltr'><strong>agis,</strong></span> <span class='ocrx_word' id='word_1_180' title='bbox 2358 896 2610 952; x_wconf 88' lang='lat' dir='ltr'><strong>indicens</strong></span> <span class='ocrx_word' id='word_1_181' title='bbox 2632 898 2763 953; x_wconf 85' lang='lat' dir='ltr'><strong>mihi</strong></span> <span class='ocrx_word' id='word_1_182' title='bbox 2791 898 2928 953; x_wconf 85' lang='lat' dir='ltr'><strong>bella</strong></span> <span class='ocrx_word' id='word_1_183' title='bbox 2962 915 3068 956; x_wconf 87' lang='lat' dir='ltr'><strong>non</strong></span> <span class='ocrx_word' id='word_1_184' title='bbox 3086 900 3257 971; x_wconf 86' lang='lat' dir='ltr'><strong>justa.</strong></span> <span class='ocrx_word' id='word_1_185' title='bbox 3279 902 3495 959; x_wconf 80' lang='lat' dir='ltr'><strong>Judicet</strong></span> <span class='ocrx_word' id='word_1_186' title='bbox 3520 904 3628 958; x_wconf 82' lang='lat' dir='ltr'><strong>Do-</strong></span> 
     </span>
    </p>
   </div>
   <div class='ocr_carea' id='block_1_24' title="bbox 2031 987 3625 1060">
    <p class='ocr_par' dir='ltr' id='par_1_24' title="bbox 2031 987 3625 1060">
     <span class='ocr_line' id='line_1_24' title="bbox 2031 987 3625 1060; baseline 0.008 -20"><span class='ocrx_word' id='word_1_187' title='bbox 2031 987 2208 1041; x_wconf 83' lang='lat' dir='ltr'><strong>minus</strong></span> <span class='ocrx_word' id='word_1_188' title='bbox 2238 988 2445 1044; x_wconf 84' lang='lat' dir='ltr'><strong>arbiter</strong></span> <span class='ocrx_word' id='word_1_189' title='bbox 2474 989 2633 1060; x_wconf 83' lang='lat' dir='ltr'><strong>hujus</strong></span> <span class='ocrx_word' id='word_1_190' title='bbox 2660 989 2791 1057; x_wconf 86' lang='lat' dir='ltr'><strong>diei,</strong></span> <span class='ocrx_word' id='word_1_191' title='bbox 2823 991 2969 1046; x_wconf 87' lang='lat' dir='ltr'><strong>inter</strong></span> <span class='ocrx_word' id='word_1_192' title='bbox 2997 992 3163 1049; x_wconf 89' lang='lat' dir='ltr'><strong>Israel</strong></span> <span class='ocrx_word' id='word_1_193' title='bbox 3202 1005 3258 1050; x_wconf 90' lang='lat' dir='ltr'><strong>et</strong></span> <span class='ocrx_word' id='word_1_194' title='bbox 3290 994 3432 1050; x_wconf 88' lang='lat' dir='ltr'><strong>inter</strong></span> <span class='ocrx_word' id='word_1_195' title='bbox 3476 995 3625 1052; x_wconf 83' lang='lat' dir='ltr'><strong>ﬁlios</strong></span> 
     </span>
    </p>
   </div>
   <div class='ocr_carea' id='block_1_25' title="bbox 2028 1077 3622 1153">
    <p class='ocr_par' dir='ltr' id='par_1_25' title="bbox 2028 1077 3622 1153">
     <span class='ocr_line' id='line_1_25' title="bbox 2028 1077 3622 1153; baseline 0.005 -18"><span class='ocrx_word' id='word_1_196' title='bbox 2028 1077 2283 1136; x_wconf 80' lang='lat' dir='ltr'><strong>Ammon.</strong></span> <span class='ocrx_word' id='word_1_197' title='bbox 2306 1080 2598 1150; x_wconf 83' lang='lat' dir='ltr'><strong>Noluitque</strong></span> <span class='ocrx_word' id='word_1_198' title='bbox 2626 1083 2976 1153; x_wconf 73' lang='lat' dir='ltr'><strong>acquiescere</strong></span> <span class='ocrx_word' id='word_1_199' title='bbox 3000 1100 3093 1140; x_wconf 84' lang='lat' dir='ltr'><strong>rex</strong></span> <span class='ocrx_word' id='word_1_200' title='bbox 3124 1086 3357 1142; x_wconf 86' lang='lat' dir='ltr'><strong>ﬁliorum</strong></span> <span class='ocrx_word' id='word_1_201' title='bbox 3389 1091 3622 1144; x_wconf 83' lang='lat' dir='ltr'><strong>Ammon</strong></span> 
     </span>
    </p>
   </div>
   <div class='ocr_carea' id='block_1_26' title="bbox 2032 1172 3627 1245">
    <p class='ocr_par' dir='ltr' id='par_1_26' title="bbox 2032 1172 3627 1245">
     <span class='ocr_line' id='line_1_26' title="bbox 2032 1172 3627 1245; baseline 0.009 -21"><span class='ocrx_word' id='word_1_202' title='bbox 2032 1172 2213 1228; x_wconf 81' lang='lat' dir='ltr'><strong>verbis</strong></span> <span class='ocrx_word' id='word_1_203' title='bbox 2240 1173 2493 1245; x_wconf 78' lang='lat' dir='ltr'><strong>Jepbtbe,</strong></span> <span class='ocrx_word' id='word_1_204' title='bbox 2524 1190 2647 1244; x_wconf 67' lang='lat' dir='ltr'><strong>quae</strong></span> <span class='ocrx_word' id='word_1_205' title='bbox 2666 1191 2764 1245; x_wconf 81' lang='lat' dir='ltr'><strong>per</strong></span> <span class='ocrx_word' id='word_1_206' title='bbox 2792 1178 3014 1233; x_wconf 82' lang='lat' dir='ltr'><strong>nuntios</strong></span> <span class='ocrx_word' id='word_1_207' title='bbox 3037 1180 3407 1235; x_wconf 79' lang='lat' dir='ltr'><strong>mandaverat.</strong></span> <span class='ocrx_word' id='word_1_208' title='bbox 3428 1181 3627 1238; x_wconf 77' lang='lat' dir='ltr'><strong>Factus</strong></span> 
     </span>
    </p>
   </div>
   <div class='ocr_carea' id='block_1_27' title="bbox 2030 1265 3627 1337">
    <p class='ocr_par' dir='ltr' id='par_1_27' title="bbox 2030 1265 3627 1337">
     <span class='ocr_line' id='line_1_27' title="bbox 2030 1265 3627 1337; baseline 0.006 -18"><span class='ocrx_word' id='word_1_209' title='bbox 2030 1272 2115 1319; x_wconf 80' lang='lat' dir='ltr'><strong>est</strong></span> <span class='ocrx_word' id='word_1_210' title='bbox 2136 1280 2266 1333; x_wconf 73' lang='lat' dir='ltr'><strong>ergo</strong></span> <span class='ocrx_word' id='word_1_211' title='bbox 2296 1280 2461 1334; x_wconf 64' lang='lat' dir='ltr'><strong>super</strong></span> <span class='ocrx_word' id='word_1_212' title='bbox 2490 1265 2721 1334; x_wconf 75' lang='lat' dir='ltr'><strong>Iephthe</strong></span> <span class='ocrx_word' id='word_1_213' title='bbox 2746 1266 2983 1337; x_wconf 81' lang='lat' dir='ltr'><strong>Spiritus</strong></span> <span class='ocrx_word' id='word_1_214' title='bbox 3018 1269 3232 1326; x_wconf 88' lang='lat' dir='ltr'><strong>Domini</strong></span> <span class='ocrx_word' id='word_1_215' title='bbox 3260 1289 3272 1324; x_wconf 88' lang='lat'><strong>:</strong></span> <span class='ocrx_word' id='word_1_216' title='bbox 3307 1280 3362 1327; x_wconf 89' lang='lat' dir='ltr'><strong>et</strong></span> <span class='ocrx_word' id='word_1_217' title='bbox 3389 1271 3627 1330; x_wconf 89' lang='lat' dir='ltr'><strong>circum-</strong></span> 
     </span>
    </p>
   </div>
   <div class='ocr_carea' id='block_1_28' title="bbox 2033 1355 3625 1433">
    <p class='ocr_par' dir='ltr' id='par_1_28' title="bbox 2033 1355 3625 1433">
     <span class='ocr_line' id='line_1_28' title="bbox 2033 1355 3625 1433; baseline 0.008 -25"><span class='ocrx_word' id='word_1_218' title='bbox 2033 1355 2153 1411; x_wconf 85' lang='lat' dir='ltr'><strong>iens</strong></span> <span class='ocrx_word' id='word_1_219' title='bbox 2177 1355 2408 1421; x_wconf 77' lang='lat' dir='ltr'><strong>Galaad,</strong></span> <span class='ocrx_word' id='word_1_220' title='bbox 2463 1368 2513 1413; x_wconf 91' lang='lat' dir='ltr'><strong>el</strong></span> <span class='ocrx_word' id='word_1_221' title='bbox 2547 1358 2792 1413; x_wconf 82' lang='lat' dir='ltr'><strong>Manasse</strong></span> <span class='ocrx_word' id='word_1_222' title='bbox 2820 1401 2834 1424; x_wconf 92' lang='lat'><strong>,</strong></span> <span class='ocrx_word' id='word_1_223' title='bbox 2872 1359 3093 1430; x_wconf 74' lang='lat' dir='ltr'><strong>Mespba</strong></span> <span class='ocrx_word' id='word_1_224' title='bbox 3144 1378 3361 1433; x_wconf 81' lang='lat' dir='ltr'><strong>quoque</strong></span> <span class='ocrx_word' id='word_1_225' title='bbox 3398 1363 3625 1433; x_wconf 83' lang='lat' dir='ltr'><strong>Galaad,</strong></span> 
     </span>
    </p>
   </div>
   <div class='ocr_carea' id='block_1_29' title="bbox 2032 1447 3632 1520">
    <p class='ocr_par' dir='ltr' id='par_1_29' title="bbox 2032 1447 3632 1520">
     <span class='ocr_line' id='line_1_29' title="bbox 2032 1447 3632 1520; baseline 0.006 -21"><span class='ocrx_word' id='word_1_226' title='bbox 2032 1456 2085 1500; x_wconf 91' lang='lat' dir='ltr'><strong>et</strong></span> <span class='ocrx_word' id='word_1_227' title='bbox 2115 1447 2242 1503; x_wconf 88' lang='lat' dir='ltr'><strong>inde</strong></span> <span class='ocrx_word' id='word_1_228' title='bbox 2266 1449 2547 1504; x_wconf 79' lang='lat' dir='ltr'><strong>transiens</strong></span> <span class='ocrx_word' id='word_1_229' title='bbox 2572 1449 2641 1505; x_wconf 78' lang='lat' dir='ltr'><strong>ad</strong></span> <span class='ocrx_word' id='word_1_230' title='bbox 2682 1449 2826 1505; x_wconf 81' lang='lat' dir='ltr'><strong>ﬁlios</strong></span> <span class='ocrx_word' id='word_1_231' title='bbox 2853 1450 3109 1520; x_wconf 78' lang='lat' dir='ltr'><strong>Ammon,</strong></span> <span class='ocrx_word' id='word_1_232' title='bbox 3146 1463 3327 1508; x_wconf 77' lang='lat' dir='ltr'><strong>votum</strong></span> <span class='ocrx_word' id='word_1_233' title='bbox 3352 1455 3499 1510; x_wconf 80' lang='lat' dir='ltr'><strong>vovit</strong></span> <span class='ocrx_word' id='word_1_234' title='bbox 3525 1457 3632 1509; x_wconf 81' lang='lat' dir='ltr'><strong>Do-</strong></span> 
     </span>
    </p>
   </div>
   <div class='ocr_carea' id='block_1_30' title="bbox 2032 1537 3623 1611">
    <p class='ocr_par' dir='ltr' id='par_1_30' title="bbox 2032 1537 3623 1611">
     <span class='ocr_line' id='line_1_30' title="bbox 2032 1537 3623 1611; baseline 0.006 -19"><span class='ocrx_word' id='word_1_235' title='bbox 2032 1537 2201 1607; x_wconf 86' lang='lat' dir='ltr'><strong>mino,</strong></span> <span class='ocrx_word' id='word_1_236' title='bbox 2229 1538 2419 1595; x_wconf 74' lang='lat' dir='ltr'><strong>dicens</strong></span> <span class='ocrx_word' id='word_1_237' title='bbox 2450 1556 2461 1593; x_wconf 88' lang='lat'><strong>:</strong></span> <span class='ocrx_word' id='word_1_238' title='bbox 2494 1539 2578 1611; x_wconf 69' lang='lat'><strong>[(1.</strong></span> <span class='ocrx_word' id='word_1_239' title='bbox 2609 1538 2817 1611; x_wconf 62' lang='lat' dir='ltr'><strong>XLH‘</strong></span> <span class='ocrx_word' id='word_1_240' title='bbox 2844 1540 2900 1597; x_wconf 83' lang='lat' dir='ltr'><strong>Si</strong></span> <span class='ocrx_word' id='word_1_241' title='bbox 2922 1541 3209 1597; x_wconf 81' lang='lat' dir='ltr'><strong>tradideris</strong></span> <span class='ocrx_word' id='word_1_242' title='bbox 3226 1543 3371 1599; x_wconf 86' lang='lat' dir='ltr'><strong>ﬁlios</strong></span> <span class='ocrx_word' id='word_1_243' title='bbox 3392 1547 3623 1602; x_wconf 82' lang='lat' dir='ltr'><strong>Ammon</strong></span> 
     </span>
    </p>
   </div>
   <div class='ocr_carea' id='block_1_31' title="bbox 2033 1632 3626 1709">
    <p class='ocr_par' dir='ltr' id='par_1_31' title="bbox 2033 1632 3626 1709">
     <span class='ocr_line' id='line_1_31' title="bbox 2033 1632 3626 1709; baseline 0.006 -25"><span class='ocrx_word' id='word_1_244' title='bbox 2033 1632 2086 1685; x_wconf 77' lang='lat' dir='ltr'><strong>in</strong></span> <span class='ocrx_word' id='word_1_245' title='bbox 2130 1647 2329 1687; x_wconf 84' lang='lat' dir='ltr'><strong>manus</strong></span> <span class='ocrx_word' id='word_1_246' title='bbox 2359 1646 2529 1698; x_wconf 86' lang='lat' dir='ltr'><strong>meas,</strong></span> <span class='ocrx_word' id='word_1_247' title='bbox 2572 1636 2905 1703; x_wconf 71' lang='lat' dir='ltr'><strong>quicumque</strong></span> <span class='ocrx_word' id='word_1_248' title='bbox 2942 1636 3149 1706; x_wconf 85' lang='lat' dir='ltr'><strong>primus</strong></span> <span class='ocrx_word' id='word_1_249' title='bbox 3175 1635 3342 1691; x_wconf 76' lang='lat' dir='ltr'><strong>fuerit</strong></span> <span class='ocrx_word' id='word_1_250' title='bbox 3371 1652 3626 1709; x_wconf 85' lang='lat' dir='ltr'><strong>egressus</strong></span> 
     </span>
    </p>
   </div>
   <div class='ocr_carea' id='block_1_32' title="bbox 2033 1722 3631 1800">
    <p class='ocr_par' dir='ltr' id='par_1_32' title="bbox 2033 1722 3631 1800">
     <span class='ocr_line' id='line_1_32' title="bbox 2033 1722 3631 1800; baseline 0.006 -23"><span class='ocrx_word' id='word_1_251' title='bbox 2033 1722 2175 1779; x_wconf 80' lang='lat' dir='ltr'><strong>fores</strong></span> <span class='ocrx_word' id='word_1_252' title='bbox 2188 1723 2298 1795; x_wconf 73' lang='lat' dir='ltr'><strong>[AL</strong></span> <span class='ocrx_word' id='word_1_253' title='bbox 2318 1724 2387 1780; x_wconf 83' lang='lat' dir='ltr'><strong>de</strong></span> <span class='ocrx_word' id='word_1_254' title='bbox 2406 1723 2639 1797; x_wconf 71' lang='lat' dir='ltr'><strong>foribus]</strong></span> <span class='ocrx_word' id='word_1_255' title='bbox 2663 1726 2859 1781; x_wconf 85' lang='lat' dir='ltr'><strong>domus</strong></span> <span class='ocrx_word' id='word_1_256' title='bbox 2884 1740 3041 1794; x_wconf 83' lang='lat' dir='ltr'><strong>meae,</strong></span> <span class='ocrx_word' id='word_1_257' title='bbox 3070 1727 3309 1800; x_wconf 86' lang='lat' dir='ltr'><strong>mihique</strong></span> <span class='ocrx_word' id='word_1_258' title='bbox 3326 1732 3631 1787; x_wconf 88' lang='lat' dir='ltr'><strong>occurrerit</strong></span> 
     </span>
    </p>
   </div>
   <div class='ocr_carea' id='block_1_33' title="bbox 318 1814 3626 1891">
    <p class='ocr_par' dir='ltr' id='par_1_33' title="bbox 318 1814 3626 1891">
     <span class='ocr_line' id='line_1_33' title="bbox 318 1814 3626 1891; baseline 0.002 -16"><span class='ocrx_word' id='word_1_259' title='bbox 318 1835 434 1875; x_wconf 86' lang='lat' dir='ltr'><strong>ram</strong></span> <span class='ocrx_word' id='word_1_260' title='bbox 459 1819 683 1875; x_wconf 78' lang='lat' dir='ltr'><strong>meum?</strong></span> <span class='ocrx_word' id='word_1_261' title='bbox 722 1818 928 1888; x_wconf 84' lang='lat' dir='ltr'><strong>Quibus</strong></span> <span class='ocrx_word' id='word_1_262' title='bbox 950 1820 1041 1875; x_wconf 91' lang='lat' dir='ltr'><strong>ille</strong></span> <span class='ocrx_word' id='word_1_263' title='bbox 1064 1818 1353 1891; x_wconf 83' lang='lat' dir='ltr'><strong>respondit</strong></span> <span class='ocrx_word' id='word_1_264' title='bbox 1383 1835 1400 1875; x_wconf 83' lang='lat'><strong>;</strong></span> <span class='ocrx_word' id='word_1_265' title='bbox 1432 1817 1566 1886; x_wconf 85' lang='lat' dir='ltr'><strong>Quia</strong></span> <span class='ocrx_word' id='word_1_266' title='bbox 1606 1816 1728 1873; x_wconf 80' lang='lat' dir='ltr'><strong>tulit</strong></span> <span class='ocrx_word' id='word_1_267' title='bbox 1766 1814 1930 1870; x_wconf 89' lang='lat' dir='ltr'><strong>Israel</strong></span> <span class='ocrx_word' id='word_1_268' title='bbox 1960 1819 2007 1880; x_wconf 88' lang='lat' dir='ltr'><strong>B</strong></span> <span class='ocrx_word' id='word_1_269' title='bbox 2038 1819 2329 1873; x_wconf 77' lang='lat' dir='ltr'><strong>revertenti</strong></span> <span class='ocrx_word' id='word_1_270' title='bbox 2358 1833 2480 1874; x_wconf 86' lang='lat' dir='ltr'><strong>cum</strong></span> <span class='ocrx_word' id='word_1_271' title='bbox 2512 1834 2645 1887; x_wconf 85' lang='lat' dir='ltr'><strong>pace</strong></span> <span class='ocrx_word' id='word_1_272' title='bbox 2669 1836 2699 1875; x_wconf 71' lang='grc' dir='ltr'>ι</span> <span class='ocrx_word' id='word_1_273' title='bbox 2733 1819 2857 1876; x_wconf 87' lang='lat' dir='ltr'><strong>ﬁliis</strong></span> <span class='ocrx_word' id='word_1_274' title='bbox 2885 1821 3144 1889; x_wconf 83' lang='lat' dir='ltr'><strong>Ammon,</strong></span> <span class='ocrx_word' id='word_1_275' title='bbox 3176 1840 3300 1878; x_wconf 89' lang='lat' dir='ltr'><strong>eum</strong></span> <span class='ocrx_word' id='word_1_276' title='bbox 3332 1824 3626 1881; x_wconf 86' lang='lat' dir='ltr'><strong>holocaus-</strong></span> 
     </span>
    </p>
   </div>
   <div class='ocr_carea' id='block_1_34' title="bbox 323 1911 1933 1985">
    <p class='ocr_par' dir='ltr' id='par_1_34' title="bbox 323 1911 1933 1985">
     <span class='ocr_line' id='line_1_34' title="bbox 323 1911 1933 1985; baseline -0.003 -16"><span class='ocrx_word' id='word_1_277' title='bbox 323 1922 527 1971; x_wconf 87' lang='lat' dir='ltr'><strong>terram</strong></span> <span class='ocrx_word' id='word_1_278' title='bbox 553 1929 751 1980; x_wconf 84' lang='lat' dir='ltr'><strong>meam,</strong></span> <span class='ocrx_word' id='word_1_279' title='bbox 780 1912 994 1985; x_wconf 81' lang='lat' dir='ltr'><strong>quando</strong></span> <span class='ocrx_word' id='word_1_280' title='bbox 1016 1914 1265 1969; x_wconf 83' lang='lat' dir='ltr'><strong>ascendit</strong></span> <span class='ocrx_word' id='word_1_281' title='bbox 1292 1913 1359 1969; x_wconf 89' lang='lat' dir='ltr'><strong>de</strong></span> <span class='ocrx_word' id='word_1_282' title='bbox 1387 1912 1646 1985; x_wconf 69' lang='lat' dir='ltr'><strong>Egypto,</strong></span> <span class='ocrx_word' id='word_1_283' title='bbox 1680 1928 1711 1967; x_wconf 88' lang='lat' dir='ltr'><strong>a</strong></span> <span class='ocrx_word' id='word_1_284' title='bbox 1740 1911 1933 1966; x_wconf 88' lang='lat' dir='ltr'><strong>ﬁnibus</strong></span> 
     </span>
    </p>
   </div>
   <div class='ocr_carea' id='block_1_35' title="bbox 320 2004 1936 2083">
    <p class='ocr_par' dir='ltr' id='par_1_35' title="bbox 320 2004 1936 2083">
     <span class='ocr_line' id='line_1_35' title="bbox 320 2004 1936 2083; baseline -0.003 -20"><span class='ocrx_word' id='word_1_285' title='bbox 320 2008 511 2063; x_wconf 86' lang='lat' dir='ltr'><strong>Arnou</strong></span> <span class='ocrx_word' id='word_1_286' title='bbox 544 2024 717 2079; x_wconf 78' lang='lat' dir='ltr'><strong>usque</strong></span> <span class='ocrx_word' id='word_1_287' title='bbox 747 2007 955 2083; x_wconf 77' lang='lat' dir='ltr'><strong>Jebboc</strong></span> <span class='ocrx_word' id='word_1_288' title='bbox 986 2017 1146 2077; x_wconf 83' lang='lat' dir='ltr'><strong>atque</strong></span> <span class='ocrx_word' id='word_1_289' title='bbox 1195 2006 1491 2064; x_wconf 76' lang='lat' dir='ltr'><strong>Iordanem</strong></span> <span class='ocrx_word' id='word_1_290' title='bbox 1536 2022 1549 2061; x_wconf 88' lang='lat'><strong>:</strong></span> <span class='ocrx_word' id='word_1_291' title='bbox 1594 2020 1734 2060; x_wconf 91' lang='lat' dir='ltr'><strong>nunc</strong></span> <span class='ocrx_word' id='word_1_292' title='bbox 1774 2004 1936 2075; x_wconf 78' lang='lat' dir='ltr'><strong>igitur</strong></span> 
     </span>
    </p>
   </div>
   <div class='ocr_carea' id='block_1_36' title="bbox 321 2099 1935 2171">
    <p class='ocr_par' dir='ltr' id='par_1_36' title="bbox 321 2099 1935 2171">
     <span class='ocr_line' id='line_1_36' title="bbox 321 2099 1935 2171; baseline -0.001 -16"><span class='ocrx_word' id='word_1_293' title='bbox 321 2115 445 2155; x_wconf 88' lang='lat' dir='ltr'><strong>cum</strong></span> <span class='ocrx_word' id='word_1_294' title='bbox 482 2115 618 2169; x_wconf 82' lang='lat' dir='ltr'><strong>pace</strong></span> <span class='ocrx_word' id='word_1_295' title='bbox 660 2100 827 2157; x_wconf 83' lang='lat' dir='ltr'><strong>redde</strong></span> <span class='ocrx_word' id='word_1_296' title='bbox 868 2100 1001 2155; x_wconf 90' lang='lat' dir='ltr'><strong>mibi</strong></span> <span class='ocrx_word' id='word_1_297' title='bbox 1050 2115 1191 2156; x_wconf 86' lang='lat' dir='ltr'><strong>eam.</strong></span> <span class='ocrx_word' id='word_1_298' title='bbox 1230 2099 1333 2156; x_wconf 87' lang='lat' dir='ltr'><strong>Per</strong></span> <span class='ocrx_word' id='word_1_299' title='bbox 1364 2115 1500 2171; x_wconf 86' lang='lat' dir='ltr'><strong>quos</strong></span> <span class='ocrx_word' id='word_1_300' title='bbox 1530 2115 1745 2154; x_wconf 83' lang='lat' dir='ltr'><strong>rursum</strong></span> <span class='ocrx_word' id='word_1_301' title='bbox 1772 2113 1935 2153; x_wconf 83' lang='lat' dir='ltr'><strong>man-</strong></span> 
     </span>
    </p>
   </div>
   <div class='ocr_carea' id='block_1_37' title="bbox 326 2192 1938 2265">
    <p class='ocr_par' dir='ltr' id='par_1_37' title="bbox 326 2192 1938 2265">
     <span class='ocr_line' id='line_1_37' title="bbox 326 2192 1938 2265; baseline -0.002 -18"><span class='ocrx_word' id='word_1_302' title='bbox 326 2192 479 2248; x_wconf 90' lang='lat' dir='ltr'><strong>davit</strong></span> <span class='ocrx_word' id='word_1_303' title='bbox 500 2193 741 2265; x_wconf 82' lang='lat' dir='ltr'><strong>Jepbtbe</strong></span> <span class='ocrx_word' id='word_1_304' title='bbox 769 2211 781 2247; x_wconf 90' lang='lat'>:</span> <span class='ocrx_word' id='word_1_305' title='bbox 816 2204 868 2247; x_wconf 85' lang='lat' dir='ltr'><strong>et</strong></span> <span class='ocrx_word' id='word_1_306' title='bbox 892 2192 1179 2263; x_wconf 85' lang='lat' dir='ltr'><strong>imperavit</strong></span> <span class='ocrx_word' id='word_1_307' title='bbox 1196 2193 1303 2261; x_wconf 88' lang='lat' dir='ltr'><strong>eis,</strong></span> <span class='ocrx_word' id='word_1_308' title='bbox 1328 2203 1381 2247; x_wconf 87' lang='lat' dir='ltr'><strong>ut</strong></span> <span class='ocrx_word' id='word_1_309' title='bbox 1401 2192 1645 2249; x_wconf 90' lang='lat' dir='ltr'><strong>dicerent</strong></span> <span class='ocrx_word' id='word_1_310' title='bbox 1673 2193 1783 2262; x_wconf 86' lang='lat' dir='ltr'><strong>regi</strong></span> <span class='ocrx_word' id='word_1_311' title='bbox 1808 2193 1938 2245; x_wconf 80' lang='lat' dir='ltr'><strong>Am-</strong></span> 
     </span>
    </p>
   </div>
   <div class='ocr_carea' id='block_1_38' title="bbox 328 2284 1938 2355">
    <p class='ocr_par' dir='ltr' id='par_1_38' title="bbox 328 2284 1938 2355">
     <span class='ocr_line' id='line_1_38' title="bbox 328 2284 1938 2355; baseline -0.003 -14"><span class='ocrx_word' id='word_1_312' title='bbox 328 2301 455 2341; x_wconf 90' lang='lat' dir='ltr'><strong>mou</strong></span> <span class='ocrx_word' id='word_1_313' title='bbox 513 2304 526 2337; x_wconf 94' lang='lat'>:</span> <span class='ocrx_word' id='word_1_314' title='bbox 574 2286 704 2341; x_wconf 58' lang='lat' dir='ltr'><strong>Ha&#39;c</strong></span> <span class='ocrx_word' id='word_1_315' title='bbox 742 2286 873 2341; x_wconf 86' lang='lat' dir='ltr'><strong>dicit</strong></span> <span class='ocrx_word' id='word_1_316' title='bbox 918 2284 1155 2355; x_wconf 83' lang='lat' dir='ltr'><strong>Jephthe</strong></span> <span class='ocrx_word' id='word_1_317' title='bbox 1189 2303 1202 2339; x_wconf 84' lang='lat'><strong>:</strong></span> <span class='ocrx_word' id='word_1_318' title='bbox 1234 2285 1352 2340; x_wconf 84' lang='lat' dir='ltr'><strong>Non</strong></span> <span class='ocrx_word' id='word_1_319' title='bbox 1394 2285 1513 2339; x_wconf 89' lang='lat' dir='ltr'><strong>tulit</strong></span> <span class='ocrx_word' id='word_1_320' title='bbox 1542 2284 1705 2340; x_wconf 80' lang='lat' dir='ltr'><strong>Israel</strong></span> <span class='ocrx_word' id='word_1_321' title='bbox 1739 2294 1938 2338; x_wconf 88' lang='lat' dir='ltr'><strong>terram</strong></span> 
     </span>
    </p>
   </div>
   <div class='ocr_carea' id='block_1_39' title="bbox 325 2377 1939 2449">
    <p class='ocr_par' dir='ltr' id='par_1_39' title="bbox 325 2377 1939 2449">
     <span class='ocr_line' id='line_1_39' title="bbox 325 2377 1939 2449; baseline 0 -16"><span class='ocrx_word' id='word_1_322' title='bbox 325 2378 511 2446; x_wconf 82' lang='lat' dir='ltr'><strong>Moab,</strong></span> <span class='ocrx_word' id='word_1_323' title='bbox 548 2393 651 2434; x_wconf 90' lang='lat' dir='ltr'><strong>nec</strong></span> <span class='ocrx_word' id='word_1_324' title='bbox 682 2390 883 2435; x_wconf 89' lang='lat' dir='ltr'><strong>terram</strong></span> <span class='ocrx_word' id='word_1_325' title='bbox 917 2378 1150 2434; x_wconf 89' lang='lat' dir='ltr'><strong>ﬁliorum</strong></span> <span class='ocrx_word' id='word_1_326' title='bbox 1185 2383 1417 2435; x_wconf 85' lang='lat' dir='ltr'><strong>Ammon</strong></span> <span class='ocrx_word' id='word_1_327' title='bbox 1450 2397 1464 2434; x_wconf 89' lang='lat'><strong>:</strong></span> <span class='ocrx_word' id='word_1_328' title='bbox 1500 2378 1596 2434; x_wconf 87' lang='lat' dir='ltr'><strong>sed</strong></span> <span class='ocrx_word' id='word_1_329' title='bbox 1627 2378 1843 2449; x_wconf 82' lang='lat' dir='ltr'><strong>quando</strong></span> <span class='ocrx_word' id='word_1_330' title='bbox 1871 2377 1939 2433; x_wconf 90' lang='lat' dir='ltr'><strong>de</strong></span> 
     </span>
    </p>
   </div>
   <div class='ocr_carea' id='block_1_40' title="bbox 330 2470 1938 2545">
    <p class='ocr_par' dir='ltr' id='par_1_40' title="bbox 330 2470 1938 2545">
     <span class='ocr_line' id='line_1_40' title="bbox 330 2470 1938 2545; baseline -0.003 -15"><span class='ocrx_word' id='word_1_331' title='bbox 330 2472 577 2545; x_wconf 64' lang='lat' dir='ltr'><strong>IEgypm</strong></span> <span class='ocrx_word' id='word_1_332' title='bbox 620 2471 1081 2539; x_wconf 87' lang='lat' dir='ltr'><strong>conscenderunt,</strong></span> <span class='ocrx_word' id='word_1_333' title='bbox 1127 2471 1428 2527; x_wconf 89' lang='lat' dir='ltr'><strong>ambulavit</strong></span> <span class='ocrx_word' id='word_1_334' title='bbox 1462 2487 1561 2542; x_wconf 90' lang='lat' dir='ltr'><strong>per</strong></span> <span class='ocrx_word' id='word_1_335' title='bbox 1587 2470 1938 2526; x_wconf 80' lang='lat' dir='ltr'><strong>solitudinem</strong></span> 
     </span>
    </p>
   </div>
   <div class='ocr_carea' id='block_1_41' title="bbox 331 2564 1942 2637">
    <p class='ocr_par' dir='ltr' id='par_1_41' title="bbox 331 2564 1942 2637">
     <span class='ocr_line' id='line_1_41' title="bbox 331 2564 1942 2637; baseline -0.001 -16"><span class='ocrx_word' id='word_1_336' title='bbox 331 2581 503 2637; x_wconf 91' lang='lat' dir='ltr'><strong>usque</strong></span> <span class='ocrx_word' id='word_1_337' title='bbox 536 2566 601 2621; x_wconf 88' lang='lat' dir='ltr'><strong>ad</strong></span> <span class='ocrx_word' id='word_1_338' title='bbox 641 2582 791 2621; x_wconf 88' lang='lat' dir='ltr'><strong>mare</strong></span> <span class='ocrx_word' id='word_1_339' title='bbox 819 2566 1085 2629; x_wconf 82' lang='lat' dir='ltr'><strong>Rubrum,</strong></span> <span class='ocrx_word' id='word_1_340' title='bbox 1117 2576 1170 2620; x_wconf 92' lang='lat' dir='ltr'><strong>et</strong></span> <span class='ocrx_word' id='word_1_341' title='bbox 1196 2566 1347 2622; x_wconf 82' lang='lat' dir='ltr'><strong>venit</strong></span> <span class='ocrx_word' id='word_1_342' title='bbox 1388 2567 1438 2620; x_wconf 92' lang='lat' dir='ltr'><strong>in</strong></span> <span class='ocrx_word' id='word_1_343' title='bbox 1467 2564 1663 2621; x_wconf 82' lang='lat' dir='ltr'><strong>Gades.</strong></span> <span class='ocrx_word' id='word_1_344' title='bbox 1690 2565 1942 2635; x_wconf 89' lang='lat' dir='ltr'><strong>Misitque</strong></span> 
     </span>
    </p>
   </div>
   <div class='ocr_carea' id='block_1_42' title="bbox 335 2658 1943 2730">
    <p class='ocr_par' dir='ltr' id='par_1_42' title="bbox 335 2658 1943 2730">
     <span class='ocr_line' id='line_1_42' title="bbox 335 2658 1943 2730; baseline -0.002 -16"><span class='ocrx_word' id='word_1_345' title='bbox 335 2661 563 2714; x_wconf 85' lang='lat' dir='ltr'><strong>nuntios</strong></span> <span class='ocrx_word' id='word_1_346' title='bbox 614 2659 681 2716; x_wconf 87' lang='lat' dir='ltr'><strong>ad</strong></span> <span class='ocrx_word' id='word_1_347' title='bbox 729 2674 910 2730; x_wconf 82' lang='lat' dir='ltr'><strong>regem</strong></span> <span class='ocrx_word' id='word_1_348' title='bbox 954 2658 1149 2727; x_wconf 76' lang='lat' dir='ltr'><strong>Edoni,</strong></span> <span class='ocrx_word' id='word_1_349' title='bbox 1185 2658 1417 2714; x_wconf 89' lang='lat' dir='ltr'><strong>dicens:</strong></span> <span class='ocrx_word' id='word_1_350' title='bbox 1464 2658 1683 2713; x_wconf 77' lang='lat' dir='ltr'><strong>Dimitte</strong></span> <span class='ocrx_word' id='word_1_351' title='bbox 1729 2672 1836 2723; x_wconf 90' lang='lat' dir='ltr'><strong>me,</strong></span> <span class='ocrx_word' id='word_1_352' title='bbox 1886 2666 1943 2711; x_wconf 91' lang='lat' dir='ltr'><strong>ut</strong></span> 
     </span>
    </p>
   </div>
   <div class='ocr_carea' id='block_1_43' title="bbox 336 2750 1944 2823">
    <p class='ocr_par' dir='ltr' id='par_1_43' title="bbox 336 2750 1944 2823">
     <span class='ocr_line' id='line_1_43' title="bbox 336 2750 1944 2823; baseline -0.001 -17"><span class='ocrx_word' id='word_1_353' title='bbox 336 2762 617 2808; x_wconf 83' lang='lat' dir='ltr'><strong>transeam</strong></span> <span class='ocrx_word' id='word_1_354' title='bbox 666 2768 761 2823; x_wconf 87' lang='lat' dir='ltr'><strong>per</strong></span> <span class='ocrx_word' id='word_1_355' title='bbox 806 2759 1011 2807; x_wconf 85' lang='lat' dir='ltr'><strong>terram</strong></span> <span class='ocrx_word' id='word_1_356' title='bbox 1063 2764 1225 2807; x_wconf 83' lang='lat' dir='ltr'><strong>tuam.</strong></span> <span class='ocrx_word' id='word_1_357' title='bbox 1260 2751 1363 2820; x_wconf 89' lang='lat' dir='ltr'><strong>Qui</strong></span> <span class='ocrx_word' id='word_1_358' title='bbox 1394 2750 1565 2806; x_wconf 88' lang='lat' dir='ltr'><strong>noluit</strong></span> <span class='ocrx_word' id='word_1_359' title='bbox 1595 2750 1944 2819; x_wconf 79' lang='lat' dir='ltr'><strong>acquiescere</strong></span> 
     </span>
    </p>
   </div>
   <div class='ocr_carea' id='block_1_44' title="bbox 334 2842 1942 2915">
    <p class='ocr_par' dir='ltr' id='par_1_44' title="bbox 334 2842 1942 2915">
     <span class='ocr_line' id='line_1_44' title="bbox 334 2842 1942 2915; baseline -0.001 -17"><span class='ocrx_word' id='word_1_360' title='bbox 334 2844 596 2915; x_wconf 90' lang='lat' dir='ltr'><strong>precibus</strong></span> <span class='ocrx_word' id='word_1_361' title='bbox 626 2844 763 2913; x_wconf 89' lang='lat' dir='ltr'><strong>ejus.</strong></span> <span class='ocrx_word' id='word_1_362' title='bbox 807 2844 956 2900; x_wconf 85' lang='lat' dir='ltr'><strong>Misit</strong></span> <span class='ocrx_word' id='word_1_363' title='bbox 999 2859 1217 2913; x_wconf 86' lang='lat' dir='ltr'><strong>quoque</strong></span> <span class='ocrx_word' id='word_1_364' title='bbox 1249 2856 1297 2900; x_wconf 89' lang='lat' dir='ltr'><strong>et</strong></span> <span class='ocrx_word' id='word_1_365' title='bbox 1320 2844 1386 2899; x_wconf 91' lang='lat' dir='ltr'><strong>ad</strong></span> <span class='ocrx_word' id='word_1_366' title='bbox 1414 2859 1599 2915; x_wconf 83' lang='lat' dir='ltr'><strong>regem</strong></span> <span class='ocrx_word' id='word_1_367' title='bbox 1643 2843 1817 2908; x_wconf 85' lang='lat' dir='ltr'><strong>Moab,</strong></span> <span class='ocrx_word' id='word_1_368' title='bbox 1851 2842 1942 2912; x_wconf 90' lang='lat' dir='ltr'><strong>qui</strong></span> 
     </span>
    </p>
   </div>
   <div class='ocr_carea' id='block_1_45' title="bbox 332 2936 1944 3008">
    <p class='ocr_par' dir='ltr' id='par_1_45' title="bbox 332 2936 1944 3008">
     <span class='ocr_line' id='line_1_45' title="bbox 332 2936 1944 3008; baseline 0 -16"><span class='ocrx_word' id='word_1_369' title='bbox 332 2946 388 2992; x_wconf 90' lang='lat' dir='ltr'><strong>et</strong></span> <span class='ocrx_word' id='word_1_370' title='bbox 410 2937 537 3007; x_wconf 87' lang='lat' dir='ltr'><strong>ipse</strong></span> <span class='ocrx_word' id='word_1_371' title='bbox 568 2938 857 2993; x_wconf 82' lang='lat' dir='ltr'><strong>transitum</strong></span> <span class='ocrx_word' id='word_1_372' title='bbox 891 2938 1136 3006; x_wconf 73' lang='lat' dir='ltr'><strong>prtebere</strong></span> <span class='ocrx_word' id='word_1_373' title='bbox 1164 2938 1510 3008; x_wconf 87' lang='lat' dir='ltr'><strong>contempsit.</strong></span> <span class='ocrx_word' id='word_1_374' title='bbox 1546 2936 1740 2993; x_wconf 83' lang='lat' dir='ltr'><strong>Mansit</strong></span> <span class='ocrx_word' id='word_1_375' title='bbox 1765 2936 1944 3005; x_wconf 82' lang='lat' dir='ltr'><strong>itaque</strong></span> 
     </span>
    </p>
   </div>
   <div class='ocr_carea' id='block_1_46' title="bbox 334 3029 1943 3099">
    <p class='ocr_par' dir='ltr' id='par_1_46' title="bbox 334 3029 1943 3099">
     <span class='ocr_line' id='line_1_46' title="bbox 334 3029 1943 3099; baseline -0.002 -12"><span class='ocrx_word' id='word_1_376' title='bbox 334 3033 386 3087; x_wconf 89' lang='lat' dir='ltr'><strong>in</strong></span> <span class='ocrx_word' id='word_1_377' title='bbox 408 3031 584 3099; x_wconf 84' lang='lat' dir='ltr'><strong>Cade,</strong></span> <span class='ocrx_word' id='word_1_378' title='bbox 615 3044 671 3089; x_wconf 91' lang='lat' dir='ltr'><strong>et</strong></span> <span class='ocrx_word' id='word_1_379' title='bbox 692 3033 1002 3088; x_wconf 83' lang='lat' dir='ltr'><strong>circumivit</strong></span> <span class='ocrx_word' id='word_1_380' title='bbox 1032 3048 1099 3088; x_wconf 84' lang='lat' dir='ltr'><strong>ex</strong></span> <span class='ocrx_word' id='word_1_381' title='bbox 1132 3033 1299 3089; x_wconf 81' lang='lat' dir='ltr'><strong>latere</strong></span> <span class='ocrx_word' id='word_1_382' title='bbox 1338 3042 1535 3088; x_wconf 90' lang='lat' dir='ltr'><strong>terram</strong></span> <span class='ocrx_word' id='word_1_383' title='bbox 1559 3029 1732 3086; x_wconf 89' lang='lat' dir='ltr'><strong>Edom</strong></span> <span class='ocrx_word' id='word_1_384' title='bbox 1760 3040 1814 3085; x_wconf 90' lang='lat' dir='ltr'><strong>et</strong></span> <span class='ocrx_word' id='word_1_385' title='bbox 1837 3039 1943 3085; x_wconf 88' lang='lat' dir='ltr'><strong>ter-</strong></span> 
     </span>
    </p>
   </div>
   <div class='ocr_carea' id='block_1_47' title="bbox 337 3124 1946 3195">
    <p class='ocr_par' dir='ltr' id='par_1_47' title="bbox 337 3124 1946 3195">
     <span class='ocr_line' id='line_1_47' title="bbox 337 3124 1946 3195; baseline -0.003 -13"><span class='ocrx_word' id='word_1_386' title='bbox 337 3140 453 3182; x_wconf 80' lang='lat' dir='ltr'><strong>ram</strong></span> <span class='ocrx_word' id='word_1_387' title='bbox 478 3125 643 3181; x_wconf 75' lang='lat' dir='ltr'><strong>Moab</strong></span> <span class='ocrx_word' id='word_1_388' title='bbox 682 3145 693 3178; x_wconf 76' lang='grc' dir='ltr'>ε</span> <span class='ocrx_word' id='word_1_389' title='bbox 730 3128 984 3195; x_wconf 86' lang='lat' dir='ltr'><strong>venitque</strong></span> <span class='ocrx_word' id='word_1_390' title='bbox 1022 3136 1210 3181; x_wconf 87' lang='lat' dir='ltr'><strong>contra</strong></span> <span class='ocrx_word' id='word_1_391' title='bbox 1243 3124 1560 3181; x_wconf 85' lang='lat' dir='ltr'><strong>orientalem</strong></span> <span class='ocrx_word' id='word_1_392' title='bbox 1590 3124 1800 3193; x_wconf 78' lang='lat' dir='ltr'><strong>plagam</strong></span> <span class='ocrx_word' id='word_1_393' title='bbox 1835 3132 1946 3178; x_wconf 82' lang='lat' dir='ltr'><strong>ter-</strong></span> 
     </span>
    </p>
   </div>
   <div class='ocr_carea' id='block_1_48' title="bbox 2040 1911 3631 1987">
    <p class='ocr_par' dir='ltr' id='par_1_48' title="bbox 2040 1911 3631 1987">
     <span class='ocr_line' id='line_1_48' title="bbox 2040 1911 3631 1987; baseline 0.006 -24"><span class='ocrx_word' id='word_1_394' title='bbox 2040 1919 2151 1966; x_wconf 91' lang='lat' dir='ltr'><strong>tum</strong></span> <span class='ocrx_word' id='word_1_395' title='bbox 2180 1911 2408 1966; x_wconf 80' lang='lat' dir='ltr'><strong>offeram</strong></span> <span class='ocrx_word' id='word_1_396' title='bbox 2438 1912 2688 1969; x_wconf 84' lang='lat' dir='ltr'><strong>Domine.</strong></span> <span class='ocrx_word' id='word_1_397' title='bbox 2717 1913 3100 1984; x_wconf 79' lang='lat' dir='ltr'><strong>Transivitque</strong></span> <span class='ocrx_word' id='word_1_398' title='bbox 3124 1916 3360 1987; x_wconf 79' lang='lat' dir='ltr'><strong>Iephtlte</strong></span> <span class='ocrx_word' id='word_1_399' title='bbox 3389 1918 3456 1973; x_wconf 86' lang='lat' dir='ltr'><strong>ad</strong></span> <span class='ocrx_word' id='word_1_400' title='bbox 3487 1917 3631 1973; x_wconf 90' lang='lat' dir='ltr'><strong>lilios</strong></span> 
     </span>
    </p>
   </div>
   <div class='ocr_carea' id='block_1_49' title="bbox 2037 2006 3631 2080">
    <p class='ocr_par' dir='ltr' id='par_1_49' title="bbox 2037 2006 3631 2080">
     <span class='ocr_line' id='line_1_49' title="bbox 2037 2006 3631 2080; baseline 0.002 -18"><span class='ocrx_word' id='word_1_401' title='bbox 2037 2006 2292 2071; x_wconf 84' lang='lat' dir='ltr'><strong>Ammon,</strong></span> <span class='ocrx_word' id='word_1_402' title='bbox 2324 2015 2383 2061; x_wconf 90' lang='lat' dir='ltr'><strong>ut</strong></span> <span class='ocrx_word' id='word_1_403' title='bbox 2414 2016 2678 2078; x_wconf 79' lang='lat' dir='ltr'><strong>pugnaret</strong></span> <span class='ocrx_word' id='word_1_404' title='bbox 2706 2019 2902 2063; x_wconf 76' lang='lat' dir='ltr'><strong>contra</strong></span> <span class='ocrx_word' id='word_1_405' title='bbox 2928 2024 3025 2063; x_wconf 88' lang='lat' dir='ltr'><strong>eos</strong></span> <span class='ocrx_word' id='word_1_406' title='bbox 3061 2027 3071 2061; x_wconf 93' lang='lat'><strong>:</strong></span> <span class='ocrx_word' id='word_1_407' title='bbox 3100 2025 3241 2080; x_wconf 77' lang='lat' dir='ltr'><strong>quos</strong></span> <span class='ocrx_word' id='word_1_408' title='bbox 3273 2010 3492 2066; x_wconf 84' lang='lat' dir='ltr'><strong>tradidit</strong></span> <span class='ocrx_word' id='word_1_409' title='bbox 3528 2012 3631 2065; x_wconf 84' lang='lat' dir='ltr'><strong>Do—</strong></span> 
     </span>
    </p>
   </div>
   <div class='ocr_carea' id='block_1_50' title="bbox 2040 2099 3634 2175">
    <p class='ocr_par' dir='ltr' id='par_1_50' title="bbox 2040 2099 3634 2175">
     <span class='ocr_line' id='line_1_50' title="bbox 2040 2099 3634 2175; baseline 0.004 -22"><span class='ocrx_word' id='word_1_410' title='bbox 2040 2100 2221 2154; x_wconf 83' lang='lat' dir='ltr'><strong>minus</strong></span> <span class='ocrx_word' id='word_1_411' title='bbox 2251 2099 2304 2155; x_wconf 91' lang='lat' dir='ltr'><strong>in</strong></span> <span class='ocrx_word' id='word_1_412' title='bbox 2337 2115 2527 2155; x_wconf 81' lang='lat' dir='ltr'><strong>manus</strong></span> <span class='ocrx_word' id='word_1_413' title='bbox 2557 2102 2697 2171; x_wconf 89' lang='lat' dir='ltr'><strong>ejus.</strong></span> <span class='ocrx_word' id='word_1_414' title='bbox 2738 2102 3125 2173; x_wconf 55' lang='lat' dir='ltr'><strong>Percussi-itque</strong></span> <span class='ocrx_word' id='word_1_415' title='bbox 3150 2102 3222 2159; x_wconf 75' lang='lat' dir='ltr'><strong>ab</strong></span> <span class='ocrx_word' id='word_1_416' title='bbox 3256 2107 3428 2159; x_wconf 78' lang='lat' dir='ltr'><strong>Aroer</strong></span> <span class='ocrx_word' id='word_1_417' title='bbox 3458 2120 3634 2175; x_wconf 86' lang='lat' dir='ltr'><strong>usque</strong></span> 
     </span>
    </p>
   </div>
   <div class='ocr_carea' id='block_1_51' title="bbox 2037 2190 3632 2268">
    <p class='ocr_par' dir='ltr' id='par_1_51' title="bbox 2037 2190 3632 2268">
     <span class='ocr_line' id='line_1_51' title="bbox 2037 2190 3632 2268; baseline 0.005 -23"><span class='ocrx_word' id='word_1_418' title='bbox 2037 2190 2165 2246; x_wconf 89' lang='lat' dir='ltr'><strong>dum</strong></span> <span class='ocrx_word' id='word_1_419' title='bbox 2190 2192 2413 2248; x_wconf 85' lang='lat' dir='ltr'><strong>veniens</strong></span> <span class='ocrx_word' id='word_1_420' title='bbox 2460 2192 2516 2247; x_wconf 78' lang='lat' dir='ltr'><strong>in</strong></span> <span class='ocrx_word' id='word_1_421' title='bbox 2544 2191 2805 2259; x_wconf 80' lang='lat' dir='ltr'><strong>Mennith,</strong></span> <span class='ocrx_word' id='word_1_422' title='bbox 2850 2194 3036 2263; x_wconf 73' lang='lat' dir='ltr'><strong>viginti</strong></span> <span class='ocrx_word' id='word_1_423' title='bbox 3066 2194 3340 2261; x_wconf 84' lang='lat' dir='ltr'><strong>civitates,</strong></span> <span class='ocrx_word' id='word_1_424' title='bbox 3375 2208 3429 2252; x_wconf 87' lang='lat' dir='ltr'><strong>et</strong></span> <span class='ocrx_word' id='word_1_425' title='bbox 3459 2213 3632 2268; x_wconf 90' lang='lat' dir='ltr'><strong>usque</strong></span> 
     </span>
    </p>
   </div>
   <div class='ocr_carea' id='block_1_52' title="bbox 2040 2284 3628 2362">
    <p class='ocr_par' dir='ltr' id='par_1_52' title="bbox 2040 2284 3628 2362">
     <span class='ocr_line' id='line_1_52' title="bbox 2040 2284 3628 2362; baseline 0.006 -25"><span class='ocrx_word' id='word_1_426' title='bbox 2040 2284 2106 2341; x_wconf 87' lang='lat' dir='ltr'><strong>ad</strong></span> <span class='ocrx_word' id='word_1_427' title='bbox 2125 2284 2286 2351; x_wconf 80' lang='lat' dir='ltr'><strong>Abel,</strong></span> <span class='ocrx_word' id='word_1_428' title='bbox 2307 2302 2428 2358; x_wconf 63' lang='lat' dir='ltr'><strong>quas</strong></span> <span class='ocrx_word' id='word_1_429' title='bbox 2456 2297 2543 2342; x_wconf 80' lang='lat' dir='ltr'><strong>est</strong></span> <span class='ocrx_word' id='word_1_430' title='bbox 2566 2288 2740 2343; x_wconf 86' lang='lat' dir='ltr'><strong>vineis</strong></span> <span class='ocrx_word' id='word_1_431' title='bbox 2764 2290 2996 2356; x_wconf 74' lang='lat' dir='ltr'><strong>consita,</strong></span> <span class='ocrx_word' id='word_1_432' title='bbox 3026 2289 3185 2360; x_wconf 82' lang='lat' dir='ltr'><strong>plaga</strong></span> <span class='ocrx_word' id='word_1_433' title='bbox 3214 2306 3403 2362; x_wconf 84' lang='lat' dir='ltr'><strong>magna</strong></span> <span class='ocrx_word' id='word_1_434' title='bbox 3446 2293 3628 2350; x_wconf 90' lang='lat' dir='ltr'><strong>nimis.</strong></span> 
     </span>
    </p>
   </div>
   <div class='ocr_carea' id='block_1_53' title="bbox 2041 2377 3636 2448">
    <p class='ocr_par' dir='ltr' id='par_1_53' title="bbox 2041 2377 3636 2448">
     <span class='ocr_line' id='line_1_53' title="bbox 2041 2377 3636 2448; baseline 0.006 -16"><span class='ocrx_word' id='word_1_435' title='bbox 2041 2377 2429 2448; x_wconf 82' lang='lat' dir='ltr'><strong>Humiliatique</strong></span> <span class='ocrx_word' id='word_1_436' title='bbox 2459 2389 2586 2435; x_wconf 86' lang='lat' dir='ltr'><strong>sunt</strong></span> <span class='ocrx_word' id='word_1_437' title='bbox 2612 2379 2709 2434; x_wconf 87' lang='lat' dir='ltr'><strong>ﬁlii</strong></span> <span class='ocrx_word' id='word_1_438' title='bbox 2740 2385 2970 2435; x_wconf 73' lang='lat' dir='ltr'><strong>Ammon</strong></span> <span class='ocrx_word' id='word_1_439' title='bbox 3002 2400 3027 2433; x_wconf 65' lang='grc' dir='ltr'><strong>κ</strong></span> <span class='ocrx_word' id='word_1_440' title='bbox 3065 2383 3187 2437; x_wconf 90' lang='lat' dir='ltr'><strong>ﬁliis</strong></span> <span class='ocrx_word' id='word_1_441' title='bbox 3213 2384 3397 2439; x_wconf 82' lang='lat' dir='ltr'><strong>Israel.</strong></span> <span class='ocrx_word' id='word_1_442' title='bbox 3423 2385 3636 2441; x_wconf 80' lang='lat' dir='ltr'><strong>Rever-</strong></span> 
     </span>
    </p>
   </div>
   <div class='ocr_carea' id='block_1_54' title="bbox 2042 2472 3633 2545">
    <p class='ocr_par' dir='ltr' id='par_1_54' title="bbox 2042 2472 3633 2545">
     <span class='ocr_line' id='line_1_54' title="bbox 2042 2472 3633 2545; baseline 0.006 -19"><span class='ocrx_word' id='word_1_443' title='bbox 2042 2472 2174 2526; x_wconf 80' lang='lat' dir='ltr'><strong>tenti</strong></span> <span class='ocrx_word' id='word_1_444' title='bbox 2204 2480 2386 2527; x_wconf 83' lang='lat' dir='ltr'><strong>autent</strong></span> <span class='ocrx_word' id='word_1_445' title='bbox 2415 2472 2649 2543; x_wconf 78' lang='lat' dir='ltr'><strong>Jephthe</strong></span> <span class='ocrx_word' id='word_1_446' title='bbox 2677 2474 2727 2528; x_wconf 90' lang='lat' dir='ltr'><strong>in</strong></span> <span class='ocrx_word' id='word_1_447' title='bbox 2758 2475 2976 2545; x_wconf 84' lang='lat' dir='ltr'><strong>Masplta</strong></span> <span class='ocrx_word' id='word_1_448' title='bbox 3001 2475 3220 2531; x_wconf 89' lang='lat' dir='ltr'><strong>domum</strong></span> <span class='ocrx_word' id='word_1_449' title='bbox 3246 2492 3400 2534; x_wconf 89' lang='lat' dir='ltr'><strong>suam</strong></span> <span class='ocrx_word' id='word_1_450' title='bbox 3440 2495 3633 2535; x_wconf 88' lang='lat' dir='ltr'><strong>oecur-</strong></span> 
     </span>
    </p>
   </div>
   <div class='ocr_carea' id='block_1_55' title="bbox 2048 2563 3631 2639">
    <p class='ocr_par' dir='ltr' id='par_1_55' title="bbox 2048 2563 3631 2639">
     <span class='ocr_line' id='line_1_55' title="bbox 2048 2563 3631 2639; baseline 0.006 -20"><span class='ocrx_word' id='word_1_451' title='bbox 2048 2566 2118 2620; x_wconf 90' lang='lat' dir='ltr'><strong>rit</strong></span> <span class='ocrx_word' id='word_1_452' title='bbox 2145 2566 2418 2635; x_wconf 85' lang='lat' dir='ltr'><strong>unigenita</strong></span> <span class='ocrx_word' id='word_1_453' title='bbox 2443 2566 2551 2622; x_wconf 89' lang='lat' dir='ltr'><strong>ﬁlia</strong></span> <span class='ocrx_word' id='word_1_454' title='bbox 2582 2563 2704 2622; x_wconf 77' lang='lat' dir='ltr'><strong>cum</strong></span> <span class='ocrx_word' id='word_1_455' title='bbox 2737 2570 3006 2639; x_wconf 84' lang='lat' dir='ltr'><strong>tympanis</strong></span> <span class='ocrx_word' id='word_1_456' title='bbox 3035 2579 3091 2625; x_wconf 91' lang='lat' dir='ltr'><strong>et</strong></span> <span class='ocrx_word' id='word_1_457' title='bbox 3110 2571 3319 2627; x_wconf 89' lang='lat' dir='ltr'><strong>choris.</strong></span> <span class='ocrx_word' id='word_1_458' title='bbox 3345 2572 3461 2629; x_wconf 88' lang='lat' dir='ltr'><strong>Non</strong></span> <span class='ocrx_word' id='word_1_459' title='bbox 3484 2575 3631 2629; x_wconf 83' lang='lat' dir='ltr'><strong>enim</strong></span> 
     </span>
    </p>
   </div>
   <div class='ocr_carea' id='block_1_56' title="bbox 2043 2656 3633 2727">
    <p class='ocr_par' dir='ltr' id='par_1_56' title="bbox 2043 2656 3633 2727">
     <span class='ocr_line' id='line_1_56' title="bbox 2043 2656 3633 2727; baseline 0.005 -16"><span class='ocrx_word' id='word_1_460' title='bbox 2043 2656 2281 2713; x_wconf 75' lang='lat' dir='ltr'><strong>habebat</strong></span> <span class='ocrx_word' id='word_1_461' title='bbox 2326 2657 2464 2713; x_wconf 86' lang='lat' dir='ltr'><strong>alios</strong></span> <span class='ocrx_word' id='word_1_462' title='bbox 2510 2657 2730 2713; x_wconf 87' lang='lat' dir='ltr'><strong>liberos.</strong></span> <span class='ocrx_word' id='word_1_463' title='bbox 2777 2658 2893 2727; x_wconf 87' lang='lat' dir='ltr'><strong>Qua</strong></span> <span class='ocrx_word' id='word_1_464' title='bbox 2938 2660 3075 2724; x_wconf 62' lang='lat' dir='ltr'><strong>visit,</strong></span> <span class='ocrx_word' id='word_1_465' title='bbox 3115 2662 3276 2717; x_wconf 83' lang='lat' dir='ltr'><strong>scidit</strong></span> <span class='ocrx_word' id='word_1_466' title='bbox 3309 2664 3633 2720; x_wconf 76' lang='lat' dir='ltr'><strong>veSIimenta</strong></span> 
     </span>
    </p>
   </div>
   <div class='ocr_carea' id='block_1_57' title="bbox 2042 2752 3635 2830">
    <p class='ocr_par' dir='ltr' id='par_1_57' title="bbox 2042 2752 3635 2830">
     <span class='ocr_line' id='line_1_57' title="bbox 2042 2752 3635 2830; baseline 0.006 -23"><span class='ocrx_word' id='word_1_467' title='bbox 2042 2767 2162 2816; x_wconf 88' lang='lat' dir='ltr'><strong>sua,</strong></span> <span class='ocrx_word' id='word_1_468' title='bbox 2192 2763 2248 2807; x_wconf 86' lang='lat' dir='ltr'><strong>et</strong></span> <span class='ocrx_word' id='word_1_469' title='bbox 2272 2753 2382 2807; x_wconf 86' lang='lat' dir='ltr'><strong>ait:</strong></span> <span class='ocrx_word' id='word_1_470' title='bbox 2404 2752 2553 2807; x_wconf 82' lang='lat' dir='ltr'><strong>Heu!</strong></span> <span class='ocrx_word' id='word_1_471' title='bbox 2579 2752 2765 2825; x_wconf 61' lang='grc' dir='ltr'><strong>[έναιρ.</strong></span> <span class='ocrx_word' id='word_1_472' title='bbox 2795 2754 2943 2807; x_wconf 82' lang='lat' dir='ltr'><strong>addit</strong></span> <span class='ocrx_word' id='word_1_473' title='bbox 2978 2755 3084 2826; x_wconf 79' lang='lat' dir='ltr'><strong>me]</strong></span> <span class='ocrx_word' id='word_1_474' title='bbox 3115 2756 3225 2810; x_wconf 91' lang='lat' dir='ltr'><strong>ﬁlia</strong></span> <span class='ocrx_word' id='word_1_475' title='bbox 3245 2759 3340 2823; x_wconf 90' lang='lat' dir='ltr'><strong>mi,</strong></span> <span class='ocrx_word' id='word_1_476' title='bbox 3368 2758 3635 2830; x_wconf 84' lang='lat' dir='ltr'><strong>decepiin</strong></span> 
     </span>
    </p>
   </div>
   <div class='ocr_carea' id='block_1_58' title="bbox 2043 2832 3633 2916">
    <p class='ocr_par' dir='ltr' id='par_1_58' title="bbox 2043 2832 3633 2916">
     <span class='ocr_line' id='line_1_58' title="bbox 2043 2832 3633 2916; baseline 0.006 -17"><span class='ocrx_word' id='word_1_477' title='bbox 2043 2860 2152 2908; x_wconf 86' lang='lat' dir='ltr'><strong>me,</strong></span> <span class='ocrx_word' id='word_1_478' title='bbox 2188 2854 2243 2900; x_wconf 86' lang='lat' dir='ltr'><strong>et</strong></span> <span class='ocrx_word' id='word_1_479' title='bbox 2266 2846 2383 2916; x_wconf 83' lang='lat' dir='ltr'><strong>ipsa</strong></span> <span class='ocrx_word' id='word_1_480' title='bbox 2422 2844 2648 2912; x_wconf 86' lang='lat' dir='ltr'><strong>decepta</strong></span> <span class='ocrx_word' id='word_1_481' title='bbox 2696 2860 2761 2901; x_wconf 85' lang='lat' dir='ltr'><strong>es</strong></span> <span class='ocrx_word' id='word_1_482' title='bbox 2793 2863 2806 2901; x_wconf 91' lang='lat'><strong>:</strong></span> <span class='ocrx_word' id='word_1_483' title='bbox 2837 2832 3041 2916; x_wconf 88' lang='lat' dir='ltr'><strong>aperui</strong></span> <span class='ocrx_word' id='word_1_484' title='bbox 3064 2848 3210 2903; x_wconf 88' lang='lat' dir='ltr'><strong>enim</strong></span> <span class='ocrx_word' id='word_1_485' title='bbox 3254 2864 3319 2903; x_wconf 84' lang='lat' dir='ltr'><strong>os</strong></span> <span class='ocrx_word' id='word_1_486' title='bbox 3348 2866 3525 2906; x_wconf 86' lang='lat' dir='ltr'><strong>meum</strong></span> <span class='ocrx_word' id='word_1_487' title='bbox 3567 2854 3633 2908; x_wconf 86' lang='lat' dir='ltr'><strong>ad</strong></span> 
     </span>
    </p>
   </div>
   <div class='ocr_carea' id='block_1_59' title="bbox 2045 2937 3639 3013">
    <p class='ocr_par' dir='ltr' id='par_1_59' title="bbox 2045 2937 3639 3013">
     <span class='ocr_line' id='line_1_59' title="bbox 2045 2937 3639 3013; baseline 0.006 -21"><span class='ocrx_word' id='word_1_488' title='bbox 2045 2937 2351 3000; x_wconf 85' lang='lat' dir='ltr'><strong>Dominum,</strong></span> <span class='ocrx_word' id='word_1_489' title='bbox 2383 2947 2437 2993; x_wconf 89' lang='lat' dir='ltr'><strong>et</strong></span> <span class='ocrx_word' id='word_1_490' title='bbox 2472 2937 2619 2992; x_wconf 87' lang='lat' dir='ltr'><strong>aliud</strong></span> <span class='ocrx_word' id='word_1_491' title='bbox 2662 2937 2848 2994; x_wconf 72' lang='lat' dir='ltr'><strong>facere</strong></span> <span class='ocrx_word' id='word_1_492' title='bbox 2877 2956 2981 2995; x_wconf 90' lang='lat' dir='ltr'><strong>non</strong></span> <span class='ocrx_word' id='word_1_493' title='bbox 3027 2951 3238 3013; x_wconf 84' lang='lat' dir='ltr'><strong>potero.</strong></span> <span class='ocrx_word' id='word_1_494' title='bbox 3287 2942 3385 2998; x_wconf 89' lang='lat' dir='ltr'><strong>Cui</strong></span> <span class='ocrx_word' id='word_1_495' title='bbox 3430 2945 3517 2999; x_wconf 91' lang='lat' dir='ltr'><strong>illa</strong></span> <span class='ocrx_word' id='word_1_496' title='bbox 3548 2962 3639 3003; x_wconf 88' lang='lat' dir='ltr'><strong>re-</strong></span> 
     </span>
    </p>
   </div>
   <div class='ocr_carea' id='block_1_60' title="bbox 2045 3029 3633 3103">
    <p class='ocr_par' dir='ltr' id='par_1_60' title="bbox 2045 3029 3633 3103">
     <span class='ocr_line' id='line_1_60' title="bbox 2045 3029 3633 3103; baseline 0.006 -21"><span class='ocrx_word' id='word_1_497' title='bbox 2045 3029 2260 3099; x_wconf 84' lang='lat' dir='ltr'><strong>spondit</strong></span> <span class='ocrx_word' id='word_1_498' title='bbox 2288 3048 2299 3084; x_wconf 80' lang='lat' dir='ltr'><em>z</em></span> <span class='ocrx_word' id='word_1_499' title='bbox 2320 3030 2485 3085; x_wconf 80' lang='lat' dir='ltr'><strong>Pater</strong></span> <span class='ocrx_word' id='word_1_500' title='bbox 2507 3030 2600 3094; x_wconf 86' lang='lat' dir='ltr'><strong>uti,</strong></span> <span class='ocrx_word' id='word_1_501' title='bbox 2628 3030 2675 3085; x_wconf 86' lang='lat' dir='ltr'><strong>si</strong></span> <span class='ocrx_word' id='word_1_502' title='bbox 2693 3032 2954 3100; x_wconf 81' lang='lat' dir='ltr'><strong>aperuisti</strong></span> <span class='ocrx_word' id='word_1_503' title='bbox 2979 3047 3039 3086; x_wconf 91' lang='lat' dir='ltr'><strong>os</strong></span> <span class='ocrx_word' id='word_1_504' title='bbox 3068 3044 3215 3088; x_wconf 81' lang='lat' dir='ltr'><strong>tuum</strong></span> <span class='ocrx_word' id='word_1_505' title='bbox 3239 3034 3305 3088; x_wconf 89' lang='lat' dir='ltr'><strong>ad</strong></span> <span class='ocrx_word' id='word_1_506' title='bbox 3324 3035 3633 3103; x_wconf 90' lang='lat' dir='ltr'><strong>Dominum,</strong></span> 
     </span>
    </p>
   </div>
   <div class='ocr_carea' id='block_1_61' title="bbox 2044 3121 3642 3194">
    <p class='ocr_par' dir='ltr' id='par_1_61' title="bbox 2044 3121 3642 3194">
     <span class='ocr_line' id='line_1_61' title="bbox 2044 3121 3642 3194; baseline 0.006 -18"><span class='ocrx_word' id='word_1_507' title='bbox 2044 3121 2129 3177; x_wconf 83' lang='lat' dir='ltr'><strong>I‘ac</strong></span> <span class='ocrx_word' id='word_1_508' title='bbox 2159 3122 2289 3178; x_wconf 84' lang='lat' dir='ltr'><strong>mihi</strong></span> <span class='ocrx_word' id='word_1_509' title='bbox 2321 3123 2704 3194; x_wconf 79' lang='lat' dir='ltr'><strong>quodcumque</strong></span> <span class='ocrx_word' id='word_1_510' title='bbox 2736 3126 3006 3194; x_wconf 80' lang='lat' dir='ltr'><strong>pollicitus</strong></span> <span class='ocrx_word' id='word_1_511' title='bbox 3035 3142 3114 3193; x_wconf 71' lang='lat' dir='ltr'><strong>es,</strong></span> <span class='ocrx_word' id='word_1_512' title='bbox 3148 3143 3404 3185; x_wconf 88' lang='lat' dir='ltr'><strong>concessa</strong></span> <span class='ocrx_word' id='word_1_513' title='bbox 3438 3130 3532 3187; x_wconf 90' lang='lat' dir='ltr'><strong>tibi</strong></span> <span class='ocrx_word' id='word_1_514' title='bbox 3561 3131 3642 3186; x_wconf 89' lang='lat' dir='ltr'><strong>nl-</strong></span> 
     </span>
    </p>
   </div>
   <div class='ocr_carea' id='block_1_62' title="bbox 337 3202 3640 3293">
    <p class='ocr_par' dir='ltr' id='par_1_62' title="bbox 337 3202 3640 3293">
     <span class='ocr_line' id='line_1_62' title="bbox 337 3202 3640 3293; baseline 0.001 -19"><span class='ocrx_word' id='word_1_515' title='bbox 337 3235 411 3274; x_wconf 72' lang='lat' dir='ltr'><strong>rre</strong></span> <span class='ocrx_word' id='word_1_516' title='bbox 433 3217 622 3283; x_wconf 82' lang='lat' dir='ltr'><strong>Moab,</strong></span> <span class='ocrx_word' id='word_1_517' title='bbox 647 3229 704 3275; x_wconf 91' lang='lat' dir='ltr'><strong>et</strong></span> <span class='ocrx_word' id='word_1_518' title='bbox 733 3228 1151 3275; x_wconf 86' lang='lat' dir='ltr'><strong>castrametatus</strong></span> <span class='ocrx_word' id='word_1_519' title='bbox 1176 3228 1261 3273; x_wconf 82' lang='lat' dir='ltr'><strong>est</strong></span> <span class='ocrx_word' id='word_1_520' title='bbox 1291 3227 1440 3274; x_wconf 87' lang='lat' dir='ltr'><strong>trans</strong></span> <span class='ocrx_word' id='word_1_521' title='bbox 1462 3220 1648 3274; x_wconf 86' lang='lat' dir='ltr'><strong>Arnon</strong></span> <span class='ocrx_word' id='word_1_522' title='bbox 1686 3235 1697 3270; x_wconf 88' lang='lat'>:</span> <span class='ocrx_word' id='word_1_523' title='bbox 1734 3232 1831 3272; x_wconf 86' lang='lat' dir='ltr'><strong>nec</strong></span> <span class='ocrx_word' id='word_1_524' title='bbox 1850 3232 1942 3271; x_wconf 88' lang='lat' dir='ltr'><strong>vo-</strong></span> <span class='ocrx_word' id='word_1_525' title='bbox 1971 3202 2017 3267; x_wconf 81' lang='lat' dir='ltr'><strong><em>C</em></strong></span> <span class='ocrx_word' id='word_1_526' title='bbox 2050 3217 2199 3271; x_wconf 81' lang='lat' dir='ltr'><strong>tione</strong></span> <span class='ocrx_word' id='word_1_527' title='bbox 2221 3227 2381 3285; x_wconf 88' lang='lat' dir='ltr'><strong>atque</strong></span> <span class='ocrx_word' id='word_1_528' title='bbox 2414 3216 2638 3271; x_wconf 79' lang='lat' dir='ltr'><strong>victoria</strong></span> <span class='ocrx_word' id='word_1_529' title='bbox 2670 3216 2738 3271; x_wconf 92' lang='lat' dir='ltr'><strong>de</strong></span> <span class='ocrx_word' id='word_1_530' title='bbox 2764 3218 3006 3272; x_wconf 79' lang='lat' dir='ltr'><strong>hostibus</strong></span> <span class='ocrx_word' id='word_1_531' title='bbox 3028 3218 3157 3273; x_wconf 81' lang='lat' dir='ltr'><strong>tuis.</strong></span> <span class='ocrx_word' id='word_1_532' title='bbox 3175 3221 3429 3291; x_wconf 77' lang='lat' dir='ltr'><strong>Dixitque</strong></span> <span class='ocrx_word' id='word_1_533' title='bbox 3456 3222 3521 3276; x_wconf 87' lang='lat' dir='ltr'><strong>ad</strong></span> <span class='ocrx_word' id='word_1_534' title='bbox 3547 3238 3640 3293; x_wconf 90' lang='lat' dir='ltr'><strong>pa-</strong></span> 
     </span>
    </p>
   </div>
   <div class='ocr_carea' id='block_1_63' title="bbox 339 3310 1941 3383">
    <p class='ocr_par' dir='ltr' id='par_1_63' title="bbox 339 3310 1941 3383">
     <span class='ocr_line' id='line_1_63' title="bbox 339 3310 1941 3383; baseline 0 -18"><span class='ocrx_word' id='word_1_535' title='bbox 339 3310 438 3365; x_wconf 90' lang='lat' dir='ltr'><strong>luit</strong></span> <span class='ocrx_word' id='word_1_536' title='bbox 460 3311 673 3367; x_wconf 91' lang='lat' dir='ltr'><strong>intrare</strong></span> <span class='ocrx_word' id='word_1_537' title='bbox 697 3318 964 3367; x_wconf 88' lang='lat' dir='ltr'><strong>terminos</strong></span> <span class='ocrx_word' id='word_1_538' title='bbox 986 3312 1145 3367; x_wconf 85' lang='lat' dir='ltr'><strong>Moab</strong></span> <span class='ocrx_word' id='word_1_539' title='bbox 1180 3331 1191 3365; x_wconf 88' lang='lat'>:</span> <span class='ocrx_word' id='word_1_540' title='bbox 1220 3313 1403 3366; x_wconf 85' lang='lat' dir='ltr'><strong>Arnon</strong></span> <span class='ocrx_word' id='word_1_541' title='bbox 1432 3312 1631 3383; x_wconf 88' lang='lat' dir='ltr'><strong>quippe</strong></span> <span class='ocrx_word' id='word_1_542' title='bbox 1647 3311 1941 3367; x_wconf 88' lang='lat' dir='ltr'><strong>conﬁnium</strong></span> 
     </span>
    </p>
   </div>
   <div class='ocr_carea' id='block_1_64' title="bbox 341 3402 1944 3473">
    <p class='ocr_par' dir='ltr' id='par_1_64' title="bbox 341 3402 1944 3473">
     <span class='ocr_line' id='line_1_64' title="bbox 341 3402 1944 3473; baseline 0.001 -15"><span class='ocrx_word' id='word_1_543' title='bbox 341 3415 422 3458; x_wconf 89' lang='lat' dir='ltr'><strong>est</strong></span> <span class='ocrx_word' id='word_1_544' title='bbox 442 3412 617 3459; x_wconf 71' lang='lat' dir='ltr'><strong>terra:</strong></span> <span class='ocrx_word' id='word_1_545' title='bbox 649 3402 823 3460; x_wconf 87' lang='lat' dir='ltr'><strong>Moab.</strong></span> <span class='ocrx_word' id='word_1_546' title='bbox 858 3405 1001 3460; x_wconf 81' lang='lat' dir='ltr'><strong>Misit</strong></span> <span class='ocrx_word' id='word_1_547' title='bbox 1025 3406 1207 3473; x_wconf 86' lang='lat' dir='ltr'><strong>itaque</strong></span> <span class='ocrx_word' id='word_1_548' title='bbox 1238 3405 1404 3460; x_wconf 86' lang='lat' dir='ltr'><strong>Israel</strong></span> <span class='ocrx_word' id='word_1_549' title='bbox 1436 3406 1654 3459; x_wconf 86' lang='lat' dir='ltr'><strong>nuntios</strong></span> <span class='ocrx_word' id='word_1_550' title='bbox 1692 3406 1759 3459; x_wconf 86' lang='lat' dir='ltr'><strong>ad</strong></span> <span class='ocrx_word' id='word_1_551' title='bbox 1798 3404 1944 3460; x_wconf 84' lang='lat' dir='ltr'><strong>Seon</strong></span> 
     </span>
    </p>
   </div>
   <div class='ocr_carea' id='block_1_65' title="bbox 342 3479 1947 3568">
    <p class='ocr_par' dir='ltr' id='par_1_65' title="bbox 342 3479 1947 3568">
     <span class='ocr_line' id='line_1_65' title="bbox 342 3479 1947 3568; baseline 0.001 -18"><span class='ocrx_word' id='word_1_552' title='bbox 342 3510 531 3566; x_wconf 82' lang='lat' dir='ltr'><strong>regem</strong></span> <span class='ocrx_word' id='word_1_553' title='bbox 563 3479 1033 3563; x_wconf 71' lang='lat' dir='ltr'><strong>Amorrharorum,</strong></span> <span class='ocrx_word' id='word_1_554' title='bbox 1067 3498 1162 3568; x_wconf 87' lang='lat' dir='ltr'><strong>qui</strong></span> <span class='ocrx_word' id='word_1_555' title='bbox 1202 3497 1479 3552; x_wconf 87' lang='lat' dir='ltr'><strong>habitabat</strong></span> <span class='ocrx_word' id='word_1_556' title='bbox 1530 3497 1583 3551; x_wconf 88' lang='lat' dir='ltr'><strong>in</strong></span> <span class='ocrx_word' id='word_1_557' title='bbox 1630 3497 1862 3562; x_wconf 88' lang='lat' dir='ltr'><strong>Esebon,</strong></span> <span class='ocrx_word' id='word_1_558' title='bbox 1892 3505 1947 3553; x_wconf 89' lang='lat' dir='ltr'><strong>et</strong></span> 
     </span>
    </p>
   </div>
   <div class='ocr_carea' id='block_1_66' title="bbox 342 3586 1943 3659">
    <p class='ocr_par' dir='ltr' id='par_1_66' title="bbox 342 3586 1943 3659">
     <span class='ocr_line' id='line_1_66' title="bbox 342 3586 1943 3659; baseline 0.002 -18"><span class='ocrx_word' id='word_1_559' title='bbox 342 3586 606 3644; x_wconf 83' lang='lat' dir='ltr'><strong>dixerunt</strong></span> <span class='ocrx_word' id='word_1_560' title='bbox 632 3587 682 3642; x_wconf 88' lang='lat' dir='ltr'><strong>ei</strong></span> <span class='ocrx_word' id='word_1_561' title='bbox 720 3600 732 3640; x_wconf 82' lang='lat'><strong>:</strong></span> <span class='ocrx_word' id='word_1_562' title='bbox 774 3587 1000 3644; x_wconf 88' lang='lat' dir='ltr'><strong>Dimitte</strong></span> <span class='ocrx_word' id='word_1_563' title='bbox 1032 3600 1090 3644; x_wconf 90' lang='lat' dir='ltr'><strong>ut</strong></span> <span class='ocrx_word' id='word_1_564' title='bbox 1127 3601 1395 3644; x_wconf 86' lang='lat' dir='ltr'><strong>transeam</strong></span> <span class='ocrx_word' id='word_1_565' title='bbox 1429 3605 1524 3659; x_wconf 90' lang='lat' dir='ltr'><strong>per</strong></span> <span class='ocrx_word' id='word_1_566' title='bbox 1569 3599 1766 3644; x_wconf 87' lang='lat' dir='ltr'><strong>terram</strong></span> <span class='ocrx_word' id='word_1_567' title='bbox 1796 3600 1943 3644; x_wconf 87' lang='lat' dir='ltr'><strong>tuam</strong></span> 
     </span>
    </p>
   </div>
   <div class='ocr_carea' id='block_1_67' title="bbox 341 3680 1947 3750">
    <p class='ocr_par' dir='ltr' id='par_1_67' title="bbox 341 3680 1947 3750">
     <span class='ocr_line' id='line_1_67' title="bbox 341 3680 1947 3750; baseline -0.001 -16"><span class='ocrx_word' id='word_1_568' title='bbox 341 3694 522 3750; x_wconf 86' lang='lat' dir='ltr'><strong>usque</strong></span> <span class='ocrx_word' id='word_1_569' title='bbox 540 3680 606 3734; x_wconf 89' lang='lat' dir='ltr'><strong>ad</strong></span> <span class='ocrx_word' id='word_1_570' title='bbox 626 3680 868 3735; x_wconf 84' lang='lat' dir='ltr'><strong>ﬂuvium.</strong></span> <span class='ocrx_word' id='word_1_571' title='bbox 895 3680 999 3749; x_wconf 86' lang='lat' dir='ltr'><strong>Qui</strong></span> <span class='ocrx_word' id='word_1_572' title='bbox 1016 3690 1069 3736; x_wconf 89' lang='lat' dir='ltr'><strong>et</strong></span> <span class='ocrx_word' id='word_1_573' title='bbox 1093 3680 1208 3749; x_wconf 82' lang='lat' dir='ltr'><strong>ipse</strong></span> <span class='ocrx_word' id='word_1_574' title='bbox 1228 3680 1397 3737; x_wconf 85' lang='lat' dir='ltr'><strong>Israel</strong></span> <span class='ocrx_word' id='word_1_575' title='bbox 1430 3681 1593 3737; x_wconf 89' lang='lat' dir='ltr'><strong>verba</strong></span> <span class='ocrx_word' id='word_1_576' title='bbox 1616 3681 1947 3750; x_wconf 84' lang='lat' dir='ltr'><strong>despiciens,</strong></span> 
     </span>
    </p>
   </div>
   <div class='ocr_carea' id='block_1_68' title="bbox 346 3774 1950 3846">
    <p class='ocr_par' dir='ltr' id='par_1_68' title="bbox 346 3774 1950 3846">
     <span class='ocr_line' id='line_1_68' title="bbox 346 3774 1950 3846; baseline 0.001 -18"><span class='ocrx_word' id='word_1_577' title='bbox 346 3792 453 3830; x_wconf 90' lang='lat' dir='ltr'><strong>non</strong></span> <span class='ocrx_word' id='word_1_578' title='bbox 485 3774 693 3830; x_wconf 88' lang='lat' dir='ltr'><strong>dimisit</strong></span> <span class='ocrx_word' id='word_1_579' title='bbox 724 3790 846 3832; x_wconf 90' lang='lat' dir='ltr'><strong>eum</strong></span> <span class='ocrx_word' id='word_1_580' title='bbox 875 3775 1108 3831; x_wconf 91' lang='lat' dir='ltr'><strong>transire</strong></span> <span class='ocrx_word' id='word_1_581' title='bbox 1130 3790 1228 3846; x_wconf 88' lang='lat' dir='ltr'><strong>per</strong></span> <span class='ocrx_word' id='word_1_582' title='bbox 1256 3778 1517 3831; x_wconf 90' lang='lat' dir='ltr'><strong>terminos</strong></span> <span class='ocrx_word' id='word_1_583' title='bbox 1542 3790 1671 3831; x_wconf 82' lang='lat' dir='ltr'><strong>suos</strong></span> <span class='ocrx_word' id='word_1_584' title='bbox 1699 3794 1713 3829; x_wconf 87' lang='lat'><strong>:</strong></span> <span class='ocrx_word' id='word_1_585' title='bbox 1747 3778 1838 3831; x_wconf 72' lang='lat' dir='ltr'><strong>sed</strong></span> <span class='ocrx_word' id='word_1_586' title='bbox 1868 3775 1950 3830; x_wconf 90' lang='lat' dir='ltr'><strong>in—</strong></span> 
     </span>
    </p>
   </div>
   <div class='ocr_carea' id='block_1_69' title="bbox 349 3869 1952 3941">
    <p class='ocr_par' dir='ltr' id='par_1_69' title="bbox 349 3869 1952 3941">
     <span class='ocr_line' id='line_1_69' title="bbox 349 3869 1952 3941; baseline -0.001 -17"><span class='ocrx_word' id='word_1_587' title='bbox 349 3869 502 3924; x_wconf 90' lang='lat' dir='ltr'><strong>ﬁnita</strong></span> <span class='ocrx_word' id='word_1_588' title='bbox 543 3869 891 3926; x_wconf 90' lang='lat' dir='ltr'><strong>multitudine</strong></span> <span class='ocrx_word' id='word_1_589' title='bbox 937 3879 1290 3941; x_wconf 83' lang='lat' dir='ltr'><strong>congregata,</strong></span> <span class='ocrx_word' id='word_1_590' title='bbox 1335 3885 1588 3940; x_wconf 86' lang='lat' dir='ltr'><strong>egressus</strong></span> <span class='ocrx_word' id='word_1_591' title='bbox 1631 3878 1714 3924; x_wconf 87' lang='lat' dir='ltr'><strong>est</strong></span> <span class='ocrx_word' id='word_1_592' title='bbox 1762 3880 1952 3924; x_wconf 88' lang='lat' dir='ltr'><strong>contra</strong></span> 
     </span>
    </p>
   </div>
   <div class='ocr_carea' id='block_1_70' title="bbox 349 3962 1951 4032">
    <p class='ocr_par' dir='ltr' id='par_1_70' title="bbox 349 3962 1951 4032">
     <span class='ocr_line' id='line_1_70' title="bbox 349 3962 1951 4032; baseline 0 -15"><span class='ocrx_word' id='word_1_593' title='bbox 349 3978 473 4018; x_wconf 84' lang='lat' dir='ltr'><strong>eum</strong></span> <span class='ocrx_word' id='word_1_594' title='bbox 509 3962 564 4018; x_wconf 84' lang='lat' dir='ltr'><strong>in</strong></span> <span class='ocrx_word' id='word_1_595' title='bbox 593 3963 771 4028; x_wconf 78' lang='lat' dir='ltr'><strong>Jessa,</strong></span> <span class='ocrx_word' id='word_1_596' title='bbox 802 3975 857 4019; x_wconf 88' lang='lat' dir='ltr'><strong>et</strong></span> <span class='ocrx_word' id='word_1_597' title='bbox 880 3964 1096 4018; x_wconf 79' lang='lat' dir='ltr'><strong>fortiter</strong></span> <span class='ocrx_word' id='word_1_598' title='bbox 1128 3963 1433 4019; x_wconf 71' lang='lat' dir='ltr'><strong>resistebat.</strong></span> <span class='ocrx_word' id='word_1_599' title='bbox 1453 3963 1799 4032; x_wconf 83' lang='lat' dir='ltr'><strong>Tradiditqne</strong></span> <span class='ocrx_word' id='word_1_600' title='bbox 1820 3977 1951 4017; x_wconf 87' lang='lat' dir='ltr'><strong>eum</strong></span> 
     </span>
    </p>
   </div>
   <div class='ocr_carea' id='block_1_71' title="bbox 350 4053 1951 4122">
    <p class='ocr_par' dir='ltr' id='par_1_71' title="bbox 350 4053 1951 4122">
     <span class='ocr_line' id='line_1_71' title="bbox 350 4053 1951 4122; baseline 0 -12"><span class='ocrx_word' id='word_1_601' title='bbox 350 4053 622 4111; x_wconf 82' lang='lat' dir='ltr'><strong>Dominus</strong></span> <span class='ocrx_word' id='word_1_602' title='bbox 670 4057 730 4111; x_wconf 81' lang='lat' dir='ltr'><strong>in</strong></span> <span class='ocrx_word' id='word_1_603' title='bbox 780 4072 973 4111; x_wconf 71' lang='lat' dir='ltr'><strong>manus</strong></span> <span class='ocrx_word' id='word_1_604' title='bbox 1003 4056 1163 4111; x_wconf 75' lang='lat' dir='ltr'><strong>Israel</strong></span> <span class='ocrx_word' id='word_1_605' title='bbox 1203 4071 1326 4111; x_wconf 85' lang='lat' dir='ltr'><strong>cum</strong></span> <span class='ocrx_word' id='word_1_606' title='bbox 1366 4056 1512 4111; x_wconf 70' lang='grc' dir='ltr'><strong>ωηιῆί</strong></span> <span class='ocrx_word' id='word_1_607' title='bbox 1550 4059 1792 4111; x_wconf 78' lang='lat' dir='ltr'><strong>exercitu</strong></span> <span class='ocrx_word' id='word_1_608' title='bbox 1830 4072 1951 4122; x_wconf 82' lang='lat' dir='ltr'><strong>suo,</strong></span> 
     </span>
    </p>
   </div>
   <div class='ocr_carea' id='block_1_72' title="bbox 350 4149 1956 4220">
    <p class='ocr_par' dir='ltr' id='par_1_72' title="bbox 350 4149 1956 4220">
     <span class='ocr_line' id='line_1_72' title="bbox 350 4149 1956 4220; baseline 0.002 -18"><span class='ocrx_word' id='word_1_609' title='bbox 350 4149 440 4217; x_wconf 83' lang='lat' dir='ltr'><strong>qui</strong></span> <span class='ocrx_word' id='word_1_610' title='bbox 474 4150 748 4217; x_wconf 75' lang='lat' dir='ltr'><strong>percussit</strong></span> <span class='ocrx_word' id='word_1_611' title='bbox 770 4164 925 4215; x_wconf 89' lang='lat' dir='ltr'><strong>eum,</strong></span> <span class='ocrx_word' id='word_1_612' title='bbox 960 4157 1013 4203; x_wconf 86' lang='lat' dir='ltr'><strong>et</strong></span> <span class='ocrx_word' id='word_1_613' title='bbox 1040 4150 1281 4220; x_wconf 84' lang='lat' dir='ltr'><strong>possedit</strong></span> <span class='ocrx_word' id='word_1_614' title='bbox 1315 4164 1528 4205; x_wconf 88' lang='lat' dir='ltr'><strong>omnem</strong></span> <span class='ocrx_word' id='word_1_615' title='bbox 1548 4160 1746 4205; x_wconf 74' lang='lat' dir='ltr'><strong>terram</strong></span> <span class='ocrx_word' id='word_1_616' title='bbox 1763 4150 1956 4205; x_wconf 87' lang='lat' dir='ltr'><strong>Amor-</strong></span> 
     </span>
    </p>
   </div>
   <div class='ocr_carea' id='block_1_73' title="bbox 353 4238 1957 4313">
    <p class='ocr_par' dir='ltr' id='par_1_73' title="bbox 353 4238 1957 4313">
     <span class='ocr_line' id='line_1_73' title="bbox 353 4238 1957 4313; baseline 0.002 -19"><span class='ocrx_word' id='word_1_617' title='bbox 353 4238 493 4295; x_wconf 69' lang='lat' dir='ltr'><strong>rhtei</strong></span> <span class='ocrx_word' id='word_1_618' title='bbox 540 4240 867 4297; x_wconf 83' lang='lat' dir='ltr'><strong>habitatoris</strong></span> <span class='ocrx_word' id='word_1_619' title='bbox 913 4241 1149 4313; x_wconf 83' lang='lat' dir='ltr'><strong>regionis</strong></span> <span class='ocrx_word' id='word_1_620' title='bbox 1196 4242 1368 4309; x_wconf 87' lang='lat' dir='ltr'><strong>illius,</strong></span> <span class='ocrx_word' id='word_1_621' title='bbox 1411 4251 1465 4298; x_wconf 85' lang='lat' dir='ltr'><strong>et</strong></span> <span class='ocrx_word' id='word_1_622' title='bbox 1492 4242 1775 4299; x_wconf 80' lang='lat' dir='ltr'><strong>universos</strong></span> <span class='ocrx_word' id='word_1_623' title='bbox 1815 4243 1957 4298; x_wconf 79' lang='lat' dir='ltr'><strong>ﬁnes</strong></span> 
     </span>
    </p>
   </div>
   <div class='ocr_carea' id='block_1_74' title="bbox 352 4331 1959 4405">
    <p class='ocr_par' dir='ltr' id='par_1_74' title="bbox 352 4331 1959 4405">
     <span class='ocr_line' id='line_1_74' title="bbox 352 4331 1959 4405; baseline 0.001 -18"><span class='ocrx_word' id='word_1_624' title='bbox 352 4331 501 4401; x_wconf 80' lang='lat' dir='ltr'><strong>ejus,</strong></span> <span class='ocrx_word' id='word_1_625' title='bbox 523 4332 590 4387; x_wconf 86' lang='lat' dir='ltr'><strong>de</strong></span> <span class='ocrx_word' id='word_1_626' title='bbox 612 4336 799 4389; x_wconf 81' lang='lat' dir='ltr'><strong>Arnou</strong></span> <span class='ocrx_word' id='word_1_627' title='bbox 831 4348 1003 4403; x_wconf 83' lang='lat' dir='ltr'><strong>usque</strong></span> <span class='ocrx_word' id='word_1_628' title='bbox 1026 4332 1254 4405; x_wconf 83' lang='lat' dir='ltr'><strong>Jehhoc,</strong></span> <span class='ocrx_word' id='word_1_629' title='bbox 1286 4342 1337 4387; x_wconf 83' lang='lat' dir='ltr'><strong>et</strong></span> <span class='ocrx_word' id='word_1_630' title='bbox 1369 4334 1437 4387; x_wconf 87' lang='lat' dir='ltr'><strong>de</strong></span> <span class='ocrx_word' id='word_1_631' title='bbox 1460 4334 1754 4387; x_wconf 84' lang='lat' dir='ltr'><strong>solitudine</strong></span> <span class='ocrx_word' id='word_1_632' title='bbox 1785 4344 1959 4403; x_wconf 81' lang='lat' dir='ltr'><strong>usque</strong></span> 
     </span>
    </p>
   </div>
   <div class='ocr_carea' id='block_1_75' title="bbox 356 4425 1961 4497">
    <p class='ocr_par' dir='ltr' id='par_1_75' title="bbox 356 4425 1961 4497">
     <span class='ocr_line' id='line_1_75' title="bbox 356 4425 1961 4497; baseline 0.001 -18"><span class='ocrx_word' id='word_1_633' title='bbox 356 4425 425 4479; x_wconf 83' lang='lat' dir='ltr'><strong>ad</strong></span> <span class='ocrx_word' id='word_1_634' title='bbox 447 4425 769 4480; x_wconf 77' lang='lat' dir='ltr'><strong>Iordanem.</strong></span> <span class='ocrx_word' id='word_1_635' title='bbox 822 4426 1085 4481; x_wconf 79' lang='lat' dir='ltr'><strong>Dominus</strong></span> <span class='ocrx_word' id='word_1_636' title='bbox 1120 4441 1250 4497; x_wconf 83' lang='lat' dir='ltr'><strong>ergo</strong></span> <span class='ocrx_word' id='word_1_637' title='bbox 1298 4427 1438 4481; x_wconf 87' lang='lat' dir='ltr'><strong>Deus</strong></span> <span class='ocrx_word' id='word_1_638' title='bbox 1480 4427 1647 4482; x_wconf 88' lang='lat' dir='ltr'><strong>Israel</strong></span> <span class='ocrx_word' id='word_1_639' title='bbox 1696 4426 1961 4481; x_wconf 85' lang='lat' dir='ltr'><strong>subvertit</strong></span> 
     </span>
    </p>
   </div>
   <div class='ocr_carea' id='block_1_76' title="bbox 363 4518 1962 4591">
    <p class='ocr_par' dir='ltr' id='par_1_76' title="bbox 363 4518 1962 4591">
     <span class='ocr_line' id='line_1_76' title="bbox 363 4518 1962 4591; baseline 0.002 -20"><span class='ocrx_word' id='word_1_640' title='bbox 363 4518 768 4584; x_wconf 69' lang='lat' dir='ltr'><strong>Amorrhreum,</strong></span> <span class='ocrx_word' id='word_1_641' title='bbox 812 4529 1085 4589; x_wconf 80' lang='lat' dir='ltr'><strong>pugnante</strong></span> <span class='ocrx_word' id='word_1_642' title='bbox 1110 4530 1298 4574; x_wconf 83' lang='lat' dir='ltr'><strong>eontra</strong></span> <span class='ocrx_word' id='word_1_643' title='bbox 1337 4519 1486 4575; x_wconf 89' lang='lat' dir='ltr'><strong>illum</strong></span> <span class='ocrx_word' id='word_1_644' title='bbox 1518 4519 1722 4591; x_wconf 85' lang='lat' dir='ltr'><strong>pepulo</strong></span> <span class='ocrx_word' id='word_1_645' title='bbox 1753 4534 1854 4574; x_wconf 84' lang='lat' dir='ltr'><strong>suo</strong></span> <span class='ocrx_word' id='word_1_646' title='bbox 1880 4518 1962 4575; x_wconf 87' lang='lat' dir='ltr'><strong>Is-</strong></span> 
     </span>
    </p>
   </div>
   <div class='ocr_carea' id='block_1_77' title="bbox 2050 3308 3640 3383">
    <p class='ocr_par' dir='ltr' id='par_1_77' title="bbox 2050 3308 3640 3383">
     <span class='ocr_line' id='line_1_77' title="bbox 2050 3308 3640 3383; baseline 0.003 -20"><span class='ocrx_word' id='word_1_647' title='bbox 2050 3319 2226 3364; x_wconf 83' lang='lat' dir='ltr'><strong>trem:</strong></span> <span class='ocrx_word' id='word_1_648' title='bbox 2261 3308 2370 3362; x_wconf 85' lang='lat' dir='ltr'><strong>IIoc</strong></span> <span class='ocrx_word' id='word_1_649' title='bbox 2411 3309 2585 3363; x_wconf 81' lang='lat' dir='ltr'><strong>solum</strong></span> <span class='ocrx_word' id='word_1_650' title='bbox 2634 3309 2761 3363; x_wconf 81' lang='lat' dir='ltr'><strong>mihi</strong></span> <span class='ocrx_word' id='word_1_651' title='bbox 2798 3319 3022 3378; x_wconf 64' lang='lat' dir='ltr'><strong>praesta,</strong></span> <span class='ocrx_word' id='word_1_652' title='bbox 3062 3312 3210 3381; x_wconf 86' lang='lat' dir='ltr'><strong>quod</strong></span> <span class='ocrx_word' id='word_1_653' title='bbox 3249 3322 3301 3367; x_wconf 89' lang='lat' dir='ltr'><strong>te</strong></span> <span class='ocrx_word' id='word_1_654' title='bbox 3328 3313 3640 3383; x_wconf 86' lang='lat' dir='ltr'><strong>deprecor:</strong></span> 
     </span>
    </p>
   </div>
   <div class='ocr_carea' id='block_1_78' title="bbox 2048 3399 3636 3475">
    <p class='ocr_par' dir='ltr' id='par_1_78' title="bbox 2048 3399 3636 3475">
     <span class='ocr_line' id='line_1_78' title="bbox 2048 3399 3636 3475; baseline 0.004 -20"><span class='ocrx_word' id='word_1_655' title='bbox 2048 3399 2271 3455; x_wconf 73' lang='lat' dir='ltr'><strong>Dimitte</strong></span> <span class='ocrx_word' id='word_1_656' title='bbox 2300 3416 2405 3465; x_wconf 90' lang='lat' dir='ltr'><strong>me,</strong></span> <span class='ocrx_word' id='word_1_657' title='bbox 2436 3408 2499 3453; x_wconf 82' lang='lat' dir='ltr'><strong>ut</strong></span> <span class='ocrx_word' id='word_1_658' title='bbox 2519 3400 2728 3455; x_wconf 89' lang='lat' dir='ltr'><strong>duobus</strong></span> <span class='ocrx_word' id='word_1_659' title='bbox 2754 3401 3375 3457; x_wconf 74' lang='lat' dir='ltr'><strong>utensihuscircumeam</strong></span> <span class='ocrx_word' id='word_1_660' title='bbox 3399 3414 3636 3475; x_wconf 84' lang='lat' dir='ltr'><strong>montes,</strong></span> 
     </span>
    </p>
   </div>
   <div class='ocr_carea' id='block_1_79' title="bbox 2049 3492 3637 3562">
    <p class='ocr_par' dir='ltr' id='par_1_79' title="bbox 2049 3492 3637 3562">
     <span class='ocr_line' id='line_1_79' title="bbox 2049 3492 3637 3562; baseline 0.004 -16"><span class='ocrx_word' id='word_1_661' title='bbox 2049 3500 2099 3546; x_wconf 89' lang='lat' dir='ltr'><strong>et</strong></span> <span class='ocrx_word' id='word_1_662' title='bbox 2132 3492 2382 3562; x_wconf 81' lang='lat' dir='ltr'><strong>plangam</strong></span> <span class='ocrx_word' id='word_1_663' title='bbox 2418 3492 2783 3562; x_wconf 78' lang='lat' dir='ltr'><strong>virginitatem</strong></span> <span class='ocrx_word' id='word_1_664' title='bbox 2814 3508 2989 3548; x_wconf 83' lang='lat' dir='ltr'><strong>meam</strong></span> <span class='ocrx_word' id='word_1_665' title='bbox 3019 3510 3143 3548; x_wconf 87' lang='lat' dir='ltr'><strong>eum</strong></span> <span class='ocrx_word' id='word_1_666' title='bbox 3175 3495 3455 3550; x_wconf 85' lang='lat' dir='ltr'><strong>sodalibus</strong></span> <span class='ocrx_word' id='word_1_667' title='bbox 3478 3497 3637 3552; x_wconf 89' lang='lat' dir='ltr'><strong>meis.</strong></span> 
     </span>
    </p>
   </div>
   <div class='ocr_carea' id='block_1_80' title="bbox 2049 3583 3642 3654">
    <p class='ocr_par' dir='ltr' id='par_1_80' title="bbox 2049 3583 3642 3654">
     <span class='ocr_line' id='line_1_80' title="bbox 2049 3583 3642 3654; baseline 0.004 -15"><span class='ocrx_word' id='word_1_668' title='bbox 2049 3583 2146 3639; x_wconf 85' lang='lat' dir='ltr'><strong>Cui</strong></span> <span class='ocrx_word' id='word_1_669' title='bbox 2183 3584 2271 3639; x_wconf 89' lang='lat' dir='ltr'><strong>ille</strong></span> <span class='ocrx_word' id='word_1_670' title='bbox 2316 3586 2644 3654; x_wconf 77' lang='lat' dir='ltr'><strong>respondit:</strong></span> <span class='ocrx_word' id='word_1_671' title='bbox 2680 3585 2849 3640; x_wconf 70' lang='lat' dir='ltr'><strong>Vnde.</strong></span> <span class='ocrx_word' id='word_1_672' title='bbox 2896 3586 2963 3641; x_wconf 76' lang='lat' dir='ltr'><strong>Et</strong></span> <span class='ocrx_word' id='word_1_673' title='bbox 3012 3587 3214 3641; x_wconf 82' lang='lat' dir='ltr'><strong>dimisit</strong></span> <span class='ocrx_word' id='word_1_674' title='bbox 3261 3604 3380 3643; x_wconf 88' lang='lat' dir='ltr'><strong>eam</strong></span> <span class='ocrx_word' id='word_1_675' title='bbox 3430 3591 3642 3645; x_wconf 86' lang='lat' dir='ltr'><strong>duobus</strong></span> 
     </span>
    </p>
   </div>
   <div class='ocr_carea' id='block_1_81' title="bbox 2053 3679 3643 3749">
    <p class='ocr_par' dir='ltr' id='par_1_81' title="bbox 2053 3679 3643 3749">
     <span class='ocr_line' id='line_1_81' title="bbox 2053 3679 3643 3749; baseline 0.005 -17"><span class='ocrx_word' id='word_1_676' title='bbox 2053 3679 2349 3733; x_wconf 90' lang='lat' dir='ltr'><strong>mensibus.</strong></span> <span class='ocrx_word' id='word_1_677' title='bbox 2384 3679 2626 3749; x_wconf 88' lang='lat' dir='ltr'><strong>Cumque</strong></span> <span class='ocrx_word' id='word_1_678' title='bbox 2674 3680 2899 3735; x_wconf 80' lang='lat' dir='ltr'><strong>abiisset</strong></span> <span class='ocrx_word' id='word_1_679' title='bbox 2920 3698 3041 3736; x_wconf 84' lang='lat' dir='ltr'><strong>cum</strong></span> <span class='ocrx_word' id='word_1_680' title='bbox 3074 3683 3245 3737; x_wconf 76' lang='lat' dir='ltr'><strong>sociis</strong></span> <span class='ocrx_word' id='word_1_681' title='bbox 3272 3697 3335 3738; x_wconf 74' lang='lat' dir='ltr'><strong>ac</strong></span> <span class='ocrx_word' id='word_1_682' title='bbox 3365 3684 3643 3740; x_wconf 75' lang='lat' dir='ltr'><strong>sodalibus</strong></span> 
     </span>
    </p>
   </div>
   <div class='ocr_carea' id='block_1_82' title="bbox 2052 3771 3643 3847">
    <p class='ocr_par' dir='ltr' id='par_1_82' title="bbox 2052 3771 3643 3847">
     <span class='ocr_line' id='line_1_82' title="bbox 2052 3771 3643 3847; baseline 0.004 -19"><span class='ocrx_word' id='word_1_683' title='bbox 2052 3774 2188 3837; x_wconf 88' lang='lat' dir='ltr'><strong>suis,</strong></span> <span class='ocrx_word' id='word_1_684' title='bbox 2221 3771 2384 3827; x_wconf 74' lang='lat' dir='ltr'><strong>ﬁebat</strong></span> <span class='ocrx_word' id='word_1_685' title='bbox 2425 3773 2785 3844; x_wconf 76' lang='lat' dir='ltr'><strong>virginitatem</strong></span> <span class='ocrx_word' id='word_1_686' title='bbox 2822 3790 2978 3830; x_wconf 82' lang='lat' dir='ltr'><strong>suam</strong></span> <span class='ocrx_word' id='word_1_687' title='bbox 3016 3776 3072 3830; x_wconf 70' lang='lat' dir='ltr'><strong>in</strong></span> <span class='ocrx_word' id='word_1_688' title='bbox 3108 3775 3407 3832; x_wconf 78' lang='lat' dir='ltr'><strong>montibus.</strong></span> <span class='ocrx_word' id='word_1_689' title='bbox 3442 3778 3643 3847; x_wconf 84' lang='lat' dir='ltr'><strong>Exple-</strong></span> 
     </span>
    </p>
   </div>
   <div class='ocr_carea' id='block_1_83' title="bbox 2053 3866 3644 3941">
    <p class='ocr_par' dir='ltr' id='par_1_83' title="bbox 2053 3866 3644 3941">
     <span class='ocr_line' id='line_1_83' title="bbox 2053 3866 3644 3941; baseline 0.004 -20"><span class='ocrx_word' id='word_1_690' title='bbox 2053 3866 2228 3938; x_wconf 88' lang='lat' dir='ltr'><strong>tisque</strong></span> <span class='ocrx_word' id='word_1_691' title='bbox 2277 3868 2491 3923; x_wconf 89' lang='lat' dir='ltr'><strong>duobus</strong></span> <span class='ocrx_word' id='word_1_692' title='bbox 2547 3867 2848 3934; x_wconf 88' lang='lat' dir='ltr'><strong>mensibus,</strong></span> <span class='ocrx_word' id='word_1_693' title='bbox 2909 3884 3130 3924; x_wconf 90' lang='lat' dir='ltr'><strong>reversa</strong></span> <span class='ocrx_word' id='word_1_694' title='bbox 3190 3879 3273 3925; x_wconf 91' lang='lat' dir='ltr'><strong>est</strong></span> <span class='ocrx_word' id='word_1_695' title='bbox 3321 3870 3387 3925; x_wconf 91' lang='lat' dir='ltr'><strong>ad</strong></span> <span class='ocrx_word' id='word_1_696' title='bbox 3435 3880 3644 3941; x_wconf 91' lang='lat' dir='ltr'><strong>patrem</strong></span> 
     </span>
    </p>
   </div>
   <div class='ocr_carea' id='block_1_84' title="bbox 2054 3960 3644 4033">
    <p class='ocr_par' dir='ltr' id='par_1_84' title="bbox 2054 3960 3644 4033">
     <span class='ocr_line' id='line_1_84' title="bbox 2054 3960 3644 4033; baseline 0.001 -16"><span class='ocrx_word' id='word_1_697' title='bbox 2054 3976 2233 4027; x_wconf 79' lang='lat' dir='ltr'><strong>suum,</strong></span> <span class='ocrx_word' id='word_1_698' title='bbox 2259 3972 2309 4015; x_wconf 86' lang='lat' dir='ltr'><strong>et</strong></span> <span class='ocrx_word' id='word_1_699' title='bbox 2338 3960 2467 4016; x_wconf 78' lang='lat' dir='ltr'><strong>fecit</strong></span> <span class='ocrx_word' id='word_1_700' title='bbox 2482 3961 2696 4015; x_wconf 87' lang='lat' dir='ltr'><strong>eisicut</strong></span> <span class='ocrx_word' id='word_1_701' title='bbox 2718 3972 2966 4024; x_wconf 78' lang='lat' dir='ltr'><strong>voverat,</strong></span> <span class='ocrx_word' id='word_1_702' title='bbox 2998 3978 3120 4030; x_wconf 86' lang='lat' dir='ltr'><strong>quae</strong></span> <span class='ocrx_word' id='word_1_703' title='bbox 3142 3963 3428 4033; x_wconf 73' lang='lat' dir='ltr'><strong>ignorabat</strong></span> <span class='ocrx_word' id='word_1_704' title='bbox 3446 3965 3644 4020; x_wconf 89' lang='lat' dir='ltr'><strong>virum.</strong></span> 
     </span>
    </p>
   </div>
   <div class='ocr_carea' id='block_1_85' title="bbox 2060 4053 3648 4119">
    <p class='ocr_par' dir='ltr' id='par_1_85' title="bbox 2060 4053 3648 4119">
     <span class='ocr_line' id='line_1_85' title="bbox 2060 4053 3648 4119; baseline 0.002 -11"><span class='ocrx_word' id='word_1_705' title='bbox 2060 4053 2266 4109; x_wconf 82' lang='lat' dir='ltr'><strong>Exinde</strong></span> <span class='ocrx_word' id='word_1_706' title='bbox 2282 4068 2402 4109; x_wconf 82' lang='lat' dir='ltr'><strong>mos</strong></span> <span class='ocrx_word' id='word_1_707' title='bbox 2424 4054 2695 4108; x_wconf 80' lang='lat' dir='ltr'><strong>inerebuit</strong></span> <span class='ocrx_word' id='word_1_708' title='bbox 2720 4053 2772 4107; x_wconf 86' lang='lat' dir='ltr'><strong>in</strong></span> <span class='ocrx_word' id='word_1_709' title='bbox 2792 4053 3057 4119; x_wconf 81' lang='lat' dir='ltr'><strong>Israel,et</strong></span> <span class='ocrx_word' id='word_1_710' title='bbox 3074 4055 3411 4110; x_wconf 80' lang='lat' dir='ltr'><strong>consuetudo</strong></span> <span class='ocrx_word' id='word_1_711' title='bbox 3432 4066 3648 4111; x_wconf 83' lang='lat' dir='ltr'><strong>servata</strong></span> 
     </span>
    </p>
   </div>
   <div class='ocr_carea' id='block_1_86' title="bbox 2057 4148 3651 4217">
    <p class='ocr_par' dir='ltr' id='par_1_86' title="bbox 2057 4148 3651 4217">
     <span class='ocr_line' id='line_1_86' title="bbox 2057 4148 3651 4217; baseline 0.002 -15"><span class='ocrx_word' id='word_1_712' title='bbox 2057 4156 2164 4213; x_wconf 89' lang='lat' dir='ltr'><strong>est,</strong></span> <span class='ocrx_word' id='word_1_713' title='bbox 2197 4156 2258 4201; x_wconf 87' lang='lat' dir='ltr'><strong>ut</strong></span> <span class='ocrx_word' id='word_1_714' title='bbox 2283 4159 2405 4217; x_wconf 77' lang='lat' dir='ltr'><strong>post</strong></span> <span class='ocrx_word' id='word_1_715' title='bbox 2444 4149 2571 4202; x_wconf 87' lang='lat' dir='ltr'><strong>anni</strong></span> <span class='ocrx_word' id='word_1_716' title='bbox 2600 4148 2865 4201; x_wconf 84' lang='lat' dir='ltr'><strong>circulum</strong></span> <span class='ocrx_word' id='word_1_717' title='bbox 2894 4149 3228 4204; x_wconf 75' lang='lat' dir='ltr'><strong>conveniant</strong></span> <span class='ocrx_word' id='word_1_718' title='bbox 3257 4150 3500 4205; x_wconf 82' lang='lat' dir='ltr'><strong>inunum</strong></span> <span class='ocrx_word' id='word_1_719' title='bbox 3530 4150 3651 4205; x_wconf 81' lang='lat' dir='ltr'><strong>ﬁliae</strong></span> 
     </span>
    </p>
   </div>
   <div class='ocr_carea' id='block_1_87' title="bbox 2058 4240 3652 4312">
    <p class='ocr_par' dir='ltr' id='par_1_87' title="bbox 2058 4240 3652 4312">
     <span class='ocr_line' id='line_1_87' title="bbox 2058 4240 3652 4312; baseline 0.003 -17"><span class='ocrx_word' id='word_1_720' title='bbox 2058 4240 2249 4310; x_wconf 61' lang='lat' dir='ltr'><strong>Israel,</strong></span> <span class='ocrx_word' id='word_1_721' title='bbox 2279 4250 2332 4296; x_wconf 82' lang='lat' dir='ltr'><strong>et</strong></span> <span class='ocrx_word' id='word_1_722' title='bbox 2354 4241 2614 4311; x_wconf 74' lang='lat' dir='ltr'><strong>plangant</strong></span> <span class='ocrx_word' id='word_1_723' title='bbox 2656 4241 2830 4296; x_wconf 80' lang='lat' dir='ltr'><strong>ﬁliam</strong></span> <span class='ocrx_word' id='word_1_724' title='bbox 2870 4240 3105 4312; x_wconf 76' lang='lat' dir='ltr'><strong>Jephtlte</strong></span> <span class='ocrx_word' id='word_1_725' title='bbox 3136 4243 3430 4298; x_wconf 72' lang='lat' dir='ltr'><strong>Galaadita:</strong></span> <span class='ocrx_word' id='word_1_726' title='bbox 3461 4244 3652 4300; x_wconf 85' lang='lat' dir='ltr'><strong>diebus</strong></span> 
     </span>
    </p>
   </div>
   <div class='ocr_carea' id='block_1_88' title="bbox 2060 4324 3291 4403">
    <p class='ocr_par' dir='ltr' id='par_1_88' title="bbox 2060 4324 3291 4403">
     <span class='ocr_line' id='line_1_88' title="bbox 2060 4324 3291 4403; baseline 0.002 -18"><span class='ocrx_word' id='word_1_727' title='bbox 2060 4342 2308 4403; x_wconf 80' lang='lat' dir='ltr'><strong>quatuor.</strong></span> <span class='ocrx_word' id='word_1_728' title='bbox 3290 4324 3291 4329; x_wconf 43' lang='grc'><em>“</em></span> 
     </span>
    </p>
   </div>
   <div class='ocr_carea' id='block_1_89' title="bbox 2136 4424 3654 4499">
    <p class='ocr_par' dir='ltr' id='par_1_89' title="bbox 2136 4424 3654 4499">
     <span class='ocr_line' id='line_1_89' title="bbox 2136 4424 3654 4499; baseline 0.001 -20"><span class='ocrx_word' id='word_1_729' title='bbox 2136 4426 2219 4497; x_wconf 76' lang='lat' dir='ltr'><strong>lC.</strong></span> <span class='ocrx_word' id='word_1_730' title='bbox 2253 4424 2389 4481; x_wconf 74' lang='lat' dir='ltr'><strong>XLII</strong></span> <span class='ocrx_word' id='word_1_731' title='bbox 2414 4472 2427 4495; x_wconf 89' lang='lat'><strong>,</strong></span> <span class='ocrx_word' id='word_1_732' title='bbox 2463 4425 2591 4499; x_wconf 86' lang='lat' dir='ltr'><strong>Cap.</strong></span> <span class='ocrx_word' id='word_1_733' title='bbox 2626 4425 2766 4496; x_wconf 83' lang='lat' dir='ltr'><strong>XII.J</strong></span> <span class='ocrx_word' id='word_1_734' title='bbox 2798 4426 2939 4483; x_wconf 87' lang='lat' dir='ltr'><strong>Ecce</strong></span> <span class='ocrx_word' id='word_1_735' title='bbox 2969 4437 3148 4482; x_wconf 77' lang='lat' dir='ltr'><strong>autem</strong></span> <span class='ocrx_word' id='word_1_736' title='bbox 3180 4427 3230 4480; x_wconf 91' lang='lat' dir='ltr'><strong>in</strong></span> <span class='ocrx_word' id='word_1_737' title='bbox 3248 4425 3507 4496; x_wconf 85' lang='lat' dir='ltr'><strong>Ephraim</strong></span> <span class='ocrx_word' id='word_1_738' title='bbox 3536 4438 3654 4481; x_wconf 86' lang='lat' dir='ltr'><strong>orta</strong></span> 
     </span>
    </p>
   </div>
   <div class='ocr_carea' id='block_1_90' title="bbox 2063 4518 3651 4590">
    <p class='ocr_par' dir='ltr' id='par_1_90' title="bbox 2063 4518 3651 4590">
     <span class='ocr_line' id='line_1_90' title="bbox 2063 4518 3651 4590; baseline -0.001 -15"><span class='ocrx_word' id='word_1_739' title='bbox 2063 4520 2258 4575; x_wconf 82' lang='lat' dir='ltr'><strong>seditio</strong></span> <span class='ocrx_word' id='word_1_740' title='bbox 2302 4529 2388 4574; x_wconf 85' lang='lat' dir='ltr'><strong>est</strong></span> <span class='ocrx_word' id='word_1_741' title='bbox 2439 4536 2450 4571; x_wconf 92' lang='lat'>:</span> <span class='ocrx_word' id='word_1_742' title='bbox 2500 4536 2627 4574; x_wconf 79' lang='lat' dir='ltr'><strong>nam</strong></span> <span class='ocrx_word' id='word_1_743' title='bbox 2686 4530 3029 4574; x_wconf 86' lang='lat' dir='ltr'><strong>transeuntes</strong></span> <span class='ocrx_word' id='word_1_744' title='bbox 3070 4527 3261 4573; x_wconf 75' lang='lat' dir='ltr'><strong>contra</strong></span> <span class='ocrx_word' id='word_1_745' title='bbox 3295 4518 3605 4587; x_wconf 80' lang='lat' dir='ltr'><strong>aquilonem</strong></span> <span class='ocrx_word' id='word_1_746' title='bbox 3633 4558 3651 4590; x_wconf 90' lang='lat'><strong>,</strong></span> 
     </span>
    </p>
   </div>
   <div class='ocr_carea' id='block_1_91' title="bbox 359 4600 3656 4682">
    <p class='ocr_par' dir='ltr' id='par_1_91' title="bbox 359 4600 3656 4682">
     <span class='ocr_line' id='line_1_91' title="bbox 359 4600 3656 4682; baseline -0 -18"><span class='ocrx_word' id='word_1_747' title='bbox 359 4610 501 4679; x_wconf 83' lang='lat' dir='ltr'><strong>rael,</strong></span> <span class='ocrx_word' id='word_1_748' title='bbox 535 4619 590 4665; x_wconf 90' lang='lat' dir='ltr'><strong>et</strong></span> <span class='ocrx_word' id='word_1_749' title='bbox 616 4622 675 4664; x_wconf 86' lang='lat' dir='ltr'><strong>tu</strong></span> <span class='ocrx_word' id='word_1_750' title='bbox 712 4626 856 4666; x_wconf 88' lang='lat' dir='ltr'><strong>nunc</strong></span> <span class='ocrx_word' id='word_1_751' title='bbox 889 4610 966 4666; x_wconf 83' lang='lat' dir='ltr'><strong>vis</strong></span> <span class='ocrx_word' id='word_1_752' title='bbox 1003 4611 1283 4681; x_wconf 83' lang='lat' dir='ltr'><strong>possidere</strong></span> <span class='ocrx_word' id='word_1_753' title='bbox 1328 4622 1529 4667; x_wconf 81' lang='lat' dir='ltr'><strong>terram</strong></span> <span class='ocrx_word' id='word_1_754' title='bbox 1576 4612 1729 4682; x_wconf 84' lang='lat' dir='ltr'><strong>ejus?</strong></span> <span class='ocrx_word' id='word_1_755' title='bbox 1772 4613 1961 4668; x_wconf 83' lang='lat' dir='ltr'><strong>Nonne</strong></span> <span class='ocrx_word' id='word_1_756' title='bbox 1987 4600 2041 4661; x_wconf 90' lang='lat' dir='ltr'><strong>D</strong></span> <span class='ocrx_word' id='word_1_757' title='bbox 2064 4611 2319 4666; x_wconf 78' lang='lat' dir='ltr'><strong>dixerunt</strong></span> <span class='ocrx_word' id='word_1_758' title='bbox 2344 4611 2409 4665; x_wconf 88' lang='lat' dir='ltr'><strong>ad</strong></span> <span class='ocrx_word' id='word_1_759' title='bbox 2442 4610 2677 4681; x_wconf 85' lang='lat' dir='ltr'><strong>Jephthe</strong></span> <span class='ocrx_word' id='word_1_760' title='bbox 2704 4611 2917 4677; x_wconf 81' lang='lat' dir='ltr'><strong>:Quare</strong></span> <span class='ocrx_word' id='word_1_761' title='bbox 2945 4610 3148 4665; x_wconf 84' lang='lat' dir='ltr'><strong>vadens</strong></span> <span class='ocrx_word' id='word_1_762' title='bbox 3168 4608 3233 4663; x_wconf 92' lang='lat' dir='ltr'><strong>ad</strong></span> <span class='ocrx_word' id='word_1_763' title='bbox 3265 4625 3492 4680; x_wconf 79' lang='lat' dir='ltr'><strong>pugnam</strong></span> <span class='ocrx_word' id='word_1_764' title='bbox 3525 4625 3656 4665; x_wconf 91' lang='lat' dir='ltr'><strong>con-</strong></span> 
     </span>
    </p>
   </div>
   <div class='ocr_carea' id='block_1_92' title="bbox 360 4704 1961 4775">
    <p class='ocr_par' dir='ltr' id='par_1_92' title="bbox 360 4704 1961 4775">
     <span class='ocr_line' id='line_1_92' title="bbox 360 4704 1961 4775; baseline 0.001 -16"><span class='ocrx_word' id='word_1_765' title='bbox 360 4719 471 4771; x_wconf 83' lang='lat' dir='ltr'><strong>ca,</strong></span> <span class='ocrx_word' id='word_1_766' title='bbox 522 4719 653 4773; x_wconf 80' lang='lat' dir='ltr'><strong>qua:</strong></span> <span class='ocrx_word' id='word_1_767' title='bbox 721 4704 964 4773; x_wconf 85' lang='lat' dir='ltr'><strong>possidet</strong></span> <span class='ocrx_word' id='word_1_768' title='bbox 1018 4705 1250 4760; x_wconf 72' lang='lat' dir='ltr'><strong>tiliamos</strong></span> <span class='ocrx_word' id='word_1_769' title='bbox 1298 4705 1448 4760; x_wconf 88' lang='lat' dir='ltr'><strong>Dens</strong></span> <span class='ocrx_word' id='word_1_770' title='bbox 1491 4715 1651 4770; x_wconf 88' lang='lat' dir='ltr'><strong>tuus,</strong></span> <span class='ocrx_word' id='word_1_771' title='bbox 1700 4704 1797 4759; x_wconf 82' lang='lat' dir='ltr'><strong>tibi</strong></span> <span class='ocrx_word' id='word_1_772' title='bbox 1838 4704 1961 4775; x_wconf 87' lang='lat' dir='ltr'><strong>jure</strong></span> 
     </span>
    </p>
   </div>
   <div class='ocr_carea' id='block_1_93' title="bbox 358 4794 1963 4865">
    <p class='ocr_par' dir='ltr' id='par_1_93' title="bbox 358 4794 1963 4865">
     <span class='ocr_line' id='line_1_93' title="bbox 358 4794 1963 4865; baseline 0.001 -16"><span class='ocrx_word' id='word_1_773' title='bbox 358 4794 670 4850; x_wconf 78' lang='lat' dir='ltr'><strong>debentur?</strong></span> <span class='ocrx_word' id='word_1_774' title='bbox 692 4794 834 4865; x_wconf 62' lang='lat' dir='ltr'><strong>Quae</strong></span> <span class='ocrx_word' id='word_1_775' title='bbox 866 4802 1043 4850; x_wconf 83' lang='lat' dir='ltr'><strong>autem</strong></span> <span class='ocrx_word' id='word_1_776' title='bbox 1089 4796 1347 4851; x_wconf 83' lang='lat' dir='ltr'><strong>Dominus</strong></span> <span class='ocrx_word' id='word_1_777' title='bbox 1392 4795 1533 4850; x_wconf 90' lang='lat' dir='ltr'><strong>Deus</strong></span> <span class='ocrx_word' id='word_1_778' title='bbox 1575 4805 1759 4851; x_wconf 87' lang='lat' dir='ltr'><strong>noster</strong></span> <span class='ocrx_word' id='word_1_779' title='bbox 1791 4795 1963 4851; x_wconf 81' lang='lat' dir='ltr'><strong>victor</strong></span> 
     </span>
    </p>
   </div>
   <div class='ocr_carea' id='block_1_94' title="bbox 364 4888 1962 4958">
    <p class='ocr_par' dir='ltr' id='par_1_94' title="bbox 364 4888 1962 4958">
     <span class='ocr_line' id='line_1_94' title="bbox 364 4888 1962 4958; baseline 0.003 -16"><span class='ocrx_word' id='word_1_780' title='bbox 364 4888 620 4956; x_wconf 84' lang='lat' dir='ltr'><strong>obtinuit,</strong></span> <span class='ocrx_word' id='word_1_781' title='bbox 649 4890 701 4944; x_wconf 89' lang='lat' dir='ltr'><strong>in</strong></span> <span class='ocrx_word' id='word_1_782' title='bbox 724 4903 972 4945; x_wconf 78' lang='lat' dir='ltr'><strong>nostram</strong></span> <span class='ocrx_word' id='word_1_783' title='bbox 997 4889 1194 4947; x_wconf 88' lang='lat' dir='ltr'><strong>cedent</strong></span> <span class='ocrx_word' id='word_1_784' title='bbox 1221 4891 1619 4958; x_wconf 77' lang='lat' dir='ltr'><strong>possessionem</strong></span> <span class='ocrx_word' id='word_1_785' title='bbox 1652 4908 1667 4943; x_wconf 88' lang='lat'><strong>:</strong></span> <span class='ocrx_word' id='word_1_786' title='bbox 1695 4891 1796 4944; x_wconf 87' lang='lat' dir='ltr'><strong>nisi</strong></span> <span class='ocrx_word' id='word_1_787' title='bbox 1821 4890 1962 4946; x_wconf 77' lang='lat' dir='ltr'><strong>forte</strong></span> 
     </span>
    </p>
   </div>
   <div class='ocr_carea' id='block_1_95' title="bbox 366 4983 1961 5055">
    <p class='ocr_par' dir='ltr' id='par_1_95' title="bbox 366 4983 1961 5055">
     <span class='ocr_line' id='line_1_95' title="bbox 366 4983 1961 5055; baseline -0.003 -15"><span class='ocrx_word' id='word_1_788' title='bbox 366 4984 568 5040; x_wconf 75' lang='lat' dir='ltr'><strong>meiior</strong></span> <span class='ocrx_word' id='word_1_789' title='bbox 612 5000 681 5041; x_wconf 81' lang='lat' dir='ltr'><strong>es</strong></span> <span class='ocrx_word' id='word_1_790' title='bbox 718 4985 885 5039; x_wconf 76' lang='lat' dir='ltr'><strong>.Balac</strong></span> <span class='ocrx_word' id='word_1_791' title='bbox 926 4985 1036 5039; x_wconf 92' lang='lat' dir='ltr'><strong>ﬁlio</strong></span> <span class='ocrx_word' id='word_1_792' title='bbox 1074 4985 1323 5055; x_wconf 77' lang='lat' dir='ltr'><strong>Seppltor</strong></span> <span class='ocrx_word' id='word_1_793' title='bbox 1348 4998 1475 5055; x_wconf 79' lang='lat' dir='ltr'><strong>rege</strong></span> <span class='ocrx_word' id='word_1_794' title='bbox 1513 4984 1665 5038; x_wconf 81' lang='lat' dir='ltr'><strong>Moab</strong></span> <span class='ocrx_word' id='word_1_795' title='bbox 1700 5002 1712 5037; x_wconf 87' lang='lat'><strong>:</strong></span> <span class='ocrx_word' id='word_1_796' title='bbox 1748 4992 1839 5039; x_wconf 83' lang='lat' dir='ltr'><strong>aut</strong></span> <span class='ocrx_word' id='word_1_797' title='bbox 1865 4983 1961 5037; x_wconf 91' lang='lat' dir='ltr'><strong>do-</strong></span> 
     </span>
    </p>
   </div>
   <div class='ocr_carea' id='block_1_96' title="bbox 364 5079 1962 5151">
    <p class='ocr_par' dir='ltr' id='par_1_96' title="bbox 364 5079 1962 5151">
     <span class='ocr_line' id='line_1_96' title="bbox 364 5079 1962 5151; baseline 0.001 -19"><span class='ocrx_word' id='word_1_798' title='bbox 364 5090 491 5133; x_wconf 82' lang='lat' dir='ltr'><strong>cere</strong></span> <span class='ocrx_word' id='word_1_799' title='bbox 519 5086 679 5148; x_wconf 73' lang='lat' dir='ltr'><strong>potes</strong></span> <span class='ocrx_word' id='word_1_800' title='bbox 700 5080 852 5151; x_wconf 84' lang='lat' dir='ltr'><strong>quod</strong></span> <span class='ocrx_word' id='word_1_801' title='bbox 871 5079 1117 5150; x_wconf 73' lang='lat' dir='ltr'><strong>jurgatus</strong></span> <span class='ocrx_word' id='word_1_802' title='bbox 1139 5079 1210 5133; x_wconf 85' lang='lat' dir='ltr'><strong>sit</strong></span> <span class='ocrx_word' id='word_1_803' title='bbox 1239 5090 1423 5134; x_wconf 88' lang='lat' dir='ltr'><strong>contra</strong></span> <span class='ocrx_word' id='word_1_804' title='bbox 1450 5079 1644 5146; x_wconf 80' lang='lat' dir='ltr'><strong>Israel,</strong></span> <span class='ocrx_word' id='word_1_805' title='bbox 1676 5089 1730 5135; x_wconf 90' lang='lat' dir='ltr'><strong>et</strong></span> <span class='ocrx_word' id='word_1_806' title='bbox 1760 5094 1962 5150; x_wconf 79' lang='lat' dir='ltr'><strong>pugna-</strong></span> 
     </span>
    </p>
   </div>
   <div class='ocr_carea' id='block_1_97' title="bbox 444 5256 1974 5328">
    <p class='ocr_par' dir='ltr' id='par_1_97' title="bbox 444 5256 1974 5328">
     <span class='ocr_line' id='line_1_97' title="bbox 444 5256 1974 5328; baseline -0.005 -11"><span class='ocrx_word' id='word_1_807' title='bbox 444 5271 470 5300; x_wconf 71' lang='grc' dir='ltr'><strong>ει</strong></span> <span class='ocrx_word' id='word_1_808' title='bbox 498 5261 701 5317; x_wconf 71' lang='lat' dir='ltr'><strong>Totum</strong></span> <span class='ocrx_word' id='word_1_809' title='bbox 729 5260 871 5316; x_wconf 76' lang='lat' dir='ltr'><strong>bime</strong></span> <span class='ocrx_word' id='word_1_810' title='bbox 919 5262 1097 5315; x_wconf 77' lang='lat' dir='ltr'><strong>locum</strong></span> <span class='ocrx_word' id='word_1_811' title='bbox 1146 5259 1373 5328; x_wconf 85' lang='lat' dir='ltr'><strong>replicat</strong></span> <span class='ocrx_word' id='word_1_812' title='bbox 1423 5258 1780 5328; x_wconf 79' lang='lat' dir='ltr'><strong>Hieronymus</strong></span> <span class='ocrx_word' id='word_1_813' title='bbox 1811 5256 1974 5328; x_wconf 80' lang='lat' dir='ltr'><strong>libro</strong></span> 
     </span>
    </p>
   </div>
   <div class='ocr_carea' id='block_1_98' title="bbox 370 5327 1968 5401">
    <p class='ocr_par' dir='ltr' id='par_1_98' title="bbox 370 5327 1968 5401">
     <span class='ocr_line' id='line_1_98' title="bbox 370 5327 1968 5401; baseline -0.004 -15"><span class='ocrx_word' id='word_1_814' title='bbox 370 5334 552 5400; x_wconf 77' lang='lat' dir='ltr'><strong>primo</strong></span> <span class='ocrx_word' id='word_1_815' title='bbox 593 5334 851 5387; x_wconf 83' lang='lat' dir='ltr'><strong>adversus</strong></span> <span class='ocrx_word' id='word_1_816' title='bbox 898 5327 1247 5388; x_wconf 75' lang='lat' dir='ltr'><strong>.lovinianum</strong></span> <span class='ocrx_word' id='word_1_817' title='bbox 1283 5347 1297 5382; x_wconf 92' lang='lat'><strong>:</strong></span> <span class='ocrx_word' id='word_1_818' title='bbox 1327 5329 1371 5382; x_wconf 85' lang='grc' dir='ltr'><strong><em>Δ</em></strong></span> <span class='ocrx_word' id='word_1_819' title='bbox 1413 5327 1670 5401; x_wconf 61' lang='lat' dir='ltr'><strong>plerisque</strong></span> <span class='ocrx_word' id='word_1_820' title='bbox 1710 5327 1968 5401; x_wconf 66' lang='lat' dir='ltr'><strong>Hebrive-</strong></span> 
     </span>
    </p>
   </div>
   <div class='ocr_carea' id='block_1_99' title="bbox 373 5400 1971 5475">
    <p class='ocr_par' dir='ltr' id='par_1_99' title="bbox 373 5400 1971 5475">
     <span class='ocr_line' id='line_1_99' title="bbox 373 5400 1971 5475; baseline -0.003 -20"><span class='ocrx_word' id='word_1_821' title='bbox 373 5421 512 5471; x_wconf 77' lang='lat' dir='ltr'><strong>runt,</strong></span> <span class='ocrx_word' id='word_1_822' title='bbox 532 5403 739 5475; x_wconf 65' lang='lat' dir='ltr'><strong>inquit,</strong></span> <span class='ocrx_word' id='word_1_823' title='bbox 771 5403 1166 5475; x_wconf 71' lang='lat' dir='ltr'><strong>reprehenditur</strong></span> <span class='ocrx_word' id='word_1_824' title='bbox 1210 5412 1367 5475; x_wconf 73' lang='lat' dir='ltr'><strong>pater</strong></span> <span class='ocrx_word' id='word_1_825' title='bbox 1396 5400 1497 5454; x_wconf 77' lang='lat' dir='ltr'><strong>uoti</strong></span> <span class='ocrx_word' id='word_1_826' title='bbox 1535 5400 1817 5475; x_wconf 69' lang='lat' dir='ltr'><strong>temm&#39;arii,</strong></span> <span class='ocrx_word' id='word_1_827' title='bbox 1849 5400 1971 5465; x_wconf 87' lang='lat' dir='ltr'><strong>quia</strong></span> 
     </span>
    </p>
   </div>
   <div class='ocr_carea' id='block_1_100' title="bbox 376 5470 1966 5535">
    <p class='ocr_par' dir='ltr' id='par_1_100' title="bbox 376 5470 1966 5535">
     <span class='ocr_line' id='line_1_100' title="bbox 376 5470 1966 5535; baseline -0.004 -7"><span class='ocrx_word' id='word_1_828' title='bbox 376 5470 565 5530; x_wconf 73' lang='lat' dir='ltr'><strong>distet-it</strong></span> <span class='ocrx_word' id='word_1_829' title='bbox 600 5470 697 5531; x_wconf 51' lang='lat' dir='ltr'><strong>{si</strong></span> <span class='ocrx_word' id='word_1_830' title='bbox 724 5470 951 5529; x_wconf 55' lang='lat' dir='ltr'><strong>madens</strong></span> <span class='ocrx_word' id='word_1_831' title='bbox 981 5470 1265 5528; x_wconf 25' lang='lat' dir='ltr'><strong>tt‘adider’is</strong></span> <span class='ocrx_word' id='word_1_832' title='bbox 1296 5472 1439 5526; x_wconf 88' lang='lat' dir='ltr'><strong>ﬁlios</strong></span> <span class='ocrx_word' id='word_1_833' title='bbox 1469 5475 1724 5535; x_wconf 70' lang='lat' dir='ltr'><strong>Autumn,</strong></span> <span class='ocrx_word' id='word_1_834' title='bbox 1758 5470 1812 5521; x_wconf 87' lang='lat' dir='ltr'><strong>in</strong></span> <span class='ocrx_word' id='word_1_835' title='bbox 1852 5484 1966 5521; x_wconf 87' lang='lat' dir='ltr'><strong>ma-</strong></span> 
     </span>
    </p>
   </div>
   <div class='ocr_carea' id='block_1_101' title="bbox 381 5541 1968 5619">
    <p class='ocr_par' dir='ltr' id='par_1_101' title="bbox 381 5541 1968 5619">
     <span class='ocr_line' id='line_1_101' title="bbox 381 5541 1968 5619; baseline -0.004 -20"><span class='ocrx_word' id='word_1_836' title='bbox 381 5548 543 5602; x_wconf 85' lang='lat' dir='ltr'><strong>nibus</strong></span> <span class='ocrx_word' id='word_1_837' title='bbox 566 5548 731 5619; x_wconf 77' lang='lat' dir='ltr'><strong>meis.</strong></span> <span class='ocrx_word' id='word_1_838' title='bbox 760 5546 1090 5619; x_wconf 76' lang='lat' dir='ltr'><strong>quicumque</strong></span> <span class='ocrx_word' id='word_1_839' title='bbox 1118 5544 1315 5619; x_wconf 81' lang='lat' dir='ltr'><strong>exierit</strong></span> <span class='ocrx_word' id='word_1_840' title='bbox 1338 5543 1411 5596; x_wconf 86' lang='lat' dir='ltr'><strong>de</strong></span> <span class='ocrx_word' id='word_1_841' title='bbox 1446 5544 1609 5619; x_wconf 83' lang='lat' dir='ltr'><strong>domo</strong></span> <span class='ocrx_word' id='word_1_842' title='bbox 1640 5555 1756 5595; x_wconf 87' lang='lat' dir='ltr'><strong>mea</strong></span> <span class='ocrx_word' id='word_1_843' title='bbox 1789 5541 1968 5619; x_wconf 43' lang='lat' dir='ltr'><strong>innoc-</strong></span> 
     </span>
    </p>
   </div>
   <div class='ocr_carea' id='block_1_102' title="bbox 382 5611 1973 5683">
    <p class='ocr_par' dir='ltr' id='par_1_102' title="bbox 382 5611 1973 5683">
     <span class='ocr_line' id='line_1_102' title="bbox 382 5611 1973 5683; baseline -0.004 -14"><span class='ocrx_word' id='word_1_844' title='bbox 382 5633 601 5672; x_wconf 88' lang='lat' dir='ltr'><strong>cursum</strong></span> <span class='ocrx_word' id='word_1_845' title='bbox 646 5611 802 5679; x_wconf 67' lang='lat' dir='ltr'><strong>mihi,</strong></span> <span class='ocrx_word' id='word_1_846' title='bbox 835 5632 957 5670; x_wconf 90' lang='lat' dir='ltr'><strong>cum</strong></span> <span class='ocrx_word' id='word_1_847' title='bbox 996 5611 1200 5671; x_wconf 76' lang='lat' dir='ltr'><strong>reverti</strong></span> <span class='ocrx_word' id='word_1_848' title='bbox 1228 5629 1449 5683; x_wconf 70' lang='lat' dir='ltr'><strong>erepere</strong></span> <span class='ocrx_word' id='word_1_849' title='bbox 1498 5614 1550 5667; x_wconf 82' lang='lat' dir='ltr'><strong>in</strong></span> <span class='ocrx_word' id='word_1_850' title='bbox 1584 5627 1716 5682; x_wconf 85' lang='lat' dir='ltr'><strong>pace</strong></span> <span class='ocrx_word' id='word_1_851' title='bbox 1770 5626 1797 5664; x_wconf 86' lang='lat' dir='ltr'><strong>a</strong></span> <span class='ocrx_word' id='word_1_852' title='bbox 1844 5611 1973 5663; x_wconf 79' lang='lat' dir='ltr'><strong>ﬁliis</strong></span> 
     </span>
    </p>
   </div>
   <div class='ocr_carea' id='block_1_103' title="bbox 383 5684 1971 5752">
    <p class='ocr_par' dir='ltr' id='par_1_103' title="bbox 383 5684 1971 5752">
     <span class='ocr_line' id='line_1_103' title="bbox 383 5684 1971 5752; baseline -0.006 -11"><span class='ocrx_word' id='word_1_853' title='bbox 383 5690 767 5752; x_wconf 71' lang='lat' dir='ltr'><strong>Amtnon,crit</strong></span> <span class='ocrx_word' id='word_1_854' title='bbox 788 5689 1039 5751; x_wconf 77' lang='lat' dir='ltr'><strong>Domino,</strong></span> <span class='ocrx_word' id='word_1_855' title='bbox 1066 5698 1122 5741; x_wconf 90' lang='lat' dir='ltr'><strong>et</strong></span> <span class='ocrx_word' id='word_1_856' title='bbox 1147 5687 1368 5740; x_wconf 67' lang='lat' dir='ltr'><strong>oliorum</strong></span> <span class='ocrx_word' id='word_1_857' title='bbox 1393 5685 1542 5739; x_wconf 88' lang='lat' dir='ltr'><strong>illum</strong></span> <span class='ocrx_word' id='word_1_858' title='bbox 1570 5684 1971 5738; x_wconf 58' lang='lat' dir='ltr'><strong>‘ltolocausmm.</strong></span> 
     </span>
    </p>
   </div>
   <div class='ocr_carea' id='block_1_104' title="bbox 387 5756 1973 5827">
    <p class='ocr_par' dir='ltr' id='par_1_104' title="bbox 387 5756 1973 5827">
     <span class='ocr_line' id='line_1_104' title="bbox 387 5756 1973 5827; baseline -0.004 -14"><span class='ocrx_word' id='word_1_859' title='bbox 387 5759 447 5813; x_wconf 76' lang='lat' dir='ltr'><strong>Si</strong></span> <span class='ocrx_word' id='word_1_860' title='bbox 476 5762 646 5824; x_wconf 67' lang='lat' dir='ltr'><strong>cauis,</strong></span> <span class='ocrx_word' id='word_1_861' title='bbox 664 5762 923 5827; x_wconf 67' lang='lat' dir='ltr'><strong>inquiunt,</strong></span> <span class='ocrx_word' id='word_1_862' title='bbox 956 5760 998 5812; x_wconf 83' lang='lat' dir='ltr'><strong>si</strong></span> <span class='ocrx_word' id='word_1_863' title='bbox 1030 5760 1210 5813; x_wconf 75' lang='lat' dir='ltr'><strong>asinus</strong></span> <span class='ocrx_word' id='word_1_864' title='bbox 1238 5757 1566 5821; x_wconf 74' lang='lat' dir='ltr'><strong>occurrisset,</strong></span> <span class='ocrx_word' id='word_1_865' title='bbox 1594 5756 1719 5825; x_wconf 85' lang='lat' dir='ltr'><strong>quid</strong></span> <span class='ocrx_word' id='word_1_866' title='bbox 1755 5757 1973 5827; x_wconf 74' lang='lat' dir='ltr'><strong>faceres,</strong></span> 
     </span>
    </p>
   </div>
   <div class='ocr_carea' id='block_1_105' title="bbox 385 5823 1976 5897">
    <p class='ocr_par' dir='ltr' id='par_1_105' title="bbox 385 5823 1976 5897">
     <span class='ocr_line' id='line_1_105' title="bbox 385 5823 1976 5897; baseline -0.004 -13"><span class='ocrx_word' id='word_1_867' title='bbox 385 5832 519 5885; x_wconf 64' lang='lat' dir='ltr'><strong>etc?</strong></span> <span class='ocrx_word' id='word_1_868' title='bbox 558 5823 815 5885; x_wconf 48' lang='lat' dir='ltr'><strong>Atlx&#39;er&#39;tat</strong></span> <span class='ocrx_word' id='word_1_869' title='bbox 847 5831 1015 5885; x_wconf 87' lang='lat' dir='ltr'><strong>lector</strong></span> <span class='ocrx_word' id='word_1_870' title='bbox 1044 5831 1199 5882; x_wconf 86' lang='lat' dir='ltr'><strong>istam</strong></span> <span class='ocrx_word' id='word_1_871' title='bbox 1237 5828 1554 5897; x_wconf 64' lang='lat' dir='ltr'><strong>Hieronymi</strong></span> <span class='ocrx_word' id='word_1_872' title='bbox 1583 5823 1884 5880; x_wconf 77' lang='lat' dir='ltr'><strong>versionem</strong></span> <span class='ocrx_word' id='word_1_873' title='bbox 1906 5823 1976 5877; x_wconf 80' lang='lat' dir='ltr'><strong>ad</strong></span> 
     </span>
    </p>
   </div>
   <div class='ocr_carea' id='block_1_106' title="bbox 2068 4700 3656 4771">
    <p class='ocr_par' dir='ltr' id='par_1_106' title="bbox 2068 4700 3656 4771">
     <span class='ocr_line' id='line_1_106' title="bbox 2068 4700 3656 4771; baseline 0 -14"><span class='ocrx_word' id='word_1_874' title='bbox 2068 4715 2145 4757; x_wconf 88' lang='lat' dir='ltr'><strong>tra</strong></span> <span class='ocrx_word' id='word_1_875' title='bbox 2181 4704 2319 4758; x_wconf 89' lang='lat' dir='ltr'><strong>ﬁlios</strong></span> <span class='ocrx_word' id='word_1_876' title='bbox 2350 4703 2584 4760; x_wconf 88' lang='lat' dir='ltr'><strong>Ammon</strong></span> <span class='ocrx_word' id='word_1_877' title='bbox 2610 4743 2625 4767; x_wconf 91' lang='lat'><strong>,</strong></span> <span class='ocrx_word' id='word_1_878' title='bbox 2657 4718 2851 4757; x_wconf 87' lang='lat' dir='ltr'><strong>vocare</strong></span> <span class='ocrx_word' id='word_1_879' title='bbox 2884 4716 2981 4756; x_wconf 91' lang='lat' dir='ltr'><strong>nos</strong></span> <span class='ocrx_word' id='word_1_880' title='bbox 3018 4700 3237 4755; x_wconf 88' lang='lat' dir='ltr'><strong>noluisti</strong></span> <span class='ocrx_word' id='word_1_881' title='bbox 3261 4741 3275 4765; x_wconf 85' lang='lat'><strong>.</strong></span> <span class='ocrx_word' id='word_1_882' title='bbox 3302 4712 3365 4758; x_wconf 81' lang='lat' dir='ltr'><strong>ut</strong></span> <span class='ocrx_word' id='word_1_883' title='bbox 3396 4716 3656 4771; x_wconf 87' lang='lat' dir='ltr'><strong>pergere-</strong></span> 
     </span>
    </p>
   </div>
   <div class='ocr_carea' id='block_1_107' title="bbox 2066 4792 3659 4866">
    <p class='ocr_par' dir='ltr' id='par_1_107' title="bbox 2066 4792 3659 4866">
     <span class='ocr_line' id='line_1_107' title="bbox 2066 4792 3659 4866; baseline -0.004 -11"><span class='ocrx_word' id='word_1_884' title='bbox 2066 4813 2187 4855; x_wconf 87' lang='lat' dir='ltr'><strong>mus</strong></span> <span class='ocrx_word' id='word_1_885' title='bbox 2215 4798 2429 4852; x_wconf 82' lang='lat' dir='ltr'><strong>tecum?</strong></span> <span class='ocrx_word' id='word_1_886' title='bbox 2458 4794 2625 4866; x_wconf 81' lang='lat' dir='ltr'><strong>Igitur</strong></span> <span class='ocrx_word' id='word_1_887' title='bbox 2648 4795 2999 4850; x_wconf 84' lang='lat' dir='ltr'><strong>incendemus</strong></span> <span class='ocrx_word' id='word_1_888' title='bbox 3033 4804 3085 4848; x_wconf 91' lang='lat' dir='ltr'><strong>te</strong></span> <span class='ocrx_word' id='word_1_889' title='bbox 3106 4802 3166 4847; x_wconf 76' lang='lat' dir='ltr'><strong>et</strong></span> <span class='ocrx_word' id='word_1_890' title='bbox 3192 4792 3211 4865; x_wconf 50' lang='grc' dir='ltr'>ι</span> <span class='ocrx_word' id='word_1_891' title='bbox 3233 4792 3392 4863; x_wconf 85' lang='lat' dir='ltr'><strong>Vulg.</strong></span> <span class='ocrx_word' id='word_1_892' title='bbox 3420 4803 3549 4848; x_wconf 77' lang='lat' dir='ltr'><strong>tacet</strong></span> <span class='ocrx_word' id='word_1_893' title='bbox 3604 4801 3659 4849; x_wconf 85' lang='lat' dir='ltr'><strong>te</strong></span> 
     </span>
    </p>
   </div>
   <div class='ocr_carea' id='block_1_108' title="bbox 2064 4882 3662 4959">
    <p class='ocr_par' dir='ltr' id='par_1_108' title="bbox 2064 4882 3662 4959">
     <span class='ocr_line' id='line_1_108' title="bbox 2064 4882 3662 4959; baseline -0.008 -13"><span class='ocrx_word' id='word_1_894' title='bbox 2064 4888 2142 4959; x_wconf 81' lang='lat' dir='ltr'><strong>et]</strong></span> <span class='ocrx_word' id='word_1_895' title='bbox 2169 4889 2389 4943; x_wconf 84' lang='lat' dir='ltr'><strong>domum</strong></span> <span class='ocrx_word' id='word_1_896' title='bbox 2422 4900 2586 4941; x_wconf 87' lang='lat' dir='ltr'><strong>tuam.</strong></span> <span class='ocrx_word' id='word_1_897' title='bbox 2620 4886 2827 4955; x_wconf 85' lang='lat' dir='ltr'><strong>Quibus</strong></span> <span class='ocrx_word' id='word_1_898' title='bbox 2873 4885 2965 4939; x_wconf 86' lang='lat' dir='ltr'><strong>ille</strong></span> <span class='ocrx_word' id='word_1_899' title='bbox 3015 4882 3344 4953; x_wconf 79' lang='lat' dir='ltr'><strong>respondit:</strong></span> <span class='ocrx_word' id='word_1_900' title='bbox 3379 4884 3662 4955; x_wconf 83' lang='lat' dir='ltr'><strong>Discepta-</strong></span> 
     </span>
    </p>
   </div>
   <div class='ocr_carea' id='block_1_109' title="bbox 2071 4976 3661 5050">
    <p class='ocr_par' dir='ltr' id='par_1_109' title="bbox 2071 4976 3661 5050">
     <span class='ocr_line' id='line_1_109' title="bbox 2071 4976 3661 5050; baseline -0.001 -14"><span class='ocrx_word' id='word_1_901' title='bbox 2071 4982 2144 5036; x_wconf 89' lang='lat' dir='ltr'><strong>tio</strong></span> <span class='ocrx_word' id='word_1_902' title='bbox 2187 4990 2306 5036; x_wconf 88' lang='lat' dir='ltr'><strong>erat</strong></span> <span class='ocrx_word' id='word_1_903' title='bbox 2335 4980 2467 5036; x_wconf 88' lang='lat' dir='ltr'><strong>tuihi</strong></span> <span class='ocrx_word' id='word_1_904' title='bbox 2512 4988 2568 5034; x_wconf 84' lang='lat' dir='ltr'><strong>et</strong></span> <span class='ocrx_word' id='word_1_905' title='bbox 2598 4980 2801 5050; x_wconf 87' lang='lat' dir='ltr'><strong>populo</strong></span> <span class='ocrx_word' id='word_1_906' title='bbox 2845 4995 2965 5033; x_wconf 79' lang='lat' dir='ltr'><strong>meo</strong></span> <span class='ocrx_word' id='word_1_907' title='bbox 3010 4986 3201 5033; x_wconf 87' lang='lat' dir='ltr'><strong>contra</strong></span> <span class='ocrx_word' id='word_1_908' title='bbox 3250 4976 3393 5031; x_wconf 82' lang='lat' dir='ltr'><strong>ﬁlios</strong></span> <span class='ocrx_word' id='word_1_909' title='bbox 3430 4980 3661 5035; x_wconf 75' lang='lat' dir='ltr'><strong>Ammon</strong></span> 
     </span>
    </p>
   </div>
   <div class='ocr_carea' id='block_1_110' title="bbox 2073 5069 3667 5142">
    <p class='ocr_par' dir='ltr' id='par_1_110' title="bbox 2073 5069 3667 5142">
     <span class='ocr_line' id='line_1_110' title="bbox 2073 5069 3667 5142; baseline -0.001 -13"><span class='ocrx_word' id='word_1_910' title='bbox 2073 5075 2369 5131; x_wconf 81' lang='lat' dir='ltr'><strong>vehemens</strong></span> <span class='ocrx_word' id='word_1_911' title='bbox 2396 5092 2408 5127; x_wconf 88' lang='lat'><strong>:</strong></span> <span class='ocrx_word' id='word_1_912' title='bbox 2445 5074 2737 5142; x_wconf 80' lang='lat' dir='ltr'><strong>vocavique</strong></span> <span class='ocrx_word' id='word_1_913' title='bbox 2766 5086 2881 5136; x_wconf 89' lang='lat' dir='ltr'><strong>vos,</strong></span> <span class='ocrx_word' id='word_1_914' title='bbox 2917 5082 2973 5125; x_wconf 89' lang='lat' dir='ltr'><strong>ut</strong></span> <span class='ocrx_word' id='word_1_915' title='bbox 3003 5069 3136 5125; x_wconf 88' lang='lat' dir='ltr'><strong>mihi</strong></span> <span class='ocrx_word' id='word_1_916' title='bbox 3166 5069 3485 5137; x_wconf 63' lang='lat' dir='ltr'><strong>praiberetis</strong></span> <span class='ocrx_word' id='word_1_917' title='bbox 3513 5072 3667 5127; x_wconf 76' lang='lat' dir='ltr'><strong>auxi-</strong></span> 
     </span>
    </p>
   </div>
   <div class='ocr_carea' id='block_1_111' title="bbox 2076 5244 3663 5319">
    <p class='ocr_par' dir='ltr' id='par_1_111' title="bbox 2076 5244 3663 5319">
     <span class='ocr_line' id='line_1_111' title="bbox 2076 5244 3663 5319; baseline -0.004 -14"><span class='ocrx_word' id='word_1_918' title='bbox 2076 5250 2346 5307; x_wconf 60' lang='lat' dir='ltr'><strong>Icht&#39;aica</strong></span> <span class='ocrx_word' id='word_1_919' title='bbox 2369 5250 2533 5304; x_wconf 85' lang='lat' dir='ltr'><strong>verba</strong></span> <span class='ocrx_word' id='word_1_920' title='bbox 2563 5248 2784 5319; x_wconf 75' lang='lat' dir='ltr'><strong>prepius</strong></span> <span class='ocrx_word' id='word_1_921' title='bbox 2816 5245 3073 5319; x_wconf 76' lang='lat' dir='ltr'><strong>accedere</strong></span> <span class='ocrx_word' id='word_1_922' title='bbox 3101 5286 3114 5308; x_wconf 90' lang='lat'><strong>,</strong></span> <span class='ocrx_word' id='word_1_923' title='bbox 3150 5260 3309 5315; x_wconf 86' lang='lat' dir='ltr'><strong>quam</strong></span> <span class='ocrx_word' id='word_1_924' title='bbox 3330 5244 3427 5298; x_wconf 82' lang='lat' dir='ltr'><strong>illa</strong></span> <span class='ocrx_word' id='word_1_925' title='bbox 3460 5260 3579 5315; x_wconf 86' lang='lat' dir='ltr'><strong>quae</strong></span> <span class='ocrx_word' id='word_1_926' title='bbox 3614 5249 3663 5299; x_wconf 88' lang='lat' dir='ltr'><strong>in</strong></span> 
     </span>
    </p>
   </div>
   <div class='ocr_carea' id='block_1_112' title="bbox 2079 5316 3123 5393">
    <p class='ocr_par' dir='ltr' id='par_1_112' title="bbox 2079 5316 3123 5393">
     <span class='ocr_line' id='line_1_112' title="bbox 2079 5316 3123 5393; baseline -0.01 -15"><span class='ocrx_word' id='word_1_927' title='bbox 2079 5327 2197 5393; x_wconf 67' lang='lat' dir='ltr'><strong>ipso</strong></span> <span class='ocrx_word' id='word_1_928' title='bbox 2218 5332 2477 5393; x_wconf 75' lang='lat' dir='ltr'><strong>contextu</strong></span> <span class='ocrx_word' id='word_1_929' title='bbox 2505 5316 2677 5375; x_wconf 72' lang='lat' dir='ltr'><strong>sacro</strong></span> <span class='ocrx_word' id='word_1_930' title='bbox 2692 5319 2907 5393; x_wconf 73' lang='lat' dir='ltr'><strong>legitur.</strong></span> <span class='ocrx_word' id='word_1_931' title='bbox 2932 5316 3123 5393; x_wconf 57' lang='grc' dir='ltr'><strong>⁸Μμγικ</strong></span> 
     </span>
    </p>
   </div>
   <div class='ocr_carea' id='block_1_113' title="bbox 2146 5386 3675 5461">
    <p class='ocr_par' dir='ltr' id='par_1_113' title="bbox 2146 5386 3675 5461">
     <span class='ocr_line' id='line_1_113' title="bbox 2146 5386 3675 5461; baseline -0.009 -11"><span class='ocrx_word' id='word_1_932' title='bbox 2146 5394 2429 5449; x_wconf 86' lang='lat' dir='ltr'><strong>—-Locmn</strong></span> <span class='ocrx_word' id='word_1_933' title='bbox 2457 5392 2597 5446; x_wconf 88' lang='lat' dir='ltr'><strong>hunc</strong></span> <span class='ocrx_word' id='word_1_934' title='bbox 2618 5386 2861 5461; x_wconf 82' lang='lat' dir='ltr'><strong>pressius</strong></span> <span class='ocrx_word' id='word_1_935' title='bbox 2883 5388 2945 5441; x_wconf 89' lang='lat' dir='ltr'><strong>ad</strong></span> <span class='ocrx_word' id='word_1_936' title='bbox 2970 5386 3257 5461; x_wconf 76' lang='lat' dir='ltr'><strong>Hebraeum</strong></span> <span class='ocrx_word' id='word_1_937' title='bbox 3283 5386 3551 5461; x_wconf 79' lang='lat' dir='ltr'><strong>recitatS.</strong></span> <span class='ocrx_word' id='word_1_938' title='bbox 3575 5388 3675 5442; x_wconf 82' lang='lat' dir='ltr'><strong>Pa-</strong></span> 
     </span>
    </p>
   </div>
   <div class='ocr_carea' id='block_1_114' title="bbox 2080 5457 3672 5529">
    <p class='ocr_par' dir='ltr' id='par_1_114' title="bbox 2080 5457 3672 5529">
     <span class='ocr_line' id='line_1_114' title="bbox 2080 5457 3672 5529; baseline -0.003 -11"><span class='ocrx_word' id='word_1_939' title='bbox 2080 5478 2183 5529; x_wconf 85' lang='lat' dir='ltr'><strong>ter,</strong></span> <span class='ocrx_word' id='word_1_940' title='bbox 2224 5466 2319 5519; x_wconf 74' lang='grc' dir='ltr'><strong>ιιι».</strong></span> <span class='ocrx_word' id='word_1_941' title='bbox 2346 5481 2369 5520; x_wconf 77' lang='lat'>1</span> <span class='ocrx_word' id='word_1_942' title='bbox 2402 5474 2586 5518; x_wconf 86' lang='lat' dir='ltr'><strong>cont-ra</strong></span> <span class='ocrx_word' id='word_1_943' title='bbox 2621 5457 2909 5517; x_wconf 50' lang='lat' dir='ltr'><strong>&#39;Jovinian.</strong></span> <span class='ocrx_word' id='word_1_944' title='bbox 2946 5475 3092 5513; x_wconf 85' lang='lat' dir='ltr'><strong>num.</strong></span> <span class='ocrx_word' id='word_1_945' title='bbox 3134 5460 3228 5524; x_wconf 70' lang='lat'><strong>25,</strong></span> <span class='ocrx_word' id='word_1_946' title='bbox 3274 5459 3364 5527; x_wconf 86' lang='lat' dir='ltr'><strong>qui</strong></span> <span class='ocrx_word' id='word_1_947' title='bbox 3406 5457 3564 5513; x_wconf 88' lang='lat' dir='ltr'><strong>habet</strong></span> <span class='ocrx_word' id='word_1_948' title='bbox 3604 5475 3672 5513; x_wconf 77' lang='lat' dir='ltr'><strong>ex</strong></span> 
     </span>
    </p>
   </div>
   <div class='ocr_carea' id='block_1_115' title="bbox 2074 5529 3673 5595">
    <p class='ocr_par' dir='ltr' id='par_1_115' title="bbox 2074 5529 3673 5595">
     <span class='ocr_line' id='line_1_115' title="bbox 2074 5529 3673 5595; baseline -0.006 -4"><span class='ocrx_word' id='word_1_949' title='bbox 2074 5538 2395 5591; x_wconf 82' lang='lat' dir='ltr'><strong>recensione</strong></span> <span class='ocrx_word' id='word_1_950' title='bbox 2419 5543 2598 5589; x_wconf 85' lang='lat' dir='ltr'><strong>nostra</strong></span> <span class='ocrx_word' id='word_1_951' title='bbox 2634 5554 2645 5585; x_wconf 90' lang='lat'><strong>:</strong></span> <span class='ocrx_word' id='word_1_952' title='bbox 2679 5532 2739 5589; x_wconf 85' lang='lat' dir='ltr'><strong>Si</strong></span> <span class='ocrx_word' id='word_1_953' title='bbox 2761 5531 2968 5586; x_wconf 84' lang='lat' dir='ltr'><strong>tradens</strong></span> <span class='ocrx_word' id='word_1_954' title='bbox 2991 5531 3264 5583; x_wconf 78' lang='lat' dir='ltr'><strong>tradideris</strong></span> <span class='ocrx_word' id='word_1_955' title='bbox 3288 5529 3422 5595; x_wconf 78' lang='lat' dir='ltr'><strong>ﬁlios</strong></span> <span class='ocrx_word' id='word_1_956' title='bbox 3452 5532 3673 5583; x_wconf 81' lang='lat' dir='ltr'><strong>Ammon</strong></span> 
     </span>
    </p>
   </div>
   <div class='ocr_carea' id='block_1_116' title="bbox 2074 5600 3673 5674">
    <p class='ocr_par' dir='ltr' id='par_1_116' title="bbox 2074 5600 3673 5674">
     <span class='ocr_line' id='line_1_116' title="bbox 2074 5600 3673 5674; baseline -0.007 -13"><span class='ocrx_word' id='word_1_957' title='bbox 2074 5610 2131 5661; x_wconf 86' lang='lat' dir='ltr'><strong>in</strong></span> <span class='ocrx_word' id='word_1_958' title='bbox 2153 5607 2390 5661; x_wconf 65' lang='lat' dir='ltr'><strong>&quot;turribus</strong></span> <span class='ocrx_word' id='word_1_959' title='bbox 2411 5606 2560 5671; x_wconf 83' lang='lat' dir='ltr'><strong>meis,</strong></span> <span class='ocrx_word' id='word_1_960' title='bbox 2586 5606 2750 5658; x_wconf 84' lang='lat' dir='ltr'><strong>omnis</strong></span> <span class='ocrx_word' id='word_1_961' title='bbox 2777 5604 3082 5674; x_wconf 84' lang='lat' dir='ltr'><strong>quicumque</strong></span> <span class='ocrx_word' id='word_1_962' title='bbox 3103 5602 3285 5674; x_wconf 73' lang='lat' dir='ltr'><strong>exierit</strong></span> <span class='ocrx_word' id='word_1_963' title='bbox 3308 5600 3369 5653; x_wconf 86' lang='lat' dir='ltr'><strong>de</strong></span> <span class='ocrx_word' id='word_1_964' title='bbox 3386 5600 3538 5651; x_wconf 83' lang='lat' dir='ltr'><strong>domo</strong></span> <span class='ocrx_word' id='word_1_965' title='bbox 3560 5617 3673 5674; x_wconf 59' lang='lat' dir='ltr'><strong>uno</strong></span> 
     </span>
    </p>
   </div>
   <div class='ocr_carea' id='block_1_117' title="bbox 2076 5671 3673 5743">
    <p class='ocr_par' dir='ltr' id='par_1_117' title="bbox 2076 5671 3673 5743">
     <span class='ocr_line' id='line_1_117' title="bbox 2076 5671 3673 5743; baseline -0.006 -11"><span class='ocrx_word' id='word_1_966' title='bbox 2076 5680 2131 5732; x_wconf 77' lang='lat' dir='ltr'><strong>in</strong></span> <span class='ocrx_word' id='word_1_967' title='bbox 2168 5694 2436 5732; x_wconf 77' lang='lat' dir='ltr'><strong>occursum</strong></span> <span class='ocrx_word' id='word_1_968' title='bbox 2466 5678 2612 5741; x_wconf 80' lang='lat' dir='ltr'><strong>mihi,</strong></span> <span class='ocrx_word' id='word_1_969' title='bbox 2651 5692 2765 5729; x_wconf 82' lang='lat' dir='ltr'><strong>cum</strong></span> <span class='ocrx_word' id='word_1_970' title='bbox 2789 5671 2985 5727; x_wconf 32' lang='lat' dir='ltr'><strong>&#39;rcrerli</strong></span> <span class='ocrx_word' id='word_1_971' title='bbox 3019 5689 3215 5743; x_wconf 62' lang='grc' dir='ltr'><strong>(δωρενο</strong></span> <span class='ocrx_word' id='word_1_972' title='bbox 3251 5673 3307 5743; x_wconf 64' lang='lat' dir='ltr'><strong>in</strong></span> <span class='ocrx_word' id='word_1_973' title='bbox 3336 5686 3459 5743; x_wconf 73' lang='lat' dir='ltr'><strong>pace</strong></span> <span class='ocrx_word' id='word_1_974' title='bbox 3488 5687 3518 5722; x_wconf 91' lang='lat' dir='ltr'><strong>a</strong></span> <span class='ocrx_word' id='word_1_975' title='bbox 3548 5671 3673 5739; x_wconf 72' lang='lat' dir='ltr'><strong>[iliis</strong></span> 
     </span>
    </p>
   </div>
   <div class='ocr_carea' id='block_1_118' title="bbox 2086 5739 3672 5814">
    <p class='ocr_par' dir='ltr' id='par_1_118' title="bbox 2086 5739 3672 5814">
     <span class='ocr_line' id='line_1_118' title="bbox 2086 5739 3672 5814; baseline -0.004 -11"><span class='ocrx_word' id='word_1_976' title='bbox 2086 5754 2321 5814; x_wconf 75' lang='lat' dir='ltr'><strong>Ammon,</strong></span> <span class='ocrx_word' id='word_1_977' title='bbox 2356 5750 2459 5803; x_wconf 71' lang='lat' dir='ltr'><strong>erit</strong></span> <span class='ocrx_word' id='word_1_978' title='bbox 2492 5739 2737 5810; x_wconf 75' lang='lat' dir='ltr'><strong>Domino,</strong></span> <span class='ocrx_word' id='word_1_979' title='bbox 2771 5756 2817 5800; x_wconf 86' lang='lat' dir='ltr'><strong>et</strong></span> <span class='ocrx_word' id='word_1_980' title='bbox 2845 5745 3059 5811; x_wconf 55' lang='lat' dir='ltr'><strong>alierum</strong></span> <span class='ocrx_word' id='word_1_981' title='bbox 3093 5739 3244 5797; x_wconf 72' lang='lat' dir='ltr'><strong>illum</strong></span> <span class='ocrx_word' id='word_1_982' title='bbox 3289 5739 3672 5797; x_wconf 68' lang='lat' dir='ltr'><strong>halocaustum.</strong></span> 
     </span>
    </p>
   </div>
  </div>
