3956 6338
294 248 399 307 527

1309 231 1369 288 S.
1412 223 1790 288 HIERONYMI
1832 223 2063 282 DIVINA
2105 219 2581 280 BIBLIOTIIECA.

3487 206 3598 268 528

293 363 452 426 lium,
478 366 532 415 et
559 356 739 412 facere
761 350 1036 408 noluistis.
1085 346 1238 419 Quod
1265 360 1498 402 cernens
1520 343 1674 415 posui
1701 343 1754 398 in
1777 355 1889 396 ma-
1917 361 1968 421 Α
1996 341 2048 396 in
2093 346 2394 410 conspectu
2450 335 2704 402 Domini,
2763 331 2856 405 qui
2915 329 3136 387 tradidit
3179 342 3275 386 eos
3317 327 3371 382 in
3401 340 3602 426 manus

293 455 460 512 nibus
484 452 620 508 meis
640 449 877 505 animam
901 460 1102 513 meam,
1130 441 1468 510 transiviquc
1499 439 1564 494 ad
1591 438 1732 492 ﬁlios
1759 437 1887 492 Am-

296 564 429 606 mon
449 589 465 615 ,
491 553 548 602 et
569 541 794 598 tradidit
823 555 920 596 eos
963 537 1224 593 Dominus
1254 536 1305 589 in
1335 548 1528 588 manus
1557 547 1724 588 meas.
1755 530 1892 598 Quid

296 639 637 704 commerui,
684 647 743 691 ut
788 634 1075 690 adversum
1128 644 1215 685 me
1257 627 1603 698 consurgatis
1651 627 1706 680 in
1752 639 1892 695 pra:-

296 732 474 789 Iium?
513 730 732 785 Vocatis
777 727 958 796 itaque
994 723 1061 778 ad
1107 737 1167 778 se
1210 721 1423 777 cunctis
1462 720 1596 774 viris
1642 717 1845 775 Galaad
1877 763 1891 785 ,

295 825 580 900 pugnabat
627 831 817 878 contra
862 817 1124 888 Ephraim
1175 833 1186 869 :
1239 820 1740 886 percusseruntque
1791 809 1897 866 viri

297 918 505 977 Galaad
548 915 807 986 Ephraim
835 955 851 980 ,
875 911 998 984 quia
1031 910 1248 965 dixerat
1279 927 1291 962 :
1325 907 1608 978 Fugitivus
1655 915 1739 961 est
1785 903 1894 960 Ga-

297 1013 424 1069 Iaad
456 1012 526 1066 de
557 1006 808 1079 Ephraim
837 1048 852 1071 ,
883 1015 938 1061 et
965 1003 1177 1058 habitat
1207 1003 1260 1057 in
1305 1001 1486 1057 medio
1535 999 1791 1070 Ephraim
1842 1007 1900 1053 et

300 1106 570 1161 Manasse.
597 1100 1118 1170 Occupaveruntque
1135 1094 1429 1152 Galaaditae
1453 1093 1584 1148 vada
1615 1090 1896 1170 Iordanis,

302 1211 406 1268 per
427 1209 546 1266 qua:
576 1190 835 1261 Ephraim
866 1203 1196 1245 reversurus
1223 1197 1359 1242 erat.
1392 1187 1637 1255 Cumque
1659 1183 1899 1238 venisset

301 1288 371 1344 ad
403 1302 465 1344 ea
494 1285 561 1340 de
584 1283 840 1355 Ephraim
864 1295 1098 1337 numero
1126 1322 1140 1346 ,
1177 1279 1417 1351 fugiens,
1449 1287 1612 1349 atque
1639 1276 1896 1332 dixisset:

301 1380 546 1437 Obsecro
574 1385 635 1432 ut
684 1391 771 1431 me
822 1375 1054 1430 transire
1111 1372 1485 1442 permittatis:
1543 1369 1797 1425 dicebant
1849 1367 1900 1422 ei

303 1472 604 1530 Galaaditaa
629 1487 642 1523 :
671 1463 945 1539 Numquid
969 1465 1330 1537 Ephrathaeus
1358 1465 1461 1520 es?
1499 1479 1607 1535 quo
1633 1461 1849 1516 dicente
1881 1475 1897 1515 :

301 1565 424 1622 Non
452 1579 573 1620 sum
600 1576 616 1618 :
647 1560 1060 1631 interrogabant
1086 1575 1211 1614 eum
1238 1575 1253 1616 :
1282 1558 1377 1613 Dic
1393 1573 1524 1628 ergo
1556 1565 1582 1593 ει
1614 1551 1900 1612 Sibboleth

304 1657 614 1733 [Sibboleth
657 1671 754 1727 per
783 1656 880 1711 Sin
905 1696 921 1723 ,
962 1652 1250 1709 Zibboletb
1294 1667 1390 1722 per
1419 1648 1680 1720 Zamach]
1709 1692 1724 1714 ,
1755 1647 1902 1720 quod

1997 430 2472 496 Philisthinorum,
2500 427 2854 500 quadraginta
2883 426 3064 479 annis.
3098 424 3185 496 [Τ.
3216 420 3340 487 VII,
3379 420 3439 474 Β.
3475 417 3598 486 XV,

1998 523 2064 580 C.
2093 520 2305 592 XLVI.]
2335 523 2465 577 Erat
2490 529 2670 576 autem
2703 519 2923 590 quidam
2956 518 3040 572 vir
3077 517 3146 572 de
3175 515 3342 572 Saraa
3368 555 3383 581 ,
3426 521 3485 568 et
3530 510 3604 567 de

1997 616 2170 687 stirpe
2200 617 2314 670 Dan
2339 659 2354 685 ,
2386 614 2608 668 nomine
2629 612 2845 678 Manue,
2878 610 3098 675 habens
3153 621 3380 664 uxorem
3437 605 3604 661 steri-

1993 710 2125 766 lem.
2156 707 2256 764 Cui
2277 707 2526 777 apparuit
2548 706 2770 776 angelus
2792 701 3046 770 Domini,
3074 711 3130 758 et
3158 700 3296 756 dixit
3324 699 3389 755 ad
3435 713 3557 754 eam
3588 715 3603 752 :

1998 803 2220 860 Sterilis
2246 817 2306 858 es
2328 812 2384 859 et
2413 802 2617 874 absque
2645 802 2830 857 liberis
2861 819 2875 856 :
2909 800 3004 857 sed
3028 799 3307 871 concipies
3336 807 3392 854 et
3423 797 3607 869 paries

1998 897 2209 963 ﬁlium;
2243 911 2377 952 cave
2417 911 2548 966 ergo
2581 911 2649 950 ne
2672 896 2858 950 vinum
2888 894 3043 951 bibas
3093 909 3155 948 ac
3184 893 3412 948 siceram
3437 933 3451 959 ,
3501 904 3609 946 nec

2002 991 2346 1046 immundum
2393 989 2690 1061 quidquam
2743 989 3019 1058 comedas,
3075 990 3202 1059 quia
3235 987 3514 1057 concipies
3553 994 3612 1041 et

2004 1085 2185 1156 paries
2219 1085 2388 1140 ﬁlium
2418 1124 2434 1151 ,
2481 1086 2638 1153 cujus
2686 1100 2795 1140 non
2856 1092 3044 1155 tanget
3093 1090 3257 1153 caput
3298 1079 3606 1146 novacula,

2011 1181 2118 1237 erit
2155 1181 2299 1236 enim
2326 1178 2616 1234 Nazaraaus
2654 1179 2750 1233 Dei
2776 1179 2846 1233 ab
2870 1177 3097 1233 infantia
3126 1191 3224 1233 sua
3271 1186 3328 1232 et
3374 1191 3442 1231 ex
3495 1189 3615 1230 ma-

2003 1276 2102 1330 tris
2131 1283 2288 1330 utero
2321 1290 2336 1328 :
2370 1283 2425 1329 et
2449 1275 2567 1344 ipse
2595 1274 2816 1346 incipiet
2840 1275 3077 1330 liberare
3105 1273 3272 1329 Israel
3326 1271 3395 1328 de
3442 1285 3615 1327 manu

2001 1367 2486 1424 Pbilisthinorum.
2513 1367 2642 1436 Qua:
2672 1382 2794 1423 cum
2820 1369 3060 1424 venisset
3077 1366 3145 1422 ad
3174 1366 3428 1421 maritum
3449 1379 3612 1420 suum

1977 1460 2141 1519 dixit
2169 1463 2218 1518 ei
2249 1478 2263 1519 :
2295 1461 2388 1517 Vir
2419 1462 2515 1518 Dei
2544 1464 2694 1518 venit
2735 1463 2802 1517 ad
2838 1478 2924 1517 me
2953 1508 2966 1531 ,
3015 1461 3226 1517 habens
3253 1459 3460 1514 vultum
3511 1473 3615 1513 an-

2004 1553 2238 1622 gelicum
2265 1595 2279 1618 ,
2307 1551 2567 1607 terribilis
2597 1551 2781 1607 nimis.
2805 1551 2979 1620 Quem
3007 1565 3130 1606 cum
3161 1550 3610 1620 interrogassem,

2005 1646 2128 1714 quis
2158 1653 2325 1711 esset,
2348 1653 2404 1699 et
2435 1645 2579 1700 unde
2605 1645 2870 1712 venisset,
2899 1653 2956 1700 et
2991 1658 3100 1714 quo
3131 1643 3352 1698 nomine
3377 1655 3613 1697 vocare-

301 1752 697 1822 interpretatur
742 1748 922 1819 Spica.
991 1745 1093 1815 Qui
1151 1745 1520 1815 respondebat
1567 1741 1860 1798 Zibboleth
1884 1782 1898 1807 ,
1931 1762 1981 1824 Β
2007 1748 2117 1809 tur,
2164 1739 2339 1794 noluit
2379 1738 2508 1793 mihi
2558 1738 2744 1794 dicere
2771 1781 2785 1804 ,
2827 1740 2922 1794 sed
2965 1737 3069 1794 hoc
3097 1735 3380 1807 respondit
3414 1752 3429 1792 :
3467 1735 3613 1790 Ecce

303 1845 498 1902 eadem
526 1843 706 1898 littera
753 1843 959 1911 spicam
991 1840 1306 1910 exprimere
1351 1853 1460 1893 non
1506 1836 1732 1902 valens,
1785 1842 1901 1889 sta-

303 1935 515 2004 timque
569 1931 971 2002 apprehensum
1021 1929 1341 2000 jugulabant
1377 1928 1430 1982 in
1485 1928 1603 1997 ipso
1649 1925 1905 1981 Iordanis

307 2025 562 2083 transitu.
589 2025 653 2079 Et
675 2022 991 2080 ceciderunt
1021 2023 1073 2076 in
1124 2021 1218 2075 illo
1251 2029 1497 2088 tempore
1525 2019 1591 2072 de
1639 2016 1902 2086 Ephraim

305 2119 664 2190 quadraginta
689 2115 798 2172 duo
825 2115 1014 2169 millia.
1038 2113 1310 2170 Judicavit
1334 2113 1517 2183 itaque
1545 2109 1780 2181 Jephthe
1798 2109 1906 2166 Ga-

303 2212 538 2272 Iaadites
566 2209 732 2266 Israel
761 2223 858 2264 sex
885 2207 1044 2262 annis
1066 2253 1079 2275 ,
1122 2215 1179 2262 et
1210 2217 1457 2261 mortuus
1485 2213 1570 2260 est
1596 2246 1611 2270 ,
1641 2219 1706 2258 ac
1725 2203 1908 2272 sepul-

308 2315 400 2362 tus
429 2307 482 2362 in
529 2304 752 2360 civitate
783 2318 878 2359 sua
909 2301 1137 2359 Galaad.
1169 2301 1252 2373 [Β.
1285 2300 1425 2364 XIV,
1451 2300 1514 2355 C.
1540 2297 1752 2369 XLIII]
1778 2299 1908 2354 Post

307 2389 459 2456 hunc
504 2397 770 2467 judicavit
823 2395 990 2450 Israel
1042 2393 1259 2449 Abesan
1290 2393 1359 2448 de
1404 2392 1734 2448 Beth-Leem
1770 2409 1781 2444 :
1816 2391 1908 2461 qui

315 2491 513 2548 habuit
559 2489 773 2560 triginta
808 2487 950 2542 ﬁlios
1009 2495 1064 2542 et
1093 2486 1318 2542 totidem
1350 2485 1490 2540 ﬁlias
1514 2525 1528 2550 ,
1585 2500 1721 2555 quas
1751 2483 1913 2539 emit-

314 2595 441 2641 tens
471 2585 618 2639 foras
647 2625 662 2650 ,
693 2581 899 2637 maritis
921 2579 1070 2636 dedit
1095 2621 1112 2646 ,
1139 2589 1195 2635 et
1239 2578 1482 2649 ejusdem
1535 2577 1745 2632 numeri
1787 2575 1909 2631 ﬁliis

317 2677 432 2734 suis
458 2675 668 2747 accepit
696 2688 896 2730 uxores
922 2715 936 2740 ,
992 2672 1343 2727 introducens
1387 2670 1441 2725 in
1477 2669 1698 2725 domum
1731 2685 1906 2724 suam.

314 2773 422 2841 Qui
453 2781 662 2842 septem
687 2767 844 2824 annis
868 2766 1135 2837 judicavit
1169 2765 1356 2820 Israel.
1397 2764 1743 2834 Mortuusque
1789 2769 1908 2832 est,

315 2879 384 2920 ac
409 2863 651 2934 sepultus
683 2861 736 2915 in
775 2859 1130 2916 Beth-Leem.
1164 2856 1247 2930 lC.
1278 2854 1490 2927 XLIV.]
1521 2856 1618 2911 Cui
1648 2856 1914 2912 successit

315 2957 457 3014 Elon
486 2954 837 3010 Zabulonites
866 2970 878 3007 :
919 2962 976 3008 et
1000 2952 1264 3022 judicavit
1291 2951 1458 3007 Israel
1489 2952 1676 3007 decem
1709 2951 1867 3006 annis
1895 2965 1911 3005 :

315 3059 675 3120 mortuusque
702 3057 823 3114 est,
869 3060 934 3102 ac
969 3047 1214 3115 sepultus
1239 3047 1290 3100 in
1315 3044 1575 3099 Zabulon.
1607 3045 1690 3117 [Ο.
1723 3043 1912 3114 XLIV]

2005 1833 2282 1902 concipies
2307 1840 2361 1887 et
2389 1832 2571 1902 paries
2602 1829 2768 1886 ﬁlium
2795 1847 2810 1888 :
2841 1846 2972 1886 cave
3003 1845 3072 1886 ne
3089 1830 3274 1886 vinum
3305 1829 3482 1895 bibas,
3511 1843 3618 1884 nec

2005 1927 2265 1996 siceram,
2304 1935 2359 1982 et
2401 1941 2470 1983 ne
2499 1927 2682 1997 aliquo
2711 1929 2952 1982 vescaris
2979 1925 3259 1981 immundo
3294 1941 3306 1978 :
3338 1924 3441 1980 erit
3465 1923 3617 1979 enim

2006 2036 2141 2093 puer
2159 2020 2446 2076 Nazarteus
2477 2020 2575 2076 Dei
2604 2020 2672 2076 ab
2703 2020 2923 2075 infantia
2953 2034 3045 2075 sua
3071 2060 3088 2086 ,
3121 2028 3175 2074 et
3199 2032 3267 2074 ex
3299 2025 3453 2073 utero
3497 2032 3621 2071 ma-

2011 2114 2115 2168 tris
2140 2128 2308 2183 usque
2329 2113 2396 2168 ad
2429 2113 2572 2169 diem
2601 2113 2795 2168 mortis
2818 2127 2951 2168 suae.
3001 2112 3186 2168 Oravit
3213 2111 3393 2183 itaque
3422 2111 3625 2166 Manue

2008 2207 2295 2262 Dominum
2323 2249 2338 2274 ,
2383 2218 2439 2262 et
2483 2209 2560 2261 ait
2598 2225 2610 2259 :
2659 2207 2931 2274 Obsecro,
2974 2206 3203 2263 Domine
3229 2248 3243 2273 ,
3286 2215 3346 2261 ut
3388 2205 3472 2260 vir
3497 2205 3622 2274 Dei,

2007 2317 2166 2373 quem
2200 2300 2431 2367 misisti,
2465 2301 2644 2356 veniat
2674 2301 2870 2356 iterum
2904 2309 2958 2357 et
2991 2299 3184 2356 doceat
3211 2315 3312 2356 nos
3342 2299 3471 2370 quid
3517 2298 3623 2354 dc-

2009 2393 2232 2449 beamus
2257 2393 2434 2448 facere
2460 2391 2528 2448 de
2556 2408 2752 2463 puero,
2782 2394 2872 2462 qui
2899 2393 3205 2448 nasciturus
3241 2401 3347 2448 est.
3381 2389 3624 2446 Exaudi-

2009 2490 2194 2559 vitque
2239 2487 2496 2543 Dominus
2553 2498 2860 2558 precantem
2892 2488 3106 2553 Manue,
3137 2495 3192 2542 et
3221 2486 3470 2557 apparuit
3499 2501 3626 2540 rur-

2012 2598 2132 2639 sum
2164 2582 2387 2652 angelus
2431 2581 2524 2637 Dei
2567 2581 2722 2637 uxori
2746 2580 2863 2650 ejus
2893 2581 3106 2636 sedenti
3139 2579 3190 2635 in
3219 2595 3372 2651 agro.
3425 2579 3624 2634 Manue

2013 2686 2197 2733 autem
2227 2675 2454 2732 maritus
2483 2676 2601 2746 ejus
2624 2691 2732 2730 non
2757 2684 3019 2731 eratcum
3048 2689 3130 2730 ea.
3156 2673 3288 2742 Quae
3314 2689 3435 2730 cum
3463 2673 3630 2729 vidis-

2013 2781 2096 2827 set
2139 2771 2409 2842 angelum,
2441 2768 2714 2825 festinavit
2758 2777 2812 2824 et
2838 2770 3076 2824 cucurrit
3097 2769 3164 2824 ad
3193 2768 3368 2823 virum
3408 2782 3567 2823 suum
3610 2784 3625 2820 :

2015 2864 2386 2933 nuntiavitque
2419 2864 2512 2929 ei,
2571 2862 2806 2920 dicens:
2856 2863 2996 2919 Ecce
3034 2861 3280 2934 apparuit
3327 2860 3461 2916 mihi
3513 2861 3626 2929 vir,

2023 2975 2183 3030 quem
2225 2970 2349 3014 ante
2374 2957 2640 3014 videram.
2672 2957 2772 3024 Qui
2796 2959 3029 3013 surrexit
3051 2965 3106 3013 et
3133 2966 3352 3013 secutus
3372 2964 3456 3012 est
3486 2970 3628 3011 uxo-

2016 3069 2134 3109 rem
2189 3069 2339 3108 suam
2371 3069 2384 3107 :
2415 3053 2747 3122 veniensque
2795 3053 2861 3108 ad
2891 3052 3065 3109 virum
3092 3097 3106 3121 ,
3137 3053 3274 3108 dixit
3317 3052 3364 3108 ei
3401 3069 3413 3106 :
3443 3049 3526 3106 Tu
3567 3066 3632 3107 es

320 3144 614 3202 Postbunc
641 3141 902 3214 judicavit
933 3139 1099 3195 Israel
1127 3138 1344 3203 Ahdon,
1375 3137 1517 3193 ﬁlius
1546 3137 1740 3202 Helle],
1773 3136 1915 3192 Pha—
1939 3153 1986 3218 ο
2017 3149 2106 3219 qui
2140 3147 2351 3216 ιοςιιωε
2372 3162 2432 3203 es
2457 3147 2715 3202 muneri?
2743 3148 2809 3202 ει
2855 3148 2943 3203 me
2983 3147 3259 3217 τεεροηάίι
3292 3165 3305 3201 ε
3338 3147 3450 3217 Ego
3478 3161 3627 3201 sum,

313 3240 665 3305 rathonites,
724 3235 817 3306 qui
861 3233 1050 3291 habuit
1080 3231 1452 3304 "quadraginta
1486 3232 1664 3299 ﬁlios,
1713 3241 1770 3287 et
1817 3232 1915 3286 tri-

318 3334 470 3404 ginta
497 3348 566 3388 ex
596 3331 678 3388 eis
704 3337 931 3401 nepotes
955 3367 972 3394 ,
1006 3326 1369 3382 ascendentes
1391 3339 1554 3395 super
1577 3325 1916 3396 septuaginta

316 3426 500 3495 pullos
548 3425 852 3489 asinarum,
908 3429 966 3476 et
1013 3418 1281 3489 judicavit
1321 3418 1486 3474 Israel
1540 3429 1664 3474 ocro
1717 3419 1917 3474 annis:

320 3526 682 3584 mortuusque
733 3521 818 3570 est
843 3556 858 3582 ,
917 3526 982 3567 ac
1022 3511 1274 3581 sepultus
1320 3509 1374 3565 in
1411 3509 1722 3565 Pharathon
1758 3519 1918 3566 terra:

322 3608 588 3680 Ephraim
617 3649 632 3675 ,
664 3607 718 3660 in
745 3611 929 3660 monte
958 3603 1200 3658 Amalec.

401 3700 553 3773 ιϐαρ.
577 3697 743 3768 ΧΙΙΙ.]
773 3697 1118 3767 Rursumque
1144 3695 1238 3751 ﬁlii
1261 3695 1426 3752 Israel
1449 3694 1697 3752 fecerunt
1717 3695 1917 3752 malum

402 3893 428 3919 ει
456 3881 698 3937 Primum
743 3891 943 3933 nomen
986 3874 1131 3931 istud
1168 3873 1314 3947 apud
1362 3874 1624 3930 Hebrazos
1669 3873 1928 3932 scribitur

333 3992 431 4048 per
464 3975 623 4040 Shin,
655 3957 866 4035 1151127,
900 3969 1239 4026 Schibboleth
1268 3983 1284 4022 :
1317 3968 1592 4038 posterius
1619 3977 1798 4024 autem
1831 3969 1930 4024 ha-

327 4068 692 4132 betSamech,
720 4050 926 4130 115130,
954 4063 1226 4120 Sibboleth
1269 4080 1286 4116 :
1323 4063 1487 4134 idque
1534 4073 1720 4120 monet
1768 4062 1930 4120 scho-

336 4164 527 4220 Iiastes
578 4167 787 4222 noster,
819 4157 913 4226 qui
963 4155 1249 4210 Hebraeum
1305 4155 1634 4218 elementum
1660 4166 1720 4218 to.
1770 4163 1930 4209 vocat

338 4232 568 4297 Zamac;
599 4230 703 4285 nisi
733 4228 1094 4294 notariorum,
1121 4226 1578 4297 librariorumque
1609 4226 1930 4296 pronuntia-

331 4305 484 4359 tione
515 4288 596 4357 vel
649 4300 921 4367 imperitia
975 4288 1204 4353 Zan'taclt
1237 4296 1369 4351 illud
1421 4288 1639 4352 ﬂuxerit
1668 4314 1764 4366 pro
1821 4296 1926 4352 Sa-
1954 4288 2008 4349 D

334 4376 505 4430 mech.
530 4371 646 4428 Non
666 4373 798 4427 levis
826 4381 912 4424 est
937 4369 1078 4438 apud
1101 4367 1318 4422 criticos
1342 4383 1529 4422 sacros
1547 4370 1927 4423 controversia

335 4447 406 4502 dc
434 4459 570 4500 sono
595 4441 859 4499 Sibboleth
888 4456 984 4510 per
1007 4439 1208 4510 Sintet
1235 4438 1303 4492 de
1343 4442 1534 4495 eodem
1565 4456 1658 4508 per
1682 4439 1958 4496 Samech..

339 4516 568 4583 Quidam
599 4515 789 4569 volunt
835 4509 1084 4583 litteram
1121 4509 1219 4583 Sin
1243 4518 1298 4568 tv
1327 4511 1492 4583 fuisse
1525 4512 1792 4578 prolatam
1821 4520 1879 4564 ut
1906 4527 1930 4564 s

211 4628 220 4638 .
276 4591 280 4593 ’
339 4580 589 4644 nostrum
636 4586 690 4640 in
730 4583 997 4653 principio
1039 4581 1294 4635 dictiOnis
1329 4599 1340 4633 :
1376 4580 1928 4653 Sammechoautem

343 4669 404 4712 ut
435 4674 458 4710 s
484 4660 627 4710 inter
663 4652 796 4709 duas
828 4653 1047 4708 vocales
1074 4669 1143 4716 m,
1183 4661 1457 4719 tamquam
1491 4652 1934 4722 pronuntiaretur

344 4726 613 4783 Zibboleth
644 4742 737 4794 per
766 4742 816 4777 π.
846 4725 977 4792 Quae
1023 4724 1264 4793 profecto
1294 4723 1564 4790 quadrant
1613 4726 1678 4777 ad
1726 4723 1930 4777 scholia

340 4800 581 4854 Canonis
615 4795 893 4851 llebraiea:
923 4794 1187 4855 veritatis,
1219 4795 1294 4846 uti
1339 4797 1682 4863 perSpicuum
1730 4801 1835 4859 est,
1880 4802 1935 4849 et

342 4871 412 4923 ad
443 4868 731 4923 lectionem
774 4868 995 4936 insuper
1027 4865 1230 4936 antiqui
1263 4865 1591 4932 exemplaris
1623 4880 1724 4919 ms.
1751 4865 1801 4920 in
1835 4880 1932 4919 no-

343 4949 458 4994 stra
510 4937 834 4991 bibliotheca
882 4935 1176 4991 ubtinentis
1208 4951 1492 4989 numerum
1524 4937 1589 4994 I'.
1624 4951 1748 4990 nam
1787 4936 1838 4989 in
1867 4950 1934 4991 eo

345 5009 534 5065 codice
564 5005 910 5062 Corbeiensis
970 5005 1285 5060 monasterii
1342 5007 1601 5074 scriptum
1653 5008 1930 5076 legimus:

349 5081 452 5134 Dic
478 5093 623 5149 ergo,
656 5077 946 5149 S_eoboletlt,
970 5077 1106 5147 quod
1132 5077 1500 5149 interpretatur
1535 5079 1697 5148 spica.
1731 5077 1830 5145 Qui
1854 5093 1936 5131 re-

346 5146 632 5221 spondebat
664 5146 1117 5221 Zebbotetlt,etc.
1150 5148 1255 5221 Sic,
1277 5150 1438 5221 etiam
1467 5146 1783 5221 habebatur,
1804 5149 1932 5221 olim

350 5216 410 5277 in
442 5237 543 5273 ms.
578 5220 769 5288 codice
811 5216 1129 5273 Colbertino
1155 5217 1437 5273 Aniciensi
1479 5235 1532 5272 n.
1570 5219 1692 5288 157,
1737 5219 1824 5273 ubi
1865 5221 1934 5274 ab

348 5295 532 5361 aliquo
560 5287 911 5361 emendatore
950 5289 1017 5342 de
1047 5288 1309 5361 Zebbolet
1338 5289 1541 5344 factum
1572 5299 1656 5344 est
1680 5287 1890 5344 Tebolet
1915 5310 1934 5356 ,-

349 5359 802 5432 qnemadmodum
827 5360 1207 5432 superstitibus
1228 5359 1403 5414 adhuc
1430 5361 1738 5416 litterarum
1769 5363 1937 5417 vesti-

348 5429 454 5502 giis
482 5431 793 5502 planissime
821 5429 1245 5484 demonstratur.
1279 5433 1381 5485 Alii
1407 5443 1586 5486 autem
1610 5432 1809 5488 docent
1831 5433 1934 5490 He-

346 5502 1053 5573 brmoruniwprununtiari
1100 5509 1158 5554 ut
1183 5520 1207 5555 ε
1249 5517 1516 5573 crassum,
1543 5504 1688 5571 quod
1723 5505 1934 5573 Ephra-

348 5577 474 5629 tlnni
509 5572 751 5642 proferre
795 5572 1177 5642 nequiverunt,
1209 5571 1303 5627 sed
1346 5573 1467 5628 loco
1514 5577 1631 5642 ejus
1661 5594 1684 5629 δ
1717 5571 1934 5630 acutum

346 5646 717 5715 proferebant,
751 5643 804 5700 id
851 5653 960 5715 est,
989 5642 1474 5715 prodSchibuoleth,
1509 5645 1766 5701 dicebant
1805 5647 1930 5703 Sib-

348 5713 536 5773 boleth.
564 5717 701 5773 Iluic
725 5714 967 5786 Opinioni
1007 5713 1294 5784 suﬁragari
1323 5723 1501 5784 potest
1539 5717 1714 5775 codex
1743 5729 1932 5776 noster

2021 3240 2118 3296 Cui
2144 3241 2366 3296 Manue:
2387 3241 2636 3309 Quando,
2666 3240 2858 3312 inquit,
2886 3255 3067 3297 sermo
3096 3251 3219 3297 tuus
3250 3241 3415 3297 fuerit
3442 3241 3635 3312 exple-

2019 3339 2128 3396 tus,
2160 3331 2287 3402 quid
2310 3333 2390 3387 vis
2417 3342 2475 3388 ut
2506 3332 2666 3388 laciat
2692 3333 2865 3404 puer?
2903 3342 2998 3388 aut
3039 3349 3066 3389 a
3116 3349 3225 3405 quo
3251 3349 3310 3389 se
3333 3333 3633 3391 observare

2019 3424 2560 3496 debebit?Dixitque
2610 3427 2835 3498 angelus
2868 3426 3080 3483 Domini
3136 3428 3203 3483 ad
3258 3428 3494 3485 Manue:
3541 3428 3634 3487 Ab

2021 3517 2295 3583 omnibus,
2349 3533 2468 3589 qum
2516 3518 2730 3574 locutus
2760 3533 2879 3575 sum
2921 3520 3077 3576 uxori
3100 3530 3224 3587 tute,
3255 3519 3632 3591 abstineatse,

2020 3618 2077 3666 et
2107 3609 2366 3679 quidquid
2390 3625 2457 3664 ex
2485 3611 2640 3665 vinea
2669 3611 2934 3679 nascitur,
2969 3628 3076 3667 non
3119 3612 3372 3668 comedat
3406 3613 3634 3669 :vinum

2024 3711 2082 3759 et
2111 3702 2342 3758 siceram
2373 3717 2479 3758 non
2510 3702 2698 3773 bibat,
2743 3704 2891 3761 nullo
2915 3713 3164 3761 vescatur
3193 3704 3472 3762 immundo
3501 3748 3517 3775 ,
3577 3717 3639 3764 et

2031 3876 2094 3932 S.
2124 3875 2472 3959 Germanin.
2495 3877 2701 3959 5,7quia
2735 3886 2968 3959 utroque
2987 3879 3109 3934 loco
3131 3878 3319 3934 scribit
3343 3878 3635 3959 Sibboletlt,

2030 3948 2187 4030 quasi
2217 3948 2530 4030 'dis'crimen
2559 3957 2648 4030 tv,
2704 3957 2761 4004 et
2802 3960 2842 4008 D
2875 3951 3224 4030 Ilebraaorum
3249 3993 3264 4018 ,
3303 3953 3514 4030 nullum
3558 3952 3639 4030 sit

2032 4021 2174 4092 apud
2217 4019 2495 4092 Latinos,_
2517 4028 2876 4092 prmtcrquam
2924 4021 2977 4076 in
3028 4035 3169 4092 sono
3197 4021 3637 4092 pronuntiantis.

2038 4089 2200 4144 Notat
2216 4090 2452 4159 denique
2466 4090 2532 4144 Β.
2553 4089 2718 4145 David
2736 4091 2915 4145 Kitnhi
2940 4091 3129 4148 eodem
3155 4089 3286 4148 vitio
3310 4093 3638 4159 Ephratteos

2031 4161 2332 4219 laborasse.
2356 4175 2464 4230 quo
2485 4162 2734 4217 laborant
2755 4161 2890 4218 Galli
2919 4179 3029 4217 non
3055 4163 3299 4219 valentes
3327 4180 3522 4219 50nare
3547 4165 3642 4219 lit-

2032 4239 2204 4286 teram
2239 4232 2437 4296 Scltim,
2469 4232 2566 4287 sed
2594 4248 2711 4287 eam
2746 4232 3033 4289 eﬁ'erentes
3078 4249 3142 4289 ac
3187 4235 3234 4289 si
3277 4245 3421 4290 esset
3475 4234 3637 4290 Thau

2034 4302 2348 4377 raphatum,
2383 4303 2527 4373 quod
2560 4318 2902 4377 verum_es_se
2941 4320 3104 4360 nemo
3145 4321 3253 4360 non
3287 4306 3510 4373 dixerit,
3538 4310 3638 4377 qui

2037 4375 2290 4448 consulet
2320 4389 2452 4448 mss.
2474 4374 2700 4448 codices
2743 4375 3000 4439 Βιὺιίοοε,
3032 4377 3256 4448 Regium
3307 4377 3468 4441 5565.
3502 4374 3638 4433 Gol-

2033 4445 2304 4518 bertinum
2321 4445 2843 4518 ISI.Corbeien§em
2860 4448 2946 4514 I0,
2968 4449 3026 4504 S.
3039 4445 3295 4504 Germani
3311 4449 3343 4503 5
3357 4460 3411 4503 et
3424 4449 3476 4513 7,
3495 4464 3642 4518 pra:-

2033 4517 2212 4588 cipue_
2212 4532 2339 4588 vero
2360 4515 2490 4588 Itis.
2517 4518 2568 4570 in
2597 4533 2706 4587 quo
2725 4516 2877 4572 Thau
2903 4522 3185 4588 raphatum
3218 4515 3513 4587 reperitur,
3530 4519 3640 4576 hoc

2033 4596 2136 4658 est,
2171 4585 2480 4658 Thgboieth,
2513 4585 2630 4658 pro'
2651 4585 3063 4652 Sibboleth—vel
3113 4585 3399 4644 Zibboleth.
3430 4590 3640 4646 Ceteri

2033 4657 2219 4730 legunt
2243 4655 2540 4726 Tebboletli,
2571 4668 2804 4729 tnempe
2832 4675 2929 4730 pro
2971 4661 3198 4716 Hebraeo
3220 4673 3260 4722 ο
3291 4662 3535 4718 Sameclt.
3563 4662 3642 4718 At

2035 4728 2102 4810 de
2141 4729 2535 4810 lii-selementis
2564 4745 2627 4786 ac
2654 4728 2961 4810 prolatione
2997 4747 3186 4810 eorum
3216 4733 3522 4810 audiendus
3549 4743 3643 4789 est

2043 4799 2162 4880 ipse
2187 4799 2569 4868 Hieronymus,
2601 4799 2689 4870 qui
2737 4803 2881 4880 libro
2921 4804 3640 4880 nominum__Hebraicorum

2036 4868 2274 4951 litteram
2299 4889 2336 4951 .s~
2355 4886 2461 4951 non
2492 4868 2841 4951 praetermisit
2867 4875 3124 4951 intactam
3152 4891 3166 4927 :
3194 4875 3313 4951 {Ioc
3333 4892 3482 4951 nunc
3501 4891 3642 4951 quo:

2034 4942 2387 5017 que,_i_nquit,
2416 4945 2469 5017 in
2501 4959 2525 4994 s
2553 4943 2724 4998 littera
2767 4945 3034 4999 sciendum
3065 4953 3157 4999 est.
3192 4946 3462 5015 Siquidem
3495 4942 3644 5017 apud

2036 5027 2121 5088 eos
2147 5011 2458 5088 (Hebrrcos)
2490 5021 2590 5088 tres
2619 5029 2652 5088 is
2694 5025 2814 5088 sunt
2840 5017 3031 5088 Aliuera
3064 5031 3083 5072 :
3111 5033 3215 5070 una
3267 5011 3388 5088 qua:
3436 5011 3641 5072 dicitur

2036 5080 2294 5159 Samech,
2327 5084 2705 5159 etsimpliciter
2748 5085 2958 5159 legitur,
2987 5088 3133 5159 quasi
3160 5105 3253 5156 per
3283 5080 3519 5143 nostram
3543 5090 3643 5143 lit-

2035 5161 2200 5234 terarii
2221 5153 2560 5234 describatur.
2592 5155 2712 5210 Alia
2740 5153 2847 5234 sin,
2947 5153 3055 5234 qua
3075 5153 3266 5234 stridor
3291 5161 3513 5231 quidam
3534 5176 3644 5214 non

2037 5227 2201 5278 nostri
2227 5227 2480 5300 sermonis
2499 5227 2840 5300 interstrepit.
2874 5227 3050 5300 Tertia
3077 5231 3231 5297 sade,
3250 5227 3410 5300 qnam
3439 5241 3644 5288 nostra:

2037 5311 2191 5377 aures
2239 5296 2445 5377 penitus
2476 5298 2833 5377 reformidant.
2869 5298 3005 5377 Hinc
3052 5296 3224 5377 liquet
3263 5296 3488 5357 Samech
3524 5303 3638 5377 IIe-

2037 5366 2307 5449 brazorutn
2337 5366 2660 5449 sirnpliCiter
2703 5385 2799 5449 per
2826 5388 2851 5425 δ
2873 5372 3066 5449 _si_ve_z
3109 5366 3282 5449 Tuisse
3312 5375 3641 5449 pronuntia-

2041 5445 2153 5490 tum
2184 5454 2199 5492 :
2229 5442 2306 5491 sin
2339 5447 2518 5492 autem
2552 5444 2838 5500 quemdam
2873 5442 3123 5499 habuisse
3153 5446 3445 5500 stridorem
3488 5446 3637 5502 alie-

2038 5523 2166 5563 num
2194 5523 2256 5562 ac
2286 5507 2496 5564 Latinis
2528 5511 2823 5567 insuetum.
2854 5513 3031 5570 Man'r.

2107 5609 2187 5662 —.
2203 5580 2500 5662 Prtel'erunt
2521 5587 2697 5662 nostri
2714 5599 2844 5662 mss.
2876 5589 3305 5662 pari_consensu,
3331 5587 3635 5662 Sekboleth.

2036 5649 2384 5733 Martianzeus
2408 5651 2659 5733 de_varia_
2683 5654 2841 5733 hujus
2876 5649 3041 5714 'vocis
3089 5649 3533 5731 pronuntiatione
3580 5671 3643 5718 et

2028 5722 2300 5794 scriptura
2333 5722 2578 5794 pluribus
2607 5722 2848 5783 disserit.
