  <div class='ocr_page' id='page_1' title='image "/cluster/home/n/w/nwhite01/storage/ocr_20150623/28/hvd.32044015471410/270.png"; bbox 0 0 4098 6366; ppageno 0'>
   <div class='ocr_carea' id='block_1_1' title="bbox 397 328 500 389">
    <p class='ocr_par' dir='ltr' id='par_1_1' title="bbox 397 328 500 389">
     <span class='ocr_line' id='line_1_1' title="bbox 397 328 500 389; baseline 0.058 -6"><span class='ocrx_word' id='word_1_1' title='bbox 397 328 500 389; x_wconf 73' lang='grc'><strong>529</strong></span> 
     </span>
    </p>
   </div>
   <div class='ocr_carea' id='block_1_2' title="bbox 1739 331 2305 391">
    <p class='ocr_par' dir='ltr' id='par_1_2' title="bbox 1739 331 2305 391">
     <span class='ocr_line' id='line_1_2' title="bbox 1739 331 2305 391; baseline 0.007 -4"><span class='ocrx_word' id='word_1_2' title='bbox 1739 331 1948 388; x_wconf 81' lang='lat' dir='ltr'><strong>LIBER</strong></span> <span class='ocrx_word' id='word_1_3' title='bbox 1986 332 2305 391; x_wconf 84' lang='lat' dir='ltr'><strong>JUDICUM.</strong></span> 
     </span>
    </p>
   </div>
   <div class='ocr_carea' id='block_1_3' title="bbox 3583 340 3692 398">
    <p class='ocr_par' dir='ltr' id='par_1_3' title="bbox 3583 340 3692 398">
     <span class='ocr_line' id='line_1_3' title="bbox 3583 340 3692 398; baseline 0 -1"><span class='ocrx_word' id='word_1_4' title='bbox 3583 340 3692 398; x_wconf 75' lang='lat'><strong>550</strong></span> 
     </span>
    </p>
   </div>
   <div class='ocr_carea' id='block_1_4' title="bbox 392 449 3693 527">
    <p class='ocr_par' dir='ltr' id='par_1_4' title="bbox 392 449 3693 527">
     <span class='ocr_line' id='line_1_4' title="bbox 392 449 3693 527; baseline 0.002 -22"><span class='ocrx_word' id='word_1_5' title='bbox 392 449 536 521; x_wconf 91' lang='lat' dir='ltr'><strong>quod</strong></span> <span class='ocrx_word' id='word_1_6' title='bbox 577 450 629 507; x_wconf 92' lang='lat' dir='ltr'><strong>ei</strong></span> <span class='ocrx_word' id='word_1_7' title='bbox 660 451 928 523; x_wconf 67' lang='lat' dir='ltr'><strong>praecepi,</strong></span> <span class='ocrx_word' id='word_1_8' title='bbox 963 452 1181 524; x_wconf 99' lang='lat' dir='ltr'><strong>impleat</strong></span> <span class='ocrx_word' id='word_1_9' title='bbox 1210 460 1371 524; x_wconf 84' lang='lat' dir='ltr'><strong>alque</strong></span> <span class='ocrx_word' id='word_1_10' title='bbox 1411 450 1696 507; x_wconf 81' lang='lat' dir='ltr'><strong>custodiat.</strong></span> <span class='ocrx_word' id='word_1_11' title='bbox 1740 449 1991 522; x_wconf 86' lang='lat' dir='ltr'><strong>Dixitque</strong></span> <span class='ocrx_word' id='word_1_12' title='bbox 2018 452 2073 513; x_wconf 81' lang='grc' dir='ltr'>Α</span> <span class='ocrx_word' id='word_1_13' title='bbox 2098 460 2234 507; x_wconf 88' lang='lat' dir='ltr'><strong>trem</strong></span> <span class='ocrx_word' id='word_1_14' title='bbox 2262 467 2419 509; x_wconf 90' lang='lat' dir='ltr'><strong>suum</strong></span> <span class='ocrx_word' id='word_1_15' title='bbox 2458 462 2514 510; x_wconf 89' lang='lat' dir='ltr'><strong>et</strong></span> <span class='ocrx_word' id='word_1_16' title='bbox 2545 462 2796 523; x_wconf 83' lang='lat' dir='ltr'><strong>matrem,</strong></span> <span class='ocrx_word' id='word_1_17' title='bbox 2829 453 2980 509; x_wconf 86' lang='lat' dir='ltr'><strong>dedit</strong></span> <span class='ocrx_word' id='word_1_18' title='bbox 3008 454 3087 511; x_wconf 92' lang='lat' dir='ltr'><strong>eis</strong></span> <span class='ocrx_word' id='word_1_19' title='bbox 3118 463 3362 525; x_wconf 88' lang='lat' dir='ltr'><strong>partem,</strong></span> <span class='ocrx_word' id='word_1_20' title='bbox 3386 456 3476 526; x_wconf 89' lang='lat' dir='ltr'><strong>qui</strong></span> <span class='ocrx_word' id='word_1_21' title='bbox 3505 463 3560 511; x_wconf 87' lang='lat' dir='ltr'><strong>et</strong></span> <span class='ocrx_word' id='word_1_22' title='bbox 3584 455 3693 527; x_wconf 82' lang='lat' dir='ltr'><strong>ipsi</strong></span> 
     </span>
    </p>
   </div>
   <div class='ocr_carea' id='block_1_5' title="bbox 393 541 1993 615">
    <p class='ocr_par' dir='ltr' id='par_1_5' title="bbox 393 541 1993 615">
     <span class='ocr_line' id='line_1_5' title="bbox 393 541 1993 615; baseline -0.001 -16"><span class='ocrx_word' id='word_1_23' title='bbox 393 541 591 599; x_wconf 86' lang='lat' dir='ltr'><strong>Manue</strong></span> <span class='ocrx_word' id='word_1_24' title='bbox 620 544 688 599; x_wconf 92' lang='lat' dir='ltr'><strong>ad</strong></span> <span class='ocrx_word' id='word_1_25' title='bbox 715 546 968 615; x_wconf 78' lang='lat' dir='ltr'><strong>angelum</strong></span> <span class='ocrx_word' id='word_1_26' title='bbox 995 545 1206 601; x_wconf 86' lang='lat' dir='ltr'><strong>Domini</strong></span> <span class='ocrx_word' id='word_1_27' title='bbox 1242 562 1255 599; x_wconf 91' lang='lat'><strong>:</strong></span> <span class='ocrx_word' id='word_1_28' title='bbox 1297 544 1535 601; x_wconf 85' lang='lat' dir='ltr'><strong>Obsecro</strong></span> <span class='ocrx_word' id='word_1_29' title='bbox 1578 553 1650 610; x_wconf 91' lang='lat' dir='ltr'><strong>te,</strong></span> <span class='ocrx_word' id='word_1_30' title='bbox 1674 550 1736 597; x_wconf 92' lang='lat' dir='ltr'><strong>ut</strong></span> <span class='ocrx_word' id='word_1_31' title='bbox 1775 544 1993 614; x_wconf 88' lang='lat' dir='ltr'><strong>acquie-</strong></span> 
     </span>
    </p>
   </div>
   <div class='ocr_carea' id='block_1_6' title="bbox 394 635 1993 707">
    <p class='ocr_par' dir='ltr' id='par_1_6' title="bbox 394 635 1993 707">
     <span class='ocr_line' id='line_1_6' title="bbox 394 635 1993 707; baseline 0.001 -17"><span class='ocrx_word' id='word_1_32' title='bbox 394 648 515 690; x_wconf 83' lang='lat' dir='ltr'><strong>scas</strong></span> <span class='ocrx_word' id='word_1_33' title='bbox 562 637 818 707; x_wconf 86' lang='lat' dir='ltr'><strong>precibus</strong></span> <span class='ocrx_word' id='word_1_34' title='bbox 875 638 1011 693; x_wconf 90' lang='lat' dir='ltr'><strong>meis</strong></span> <span class='ocrx_word' id='word_1_35' title='bbox 1042 680 1057 704; x_wconf 93' lang='lat'><strong>,</strong></span> <span class='ocrx_word' id='word_1_36' title='bbox 1117 646 1173 694; x_wconf 89' lang='lat' dir='ltr'><strong>et</strong></span> <span class='ocrx_word' id='word_1_37' title='bbox 1214 638 1474 694; x_wconf 81' lang='lat' dir='ltr'><strong>faciamus</strong></span> <span class='ocrx_word' id='word_1_38' title='bbox 1526 636 1621 693; x_wconf 90' lang='lat' dir='ltr'><strong>tibi</strong></span> <span class='ocrx_word' id='word_1_39' title='bbox 1660 635 1877 693; x_wconf 69' lang='lat' dir='ltr'><strong>haadum</strong></span> <span class='ocrx_word' id='word_1_40' title='bbox 1926 636 1993 692; x_wconf 90' lang='lat' dir='ltr'><strong>de</strong></span> 
     </span>
    </p>
   </div>
   <div class='ocr_carea' id='block_1_7' title="bbox 393 726 1993 801">
    <p class='ocr_par' dir='ltr' id='par_1_7' title="bbox 393 726 1993 801">
     <span class='ocr_line' id='line_1_7' title="bbox 393 726 1993 801; baseline 0.001 -19"><span class='ocrx_word' id='word_1_41' title='bbox 393 726 595 797; x_wconf 83' lang='lat' dir='ltr'><strong>capris.</strong></span> <span class='ocrx_word' id='word_1_42' title='bbox 615 726 714 785; x_wconf 82' lang='lat' dir='ltr'><strong>Cui</strong></span> <span class='ocrx_word' id='word_1_43' title='bbox 742 730 1024 801; x_wconf 83' lang='lat' dir='ltr'><strong>respondit</strong></span> <span class='ocrx_word' id='word_1_44' title='bbox 1048 731 1286 801; x_wconf 82' lang='lat' dir='ltr'><strong>Angelus</strong></span> <span class='ocrx_word' id='word_1_45' title='bbox 1314 749 1325 785; x_wconf 95' lang='lat'>:</span> <span class='ocrx_word' id='word_1_46' title='bbox 1353 731 1406 787; x_wconf 91' lang='lat' dir='ltr'><strong>Si</strong></span> <span class='ocrx_word' id='word_1_47' title='bbox 1439 744 1527 787; x_wconf 91' lang='lat' dir='ltr'><strong>me</strong></span> <span class='ocrx_word' id='word_1_48' title='bbox 1556 731 1727 801; x_wconf 90' lang='lat' dir='ltr'><strong>cogis,</strong></span> <span class='ocrx_word' id='word_1_49' title='bbox 1762 745 1867 784; x_wconf 93' lang='lat' dir='ltr'><strong>non</strong></span> <span class='ocrx_word' id='word_1_50' title='bbox 1897 743 1993 784; x_wconf 88' lang='lat' dir='ltr'><strong>co-</strong></span> 
     </span>
    </p>
   </div>
   <div class='ocr_carea' id='block_1_8' title="bbox 394 820 1995 892">
    <p class='ocr_par' dir='ltr' id='par_1_8' title="bbox 394 820 1995 892">
     <span class='ocr_line' id='line_1_8' title="bbox 394 820 1995 892; baseline 0.001 -17"><span class='ocrx_word' id='word_1_51' title='bbox 394 820 609 876; x_wconf 89' lang='lat' dir='ltr'><strong>medam</strong></span> <span class='ocrx_word' id='word_1_52' title='bbox 650 837 819 892; x_wconf 92' lang='lat' dir='ltr'><strong>panes</strong></span> <span class='ocrx_word' id='word_1_53' title='bbox 854 831 976 879; x_wconf 89' lang='lat' dir='ltr'><strong>tuos</strong></span> <span class='ocrx_word' id='word_1_54' title='bbox 1018 841 1031 878; x_wconf 92' lang='lat'><strong>:</strong></span> <span class='ocrx_word' id='word_1_55' title='bbox 1061 824 1144 879; x_wconf 92' lang='lat' dir='ltr'><strong>sin</strong></span> <span class='ocrx_word' id='word_1_56' title='bbox 1181 831 1365 880; x_wconf 89' lang='lat' dir='ltr'><strong>autem</strong></span> <span class='ocrx_word' id='word_1_57' title='bbox 1387 824 1469 880; x_wconf 90' lang='lat' dir='ltr'><strong>vis</strong></span> <span class='ocrx_word' id='word_1_58' title='bbox 1510 822 1880 879; x_wconf 85' lang='lat' dir='ltr'><strong>holocaustum</strong></span> <span class='ocrx_word' id='word_1_59' title='bbox 1913 822 1995 877; x_wconf 88' lang='lat' dir='ltr'><strong>fa-</strong></span> 
     </span>
    </p>
   </div>
   <div class='ocr_carea' id='block_1_9' title="bbox 392 914 1995 986">
    <p class='ocr_par' dir='ltr' id='par_1_9' title="bbox 392 914 1995 986">
     <span class='ocr_line' id='line_1_9' title="bbox 392 914 1995 986; baseline 0 -16"><span class='ocrx_word' id='word_1_60' title='bbox 392 929 541 981; x_wconf 88' lang='lat' dir='ltr'><strong>cere,</strong></span> <span class='ocrx_word' id='word_1_61' title='bbox 599 915 734 971; x_wconf 77' lang='lat' dir='ltr'><strong>offer</strong></span> <span class='ocrx_word' id='word_1_62' title='bbox 784 916 916 973; x_wconf 90' lang='lat' dir='ltr'><strong>illud</strong></span> <span class='ocrx_word' id='word_1_63' title='bbox 946 916 1196 974; x_wconf 90' lang='lat' dir='ltr'><strong>Domino.</strong></span> <span class='ocrx_word' id='word_1_64' title='bbox 1244 917 1313 972; x_wconf 89' lang='lat' dir='ltr'><strong>Et</strong></span> <span class='ocrx_word' id='word_1_65' title='bbox 1342 916 1825 973; x_wconf 85' lang='lat' dir='ltr'><strong>nesciebatManue</strong></span> <span class='ocrx_word' id='word_1_66' title='bbox 1851 914 1995 986; x_wconf 92' lang='lat' dir='ltr'><strong>quod</strong></span> 
     </span>
    </p>
   </div>
   <div class='ocr_carea' id='block_1_10' title="bbox 391 1008 1994 1081">
    <p class='ocr_par' dir='ltr' id='par_1_10' title="bbox 391 1008 1994 1081">
     <span class='ocr_line' id='line_1_10' title="bbox 391 1008 1994 1081; baseline 0.001 -20"><span class='ocrx_word' id='word_1_67' title='bbox 391 1009 619 1079; x_wconf 86' lang='lat' dir='ltr'><strong>angelus</strong></span> <span class='ocrx_word' id='word_1_68' title='bbox 644 1009 857 1065; x_wconf 90' lang='lat' dir='ltr'><strong>Domini</strong></span> <span class='ocrx_word' id='word_1_69' title='bbox 896 1018 1062 1066; x_wconf 87' lang='lat' dir='ltr'><strong>esset.</strong></span> <span class='ocrx_word' id='word_1_70' title='bbox 1120 1009 1369 1081; x_wconf 84' lang='lat' dir='ltr'><strong>Dixitque</strong></span> <span class='ocrx_word' id='word_1_71' title='bbox 1420 1010 1488 1065; x_wconf 90' lang='lat' dir='ltr'><strong>ad</strong></span> <span class='ocrx_word' id='word_1_72' title='bbox 1540 1025 1662 1065; x_wconf 91' lang='lat' dir='ltr'><strong>eum</strong></span> <span class='ocrx_word' id='word_1_73' title='bbox 1690 1008 1877 1076; x_wconf 86' lang='lat' dir='ltr'><strong>:Quod</strong></span> <span class='ocrx_word' id='word_1_74' title='bbox 1913 1015 1994 1063; x_wconf 89' lang='lat' dir='ltr'><strong>est</strong></span> 
     </span>
    </p>
   </div>
   <div class='ocr_carea' id='block_1_11' title="bbox 391 1102 1995 1174">
    <p class='ocr_par' dir='ltr' id='par_1_11' title="bbox 391 1102 1995 1174">
     <span class='ocr_line' id='line_1_11' title="bbox 391 1102 1995 1174; baseline -0.001 -17"><span class='ocrx_word' id='word_1_75' title='bbox 391 1102 490 1158; x_wconf 91' lang='lat' dir='ltr'><strong>tibi</strong></span> <span class='ocrx_word' id='word_1_76' title='bbox 515 1117 738 1169; x_wconf 89' lang='lat' dir='ltr'><strong>nomen,</strong></span> <span class='ocrx_word' id='word_1_77' title='bbox 771 1113 851 1172; x_wconf 92' lang='lat' dir='ltr'><strong>ut,</strong></span> <span class='ocrx_word' id='word_1_78' title='bbox 897 1105 941 1159; x_wconf 89' lang='lat' dir='ltr'><strong>si</strong></span> <span class='ocrx_word' id='word_1_79' title='bbox 972 1119 1151 1159; x_wconf 85' lang='lat' dir='ltr'><strong>sermo</strong></span> <span class='ocrx_word' id='word_1_80' title='bbox 1175 1113 1297 1158; x_wconf 92' lang='lat' dir='ltr'><strong>tuus</strong></span> <span class='ocrx_word' id='word_1_81' title='bbox 1326 1103 1487 1159; x_wconf 91' lang='lat' dir='ltr'><strong>fuerit</strong></span> <span class='ocrx_word' id='word_1_82' title='bbox 1509 1104 1753 1174; x_wconf 86' lang='lat' dir='ltr'><strong>expletus</strong></span> <span class='ocrx_word' id='word_1_83' title='bbox 1775 1145 1788 1169; x_wconf 90' lang='lat'><strong>,</strong></span> <span class='ocrx_word' id='word_1_84' title='bbox 1822 1102 1995 1156; x_wconf 80' lang='lat' dir='ltr'><strong>Itono-</strong></span> 
     </span>
    </p>
   </div>
   <div class='ocr_carea' id='block_1_12' title="bbox 389 1194 1992 1266">
    <p class='ocr_par' dir='ltr' id='par_1_12' title="bbox 389 1194 1992 1266">
     <span class='ocr_line' id='line_1_12' title="bbox 389 1194 1992 1266; baseline -0.002 -14"><span class='ocrx_word' id='word_1_85' title='bbox 389 1210 576 1252; x_wconf 90' lang='lat' dir='ltr'><strong>remus</strong></span> <span class='ocrx_word' id='word_1_86' title='bbox 607 1194 827 1252; x_wconf 83' lang='lat' dir='ltr'><strong>te?Cui</strong></span> <span class='ocrx_word' id='word_1_87' title='bbox 880 1196 973 1252; x_wconf 88' lang='lat' dir='ltr'><strong>ille</strong></span> <span class='ocrx_word' id='word_1_88' title='bbox 1020 1196 1339 1266; x_wconf 84' lang='lat' dir='ltr'><strong>reSpondit:</strong></span> <span class='ocrx_word' id='word_1_89' title='bbox 1391 1197 1499 1251; x_wconf 89' lang='lat' dir='ltr'><strong>Cur</strong></span> <span class='ocrx_word' id='word_1_90' title='bbox 1542 1196 1741 1266; x_wconf 81' lang='lat' dir='ltr'><strong>quaeris</strong></span> <span class='ocrx_word' id='word_1_91' title='bbox 1796 1211 1992 1249; x_wconf 90' lang='lat' dir='ltr'><strong>nomen</strong></span> 
     </span>
    </p>
   </div>
   <div class='ocr_carea' id='block_1_13' title="bbox 388 1288 1995 1362">
    <p class='ocr_par' dir='ltr' id='par_1_13' title="bbox 388 1288 1995 1362">
     <span class='ocr_line' id='line_1_13' title="bbox 388 1288 1995 1362; baseline -0.002 -15"><span class='ocrx_word' id='word_1_92' title='bbox 388 1306 597 1359; x_wconf 89' lang='lat' dir='ltr'><strong>meum,</strong></span> <span class='ocrx_word' id='word_1_93' title='bbox 623 1290 769 1362; x_wconf 90' lang='lat' dir='ltr'><strong>quod</strong></span> <span class='ocrx_word' id='word_1_94' title='bbox 814 1299 899 1346; x_wconf 88' lang='lat' dir='ltr'><strong>est</strong></span> <span class='ocrx_word' id='word_1_95' title='bbox 944 1289 1239 1346; x_wconf 87' lang='lat' dir='ltr'><strong>mirabile?</strong></span> <span class='ocrx_word' id='word_1_96' title='bbox 1267 1289 1415 1345; x_wconf 89' lang='lat' dir='ltr'><strong>Tulit</strong></span> <span class='ocrx_word' id='word_1_97' title='bbox 1445 1291 1625 1361; x_wconf 87' lang='lat' dir='ltr'><strong>itaque</strong></span> <span class='ocrx_word' id='word_1_98' title='bbox 1654 1288 1848 1344; x_wconf 89' lang='lat' dir='ltr'><strong>Manue</strong></span> <span class='ocrx_word' id='word_1_99' title='bbox 1879 1288 1995 1343; x_wconf 88' lang='lat' dir='ltr'><strong>hae-</strong></span> 
     </span>
    </p>
   </div>
   <div class='ocr_carea' id='block_1_14' title="bbox 385 1382 1986 1453">
    <p class='ocr_par' dir='ltr' id='par_1_14' title="bbox 385 1382 1986 1453">
     <span class='ocr_line' id='line_1_14' title="bbox 385 1382 1986 1453; baseline -0.002 -15"><span class='ocrx_word' id='word_1_100' title='bbox 385 1382 512 1438; x_wconf 92' lang='lat' dir='ltr'><strong>dum</strong></span> <span class='ocrx_word' id='word_1_101' title='bbox 536 1382 605 1439; x_wconf 93' lang='lat' dir='ltr'><strong>de</strong></span> <span class='ocrx_word' id='word_1_102' title='bbox 624 1383 824 1453; x_wconf 91' lang='lat' dir='ltr'><strong>capris,</strong></span> <span class='ocrx_word' id='word_1_103' title='bbox 857 1391 913 1438; x_wconf 91' lang='lat' dir='ltr'><strong>et</strong></span> <span class='ocrx_word' id='word_1_104' title='bbox 938 1382 1259 1450; x_wconf 83' lang='lat' dir='ltr'><strong>libamenta,</strong></span> <span class='ocrx_word' id='word_1_105' title='bbox 1286 1393 1341 1439; x_wconf 91' lang='lat' dir='ltr'><strong>et</strong></span> <span class='ocrx_word' id='word_1_106' title='bbox 1366 1383 1544 1453; x_wconf 86' lang='lat' dir='ltr'><strong>posuit</strong></span> <span class='ocrx_word' id='word_1_107' title='bbox 1565 1398 1731 1453; x_wconf 87' lang='lat' dir='ltr'><strong>super</strong></span> <span class='ocrx_word' id='word_1_108' title='bbox 1752 1389 1986 1453; x_wconf 88' lang='lat' dir='ltr'><strong>petram,</strong></span> 
     </span>
    </p>
   </div>
   <div class='ocr_carea' id='block_1_15' title="bbox 388 1475 1994 1547">
    <p class='ocr_par' dir='ltr' id='par_1_15' title="bbox 388 1475 1994 1547">
     <span class='ocr_line' id='line_1_15' title="bbox 388 1475 1994 1547; baseline -0.002 -16"><span class='ocrx_word' id='word_1_109' title='bbox 388 1475 626 1533; x_wconf 81' lang='lat' dir='ltr'><strong>oﬂ‘erens</strong></span> <span class='ocrx_word' id='word_1_110' title='bbox 666 1477 919 1545; x_wconf 90' lang='lat' dir='ltr'><strong>Domino,</strong></span> <span class='ocrx_word' id='word_1_111' title='bbox 947 1477 1039 1547; x_wconf 87' lang='lat' dir='ltr'><strong>qui</strong></span> <span class='ocrx_word' id='word_1_112' title='bbox 1063 1477 1189 1531; x_wconf 88' lang='lat' dir='ltr'><strong>facit</strong></span> <span class='ocrx_word' id='word_1_113' title='bbox 1213 1476 1479 1531; x_wconf 83' lang='lat' dir='ltr'><strong>mirabilia</strong></span> <span class='ocrx_word' id='word_1_114' title='bbox 1512 1492 1528 1542; x_wconf 92' lang='lat'><strong>;</strong></span> <span class='ocrx_word' id='word_1_115' title='bbox 1577 1477 1691 1546; x_wconf 92' lang='lat' dir='ltr'><strong>ipse</strong></span> <span class='ocrx_word' id='word_1_116' title='bbox 1726 1483 1904 1529; x_wconf 89' lang='lat' dir='ltr'><strong>autem</strong></span> <span class='ocrx_word' id='word_1_117' title='bbox 1937 1482 1994 1529; x_wconf 90' lang='lat' dir='ltr'><strong>et</strong></span> 
     </span>
    </p>
   </div>
   <div class='ocr_carea' id='block_1_16' title="bbox 392 1566 1993 1641">
    <p class='ocr_par' dir='ltr' id='par_1_16' title="bbox 392 1566 1993 1641">
     <span class='ocr_line' id='line_1_16' title="bbox 392 1566 1993 1641; baseline -0.003 -16"><span class='ocrx_word' id='word_1_118' title='bbox 392 1584 528 1625; x_wconf 82' lang='lat' dir='ltr'><strong>uxor</strong></span> <span class='ocrx_word' id='word_1_119' title='bbox 557 1569 673 1641; x_wconf 88' lang='lat' dir='ltr'><strong>ejus</strong></span> <span class='ocrx_word' id='word_1_120' title='bbox 699 1569 1068 1626; x_wconf 90' lang='lat' dir='ltr'><strong>intuebantur.</strong></span> <span class='ocrx_word' id='word_1_121' title='bbox 1108 1567 1352 1641; x_wconf 87' lang='lat' dir='ltr'><strong>Cumque</strong></span> <span class='ocrx_word' id='word_1_122' title='bbox 1392 1568 1719 1625; x_wconf 88' lang='lat' dir='ltr'><strong>ascenderet</strong></span> <span class='ocrx_word' id='word_1_123' title='bbox 1772 1566 1993 1621; x_wconf 85' lang='lat' dir='ltr'><strong>ﬂamma</strong></span> 
     </span>
    </p>
   </div>
   <div class='ocr_carea' id='block_1_17' title="bbox 390 1661 1993 1736">
    <p class='ocr_par' dir='ltr' id='par_1_17' title="bbox 390 1661 1993 1736">
     <span class='ocr_line' id='line_1_17' title="bbox 390 1661 1993 1736; baseline -0.002 -17"><span class='ocrx_word' id='word_1_124' title='bbox 390 1664 584 1721; x_wconf 89' lang='lat' dir='ltr'><strong>altaris</strong></span> <span class='ocrx_word' id='word_1_125' title='bbox 614 1665 667 1720; x_wconf 94' lang='lat' dir='ltr'><strong>in</strong></span> <span class='ocrx_word' id='word_1_126' title='bbox 690 1665 887 1721; x_wconf 70' lang='lat' dir='ltr'><strong>cmlum</strong></span> <span class='ocrx_word' id='word_1_127' title='bbox 919 1706 934 1732; x_wconf 95' lang='lat'><strong>,</strong></span> <span class='ocrx_word' id='word_1_128' title='bbox 965 1666 1189 1736; x_wconf 80' lang='lat' dir='ltr'><strong>angelus</strong></span> <span class='ocrx_word' id='word_1_129' title='bbox 1216 1664 1429 1719; x_wconf 90' lang='lat' dir='ltr'><strong>Domini</strong></span> <span class='ocrx_word' id='word_1_130' title='bbox 1463 1664 1516 1719; x_wconf 92' lang='lat' dir='ltr'><strong>in</strong></span> <span class='ocrx_word' id='word_1_131' title='bbox 1548 1662 1762 1718; x_wconf 84' lang='lat' dir='ltr'><strong>flamma</strong></span> <span class='ocrx_word' id='word_1_132' title='bbox 1788 1661 1993 1734; x_wconf 91' lang='lat' dir='ltr'><strong>pariter</strong></span> 
     </span>
    </p>
   </div>
   <div class='ocr_carea' id='block_1_18' title="bbox 388 1755 1987 1826">
    <p class='ocr_par' dir='ltr' id='par_1_18' title="bbox 388 1755 1987 1826">
     <span class='ocr_line' id='line_1_18' title="bbox 388 1755 1987 1826; baseline -0.004 -11"><span class='ocrx_word' id='word_1_133' title='bbox 388 1756 654 1815; x_wconf 84' lang='lat' dir='ltr'><strong>ascendit.</strong></span> <span class='ocrx_word' id='word_1_134' title='bbox 697 1757 851 1826; x_wconf 83' lang='lat' dir='ltr'><strong>Quod</strong></span> <span class='ocrx_word' id='word_1_135' title='bbox 885 1772 1008 1813; x_wconf 90' lang='lat' dir='ltr'><strong>cum</strong></span> <span class='ocrx_word' id='word_1_136' title='bbox 1035 1757 1301 1814; x_wconf 87' lang='lat' dir='ltr'><strong>vidissent</strong></span> <span class='ocrx_word' id='word_1_137' title='bbox 1336 1757 1533 1813; x_wconf 90' lang='lat' dir='ltr'><strong>Manue</strong></span> <span class='ocrx_word' id='word_1_138' title='bbox 1578 1766 1633 1811; x_wconf 92' lang='lat' dir='ltr'><strong>et</strong></span> <span class='ocrx_word' id='word_1_139' title='bbox 1670 1772 1807 1810; x_wconf 83' lang='lat' dir='ltr'><strong>uxor</strong></span> <span class='ocrx_word' id='word_1_140' title='bbox 1835 1755 1987 1824; x_wconf 89' lang='lat' dir='ltr'><strong>ejus,</strong></span> 
     </span>
    </p>
   </div>
   <div class='ocr_carea' id='block_1_19' title="bbox 2095 544 3693 618">
    <p class='ocr_par' dir='ltr' id='par_1_19' title="bbox 2095 544 3693 618">
     <span class='ocr_line' id='line_1_19' title="bbox 2095 544 3693 618; baseline 0.001 -17"><span class='ocrx_word' id='word_1_141' title='bbox 2095 544 2488 612; x_wconf 85' lang='lat' dir='ltr'><strong>comederunt,</strong></span> <span class='ocrx_word' id='word_1_142' title='bbox 2536 563 2637 603; x_wconf 91' lang='lat' dir='ltr'><strong>nec</strong></span> <span class='ocrx_word' id='word_1_143' title='bbox 2686 555 2869 602; x_wconf 89' lang='lat' dir='ltr'><strong>tamen</strong></span> <span class='ocrx_word' id='word_1_144' title='bbox 2928 546 3007 601; x_wconf 88' lang='lat' dir='ltr'><strong>eis</strong></span> <span class='ocrx_word' id='word_1_145' title='bbox 3038 546 3209 600; x_wconf 90' lang='lat' dir='ltr'><strong>voluit</strong></span> <span class='ocrx_word' id='word_1_146' title='bbox 3250 546 3490 602; x_wconf 89' lang='lat' dir='ltr'><strong>indicare</strong></span> <span class='ocrx_word' id='word_1_147' title='bbox 3545 548 3693 618; x_wconf 91' lang='lat' dir='ltr'><strong>quod</strong></span> 
     </span>
    </p>
   </div>
   <div class='ocr_carea' id='block_1_20' title="bbox 2098 638 3690 711">
    <p class='ocr_par' dir='ltr' id='par_1_20' title="bbox 2098 638 3690 711">
     <span class='ocr_line' id='line_1_20' title="bbox 2098 638 3690 711; baseline 0.003 -18"><span class='ocrx_word' id='word_1_148' title='bbox 2098 639 2201 693; x_wconf 92' lang='lat' dir='ltr'><strong>mel</strong></span> <span class='ocrx_word' id='word_1_149' title='bbox 2233 638 2301 694; x_wconf 91' lang='lat' dir='ltr'><strong>de</strong></span> <span class='ocrx_word' id='word_1_150' title='bbox 2330 655 2560 710; x_wconf 87' lang='lat' dir='ltr'><strong>corpore</strong></span> <span class='ocrx_word' id='word_1_151' title='bbox 2582 640 2755 696; x_wconf 90' lang='lat' dir='ltr'><strong>leonis</strong></span> <span class='ocrx_word' id='word_1_152' title='bbox 2777 640 3156 710; x_wconf 88' lang='lat' dir='ltr'><strong>assumpserit.</strong></span> <span class='ocrx_word' id='word_1_153' title='bbox 3190 640 3479 696; x_wconf 89' lang='lat' dir='ltr'><strong>Descendit</strong></span> <span class='ocrx_word' id='word_1_154' title='bbox 3508 643 3690 711; x_wconf 86' lang='lat' dir='ltr'><strong>itaque</strong></span> 
     </span>
    </p>
   </div>
   <div class='ocr_carea' id='block_1_21' title="bbox 2096 731 3693 801">
    <p class='ocr_par' dir='ltr' id='par_1_21' title="bbox 2096 731 3693 801">
     <span class='ocr_line' id='line_1_21' title="bbox 2096 731 3693 801; baseline 0.003 -17"><span class='ocrx_word' id='word_1_155' title='bbox 2096 740 2251 800; x_wconf 87' lang='lat' dir='ltr'><strong>pater</strong></span> <span class='ocrx_word' id='word_1_156' title='bbox 2288 731 2406 801; x_wconf 90' lang='lat' dir='ltr'><strong>ejus</strong></span> <span class='ocrx_word' id='word_1_157' title='bbox 2453 733 2521 786; x_wconf 89' lang='lat' dir='ltr'><strong>ad</strong></span> <span class='ocrx_word' id='word_1_158' title='bbox 2559 732 2840 787; x_wconf 86' lang='lat' dir='ltr'><strong>mulierem</strong></span> <span class='ocrx_word' id='word_1_159' title='bbox 2869 775 2883 800; x_wconf 93' lang='lat'><strong>,</strong></span> <span class='ocrx_word' id='word_1_160' title='bbox 2926 743 2979 788; x_wconf 90' lang='lat' dir='ltr'><strong>et</strong></span> <span class='ocrx_word' id='word_1_161' title='bbox 3026 732 3154 788; x_wconf 89' lang='lat' dir='ltr'><strong>fecit</strong></span> <span class='ocrx_word' id='word_1_162' title='bbox 3187 731 3298 787; x_wconf 83' lang='lat' dir='ltr'><strong>filio</strong></span> <span class='ocrx_word' id='word_1_163' title='bbox 3328 748 3427 788; x_wconf 91' lang='lat' dir='ltr'><strong>suo</strong></span> <span class='ocrx_word' id='word_1_164' title='bbox 3458 732 3693 789; x_wconf 85' lang='lat' dir='ltr'><strong>Samson</strong></span> 
     </span>
    </p>
   </div>
   <div class='ocr_carea' id='block_1_22' title="bbox 2098 823 3693 895">
    <p class='ocr_par' dir='ltr' id='par_1_22' title="bbox 2098 823 3693 895">
     <span class='ocr_line' id='line_1_22' title="bbox 2098 823 3693 895; baseline 0.003 -18"><span class='ocrx_word' id='word_1_165' title='bbox 2098 823 2428 878; x_wconf 84' lang='lat' dir='ltr'><strong>convivium.</strong></span> <span class='ocrx_word' id='word_1_166' title='bbox 2477 823 2566 880; x_wconf 89' lang='lat' dir='ltr'><strong>Sic</strong></span> <span class='ocrx_word' id='word_1_167' title='bbox 2612 825 2753 880; x_wconf 86' lang='lat' dir='ltr'><strong>enim</strong></span> <span class='ocrx_word' id='word_1_168' title='bbox 2790 826 3017 895; x_wconf 86' lang='lat' dir='ltr'><strong>juvenes</strong></span> <span class='ocrx_word' id='word_1_169' title='bbox 3047 823 3227 881; x_wconf 89' lang='lat' dir='ltr'><strong>facere</strong></span> <span class='ocrx_word' id='word_1_170' title='bbox 3274 834 3693 881; x_wconf 85' lang='lat' dir='ltr'><strong>consueverant.</strong></span> 
     </span>
    </p>
   </div>
   <div class='ocr_carea' id='block_1_23' title="bbox 2097 911 3696 985">
    <p class='ocr_par' dir='ltr' id='par_1_23' title="bbox 2097 911 3696 985">
     <span class='ocr_line' id='line_1_23' title="bbox 2097 911 3696 985; baseline 0.003 -18"><span class='ocrx_word' id='word_1_171' title='bbox 2097 911 2231 968; x_wconf 87' lang='lat' dir='ltr'><strong>Cum</strong></span> <span class='ocrx_word' id='word_1_172' title='bbox 2263 914 2424 985; x_wconf 84' lang='lat' dir='ltr'><strong>igitur</strong></span> <span class='ocrx_word' id='word_1_173' title='bbox 2452 918 2599 971; x_wconf 87' lang='lat' dir='ltr'><strong>cives</strong></span> <span class='ocrx_word' id='word_1_174' title='bbox 2627 916 2734 971; x_wconf 91' lang='lat' dir='ltr'><strong>loci</strong></span> <span class='ocrx_word' id='word_1_175' title='bbox 2768 916 2913 971; x_wconf 91' lang='lat' dir='ltr'><strong>illius</strong></span> <span class='ocrx_word' id='word_1_176' title='bbox 2943 915 3205 971; x_wconf 87' lang='lat' dir='ltr'><strong>vidissent</strong></span> <span class='ocrx_word' id='word_1_177' title='bbox 3231 930 3353 972; x_wconf 88' lang='lat' dir='ltr'><strong>eum</strong></span> <span class='ocrx_word' id='word_1_178' title='bbox 3376 958 3391 983; x_wconf 91' lang='lat'><strong>,</strong></span> <span class='ocrx_word' id='word_1_179' title='bbox 3425 916 3696 972; x_wconf 85' lang='lat' dir='ltr'><strong>dederunt:</strong></span> 
     </span>
    </p>
   </div>
   <div class='ocr_carea' id='block_1_24' title="bbox 2099 1010 3692 1083">
    <p class='ocr_par' dir='ltr' id='par_1_24' title="bbox 2099 1010 3692 1083">
     <span class='ocr_line' id='line_1_24' title="bbox 2099 1010 3692 1083; baseline 0.001 -18"><span class='ocrx_word' id='word_1_180' title='bbox 2099 1010 2147 1065; x_wconf 92' lang='lat' dir='ltr'><strong>ei</strong></span> <span class='ocrx_word' id='word_1_181' title='bbox 2177 1010 2392 1067; x_wconf 90' lang='lat' dir='ltr'><strong>sodales</strong></span> <span class='ocrx_word' id='word_1_182' title='bbox 2426 1012 2664 1083; x_wconf 80' lang='lat' dir='ltr'><strong>triginta,</strong></span> <span class='ocrx_word' id='word_1_183' title='bbox 2696 1012 2786 1083; x_wconf 90' lang='lat' dir='ltr'><strong>qui</strong></span> <span class='ocrx_word' id='word_1_184' title='bbox 2817 1018 3002 1068; x_wconf 89' lang='lat' dir='ltr'><strong>essent</strong></span> <span class='ocrx_word' id='word_1_185' title='bbox 3035 1026 3156 1067; x_wconf 90' lang='lat' dir='ltr'><strong>cum</strong></span> <span class='ocrx_word' id='word_1_186' title='bbox 3184 1026 3271 1067; x_wconf 91' lang='lat' dir='ltr'><strong>eo.</strong></span> <span class='ocrx_word' id='word_1_187' title='bbox 3302 1012 3509 1079; x_wconf 88' lang='lat' dir='ltr'><strong>Quibus</strong></span> <span class='ocrx_word' id='word_1_188' title='bbox 3540 1012 3692 1067; x_wconf 87' lang='lat' dir='ltr'><strong>locu-</strong></span> 
     </span>
    </p>
   </div>
   <div class='ocr_carea' id='block_1_25' title="bbox 2100 1104 3695 1177">
    <p class='ocr_par' dir='ltr' id='par_1_25' title="bbox 2100 1104 3695 1177">
     <span class='ocr_line' id='line_1_25' title="bbox 2100 1104 3695 1177; baseline 0.001 -18"><span class='ocrx_word' id='word_1_189' title='bbox 2100 1114 2185 1159; x_wconf 91' lang='lat' dir='ltr'><strong>tus</strong></span> <span class='ocrx_word' id='word_1_190' title='bbox 2214 1112 2298 1159; x_wconf 89' lang='lat' dir='ltr'><strong>est</strong></span> <span class='ocrx_word' id='word_1_191' title='bbox 2327 1104 2556 1160; x_wconf 85' lang='lat' dir='ltr'><strong>Samson</strong></span> <span class='ocrx_word' id='word_1_192' title='bbox 2590 1121 2605 1159; x_wconf 89' lang='lat'>:</span> <span class='ocrx_word' id='word_1_193' title='bbox 2647 1105 2951 1177; x_wconf 86' lang='lat' dir='ltr'><strong>Proponam</strong></span> <span class='ocrx_word' id='word_1_194' title='bbox 2997 1105 3151 1161; x_wconf 87' lang='lat' dir='ltr'><strong>vobis</strong></span> <span class='ocrx_word' id='word_1_195' title='bbox 3184 1105 3464 1176; x_wconf 84' lang='lat' dir='ltr'><strong>problema</strong></span> <span class='ocrx_word' id='word_1_196' title='bbox 3498 1124 3509 1159; x_wconf 90' lang='lat'>:</span> <span class='ocrx_word' id='word_1_197' title='bbox 3542 1105 3695 1176; x_wconf 81' lang='lat' dir='ltr'><strong>quod</strong></span> 
     </span>
    </p>
   </div>
   <div class='ocr_carea' id='block_1_26' title="bbox 2097 1197 3692 1268">
    <p class='ocr_par' dir='ltr' id='par_1_26' title="bbox 2097 1197 3692 1268">
     <span class='ocr_line' id='line_1_26' title="bbox 2097 1197 3692 1268; baseline 0.001 -18"><span class='ocrx_word' id='word_1_198' title='bbox 2097 1197 2140 1250; x_wconf 89' lang='lat' dir='ltr'><strong>si</strong></span> <span class='ocrx_word' id='word_1_199' title='bbox 2170 1197 2444 1252; x_wconf 85' lang='lat' dir='ltr'><strong>solveritis</strong></span> <span class='ocrx_word' id='word_1_200' title='bbox 2473 1197 2602 1251; x_wconf 91' lang='lat' dir='ltr'><strong>mihi</strong></span> <span class='ocrx_word' id='word_1_201' title='bbox 2632 1198 2770 1253; x_wconf 87' lang='lat' dir='ltr'><strong>intra</strong></span> <span class='ocrx_word' id='word_1_202' title='bbox 2813 1207 3019 1268; x_wconf 88' lang='lat' dir='ltr'><strong>septem</strong></span> <span class='ocrx_word' id='word_1_203' title='bbox 3066 1199 3183 1254; x_wconf 89' lang='lat' dir='ltr'><strong>dies</strong></span> <span class='ocrx_word' id='word_1_204' title='bbox 3230 1197 3501 1267; x_wconf 85' lang='lat' dir='ltr'><strong>convivii,</strong></span> <span class='ocrx_word' id='word_1_205' title='bbox 3546 1197 3692 1252; x_wconf 86' lang='lat' dir='ltr'><strong>dabo</strong></span> 
     </span>
    </p>
   </div>
   <div class='ocr_carea' id='block_1_27' title="bbox 2097 1286 3695 1358">
    <p class='ocr_par' dir='ltr' id='par_1_27' title="bbox 2097 1286 3695 1358">
     <span class='ocr_line' id='line_1_27' title="bbox 2097 1286 3695 1358; baseline 0.001 -18"><span class='ocrx_word' id='word_1_206' title='bbox 2097 1286 2250 1341; x_wconf 88' lang='lat' dir='ltr'><strong>vobis</strong></span> <span class='ocrx_word' id='word_1_207' title='bbox 2281 1288 2497 1358; x_wconf 88' lang='lat' dir='ltr'><strong>triginta</strong></span> <span class='ocrx_word' id='word_1_208' title='bbox 2532 1290 2790 1345; x_wconf 88' lang='lat' dir='ltr'><strong>sindones</strong></span> <span class='ocrx_word' id='word_1_209' title='bbox 2828 1300 2883 1346; x_wconf 92' lang='lat' dir='ltr'><strong>et</strong></span> <span class='ocrx_word' id='word_1_210' title='bbox 2912 1290 3136 1346; x_wconf 83' lang='lat' dir='ltr'><strong>totidem</strong></span> <span class='ocrx_word' id='word_1_211' title='bbox 3170 1290 3378 1346; x_wconf 85' lang='lat' dir='ltr'><strong>tunicas</strong></span> <span class='ocrx_word' id='word_1_212' title='bbox 3408 1307 3423 1347; x_wconf 85' lang='lat'><strong>:</strong></span> <span class='ocrx_word' id='word_1_213' title='bbox 3477 1290 3563 1345; x_wconf 88' lang='lat' dir='ltr'><strong>sin</strong></span> <span class='ocrx_word' id='word_1_214' title='bbox 3592 1304 3695 1343; x_wconf 88' lang='lat' dir='ltr'><strong>au-</strong></span> 
     </span>
    </p>
   </div>
   <div class='ocr_carea' id='block_1_28' title="bbox 2099 1382 3693 1453">
    <p class='ocr_par' dir='ltr' id='par_1_28' title="bbox 2099 1382 3693 1453">
     <span class='ocr_line' id='line_1_28' title="bbox 2099 1382 3693 1453; baseline 0.001 -18"><span class='ocrx_word' id='word_1_215' title='bbox 2099 1388 2203 1435; x_wconf 91' lang='lat' dir='ltr'><strong>tem</strong></span> <span class='ocrx_word' id='word_1_216' title='bbox 2234 1395 2340 1436; x_wconf 90' lang='lat' dir='ltr'><strong>non</strong></span> <span class='ocrx_word' id='word_1_217' title='bbox 2366 1382 2655 1451; x_wconf 89' lang='lat' dir='ltr'><strong>potueritis</strong></span> <span class='ocrx_word' id='word_1_218' title='bbox 2693 1383 2927 1448; x_wconf 90' lang='lat' dir='ltr'><strong>solvere,</strong></span> <span class='ocrx_word' id='word_1_219' title='bbox 2958 1398 3051 1437; x_wconf 93' lang='lat' dir='ltr'><strong>vos</strong></span> <span class='ocrx_word' id='word_1_220' title='bbox 3084 1383 3279 1439; x_wconf 88' lang='lat' dir='ltr'><strong>dabitis</strong></span> <span class='ocrx_word' id='word_1_221' title='bbox 3309 1383 3436 1437; x_wconf 91' lang='lat' dir='ltr'><strong>mihi</strong></span> <span class='ocrx_word' id='word_1_222' title='bbox 3470 1382 3693 1453; x_wconf 86' lang='lat' dir='ltr'><strong>triginta</strong></span> 
     </span>
    </p>
   </div>
   <div class='ocr_carea' id='block_1_29' title="bbox 2096 1474 3695 1549">
    <p class='ocr_par' dir='ltr' id='par_1_29' title="bbox 2096 1474 3695 1549">
     <span class='ocr_line' id='line_1_29' title="bbox 2096 1474 3695 1549; baseline -0.001 -18"><span class='ocrx_word' id='word_1_223' title='bbox 2096 1476 2391 1543; x_wconf 91' lang='lat' dir='ltr'><strong>sindones,</strong></span> <span class='ocrx_word' id='word_1_224' title='bbox 2426 1486 2479 1531; x_wconf 92' lang='lat' dir='ltr'><strong>et</strong></span> <span class='ocrx_word' id='word_1_225' title='bbox 2521 1476 2768 1546; x_wconf 89' lang='lat' dir='ltr'><strong>ejusdem</strong></span> <span class='ocrx_word' id='word_1_226' title='bbox 2814 1478 3028 1531; x_wconf 89' lang='lat' dir='ltr'><strong>numeri</strong></span> <span class='ocrx_word' id='word_1_227' title='bbox 3076 1476 3303 1531; x_wconf 88' lang='lat' dir='ltr'><strong>tunicas.</strong></span> <span class='ocrx_word' id='word_1_228' title='bbox 3334 1475 3416 1549; x_wconf 86' lang='lat' dir='ltr'><strong>[C.</strong></span> <span class='ocrx_word' id='word_1_229' title='bbox 3448 1474 3535 1547; x_wconf 88' lang='lat' dir='ltr'><strong>L.]</strong></span> <span class='ocrx_word' id='word_1_230' title='bbox 3586 1475 3695 1544; x_wconf 92' lang='lat' dir='ltr'><strong>Qui</strong></span> 
     </span>
    </p>
   </div>
   <div class='ocr_carea' id='block_1_30' title="bbox 2096 1567 3691 1640">
    <p class='ocr_par' dir='ltr' id='par_1_30' title="bbox 2096 1567 3691 1640">
     <span class='ocr_line' id='line_1_30' title="bbox 2096 1567 3691 1640; baseline 0 -18"><span class='ocrx_word' id='word_1_231' title='bbox 2096 1567 2497 1636; x_wconf 80' lang='lat' dir='ltr'><strong>reSponderunt</strong></span> <span class='ocrx_word' id='word_1_232' title='bbox 2537 1569 2585 1623; x_wconf 91' lang='lat' dir='ltr'><strong>ei</strong></span> <span class='ocrx_word' id='word_1_233' title='bbox 2619 1587 2631 1624; x_wconf 92' lang='lat'><strong>:</strong></span> <span class='ocrx_word' id='word_1_234' title='bbox 2659 1569 2912 1639; x_wconf 83' lang='lat' dir='ltr'><strong>Propone</strong></span> <span class='ocrx_word' id='word_1_235' title='bbox 2941 1568 3225 1640; x_wconf 88' lang='lat' dir='ltr'><strong>problema</strong></span> <span class='ocrx_word' id='word_1_236' title='bbox 3256 1610 3271 1636; x_wconf 92' lang='lat'><strong>,</strong></span> <span class='ocrx_word' id='word_1_237' title='bbox 3300 1577 3359 1623; x_wconf 93' lang='lat' dir='ltr'><strong>ut</strong></span> <span class='ocrx_word' id='word_1_238' title='bbox 3384 1568 3691 1623; x_wconf 91' lang='lat' dir='ltr'><strong>audiamus.</strong></span> 
     </span>
    </p>
   </div>
   <div class='ocr_carea' id='block_1_31' title="bbox 2097 1658 3692 1729">
    <p class='ocr_par' dir='ltr' id='par_1_31' title="bbox 2097 1658 3692 1729">
     <span class='ocr_line' id='line_1_31' title="bbox 2097 1658 3692 1729; baseline 0.001 -16"><span class='ocrx_word' id='word_1_239' title='bbox 2097 1658 2348 1729; x_wconf 82' lang='lat' dir='ltr'><strong>Dixitque</strong></span> <span class='ocrx_word' id='word_1_240' title='bbox 2374 1662 2453 1715; x_wconf 91' lang='lat' dir='ltr'><strong>eis</strong></span> <span class='ocrx_word' id='word_1_241' title='bbox 2486 1676 2500 1714; x_wconf 92' lang='lat'><strong>:</strong></span> <span class='ocrx_word' id='word_1_242' title='bbox 2529 1661 2602 1715; x_wconf 88' lang='lat' dir='ltr'><strong>De</strong></span> <span class='ocrx_word' id='word_1_243' title='bbox 2622 1661 2945 1717; x_wconf 89' lang='lat' dir='ltr'><strong>comedente</strong></span> <span class='ocrx_word' id='word_1_244' title='bbox 2970 1661 3137 1716; x_wconf 82' lang='lat' dir='ltr'><strong>exivit</strong></span> <span class='ocrx_word' id='word_1_245' title='bbox 3166 1662 3319 1717; x_wconf 89' lang='lat' dir='ltr'><strong>cibus</strong></span> <span class='ocrx_word' id='word_1_246' title='bbox 3339 1702 3355 1727; x_wconf 89' lang='lat'><strong>,</strong></span> <span class='ocrx_word' id='word_1_247' title='bbox 3388 1670 3443 1717; x_wconf 91' lang='lat' dir='ltr'><strong>et</strong></span> <span class='ocrx_word' id='word_1_248' title='bbox 3470 1661 3537 1717; x_wconf 89' lang='lat' dir='ltr'><strong>de</strong></span> <span class='ocrx_word' id='word_1_249' title='bbox 3564 1659 3692 1716; x_wconf 89' lang='lat' dir='ltr'><strong>forti</strong></span> 
     </span>
    </p>
   </div>
   <div class='ocr_carea' id='block_1_32' title="bbox 2096 1752 3694 1825">
    <p class='ocr_par' dir='ltr' id='par_1_32' title="bbox 2096 1752 3694 1825">
     <span class='ocr_line' id='line_1_32' title="bbox 2096 1752 3694 1825; baseline 0.004 -20"><span class='ocrx_word' id='word_1_250' title='bbox 2096 1766 2313 1823; x_wconf 83' lang='lat' dir='ltr'><strong>egressa</strong></span> <span class='ocrx_word' id='word_1_251' title='bbox 2363 1760 2446 1807; x_wconf 85' lang='lat' dir='ltr'><strong>est</strong></span> <span class='ocrx_word' id='word_1_252' title='bbox 2496 1752 2751 1808; x_wconf 90' lang='lat' dir='ltr'><strong>dulcedo.</strong></span> <span class='ocrx_word' id='word_1_253' title='bbox 2799 1754 2911 1810; x_wconf 91' lang='lat' dir='ltr'><strong>Nec</strong></span> <span class='ocrx_word' id='word_1_254' title='bbox 2946 1765 3239 1825; x_wconf 90' lang='lat' dir='ltr'><strong>potuerunt</strong></span> <span class='ocrx_word' id='word_1_255' title='bbox 3289 1771 3385 1825; x_wconf 92' lang='lat' dir='ltr'><strong>per</strong></span> <span class='ocrx_word' id='word_1_256' title='bbox 3426 1767 3534 1811; x_wconf 85' lang='lat' dir='ltr'><strong>tres</strong></span> <span class='ocrx_word' id='word_1_257' title='bbox 3573 1755 3694 1812; x_wconf 88' lang='lat' dir='ltr'><strong>dics</strong></span> 
     </span>
    </p>
   </div>
   <div class='ocr_carea' id='block_1_33' title="bbox 389 1845 3695 1923">
    <p class='ocr_par' dir='ltr' id='par_1_33' title="bbox 389 1845 3695 1923">
     <span class='ocr_line' id='line_1_33' title="bbox 389 1845 3695 1923; baseline -0.001 -18"><span class='ocrx_word' id='word_1_258' title='bbox 389 1851 541 1923; x_wconf 91' lang='lat' dir='ltr'><strong>proni</strong></span> <span class='ocrx_word' id='word_1_259' title='bbox 591 1851 910 1906; x_wconf 89' lang='lat' dir='ltr'><strong>ceciderunt</strong></span> <span class='ocrx_word' id='word_1_260' title='bbox 958 1850 1011 1905; x_wconf 93' lang='lat' dir='ltr'><strong>in</strong></span> <span class='ocrx_word' id='word_1_261' title='bbox 1057 1857 1288 1918; x_wconf 92' lang='lat' dir='ltr'><strong>terram,</strong></span> <span class='ocrx_word' id='word_1_262' title='bbox 1326 1857 1382 1904; x_wconf 90' lang='lat' dir='ltr'><strong>et</strong></span> <span class='ocrx_word' id='word_1_263' title='bbox 1412 1848 1552 1902; x_wconf 91' lang='lat' dir='ltr'><strong>ultra</strong></span> <span class='ocrx_word' id='word_1_264' title='bbox 1582 1848 1662 1902; x_wconf 91' lang='lat' dir='ltr'><strong>eis</strong></span> <span class='ocrx_word' id='word_1_265' title='bbox 1693 1862 1800 1901; x_wconf 91' lang='lat' dir='ltr'><strong>non</strong></span> <span class='ocrx_word' id='word_1_266' title='bbox 1827 1860 1989 1916; x_wconf 88' lang='lat' dir='ltr'><strong>appa-</strong></span> <span class='ocrx_word' id='word_1_267' title='bbox 2024 1857 2069 1917; x_wconf 79' lang='grc' dir='ltr'><strong>Β</strong></span> <span class='ocrx_word' id='word_1_268' title='bbox 2102 1845 2534 1915; x_wconf 88' lang='lat' dir='ltr'><strong>propositionem</strong></span> <span class='ocrx_word' id='word_1_269' title='bbox 2593 1845 2828 1901; x_wconf 89' lang='lat' dir='ltr'><strong>solvere.</strong></span> <span class='ocrx_word' id='word_1_270' title='bbox 2882 1847 3126 1918; x_wconf 85' lang='lat' dir='ltr'><strong>Cumque</strong></span> <span class='ocrx_word' id='word_1_271' title='bbox 3178 1847 3396 1903; x_wconf 90' lang='lat' dir='ltr'><strong>adesset</strong></span> <span class='ocrx_word' id='word_1_272' title='bbox 3447 1847 3568 1903; x_wconf 90' lang='lat' dir='ltr'><strong>dies</strong></span> <span class='ocrx_word' id='word_1_273' title='bbox 3605 1863 3695 1903; x_wconf 86' lang='lat' dir='ltr'><strong>se-</strong></span> 
     </span>
    </p>
   </div>
   <div class='ocr_carea' id='block_1_34' title="bbox 388 1939 1992 2015">
    <p class='ocr_par' dir='ltr' id='par_1_34' title="bbox 388 1939 1992 2015">
     <span class='ocr_line' id='line_1_34' title="bbox 388 1939 1992 2015; baseline -0.004 -16"><span class='ocrx_word' id='word_1_274' title='bbox 388 1943 496 1999; x_wconf 86' lang='lat' dir='ltr'><strong>ruit</strong></span> <span class='ocrx_word' id='word_1_275' title='bbox 516 1944 746 2015; x_wconf 85' lang='lat' dir='ltr'><strong>angelus</strong></span> <span class='ocrx_word' id='word_1_276' title='bbox 773 1943 1007 1998; x_wconf 90' lang='lat' dir='ltr'><strong>Domini.</strong></span> <span class='ocrx_word' id='word_1_277' title='bbox 1039 1941 1341 2011; x_wconf 90' lang='lat' dir='ltr'><strong>Statimquc</strong></span> <span class='ocrx_word' id='word_1_278' title='bbox 1370 1941 1645 1996; x_wconf 86' lang='lat' dir='ltr'><strong>intellexit</strong></span> <span class='ocrx_word' id='word_1_279' title='bbox 1675 1939 1870 1994; x_wconf 87' lang='lat' dir='ltr'><strong>Manue</strong></span> <span class='ocrx_word' id='word_1_280' title='bbox 1896 1955 1992 1993; x_wconf 50' lang='lat' dir='ltr'><strong>ana</strong></span> 
     </span>
    </p>
   </div>
   <div class='ocr_carea' id='block_1_35' title="bbox 386 2032 1992 2106">
    <p class='ocr_par' dir='ltr' id='par_1_35' title="bbox 386 2032 1992 2106">
     <span class='ocr_line' id='line_1_35' title="bbox 386 2032 1992 2106; baseline -0.001 -15"><span class='ocrx_word' id='word_1_281' title='bbox 386 2037 569 2106; x_wconf 87' lang='lat' dir='ltr'><strong>gelum</strong></span> <span class='ocrx_word' id='word_1_282' title='bbox 592 2050 715 2092; x_wconf 87' lang='lat' dir='ltr'><strong>esse</strong></span> <span class='ocrx_word' id='word_1_283' title='bbox 750 2035 983 2101; x_wconf 89' lang='lat' dir='ltr'><strong>Domini,</strong></span> <span class='ocrx_word' id='word_1_284' title='bbox 1025 2046 1080 2090; x_wconf 91' lang='lat' dir='ltr'><strong>et</strong></span> <span class='ocrx_word' id='word_1_285' title='bbox 1108 2035 1246 2089; x_wconf 85' lang='lat' dir='ltr'><strong>dixit</strong></span> <span class='ocrx_word' id='word_1_286' title='bbox 1266 2034 1332 2089; x_wconf 90' lang='lat' dir='ltr'><strong>ad</strong></span> <span class='ocrx_word' id='word_1_287' title='bbox 1359 2049 1581 2090; x_wconf 79' lang='lat' dir='ltr'><strong>uxorem</strong></span> <span class='ocrx_word' id='word_1_288' title='bbox 1604 2048 1757 2088; x_wconf 92' lang='lat' dir='ltr'><strong>suam</strong></span> <span class='ocrx_word' id='word_1_289' title='bbox 1787 2032 1992 2089; x_wconf 82' lang='lat' dir='ltr'><strong>:Morte</strong></span> 
     </span>
    </p>
   </div>
   <div class='ocr_carea' id='block_1_36' title="bbox 385 2126 1991 2200">
    <p class='ocr_par' dir='ltr' id='par_1_36' title="bbox 385 2126 1991 2200">
     <span class='ocr_line' id='line_1_36' title="bbox 385 2126 1991 2200; baseline -0.004 -15"><span class='ocrx_word' id='word_1_290' title='bbox 385 2129 706 2199; x_wconf 88' lang='lat' dir='ltr'><strong>moriemur,</strong></span> <span class='ocrx_word' id='word_1_291' title='bbox 736 2129 861 2200; x_wconf 90' lang='lat' dir='ltr'><strong>quia</strong></span> <span class='ocrx_word' id='word_1_292' title='bbox 892 2128 1123 2183; x_wconf 89' lang='lat' dir='ltr'><strong>vidimus</strong></span> <span class='ocrx_word' id='word_1_293' title='bbox 1147 2129 1338 2183; x_wconf 91' lang='lat' dir='ltr'><strong>Deum.</strong></span> <span class='ocrx_word' id='word_1_294' title='bbox 1385 2127 1482 2181; x_wconf 88' lang='lat' dir='ltr'><strong>Cui</strong></span> <span class='ocrx_word' id='word_1_295' title='bbox 1534 2126 1816 2198; x_wconf 87' lang='lat' dir='ltr'><strong>respondit</strong></span> <span class='ocrx_word' id='word_1_296' title='bbox 1867 2141 1991 2179; x_wconf 85' lang='lat' dir='ltr'><strong>tnu-</strong></span> 
     </span>
    </p>
   </div>
   <div class='ocr_carea' id='block_1_37' title="bbox 386 2219 1991 2289">
    <p class='ocr_par' dir='ltr' id='par_1_37' title="bbox 386 2219 1991 2289">
     <span class='ocr_line' id='line_1_37' title="bbox 386 2219 1991 2289; baseline -0.001 -12"><span class='ocrx_word' id='word_1_297' title='bbox 386 2222 537 2278; x_wconf 90' lang='lat' dir='ltr'><strong>lier:</strong></span> <span class='ocrx_word' id='word_1_298' title='bbox 582 2223 637 2279; x_wconf 93' lang='lat' dir='ltr'><strong>Si</strong></span> <span class='ocrx_word' id='word_1_299' title='bbox 688 2224 952 2277; x_wconf 90' lang='lat' dir='ltr'><strong>Dominus</strong></span> <span class='ocrx_word' id='word_1_300' title='bbox 1006 2236 1107 2277; x_wconf 91' lang='lat' dir='ltr'><strong>nos</strong></span> <span class='ocrx_word' id='word_1_301' title='bbox 1128 2221 1295 2276; x_wconf 91' lang='lat' dir='ltr'><strong>vellet</strong></span> <span class='ocrx_word' id='word_1_302' title='bbox 1319 2219 1588 2289; x_wconf 90' lang='lat' dir='ltr'><strong>occidere,</strong></span> <span class='ocrx_word' id='word_1_303' title='bbox 1647 2220 1714 2274; x_wconf 90' lang='lat' dir='ltr'><strong>de</strong></span> <span class='ocrx_word' id='word_1_304' title='bbox 1742 2219 1991 2275; x_wconf 90' lang='lat' dir='ltr'><strong>manibus</strong></span> 
     </span>
    </p>
   </div>
   <div class='ocr_carea' id='block_1_38' title="bbox 390 2313 1989 2382">
    <p class='ocr_par' dir='ltr' id='par_1_38' title="bbox 390 2313 1989 2382">
     <span class='ocr_line' id='line_1_38' title="bbox 390 2313 1989 2382; baseline -0.002 -12"><span class='ocrx_word' id='word_1_305' title='bbox 390 2316 597 2370; x_wconf 89' lang='lat' dir='ltr'><strong>nostris</strong></span> <span class='ocrx_word' id='word_1_306' title='bbox 620 2315 1000 2370; x_wconf 90' lang='lat' dir='ltr'><strong>holocaustum</strong></span> <span class='ocrx_word' id='word_1_307' title='bbox 1044 2324 1099 2370; x_wconf 87' lang='lat' dir='ltr'><strong>et</strong></span> <span class='ocrx_word' id='word_1_308' title='bbox 1127 2313 1417 2369; x_wconf 87' lang='lat' dir='ltr'><strong>libamenta</strong></span> <span class='ocrx_word' id='word_1_309' title='bbox 1457 2327 1566 2368; x_wconf 93' lang='lat' dir='ltr'><strong>non</strong></span> <span class='ocrx_word' id='word_1_310' title='bbox 1611 2314 1940 2382; x_wconf 92' lang='lat' dir='ltr'><strong>suscepisset</strong></span> <span class='ocrx_word' id='word_1_311' title='bbox 1974 2324 1989 2367; x_wconf 87' lang='lat'><strong>:</strong></span> 
     </span>
    </p>
   </div>
   <div class='ocr_carea' id='block_1_39' title="bbox 385 2403 1993 2482">
    <p class='ocr_par' dir='ltr' id='par_1_39' title="bbox 385 2403 1993 2482">
     <span class='ocr_line' id='line_1_39' title="bbox 385 2403 1993 2482; baseline -0.002 -16"><span class='ocrx_word' id='word_1_312' title='bbox 385 2408 484 2466; x_wconf 86' lang='lat' dir='ltr'><strong>sed</strong></span> <span class='ocrx_word' id='word_1_313' title='bbox 524 2406 709 2482; x_wconf 83' lang='lat' dir='ltr'><strong>[Vulg.</strong></span> <span class='ocrx_word' id='word_1_314' title='bbox 760 2416 891 2462; x_wconf 83' lang='lat' dir='ltr'><strong>tacet</strong></span> <span class='ocrx_word' id='word_1_315' title='bbox 942 2404 1067 2475; x_wconf 83' lang='lat' dir='ltr'><strong>sed]</strong></span> <span class='ocrx_word' id='word_1_316' title='bbox 1125 2421 1226 2462; x_wconf 90' lang='lat' dir='ltr'><strong>nec</strong></span> <span class='ocrx_word' id='word_1_317' title='bbox 1290 2404 1617 2462; x_wconf 83' lang='lat' dir='ltr'><strong>ostendisset</strong></span> <span class='ocrx_word' id='word_1_318' title='bbox 1667 2405 1822 2460; x_wconf 91' lang='lat' dir='ltr'><strong>nobis</strong></span> <span class='ocrx_word' id='word_1_319' title='bbox 1876 2403 1993 2462; x_wconf 84' lang='lat' dir='ltr'><strong>haec</strong></span> 
     </span>
    </p>
   </div>
   <div class='ocr_carea' id='block_1_40' title="bbox 385 2495 1990 2571">
    <p class='ocr_par' dir='ltr' id='par_1_40' title="bbox 385 2495 1990 2571">
     <span class='ocr_line' id='line_1_40' title="bbox 385 2495 1990 2571; baseline -0.005 -13"><span class='ocrx_word' id='word_1_320' title='bbox 385 2502 587 2567; x_wconf 90' lang='lat' dir='ltr'><strong>omnia,</strong></span> <span class='ocrx_word' id='word_1_321' title='bbox 605 2514 779 2571; x_wconf 89' lang='lat' dir='ltr'><strong>neque</strong></span> <span class='ocrx_word' id='word_1_322' title='bbox 790 2515 851 2554; x_wconf 91' lang='lat' dir='ltr'><strong>ea</strong></span> <span class='ocrx_word' id='word_1_323' title='bbox 864 2514 988 2570; x_wconf 62' lang='lat' dir='ltr'><strong>quae</strong></span> <span class='ocrx_word' id='word_1_324' title='bbox 1002 2506 1390 2563; x_wconf 87' lang='lat' dir='ltr'><strong>suntventura,</strong></span> <span class='ocrx_word' id='word_1_325' title='bbox 1405 2496 1742 2569; x_wconf 81' lang='lat' dir='ltr'><strong>dixisset.[C.</strong></span> <span class='ocrx_word' id='word_1_326' title='bbox 1762 2495 1990 2566; x_wconf 80' lang='lat' dir='ltr'><strong>XLVII.]</strong></span> 
     </span>
    </p>
   </div>
   <div class='ocr_carea' id='block_1_41' title="bbox 386 2592 1988 2666">
    <p class='ocr_par' dir='ltr' id='par_1_41' title="bbox 386 2592 1988 2666">
     <span class='ocr_line' id='line_1_41' title="bbox 386 2592 1988 2666; baseline -0.001 -15"><span class='ocrx_word' id='word_1_327' title='bbox 386 2594 609 2666; x_wconf 87' lang='lat' dir='ltr'><strong>Peperit</strong></span> <span class='ocrx_word' id='word_1_328' title='bbox 634 2596 813 2665; x_wconf 91' lang='lat' dir='ltr'><strong>itaque</strong></span> <span class='ocrx_word' id='word_1_329' title='bbox 836 2593 1025 2659; x_wconf 88' lang='lat' dir='ltr'><strong>lilium,</strong></span> <span class='ocrx_word' id='word_1_330' title='bbox 1059 2602 1115 2648; x_wconf 92' lang='lat' dir='ltr'><strong>et</strong></span> <span class='ocrx_word' id='word_1_331' title='bbox 1136 2592 1351 2648; x_wconf 91' lang='lat' dir='ltr'><strong>vocavit</strong></span> <span class='ocrx_word' id='word_1_332' title='bbox 1373 2607 1569 2647; x_wconf 91' lang='lat' dir='ltr'><strong>nomen</strong></span> <span class='ocrx_word' id='word_1_333' title='bbox 1599 2592 1715 2662; x_wconf 91' lang='lat' dir='ltr'><strong>ejus</strong></span> <span class='ocrx_word' id='word_1_334' title='bbox 1736 2592 1988 2649; x_wconf 89' lang='lat' dir='ltr'><strong>Samson.</strong></span> 
     </span>
    </p>
   </div>
   <div class='ocr_carea' id='block_1_42' title="bbox 386 2683 1993 2759">
    <p class='ocr_par' dir='ltr' id='par_1_42' title="bbox 386 2683 1993 2759">
     <span class='ocr_line' id='line_1_42' title="bbox 386 2683 1993 2759; baseline -0.001 -15"><span class='ocrx_word' id='word_1_335' title='bbox 386 2687 682 2759; x_wconf 87' lang='lat' dir='ltr'><strong>Crevitque</strong></span> <span class='ocrx_word' id='word_1_336' title='bbox 731 2702 887 2759; x_wconf 92' lang='lat' dir='ltr'><strong>puer,</strong></span> <span class='ocrx_word' id='word_1_337' title='bbox 938 2695 993 2742; x_wconf 91' lang='lat' dir='ltr'><strong>et</strong></span> <span class='ocrx_word' id='word_1_338' title='bbox 1020 2686 1299 2742; x_wconf 81' lang='lat' dir='ltr'><strong>benedixit</strong></span> <span class='ocrx_word' id='word_1_339' title='bbox 1323 2685 1373 2741; x_wconf 93' lang='lat' dir='ltr'><strong>ei</strong></span> <span class='ocrx_word' id='word_1_340' title='bbox 1395 2684 1674 2741; x_wconf 91' lang='lat' dir='ltr'><strong>Dominus.</strong></span> <span class='ocrx_word' id='word_1_341' title='bbox 1711 2683 1993 2757; x_wconf 69' lang='lat' dir='ltr'><strong>Coepitque</strong></span> 
     </span>
    </p>
   </div>
   <div class='ocr_carea' id='block_1_43' title="bbox 385 2775 1990 2851">
    <p class='ocr_par' dir='ltr' id='par_1_43' title="bbox 385 2775 1990 2851">
     <span class='ocr_line' id='line_1_43' title="bbox 385 2775 1990 2851; baseline -0.002 -15"><span class='ocrx_word' id='word_1_342' title='bbox 385 2779 621 2851; x_wconf 88' lang='lat' dir='ltr'><strong>Spiritus</strong></span> <span class='ocrx_word' id='word_1_343' title='bbox 647 2779 856 2834; x_wconf 89' lang='lat' dir='ltr'><strong>Domini</strong></span> <span class='ocrx_word' id='word_1_344' title='bbox 885 2793 1007 2835; x_wconf 89' lang='lat' dir='ltr'><strong>esse</strong></span> <span class='ocrx_word' id='word_1_345' title='bbox 1028 2794 1151 2833; x_wconf 88' lang='lat' dir='ltr'><strong>cum</strong></span> <span class='ocrx_word' id='word_1_346' title='bbox 1176 2792 1242 2833; x_wconf 93' lang='lat' dir='ltr'><strong>eo</strong></span> <span class='ocrx_word' id='word_1_347' title='bbox 1275 2777 1327 2832; x_wconf 91' lang='lat' dir='ltr'><strong>in</strong></span> <span class='ocrx_word' id='word_1_348' title='bbox 1355 2775 1550 2832; x_wconf 88' lang='lat' dir='ltr'><strong>castris</strong></span> <span class='ocrx_word' id='word_1_349' title='bbox 1578 2777 1691 2832; x_wconf 88' lang='lat' dir='ltr'><strong>Dan</strong></span> <span class='ocrx_word' id='word_1_350' title='bbox 1719 2778 1859 2833; x_wconf 88' lang='lat' dir='ltr'><strong>inter</strong></span> <span class='ocrx_word' id='word_1_351' title='bbox 1885 2776 1990 2833; x_wconf 87' lang='lat' dir='ltr'><strong>Sa-</strong></span> 
     </span>
    </p>
   </div>
   <div class='ocr_carea' id='block_1_44' title="bbox 386 2871 841 2928">
    <p class='ocr_par' dir='ltr' id='par_1_44' title="bbox 386 2871 841 2928">
     <span class='ocr_line' id='line_1_44' title="bbox 386 2871 841 2928; baseline -0.007 0"><span class='ocrx_word' id='word_1_352' title='bbox 386 2887 480 2928; x_wconf 87' lang='lat' dir='ltr'><strong>raa</strong></span> <span class='ocrx_word' id='word_1_353' title='bbox 514 2880 570 2928; x_wconf 90' lang='lat' dir='ltr'><strong>et</strong></span> <span class='ocrx_word' id='word_1_354' title='bbox 596 2871 841 2927; x_wconf 87' lang='lat' dir='ltr'><strong>Esthaol.</strong></span> 
     </span>
    </p>
   </div>
   <div class='ocr_carea' id='block_1_45' title="bbox 468 2960 1993 3036">
    <p class='ocr_par' dir='ltr' id='par_1_45' title="bbox 468 2960 1993 3036">
     <span class='ocr_line' id='line_1_45' title="bbox 468 2960 1993 3036; baseline -0.001 -20"><span class='ocrx_word' id='word_1_355' title='bbox 468 2963 621 3036; x_wconf 84' lang='lat' dir='ltr'><strong>[Cap.</strong></span> <span class='ocrx_word' id='word_1_356' title='bbox 652 2962 821 3034; x_wconf 80' lang='lat' dir='ltr'><strong>XlV.j</strong></span> <span class='ocrx_word' id='word_1_357' title='bbox 853 2961 1146 3020; x_wconf 86' lang='lat' dir='ltr'><strong>Descendit</strong></span> <span class='ocrx_word' id='word_1_358' title='bbox 1184 2977 1315 3034; x_wconf 86' lang='lat' dir='ltr'><strong>ergo</strong></span> <span class='ocrx_word' id='word_1_359' title='bbox 1346 2963 1575 3020; x_wconf 90' lang='lat' dir='ltr'><strong>Samson</strong></span> <span class='ocrx_word' id='word_1_360' title='bbox 1613 2963 1665 3018; x_wconf 92' lang='lat' dir='ltr'><strong>in</strong></span> <span class='ocrx_word' id='word_1_361' title='bbox 1723 2960 1993 3017; x_wconf 89' lang='lat' dir='ltr'><strong>Thamna-</strong></span> 
     </span>
    </p>
   </div>
   <div class='ocr_carea' id='block_1_46' title="bbox 390 3052 1990 3127">
    <p class='ocr_par' dir='ltr' id='par_1_46' title="bbox 390 3052 1990 3127">
     <span class='ocr_line' id='line_1_46' title="bbox 390 3052 1990 3127; baseline -0.004 -14"><span class='ocrx_word' id='word_1_362' title='bbox 390 3056 504 3113; x_wconf 85' lang='lat' dir='ltr'><strong>tha.</strong></span> <span class='ocrx_word' id='word_1_363' title='bbox 538 3056 846 3127; x_wconf 84' lang='lat' dir='ltr'><strong>Vidensque</strong></span> <span class='ocrx_word' id='word_1_364' title='bbox 878 3056 950 3112; x_wconf 91' lang='lat' dir='ltr'><strong>ibi</strong></span> <span class='ocrx_word' id='word_1_365' title='bbox 982 3056 1262 3112; x_wconf 90' lang='lat' dir='ltr'><strong>mulierem</strong></span> <span class='ocrx_word' id='word_1_366' title='bbox 1309 3055 1378 3111; x_wconf 92' lang='lat' dir='ltr'><strong>de</strong></span> <span class='ocrx_word' id='word_1_367' title='bbox 1411 3055 1624 3109; x_wconf 87' lang='lat' dir='ltr'><strong>filiabus</strong></span> <span class='ocrx_word' id='word_1_368' title='bbox 1660 3052 1990 3119; x_wconf 73' lang='lat' dir='ltr'><strong>Philisthim,</strong></span> 
     </span>
    </p>
   </div>
   <div class='ocr_carea' id='block_1_47' title="bbox 389 3147 1996 3221">
    <p class='ocr_par' dir='ltr' id='par_1_47' title="bbox 389 3147 1996 3221">
     <span class='ocr_line' id='line_1_47' title="bbox 389 3147 1996 3221; baseline -0.003 -16"><span class='ocrx_word' id='word_1_369' title='bbox 389 3150 640 3206; x_wconf 90' lang='lat' dir='ltr'><strong>ascendit</strong></span> <span class='ocrx_word' id='word_1_370' title='bbox 682 3157 739 3205; x_wconf 88' lang='lat' dir='ltr'><strong>et</strong></span> <span class='ocrx_word' id='word_1_371' title='bbox 764 3148 1031 3205; x_wconf 90' lang='lat' dir='ltr'><strong>nuntiavit</strong></span> <span class='ocrx_word' id='word_1_372' title='bbox 1051 3150 1193 3220; x_wconf 84' lang='lat' dir='ltr'><strong>patri</strong></span> <span class='ocrx_word' id='word_1_373' title='bbox 1222 3164 1321 3205; x_wconf 91' lang='lat' dir='ltr'><strong>suo</strong></span> <span class='ocrx_word' id='word_1_374' title='bbox 1342 3191 1356 3214; x_wconf 94' lang='lat'><strong>,</strong></span> <span class='ocrx_word' id='word_1_375' title='bbox 1387 3159 1441 3203; x_wconf 89' lang='lat' dir='ltr'><strong>et</strong></span> <span class='ocrx_word' id='word_1_376' title='bbox 1476 3149 1635 3205; x_wconf 88' lang='lat' dir='ltr'><strong>matri</strong></span> <span class='ocrx_word' id='word_1_377' title='bbox 1665 3147 1849 3221; x_wconf 66' lang='grc' dir='ltr'><strong>[ναις.</strong></span> <span class='ocrx_word' id='word_1_378' title='bbox 1897 3149 1996 3201; x_wconf 85' lang='lat' dir='ltr'><strong>ad-</strong></span> 
     </span>
    </p>
   </div>
   <div class='ocr_carea' id='block_1_48' title="bbox 2097 1936 3697 2008">
    <p class='ocr_par' dir='ltr' id='par_1_48' title="bbox 2097 1936 3697 2008">
     <span class='ocr_line' id='line_1_48' title="bbox 2097 1936 3697 2008; baseline 0.003 -18"><span class='ocrx_word' id='word_1_379' title='bbox 2097 1937 2319 2008; x_wconf 89' lang='lat' dir='ltr'><strong>ptimus,</strong></span> <span class='ocrx_word' id='word_1_380' title='bbox 2354 1936 2609 1992; x_wconf 77' lang='lat' dir='ltr'><strong>dixerunt</strong></span> <span class='ocrx_word' id='word_1_381' title='bbox 2633 1938 2701 1992; x_wconf 89' lang='lat' dir='ltr'><strong>ad</strong></span> <span class='ocrx_word' id='word_1_382' title='bbox 2730 1954 2955 1994; x_wconf 83' lang='lat' dir='ltr'><strong>uxorem</strong></span> <span class='ocrx_word' id='word_1_383' title='bbox 2988 1939 3217 1996; x_wconf 90' lang='lat' dir='ltr'><strong>Samson</strong></span> <span class='ocrx_word' id='word_1_384' title='bbox 3245 1956 3259 1994; x_wconf 90' lang='lat'><strong>:</strong></span> <span class='ocrx_word' id='word_1_385' title='bbox 3294 1938 3550 1995; x_wconf 83' lang='lat' dir='ltr'><strong>Blandire</strong></span> <span class='ocrx_word' id='word_1_386' title='bbox 3572 1941 3697 1995; x_wconf 86' lang='lat' dir='ltr'><strong>viro</strong></span> 
     </span>
    </p>
   </div>
   <div class='ocr_carea' id='block_1_49' title="bbox 2096 2030 3698 2105">
    <p class='ocr_par' dir='ltr' id='par_1_49' title="bbox 2096 2030 3698 2105">
     <span class='ocr_line' id='line_1_49' title="bbox 2096 2030 3698 2105; baseline 0.002 -20"><span class='ocrx_word' id='word_1_387' title='bbox 2096 2040 2211 2098; x_wconf 92' lang='lat' dir='ltr'><strong>tuo,</strong></span> <span class='ocrx_word' id='word_1_388' title='bbox 2244 2040 2299 2086; x_wconf 90' lang='lat' dir='ltr'><strong>et</strong></span> <span class='ocrx_word' id='word_1_389' title='bbox 2327 2030 2496 2086; x_wconf 86' lang='lat' dir='ltr'><strong>suade</strong></span> <span class='ocrx_word' id='word_1_390' title='bbox 2528 2031 2576 2086; x_wconf 90' lang='lat' dir='ltr'><strong>ei</strong></span> <span class='ocrx_word' id='word_1_391' title='bbox 2600 2040 2659 2086; x_wconf 92' lang='lat' dir='ltr'><strong>ut</strong></span> <span class='ocrx_word' id='word_1_392' title='bbox 2686 2031 2885 2088; x_wconf 89' lang='lat' dir='ltr'><strong>indicet</strong></span> <span class='ocrx_word' id='word_1_393' title='bbox 2910 2033 3003 2088; x_wconf 91' lang='lat' dir='ltr'><strong>tibi</strong></span> <span class='ocrx_word' id='word_1_394' title='bbox 3036 2032 3063 2071; x_wconf 65' lang='grc' dir='ltr'>δ</span> <span class='ocrx_word' id='word_1_395' title='bbox 3092 2033 3220 2105; x_wconf 90' lang='lat' dir='ltr'><strong>quid</strong></span> <span class='ocrx_word' id='word_1_396' title='bbox 3270 2033 3539 2103; x_wconf 84' lang='lat' dir='ltr'><strong>significet</strong></span> <span class='ocrx_word' id='word_1_397' title='bbox 3570 2048 3698 2103; x_wconf 90' lang='lat' dir='ltr'><strong>pro-</strong></span> 
     </span>
    </p>
   </div>
   <div class='ocr_carea' id='block_1_50' title="bbox 2097 2122 3697 2194">
    <p class='ocr_par' dir='ltr' id='par_1_50' title="bbox 2097 2122 3697 2194">
     <span class='ocr_line' id='line_1_50' title="bbox 2097 2122 3697 2194; baseline 0.003 -17"><span class='ocrx_word' id='word_1_398' title='bbox 2097 2122 2297 2179; x_wconf 89' lang='lat' dir='ltr'><strong>blema.</strong></span> <span class='ocrx_word' id='word_1_399' title='bbox 2324 2123 2477 2192; x_wconf 84' lang='lat' dir='ltr'><strong>Quod</strong></span> <span class='ocrx_word' id='word_1_400' title='bbox 2500 2124 2545 2178; x_wconf 87' lang='lat' dir='ltr'><strong>si</strong></span> <span class='ocrx_word' id='word_1_401' title='bbox 2570 2124 2748 2180; x_wconf 88' lang='lat' dir='ltr'><strong>facere</strong></span> <span class='ocrx_word' id='word_1_402' title='bbox 2786 2125 3023 2180; x_wconf 91' lang='lat' dir='ltr'><strong>nolueris</strong></span> <span class='ocrx_word' id='word_1_403' title='bbox 3045 2171 3059 2194; x_wconf 90' lang='lat'><strong>,</strong></span> <span class='ocrx_word' id='word_1_404' title='bbox 3117 2127 3471 2182; x_wconf 90' lang='lat' dir='ltr'><strong>incendemus</strong></span> <span class='ocrx_word' id='word_1_405' title='bbox 3501 2133 3552 2182; x_wconf 92' lang='lat' dir='ltr'><strong>te</strong></span> <span class='ocrx_word' id='word_1_406' title='bbox 3577 2168 3592 2191; x_wconf 94' lang='lat'><strong>,</strong></span> <span class='ocrx_word' id='word_1_407' title='bbox 3638 2134 3697 2182; x_wconf 91' lang='lat' dir='ltr'><strong>ct</strong></span> 
     </span>
    </p>
   </div>
   <div class='ocr_carea' id='block_1_51' title="bbox 2095 2215 3696 2290">
    <p class='ocr_par' dir='ltr' id='par_1_51' title="bbox 2095 2215 3696 2290">
     <span class='ocr_line' id='line_1_51' title="bbox 2095 2215 3696 2290; baseline 0.001 -19"><span class='ocrx_word' id='word_1_408' title='bbox 2095 2215 2313 2271; x_wconf 90' lang='lat' dir='ltr'><strong>domum</strong></span> <span class='ocrx_word' id='word_1_409' title='bbox 2342 2217 2511 2287; x_wconf 89' lang='lat' dir='ltr'><strong>patris</strong></span> <span class='ocrx_word' id='word_1_410' title='bbox 2538 2219 2633 2272; x_wconf 92' lang='lat' dir='ltr'><strong>tui.</strong></span> <span class='ocrx_word' id='word_1_411' title='bbox 2658 2217 2739 2272; x_wconf 87' lang='lat' dir='ltr'><strong>An</strong></span> <span class='ocrx_word' id='word_1_412' title='bbox 2764 2218 2966 2274; x_wconf 91' lang='lat' dir='ltr'><strong>idcirco</strong></span> <span class='ocrx_word' id='word_1_413' title='bbox 2984 2234 3082 2274; x_wconf 93' lang='lat' dir='ltr'><strong>nos</strong></span> <span class='ocrx_word' id='word_1_414' title='bbox 3096 2222 3335 2275; x_wconf 89' lang='lat' dir='ltr'><strong>vocastis</strong></span> <span class='ocrx_word' id='word_1_415' title='bbox 3356 2219 3425 2274; x_wconf 90' lang='lat' dir='ltr'><strong>ad</strong></span> <span class='ocrx_word' id='word_1_416' title='bbox 3454 2219 3696 2290; x_wconf 88' lang='lat' dir='ltr'><strong>nuptias,</strong></span> 
     </span>
    </p>
   </div>
   <div class='ocr_carea' id='block_1_52' title="bbox 2097 2310 3693 2386">
    <p class='ocr_par' dir='ltr' id='par_1_52' title="bbox 2097 2310 3693 2386">
     <span class='ocr_line' id='line_1_52' title="bbox 2097 2310 3693 2386; baseline 0.003 -23"><span class='ocrx_word' id='word_1_417' title='bbox 2097 2318 2155 2363; x_wconf 94' lang='lat' dir='ltr'><strong>ut</strong></span> <span class='ocrx_word' id='word_1_418' title='bbox 2184 2310 2687 2380; x_wconf 77' lang='lat' dir='ltr'><strong>spoliaretis?Qua:</strong></span> <span class='ocrx_word' id='word_1_419' title='bbox 2741 2312 3002 2367; x_wconf 82' lang='lat' dir='ltr'><strong>fundebat</strong></span> <span class='ocrx_word' id='word_1_420' title='bbox 3048 2314 3191 2383; x_wconf 91' lang='lat' dir='ltr'><strong>apud</strong></span> <span class='ocrx_word' id='word_1_421' title='bbox 3236 2314 3463 2371; x_wconf 90' lang='lat' dir='ltr'><strong>Samson</strong></span> <span class='ocrx_word' id='word_1_422' title='bbox 3510 2315 3693 2386; x_wconf 87' lang='lat' dir='ltr'><strong>lacry-</strong></span> 
     </span>
    </p>
   </div>
   <div class='ocr_carea' id='block_1_53' title="bbox 2096 2406 3695 2479">
    <p class='ocr_par' dir='ltr' id='par_1_53' title="bbox 2096 2406 3695 2479">
     <span class='ocr_line' id='line_1_53' title="bbox 2096 2406 3695 2479; baseline 0.004 -21"><span class='ocrx_word' id='word_1_423' title='bbox 2096 2419 2232 2471; x_wconf 85' lang='lat' dir='ltr'><strong>mas,</strong></span> <span class='ocrx_word' id='word_1_424' title='bbox 2265 2412 2321 2460; x_wconf 87' lang='lat' dir='ltr'><strong>et</strong></span> <span class='ocrx_word' id='word_1_425' title='bbox 2340 2406 2671 2475; x_wconf 90' lang='lat' dir='ltr'><strong>querebatur</strong></span> <span class='ocrx_word' id='word_1_426' title='bbox 2690 2406 2874 2463; x_wconf 90' lang='lat' dir='ltr'><strong>dicens</strong></span> <span class='ocrx_word' id='word_1_427' title='bbox 2900 2426 2913 2462; x_wconf 93' lang='lat'>:</span> <span class='ocrx_word' id='word_1_428' title='bbox 2941 2407 3114 2463; x_wconf 87' lang='lat' dir='ltr'><strong>Odisti</strong></span> <span class='ocrx_word' id='word_1_429' title='bbox 3138 2423 3246 2475; x_wconf 90' lang='lat' dir='ltr'><strong>me,</strong></span> <span class='ocrx_word' id='word_1_430' title='bbox 3270 2418 3323 2465; x_wconf 90' lang='lat' dir='ltr'><strong>et</strong></span> <span class='ocrx_word' id='word_1_431' title='bbox 3350 2424 3455 2463; x_wconf 92' lang='lat' dir='ltr'><strong>non</strong></span> <span class='ocrx_word' id='word_1_432' title='bbox 3480 2408 3695 2479; x_wconf 89' lang='lat' dir='ltr'><strong>diligis:</strong></span> 
     </span>
    </p>
   </div>
   <div class='ocr_carea' id='block_1_54' title="bbox 2097 2497 3694 2574">
    <p class='ocr_par' dir='ltr' id='par_1_54' title="bbox 2097 2497 3694 2574">
     <span class='ocr_line' id='line_1_54' title="bbox 2097 2497 3694 2574; baseline 0.004 -22"><span class='ocrx_word' id='word_1_433' title='bbox 2097 2497 2303 2554; x_wconf 90' lang='lat' dir='ltr'><strong>idcirco</strong></span> <span class='ocrx_word' id='word_1_434' title='bbox 2329 2500 2631 2570; x_wconf 88' lang='lat' dir='ltr'><strong>problema,</strong></span> <span class='ocrx_word' id='word_1_435' title='bbox 2664 2502 2806 2572; x_wconf 90' lang='lat' dir='ltr'><strong>quod</strong></span> <span class='ocrx_word' id='word_1_436' title='bbox 2839 2504 3166 2573; x_wconf 70' lang='lat' dir='ltr'><strong>proposuisti</strong></span> <span class='ocrx_word' id='word_1_437' title='bbox 3198 2503 3327 2558; x_wconf 86' lang='lat' dir='ltr'><strong>ﬁliis</strong></span> <span class='ocrx_word' id='word_1_438' title='bbox 3353 2504 3536 2574; x_wconf 90' lang='lat' dir='ltr'><strong>p0puli</strong></span> <span class='ocrx_word' id='word_1_439' title='bbox 3564 2502 3694 2572; x_wconf 89' lang='lat' dir='ltr'><strong>mei,</strong></span> 
     </span>
    </p>
   </div>
   <div class='ocr_carea' id='block_1_55' title="bbox 2096 2593 3694 2665">
    <p class='ocr_par' dir='ltr' id='par_1_55' title="bbox 2096 2593 3694 2665">
     <span class='ocr_line' id='line_1_55' title="bbox 2096 2593 3694 2665; baseline 0.002 -19"><span class='ocrx_word' id='word_1_440' title='bbox 2096 2604 2201 2646; x_wconf 91' lang='lat' dir='ltr'><strong>non</strong></span> <span class='ocrx_word' id='word_1_441' title='bbox 2233 2593 2314 2646; x_wconf 90' lang='lat' dir='ltr'><strong>vis</strong></span> <span class='ocrx_word' id='word_1_442' title='bbox 2365 2594 2500 2649; x_wconf 80' lang='lat' dir='ltr'><strong>milii</strong></span> <span class='ocrx_word' id='word_1_443' title='bbox 2541 2609 2839 2665; x_wconf 83' lang='lat' dir='ltr'><strong>exponere.</strong></span> <span class='ocrx_word' id='word_1_444' title='bbox 2900 2596 2972 2649; x_wconf 87' lang='lat' dir='ltr'><strong>At</strong></span> <span class='ocrx_word' id='word_1_445' title='bbox 3013 2595 3103 2650; x_wconf 92' lang='lat' dir='ltr'><strong>ille</strong></span> <span class='ocrx_word' id='word_1_446' title='bbox 3154 2594 3487 2665; x_wconf 90' lang='lat' dir='ltr'><strong>respondit:</strong></span> <span class='ocrx_word' id='word_1_447' title='bbox 3540 2594 3694 2649; x_wconf 90' lang='lat' dir='ltr'><strong>Patri</strong></span> 
     </span>
    </p>
   </div>
   <div class='ocr_carea' id='block_1_56' title="bbox 2096 2688 3697 2759">
    <p class='ocr_par' dir='ltr' id='par_1_56' title="bbox 2096 2688 3697 2759">
     <span class='ocr_line' id='line_1_56' title="bbox 2096 2688 3697 2759; baseline -0.003 -12"><span class='ocrx_word' id='word_1_448' title='bbox 2096 2706 2219 2747; x_wconf 90' lang='lat' dir='ltr'><strong>meo</strong></span> <span class='ocrx_word' id='word_1_449' title='bbox 2260 2700 2314 2746; x_wconf 91' lang='lat' dir='ltr'><strong>et</strong></span> <span class='ocrx_word' id='word_1_450' title='bbox 2344 2693 2500 2745; x_wconf 91' lang='lat' dir='ltr'><strong>matri</strong></span> <span class='ocrx_word' id='word_1_451' title='bbox 2532 2690 2677 2744; x_wconf 93' lang='lat' dir='ltr'><strong>nolui</strong></span> <span class='ocrx_word' id='word_1_452' title='bbox 2700 2689 2904 2754; x_wconf 88' lang='lat' dir='ltr'><strong>dicere,</strong></span> <span class='ocrx_word' id='word_1_453' title='bbox 2952 2695 3009 2743; x_wconf 90' lang='lat' dir='ltr'><strong>et</strong></span> <span class='ocrx_word' id='word_1_454' title='bbox 3060 2688 3154 2743; x_wconf 91' lang='lat' dir='ltr'><strong>tibi</strong></span> <span class='ocrx_word' id='word_1_455' title='bbox 3188 2688 3430 2743; x_wconf 90' lang='lat' dir='ltr'><strong>indicare</strong></span> <span class='ocrx_word' id='word_1_456' title='bbox 3460 2688 3697 2759; x_wconf 83' lang='lat' dir='ltr'><strong>potero?</strong></span> 
     </span>
    </p>
   </div>
   <div class='ocr_carea' id='block_1_57' title="bbox 2098 2779 3695 2855">
    <p class='ocr_par' dir='ltr' id='par_1_57' title="bbox 2098 2779 3695 2855">
     <span class='ocr_line' id='line_1_57' title="bbox 2098 2779 3695 2855; baseline -0.003 -14"><span class='ocrx_word' id='word_1_457' title='bbox 2098 2784 2315 2855; x_wconf 89' lang='lat' dir='ltr'><strong>Septem</strong></span> <span class='ocrx_word' id='word_1_458' title='bbox 2376 2784 2535 2855; x_wconf 89' lang='lat' dir='ltr'><strong>igitur</strong></span> <span class='ocrx_word' id='word_1_459' title='bbox 2575 2783 2767 2838; x_wconf 90' lang='lat' dir='ltr'><strong>diebus</strong></span> <span class='ocrx_word' id='word_1_460' title='bbox 2816 2782 3052 2837; x_wconf 84' lang='lat' dir='ltr'><strong>convivii</strong></span> <span class='ocrx_word' id='word_1_461' title='bbox 3106 2781 3272 2837; x_wconf 86' lang='lat' dir='ltr'><strong>ﬂebat</strong></span> <span class='ocrx_word' id='word_1_462' title='bbox 3323 2782 3465 2852; x_wconf 89' lang='lat' dir='ltr'><strong>apud</strong></span> <span class='ocrx_word' id='word_1_463' title='bbox 3503 2779 3695 2854; x_wconf 83' lang='lat' dir='ltr'><strong>[Vulg.</strong></span> 
     </span>
    </p>
   </div>
   <div class='ocr_carea' id='block_1_58' title="bbox 2098 2875 3700 2949">
    <p class='ocr_par' dir='ltr' id='par_1_58' title="bbox 2098 2875 3700 2949">
     <span class='ocr_line' id='line_1_58' title="bbox 2098 2875 3700 2949; baseline 0.001 -17"><span class='ocrx_word' id='word_1_464' title='bbox 2098 2878 2244 2949; x_wconf 81' lang='lat' dir='ltr'><strong>ante]</strong></span> <span class='ocrx_word' id='word_1_465' title='bbox 2277 2893 2398 2933; x_wconf 91' lang='lat' dir='ltr'><strong>eum</strong></span> <span class='ocrx_word' id='word_1_466' title='bbox 2434 2894 2447 2931; x_wconf 89' lang='lat'><strong><em>:</em></strong></span> <span class='ocrx_word' id='word_1_467' title='bbox 2485 2875 2811 2948; x_wconf 90' lang='lat' dir='ltr'><strong>tandemque</strong></span> <span class='ocrx_word' id='word_1_468' title='bbox 2838 2876 2931 2931; x_wconf 88' lang='lat' dir='ltr'><strong>die</strong></span> <span class='ocrx_word' id='word_1_469' title='bbox 2957 2876 3189 2946; x_wconf 91' lang='lat' dir='ltr'><strong>septimo</strong></span> <span class='ocrx_word' id='word_1_470' title='bbox 3216 2891 3337 2931; x_wconf 89' lang='lat' dir='ltr'><strong>cum</strong></span> <span class='ocrx_word' id='word_1_471' title='bbox 3385 2877 3433 2931; x_wconf 90' lang='lat' dir='ltr'><strong>ei</strong></span> <span class='ocrx_word' id='word_1_472' title='bbox 3466 2875 3700 2933; x_wconf 80' lang='lat' dir='ltr'><strong>molesta</strong></span> 
     </span>
    </p>
   </div>
   <div class='ocr_carea' id='block_1_59' title="bbox 2097 2968 3698 3039">
    <p class='ocr_par' dir='ltr' id='par_1_59' title="bbox 2097 2968 3698 3039">
     <span class='ocr_line' id='line_1_59' title="bbox 2097 2968 3698 3039; baseline -0.002 -12"><span class='ocrx_word' id='word_1_473' title='bbox 2097 2981 2264 3037; x_wconf 89' lang='lat' dir='ltr'><strong>esset,</strong></span> <span class='ocrx_word' id='word_1_474' title='bbox 2291 2971 2560 3039; x_wconf 70' lang='lat' dir='ltr'><strong>eXposuit.</strong></span> <span class='ocrx_word' id='word_1_475' title='bbox 2593 2970 2724 3037; x_wconf 85' lang='lat' dir='ltr'><strong>Quae</strong></span> <span class='ocrx_word' id='word_1_476' title='bbox 2766 2971 2950 3024; x_wconf 89' lang='lat' dir='ltr'><strong>statim</strong></span> <span class='ocrx_word' id='word_1_477' title='bbox 2999 2969 3260 3025; x_wconf 87' lang='lat' dir='ltr'><strong>indicavit</strong></span> <span class='ocrx_word' id='word_1_478' title='bbox 3304 2968 3513 3024; x_wconf 85' lang='lat' dir='ltr'><strong>civibus</strong></span> <span class='ocrx_word' id='word_1_479' title='bbox 3560 2968 3698 3024; x_wconf 91' lang='lat' dir='ltr'><strong>suis.</strong></span> 
     </span>
    </p>
   </div>
   <div class='ocr_carea' id='block_1_60' title="bbox 2101 3060 3698 3131">
    <p class='ocr_par' dir='ltr' id='par_1_60' title="bbox 2101 3060 3698 3131">
     <span class='ocr_line' id='line_1_60' title="bbox 2101 3060 3698 3131; baseline -0.002 -14"><span class='ocrx_word' id='word_1_480' title='bbox 2101 3064 2160 3117; x_wconf 81' lang='lat' dir='ltr'><strong>Et</strong></span> <span class='ocrx_word' id='word_1_481' title='bbox 2185 3064 2262 3118; x_wconf 93' lang='lat' dir='ltr'><strong>illi</strong></span> <span class='ocrx_word' id='word_1_482' title='bbox 2291 3062 2546 3118; x_wconf 82' lang='lat' dir='ltr'><strong>dixerunt</strong></span> <span class='ocrx_word' id='word_1_483' title='bbox 2575 3063 2623 3117; x_wconf 91' lang='lat' dir='ltr'><strong>ci</strong></span> <span class='ocrx_word' id='word_1_484' title='bbox 2653 3062 2742 3117; x_wconf 90' lang='lat' dir='ltr'><strong>die</strong></span> <span class='ocrx_word' id='word_1_485' title='bbox 2766 3062 2999 3131; x_wconf 90' lang='lat' dir='ltr'><strong>septimo</strong></span> <span class='ocrx_word' id='word_1_486' title='bbox 3031 3069 3158 3116; x_wconf 89' lang='lat' dir='ltr'><strong>ante</strong></span> <span class='ocrx_word' id='word_1_487' title='bbox 3189 3060 3320 3115; x_wconf 91' lang='lat' dir='ltr'><strong>solis</strong></span> <span class='ocrx_word' id='word_1_488' title='bbox 3345 3060 3651 3115; x_wconf 89' lang='lat' dir='ltr'><strong>occuhitum</strong></span> <span class='ocrx_word' id='word_1_489' title='bbox 3680 3075 3698 3114; x_wconf 88' lang='lat'><strong>:</strong></span> 
     </span>
    </p>
   </div>
   <div class='ocr_carea' id='block_1_61' title="bbox 2098 3154 3699 3227">
    <p class='ocr_par' dir='ltr' id='par_1_61' title="bbox 2098 3154 3699 3227">
     <span class='ocr_line' id='line_1_61' title="bbox 2098 3154 3699 3227; baseline -0.002 -15"><span class='ocrx_word' id='word_1_490' title='bbox 2098 3157 2236 3226; x_wconf 83' lang='lat' dir='ltr'><strong>Quid</strong></span> <span class='ocrx_word' id='word_1_491' title='bbox 2270 3157 2485 3212; x_wconf 90' lang='lat' dir='ltr'><strong>dulcius</strong></span> <span class='ocrx_word' id='word_1_492' title='bbox 2524 3156 2709 3223; x_wconf 89' lang='lat' dir='ltr'><strong>melle,</strong></span> <span class='ocrx_word' id='word_1_493' title='bbox 2743 3166 2797 3211; x_wconf 92' lang='lat' dir='ltr'><strong>et</strong></span> <span class='ocrx_word' id='word_1_494' title='bbox 2840 3155 2968 3227; x_wconf 90' lang='lat' dir='ltr'><strong>quid</strong></span> <span class='ocrx_word' id='word_1_495' title='bbox 3000 3156 3157 3210; x_wconf 90' lang='lat' dir='ltr'><strong>leone</strong></span> <span class='ocrx_word' id='word_1_496' title='bbox 3190 3154 3425 3209; x_wconf 83' lang='lat' dir='ltr'><strong>fortius?</strong></span> <span class='ocrx_word' id='word_1_497' title='bbox 3480 3154 3580 3221; x_wconf 91' lang='lat' dir='ltr'><strong>Qui</strong></span> <span class='ocrx_word' id='word_1_498' title='bbox 3622 3154 3699 3209; x_wconf 87' lang='lat' dir='ltr'><strong>ait</strong></span> 
     </span>
    </p>
   </div>
   <div class='ocr_carea' id='block_1_62' title="bbox 389 3240 3697 3315">
    <p class='ocr_par' dir='ltr' id='par_1_62' title="bbox 389 3240 3697 3315">
     <span class='ocr_line' id='line_1_62' title="bbox 389 3240 3697 3315; baseline -0.003 -18"><span class='ocrx_word' id='word_1_499' title='bbox 389 3244 471 3297; x_wconf 78' lang='grc' dir='ltr'><strong>ἀὶι</strong></span> <span class='ocrx_word' id='word_1_500' title='bbox 503 3241 638 3313; x_wconf 69' lang='lat' dir='ltr'><strong>suae]</strong></span> <span class='ocrx_word' id='word_1_501' title='bbox 664 3285 680 3308; x_wconf 87' lang='lat'><strong>,</strong></span> <span class='ocrx_word' id='word_1_502' title='bbox 714 3242 941 3299; x_wconf 86' lang='lat' dir='ltr'><strong>dicens:</strong></span> <span class='ocrx_word' id='word_1_503' title='bbox 992 3242 1114 3297; x_wconf 76' lang='lat' dir='ltr'><strong>Vidi</strong></span> <span class='ocrx_word' id='word_1_504' title='bbox 1151 3242 1433 3297; x_wconf 74' lang='lat' dir='ltr'><strong>mulierem</strong></span> <span class='ocrx_word' id='word_1_505' title='bbox 1466 3242 1516 3295; x_wconf 91' lang='lat' dir='ltr'><strong>in</strong></span> <span class='ocrx_word' id='word_1_506' title='bbox 1542 3241 1880 3295; x_wconf 81' lang='lat' dir='ltr'><strong>Thamnatlta</strong></span> <span class='ocrx_word' id='word_1_507' title='bbox 1924 3240 1991 3296; x_wconf 91' lang='lat' dir='ltr'><strong>de</strong></span> <span class='ocrx_word' id='word_1_508' title='bbox 2020 3252 2066 3315; x_wconf 71' lang='grc' dir='ltr'>Ο</span> <span class='ocrx_word' id='word_1_509' title='bbox 2096 3251 2164 3305; x_wconf 76' lang='lat' dir='ltr'><strong>ad</strong></span> <span class='ocrx_word' id='word_1_510' title='bbox 2194 3264 2288 3305; x_wconf 84' lang='lat' dir='ltr'><strong>eos</strong></span> <span class='ocrx_word' id='word_1_511' title='bbox 2314 3267 2327 3306; x_wconf 85' lang='grc'>;</span> <span class='ocrx_word' id='word_1_512' title='bbox 2366 3247 2421 3304; x_wconf 81' lang='lat' dir='ltr'><strong>Si</strong></span> <span class='ocrx_word' id='word_1_513' title='bbox 2450 3264 2555 3303; x_wconf 86' lang='lat' dir='ltr'><strong>non</strong></span> <span class='ocrx_word' id='word_1_514' title='bbox 2585 3246 2844 3302; x_wconf 76' lang='lat' dir='ltr'><strong>arassctis</strong></span> <span class='ocrx_word' id='word_1_515' title='bbox 2876 3246 2929 3301; x_wconf 77' lang='lat' dir='ltr'><strong>in</strong></span> <span class='ocrx_word' id='word_1_516' title='bbox 2953 3247 3118 3301; x_wconf 74' lang='lat' dir='ltr'><strong>vitula</strong></span> <span class='ocrx_word' id='word_1_517' title='bbox 3148 3262 3289 3313; x_wconf 63' lang='lat' dir='ltr'><strong>mea,</strong></span> <span class='ocrx_word' id='word_1_518' title='bbox 3319 3262 3424 3301; x_wconf 83' lang='lat' dir='ltr'><strong>non</strong></span> <span class='ocrx_word' id='word_1_519' title='bbox 3456 3247 3697 3301; x_wconf 76' lang='lat' dir='ltr'><strong>invenis-</strong></span> 
     </span>
    </p>
   </div>
   <div class='ocr_carea' id='block_1_63' title="bbox 390 3332 1993 3403">
    <p class='ocr_par' dir='ltr' id='par_1_63' title="bbox 390 3332 1993 3403">
     <span class='ocr_line' id='line_1_63' title="bbox 390 3332 1993 3403; baseline -0.003 -13"><span class='ocrx_word' id='word_1_520' title='bbox 390 3334 609 3390; x_wconf 80' lang='lat' dir='ltr'><strong>filiabus</strong></span> <span class='ocrx_word' id='word_1_521' title='bbox 649 3333 1134 3400; x_wconf 87' lang='lat' dir='ltr'><strong>Philisthinorum;</strong></span> <span class='ocrx_word' id='word_1_522' title='bbox 1177 3348 1371 3403; x_wconf 89' lang='lat' dir='ltr'><strong>quam,</strong></span> <span class='ocrx_word' id='word_1_523' title='bbox 1409 3348 1613 3403; x_wconf 86' lang='lat' dir='ltr'><strong>quaeso,</strong></span> <span class='ocrx_word' id='word_1_524' title='bbox 1639 3341 1697 3386; x_wconf 87' lang='lat' dir='ltr'><strong>ut</strong></span> <span class='ocrx_word' id='word_1_525' title='bbox 1742 3332 1874 3387; x_wconf 90' lang='lat' dir='ltr'><strong>mihi</strong></span> <span class='ocrx_word' id='word_1_526' title='bbox 1903 3346 1993 3386; x_wconf 89' lang='lat' dir='ltr'><strong>ac-</strong></span> 
     </span>
    </p>
   </div>
   <div class='ocr_carea' id='block_1_64' title="bbox 392 3425 1990 3498">
    <p class='ocr_par' dir='ltr' id='par_1_64' title="bbox 392 3425 1990 3498">
     <span class='ocr_line' id='line_1_64' title="bbox 392 3425 1990 3498; baseline -0.003 -15"><span class='ocrx_word' id='word_1_527' title='bbox 392 3428 610 3498; x_wconf 90' lang='lat' dir='ltr'><strong>cipiatis</strong></span> <span class='ocrx_word' id='word_1_528' title='bbox 642 3443 890 3484; x_wconf 81' lang='lat' dir='ltr'><strong>uxorem.</strong></span> <span class='ocrx_word' id='word_1_529' title='bbox 920 3425 1015 3483; x_wconf 89' lang='lat' dir='ltr'><strong>Cui</strong></span> <span class='ocrx_word' id='word_1_530' title='bbox 1043 3427 1298 3482; x_wconf 81' lang='lat' dir='ltr'><strong>dix&#39;erunt</strong></span> <span class='ocrx_word' id='word_1_531' title='bbox 1329 3436 1481 3496; x_wconf 88' lang='lat' dir='ltr'><strong>pater</strong></span> <span class='ocrx_word' id='word_1_532' title='bbox 1527 3435 1582 3481; x_wconf 88' lang='lat' dir='ltr'><strong>et</strong></span> <span class='ocrx_word' id='word_1_533' title='bbox 1638 3432 1811 3480; x_wconf 89' lang='lat' dir='ltr'><strong>mater</strong></span> <span class='ocrx_word' id='word_1_534' title='bbox 1852 3438 1990 3479; x_wconf 81' lang='lat' dir='ltr'><strong>sua:</strong></span> 
     </span>
    </p>
   </div>
   <div class='ocr_carea' id='block_1_65' title="bbox 392 3519 1993 3593">
    <p class='ocr_par' dir='ltr' id='par_1_65' title="bbox 392 3519 1993 3593">
     <span class='ocr_line' id='line_1_65' title="bbox 392 3519 1993 3593; baseline -0.004 -13"><span class='ocrx_word' id='word_1_535' title='bbox 392 3522 665 3593; x_wconf 85' lang='lat' dir='ltr'><strong>Numquid</strong></span> <span class='ocrx_word' id='word_1_536' title='bbox 689 3538 793 3578; x_wconf 91' lang='lat' dir='ltr'><strong>non</strong></span> <span class='ocrx_word' id='word_1_537' title='bbox 830 3533 914 3578; x_wconf 90' lang='lat' dir='ltr'><strong>est</strong></span> <span class='ocrx_word' id='word_1_538' title='bbox 937 3521 1133 3577; x_wconf 87' lang='lat' dir='ltr'><strong>mulier</strong></span> <span class='ocrx_word' id='word_1_539' title='bbox 1154 3521 1210 3576; x_wconf 91' lang='lat' dir='ltr'><strong>in</strong></span> <span class='ocrx_word' id='word_1_540' title='bbox 1239 3520 1450 3576; x_wconf 87' lang='lat' dir='ltr'><strong>filiabus</strong></span> <span class='ocrx_word' id='word_1_541' title='bbox 1479 3519 1704 3574; x_wconf 82' lang='lat' dir='ltr'><strong>fratrum</strong></span> <span class='ocrx_word' id='word_1_542' title='bbox 1738 3529 1948 3574; x_wconf 89' lang='lat' dir='ltr'><strong>tuorum</strong></span> <span class='ocrx_word' id='word_1_543' title='bbox 1978 3560 1993 3585; x_wconf 95' lang='lat'><strong>,</strong></span> 
     </span>
    </p>
   </div>
   <div class='ocr_carea' id='block_1_66' title="bbox 392 3613 1996 3685">
    <p class='ocr_par' dir='ltr' id='par_1_66' title="bbox 392 3613 1996 3685">
     <span class='ocr_line' id='line_1_66' title="bbox 392 3613 1996 3685; baseline -0.004 -13"><span class='ocrx_word' id='word_1_544' title='bbox 392 3625 450 3672; x_wconf 90' lang='lat' dir='ltr'><strong>et</strong></span> <span class='ocrx_word' id='word_1_545' title='bbox 477 3616 530 3670; x_wconf 94' lang='lat' dir='ltr'><strong>in</strong></span> <span class='ocrx_word' id='word_1_546' title='bbox 551 3614 700 3670; x_wconf 91' lang='lat' dir='ltr'><strong>omni</strong></span> <span class='ocrx_word' id='word_1_547' title='bbox 730 3614 929 3685; x_wconf 88' lang='lat' dir='ltr'><strong>populo</strong></span> <span class='ocrx_word' id='word_1_548' title='bbox 959 3621 985 3652; x_wconf 76' lang='grc' dir='ltr'><strong>ει</strong></span> <span class='ocrx_word' id='word_1_549' title='bbox 1010 3623 1102 3670; x_wconf 91' lang='lat' dir='ltr'><strong>tuo</strong></span> <span class='ocrx_word' id='word_1_550' title='bbox 1127 3656 1142 3682; x_wconf 98' lang='lat'><strong>,</strong></span> <span class='ocrx_word' id='word_1_551' title='bbox 1166 3615 1293 3685; x_wconf 87' lang='lat' dir='ltr'><strong>quia</strong></span> <span class='ocrx_word' id='word_1_552' title='bbox 1326 3615 1407 3669; x_wconf 87' lang='lat' dir='ltr'><strong>vis</strong></span> <span class='ocrx_word' id='word_1_553' title='bbox 1461 3613 1715 3682; x_wconf 87' lang='lat' dir='ltr'><strong>accipere</strong></span> <span class='ocrx_word' id='word_1_554' title='bbox 1769 3626 1996 3667; x_wconf 84' lang='lat' dir='ltr'><strong>uxorem</strong></span> 
     </span>
    </p>
   </div>
   <div class='ocr_carea' id='block_1_67' title="bbox 394 3701 1996 3779">
    <p class='ocr_par' dir='ltr' id='par_1_67' title="bbox 394 3701 1996 3779">
     <span class='ocr_line' id='line_1_67' title="bbox 394 3701 1996 3779; baseline -0.005 -14"><span class='ocrx_word' id='word_1_555' title='bbox 394 3709 466 3765; x_wconf 89' lang='lat' dir='ltr'><strong>dc</strong></span> <span class='ocrx_word' id='word_1_556' title='bbox 492 3709 804 3764; x_wconf 78' lang='lat' dir='ltr'><strong>PItiliStliim</strong></span> <span class='ocrx_word' id='word_1_557' title='bbox 831 3749 847 3775; x_wconf 93' lang='lat'><strong>,</strong></span> <span class='ocrx_word' id='word_1_558' title='bbox 907 3708 1000 3779; x_wconf 87' lang='lat' dir='ltr'><strong>qui</strong></span> <span class='ocrx_word' id='word_1_559' title='bbox 1042 3706 1406 3762; x_wconf 89' lang='lat' dir='ltr'><strong>incircumcisi</strong></span> <span class='ocrx_word' id='word_1_560' title='bbox 1436 3716 1582 3762; x_wconf 86' lang='lat' dir='ltr'><strong>sunt.</strong></span> <span class='ocrx_word' id='word_1_561' title='bbox 1618 3705 1699 3779; x_wconf 72' lang='lat' dir='ltr'><strong>lC.</strong></span> <span class='ocrx_word' id='word_1_562' title='bbox 1734 3701 1996 3773; x_wconf 45' lang='lat' dir='ltr'><strong>XLVIIIQI</strong></span> 
     </span>
    </p>
   </div>
   <div class='ocr_carea' id='block_1_68' title="bbox 398 3799 1997 3873">
    <p class='ocr_par' dir='ltr' id='par_1_68' title="bbox 398 3799 1997 3873">
     <span class='ocr_line' id='line_1_68' title="bbox 398 3799 1997 3873; baseline -0.003 -15"><span class='ocrx_word' id='word_1_563' title='bbox 398 3802 655 3873; x_wconf 79' lang='lat' dir='ltr'><strong>Dixitque</strong></span> <span class='ocrx_word' id='word_1_564' title='bbox 694 3800 926 3857; x_wconf 86' lang='lat' dir='ltr'><strong>Samson</strong></span> <span class='ocrx_word' id='word_1_565' title='bbox 964 3799 1033 3854; x_wconf 88' lang='lat' dir='ltr'><strong>ad</strong></span> <span class='ocrx_word' id='word_1_566' title='bbox 1064 3812 1272 3870; x_wconf 85' lang='lat' dir='ltr'><strong>patrem</strong></span> <span class='ocrx_word' id='word_1_567' title='bbox 1303 3815 1458 3855; x_wconf 89' lang='lat' dir='ltr'><strong>suum</strong></span> <span class='ocrx_word' id='word_1_568' title='bbox 1491 3800 1677 3857; x_wconf 85' lang='lat' dir='ltr'><strong>:llanc</strong></span> <span class='ocrx_word' id='word_1_569' title='bbox 1722 3799 1855 3854; x_wconf 89' lang='lat' dir='ltr'><strong>mihi</strong></span> <span class='ocrx_word' id='word_1_570' title='bbox 1903 3814 1997 3853; x_wconf 92' lang='lat' dir='ltr'><strong>ac-</strong></span> 
     </span>
    </p>
   </div>
   <div class='ocr_carea' id='block_1_69' title="bbox 394 3893 1999 3967">
    <p class='ocr_par' dir='ltr' id='par_1_69' title="bbox 394 3893 1999 3967">
     <span class='ocr_line' id='line_1_69' title="bbox 394 3893 1999 3967; baseline -0.003 -16"><span class='ocrx_word' id='word_1_571' title='bbox 394 3898 539 3967; x_wconf 89' lang='lat' dir='ltr'><strong>cipe,</strong></span> <span class='ocrx_word' id='word_1_572' title='bbox 567 3896 692 3966; x_wconf 85' lang='lat' dir='ltr'><strong>quia</strong></span> <span class='ocrx_word' id='word_1_573' title='bbox 724 3896 929 3967; x_wconf 87' lang='lat' dir='ltr'><strong>placuit</strong></span> <span class='ocrx_word' id='word_1_574' title='bbox 950 3894 1123 3951; x_wconf 92' lang='lat' dir='ltr'><strong>oculis</strong></span> <span class='ocrx_word' id='word_1_575' title='bbox 1154 3895 1312 3950; x_wconf 90' lang='lat' dir='ltr'><strong>meis.</strong></span> <span class='ocrx_word' id='word_1_576' title='bbox 1352 3894 1620 3949; x_wconf 85' lang='lat' dir='ltr'><strong>Parentes</strong></span> <span class='ocrx_word' id='word_1_577' title='bbox 1666 3901 1847 3949; x_wconf 90' lang='lat' dir='ltr'><strong>autem</strong></span> <span class='ocrx_word' id='word_1_578' title='bbox 1880 3893 1999 3962; x_wconf 84' lang='lat' dir='ltr'><strong>ejus</strong></span> 
     </span>
    </p>
   </div>
   <div class='ocr_carea' id='block_1_70' title="bbox 398 3988 2001 4059">
    <p class='ocr_par' dir='ltr' id='par_1_70' title="bbox 398 3988 2001 4059">
     <span class='ocr_line' id='line_1_70' title="bbox 398 3988 2001 4059; baseline -0.002 -15"><span class='ocrx_word' id='word_1_579' title='bbox 398 3990 719 4045; x_wconf 89' lang='lat' dir='ltr'><strong>nesciebant</strong></span> <span class='ocrx_word' id='word_1_580' title='bbox 746 3988 888 4059; x_wconf 90' lang='lat' dir='ltr'><strong>quod</strong></span> <span class='ocrx_word' id='word_1_581' title='bbox 917 4003 1007 4044; x_wconf 90' lang='lat' dir='ltr'><strong>res</strong></span> <span class='ocrx_word' id='word_1_582' title='bbox 1026 4003 1056 4042; x_wconf 91' lang='lat' dir='ltr'><strong>a</strong></span> <span class='ocrx_word' id='word_1_583' title='bbox 1093 3988 1326 4043; x_wconf 91' lang='lat' dir='ltr'><strong>Domino</strong></span> <span class='ocrx_word' id='word_1_584' title='bbox 1352 3988 1528 4052; x_wconf 84' lang='lat' dir='ltr'><strong>ﬁeret,</strong></span> <span class='ocrx_word' id='word_1_585' title='bbox 1548 3996 1603 4041; x_wconf 90' lang='lat' dir='ltr'><strong>et</strong></span> <span class='ocrx_word' id='word_1_586' title='bbox 1622 3995 2001 4057; x_wconf 85' lang='lat' dir='ltr'><strong>quaereretoc-</strong></span> 
     </span>
    </p>
   </div>
   <div class='ocr_carea' id='block_1_71' title="bbox 402 4079 2004 4148">
    <p class='ocr_par' dir='ltr' id='par_1_71' title="bbox 402 4079 2004 4148">
     <span class='ocr_line' id='line_1_71' title="bbox 402 4079 2004 4148; baseline -0.005 -9"><span class='ocrx_word' id='word_1_587' title='bbox 402 4085 680 4139; x_wconf 90' lang='lat' dir='ltr'><strong>casionem</strong></span> <span class='ocrx_word' id='word_1_588' title='bbox 713 4092 903 4137; x_wconf 91' lang='lat' dir='ltr'><strong>contra</strong></span> <span class='ocrx_word' id='word_1_589' title='bbox 930 4081 1263 4136; x_wconf 90' lang='lat' dir='ltr'><strong>Philisthim.</strong></span> <span class='ocrx_word' id='word_1_590' title='bbox 1298 4080 1381 4135; x_wconf 87' lang='lat' dir='ltr'><strong>Eo</strong></span> <span class='ocrx_word' id='word_1_591' title='bbox 1422 4081 1568 4135; x_wconf 90' lang='lat' dir='ltr'><strong>enim</strong></span> <span class='ocrx_word' id='word_1_592' title='bbox 1596 4091 1844 4148; x_wconf 90' lang='lat' dir='ltr'><strong>tempore</strong></span> <span class='ocrx_word' id='word_1_593' title='bbox 1872 4079 2004 4133; x_wconf 85' lang='lat' dir='ltr'><strong>Phi-</strong></span> 
     </span>
    </p>
   </div>
   <div class='ocr_carea' id='block_1_72' title="bbox 400 4174 2004 4244">
    <p class='ocr_par' dir='ltr' id='par_1_72' title="bbox 400 4174 2004 4244">
     <span class='ocr_line' id='line_1_72' title="bbox 400 4174 2004 4244; baseline -0.004 -10"><span class='ocrx_word' id='word_1_594' title='bbox 400 4177 611 4234; x_wconf 89' lang='lat' dir='ltr'><strong>listhim</strong></span> <span class='ocrx_word' id='word_1_595' title='bbox 642 4176 1065 4232; x_wconf 88' lang='lat' dir='ltr'><strong>dominabantur</strong></span> <span class='ocrx_word' id='word_1_596' title='bbox 1086 4175 1295 4231; x_wconf 87' lang='lat' dir='ltr'><strong>Israeli.</strong></span> <span class='ocrx_word' id='word_1_597' title='bbox 1326 4174 1817 4244; x_wconf 88' lang='lat' dir='ltr'><strong>Descendititaquc</strong></span> <span class='ocrx_word' id='word_1_598' title='bbox 1850 4174 2004 4229; x_wconf 89' lang='lat' dir='ltr'><strong>Sam-</strong></span> 
     </span>
    </p>
   </div>
   <div class='ocr_carea' id='block_1_73' title="bbox 406 4248 2000 4341">
    <p class='ocr_par' dir='ltr' id='par_1_73' title="bbox 406 4248 2000 4341">
     <span class='ocr_line' id='line_1_73' title="bbox 406 4248 2000 4341; baseline -0.003 -14"><span class='ocrx_word' id='word_1_599' title='bbox 406 4286 508 4328; x_wconf 93' lang='lat' dir='ltr'><strong>son</strong></span> <span class='ocrx_word' id='word_1_600' title='bbox 531 4287 654 4326; x_wconf 89' lang='lat' dir='ltr'><strong>cum</strong></span> <span class='ocrx_word' id='word_1_601' title='bbox 680 4248 830 4341; x_wconf 78' lang='lat' dir='ltr'><strong>patre</strong></span> <span class='ocrx_word' id='word_1_602' title='bbox 855 4285 955 4325; x_wconf 88' lang='lat' dir='ltr'><strong>suo</strong></span> <span class='ocrx_word' id='word_1_603' title='bbox 979 4280 1033 4324; x_wconf 90' lang='lat' dir='ltr'><strong>et</strong></span> <span class='ocrx_word' id='word_1_604' title='bbox 1065 4278 1236 4324; x_wconf 88' lang='lat' dir='ltr'><strong>matre</strong></span> <span class='ocrx_word' id='word_1_605' title='bbox 1272 4270 1323 4323; x_wconf 90' lang='lat' dir='ltr'><strong>in</strong></span> <span class='ocrx_word' id='word_1_606' title='bbox 1354 4267 1721 4322; x_wconf 87' lang='lat' dir='ltr'><strong>Thamnatha.</strong></span> <span class='ocrx_word' id='word_1_607' title='bbox 1753 4267 2000 4336; x_wconf 88' lang='lat' dir='ltr'><strong>Cumque</strong></span> 
     </span>
    </p>
   </div>
   <div class='ocr_carea' id='block_1_74' title="bbox 397 4359 2003 4432">
    <p class='ocr_par' dir='ltr' id='par_1_74' title="bbox 397 4359 2003 4432">
     <span class='ocr_line' id='line_1_74' title="bbox 397 4359 2003 4432; baseline -0.001 -14"><span class='ocrx_word' id='word_1_608' title='bbox 397 4365 679 4419; x_wconf 87' lang='lat' dir='ltr'><strong>venissent</strong></span> <span class='ocrx_word' id='word_1_609' title='bbox 700 4363 765 4417; x_wconf 89' lang='lat' dir='ltr'><strong>ad</strong></span> <span class='ocrx_word' id='word_1_610' title='bbox 797 4363 982 4417; x_wconf 87' lang='lat' dir='ltr'><strong>vineas</strong></span> <span class='ocrx_word' id='word_1_611' title='bbox 1013 4361 1197 4432; x_wconf 84' lang='lat' dir='ltr'><strong>oppidi</strong></span> <span class='ocrx_word' id='word_1_612' title='bbox 1230 4403 1244 4427; x_wconf 93' lang='lat'><strong>,</strong></span> <span class='ocrx_word' id='word_1_613' title='bbox 1288 4361 1544 4430; x_wconf 87' lang='lat' dir='ltr'><strong>apparuit</strong></span> <span class='ocrx_word' id='word_1_614' title='bbox 1585 4362 1796 4416; x_wconf 86' lang='lat' dir='ltr'><strong>catulus</strong></span> <span class='ocrx_word' id='word_1_615' title='bbox 1829 4359 2003 4416; x_wconf 90' lang='lat' dir='ltr'><strong>leonis</strong></span> 
     </span>
    </p>
   </div>
   <div class='ocr_carea' id='block_1_75' title="bbox 400 4452 2005 4526">
    <p class='ocr_par' dir='ltr' id='par_1_75' title="bbox 400 4452 2005 4526">
     <span class='ocr_line' id='line_1_75' title="bbox 400 4452 2005 4526; baseline -0.002 -15"><span class='ocrx_word' id='word_1_616' title='bbox 400 4472 597 4524; x_wconf 67' lang='lat' dir='ltr'><strong>srevus,</strong></span> <span class='ocrx_word' id='word_1_617' title='bbox 616 4457 857 4526; x_wconf 85' lang='lat' dir='ltr'><strong>rugiens,</strong></span> <span class='ocrx_word' id='word_1_618' title='bbox 881 4466 935 4511; x_wconf 87' lang='lat' dir='ltr'><strong>et</strong></span> <span class='ocrx_word' id='word_1_619' title='bbox 957 4456 1192 4510; x_wconf 90' lang='lat' dir='ltr'><strong>occurrit</strong></span> <span class='ocrx_word' id='word_1_620' title='bbox 1212 4455 1284 4510; x_wconf 91' lang='lat' dir='ltr'><strong>ei.</strong></span> <span class='ocrx_word' id='word_1_621' title='bbox 1308 4453 1391 4526; x_wconf 26' lang='grc' dir='ltr'><strong>[ιϐ.</strong></span> <span class='ocrx_word' id='word_1_622' title='bbox 1410 4452 1625 4524; x_wconf 83' lang='lat' dir='ltr'><strong>XLIX.J</strong></span> <span class='ocrx_word' id='word_1_623' title='bbox 1648 4454 1809 4508; x_wconf 92' lang='lat' dir='ltr'><strong>lrruit</strong></span> <span class='ocrx_word' id='word_1_624' title='bbox 1824 4462 2005 4508; x_wconf 91' lang='lat' dir='ltr'><strong>autem</strong></span> 
     </span>
    </p>
   </div>
   <div class='ocr_carea' id='block_1_76' title="bbox 401 4548 2001 4622">
    <p class='ocr_par' dir='ltr' id='par_1_76' title="bbox 401 4548 2001 4622">
     <span class='ocr_line' id='line_1_76' title="bbox 401 4548 2001 4622; baseline -0.004 -15"><span class='ocrx_word' id='word_1_625' title='bbox 401 4551 636 4622; x_wconf 88' lang='lat' dir='ltr'><strong>Spiritus</strong></span> <span class='ocrx_word' id='word_1_626' title='bbox 686 4549 898 4605; x_wconf 89' lang='lat' dir='ltr'><strong>Domini</strong></span> <span class='ocrx_word' id='word_1_627' title='bbox 952 4550 1004 4604; x_wconf 91' lang='lat' dir='ltr'><strong>in</strong></span> <span class='ocrx_word' id='word_1_628' title='bbox 1049 4548 1954 4613; x_wconf 88' lang='lat' dir='ltr'><strong>Samson,ctdilaceravitleonem</strong></span> <span class='ocrx_word' id='word_1_629' title='bbox 1986 4587 2001 4613; x_wconf 97' lang='lat'><strong>,</strong></span> 
     </span>
    </p>
   </div>
   <div class='ocr_carea' id='block_1_77' title="bbox 2095 3337 3697 3413">
    <p class='ocr_par' dir='ltr' id='par_1_77' title="bbox 2095 3337 3697 3413">
     <span class='ocr_line' id='line_1_77' title="bbox 2095 3337 3697 3413; baseline -0.005 -13"><span class='ocrx_word' id='word_1_630' title='bbox 2095 3344 2231 3400; x_wconf 91' lang='lat' dir='ltr'><strong>setis</strong></span> <span class='ocrx_word' id='word_1_631' title='bbox 2263 3343 2688 3413; x_wconf 91' lang='lat' dir='ltr'><strong>propositionem</strong></span> <span class='ocrx_word' id='word_1_632' title='bbox 2717 3356 2915 3395; x_wconf 85' lang='lat' dir='ltr'><strong>meam.</strong></span> <span class='ocrx_word' id='word_1_633' title='bbox 2940 3340 3103 3395; x_wconf 88' lang='lat' dir='ltr'><strong>lrruit</strong></span> <span class='ocrx_word' id='word_1_634' title='bbox 3131 3341 3313 3409; x_wconf 88' lang='lat' dir='ltr'><strong>itaque</strong></span> <span class='ocrx_word' id='word_1_635' title='bbox 3336 3340 3389 3393; x_wconf 91' lang='lat' dir='ltr'><strong>in</strong></span> <span class='ocrx_word' id='word_1_636' title='bbox 3416 3354 3537 3393; x_wconf 89' lang='lat' dir='ltr'><strong>eum</strong></span> <span class='ocrx_word' id='word_1_637' title='bbox 3567 3337 3697 3409; x_wconf 92' lang='lat' dir='ltr'><strong>Spi-</strong></span> 
     </span>
    </p>
   </div>
   <div class='ocr_carea' id='block_1_78' title="bbox 2096 3430 3701 3504">
    <p class='ocr_par' dir='ltr' id='par_1_78' title="bbox 2096 3430 3701 3504">
     <span class='ocr_line' id='line_1_78' title="bbox 2096 3430 3701 3504; baseline -0.004 -13"><span class='ocrx_word' id='word_1_638' title='bbox 2096 3438 2238 3492; x_wconf 91' lang='lat' dir='ltr'><strong>ritus</strong></span> <span class='ocrx_word' id='word_1_639' title='bbox 2278 3436 2513 3500; x_wconf 90' lang='lat' dir='ltr'><strong>Domini,</strong></span> <span class='ocrx_word' id='word_1_640' title='bbox 2545 3431 2936 3504; x_wconf 89' lang='lat' dir='ltr'><strong>descenditque</strong></span> <span class='ocrx_word' id='word_1_641' title='bbox 2967 3432 3311 3501; x_wconf 90' lang='lat' dir='ltr'><strong>Ascalonem,</strong></span> <span class='ocrx_word' id='word_1_642' title='bbox 3345 3441 3400 3487; x_wconf 91' lang='lat' dir='ltr'><strong>et</strong></span> <span class='ocrx_word' id='word_1_643' title='bbox 3428 3430 3701 3501; x_wconf 85' lang='lat' dir='ltr'><strong>percussit</strong></span> 
     </span>
    </p>
   </div>
   <div class='ocr_carea' id='block_1_79' title="bbox 2099 3521 3701 3597">
    <p class='ocr_par' dir='ltr' id='par_1_79' title="bbox 2099 3521 3701 3597">
     <span class='ocr_line' id='line_1_79' title="bbox 2099 3521 3701 3597; baseline -0.004 -14"><span class='ocrx_word' id='word_1_644' title='bbox 2099 3528 2174 3583; x_wconf 87' lang='lat' dir='ltr'><strong>ibi</strong></span> <span class='ocrx_word' id='word_1_645' title='bbox 2207 3527 2421 3597; x_wconf 89' lang='lat' dir='ltr'><strong>triginta</strong></span> <span class='ocrx_word' id='word_1_646' title='bbox 2446 3528 2616 3580; x_wconf 81' lang='lat' dir='ltr'><strong>viros.</strong></span> <span class='ocrx_word' id='word_1_647' title='bbox 2649 3526 2892 3593; x_wconf 86' lang='lat' dir='ltr'><strong>Quorum</strong></span> <span class='ocrx_word' id='word_1_648' title='bbox 2923 3524 3134 3578; x_wconf 88' lang='lat' dir='ltr'><strong>ablatas</strong></span> <span class='ocrx_word' id='word_1_649' title='bbox 3152 3534 3334 3578; x_wconf 90' lang='lat' dir='ltr'><strong>vestes</strong></span> <span class='ocrx_word' id='word_1_650' title='bbox 3354 3521 3582 3577; x_wconf 86' lang='lat' dir='ltr'><strong>deditiis</strong></span> <span class='ocrx_word' id='word_1_651' title='bbox 3605 3521 3701 3593; x_wconf 91' lang='lat' dir='ltr'><strong>qui</strong></span> 
     </span>
    </p>
   </div>
   <div class='ocr_carea' id='block_1_80' title="bbox 2098 3614 3697 3695">
    <p class='ocr_par' dir='ltr' id='par_1_80' title="bbox 2098 3614 3697 3695">
     <span class='ocr_line' id='line_1_80' title="bbox 2098 3614 3697 3695; baseline -0.005 -18"><span class='ocrx_word' id='word_1_652' title='bbox 2098 3622 2381 3695; x_wconf 90' lang='lat' dir='ltr'><strong>problema</strong></span> <span class='ocrx_word' id='word_1_653' title='bbox 2413 3622 2707 3675; x_wconf 89' lang='lat' dir='ltr'><strong>solverant.</strong></span> <span class='ocrx_word' id='word_1_654' title='bbox 2742 3615 3023 3687; x_wconf 82' lang='lat' dir='ltr'><strong>lrat&#39;usque</strong></span> <span class='ocrx_word' id='word_1_655' title='bbox 3049 3617 3211 3671; x_wconf 90' lang='lat' dir='ltr'><strong>nimis</strong></span> <span class='ocrx_word' id='word_1_656' title='bbox 3236 3614 3482 3671; x_wconf 88' lang='lat' dir='ltr'><strong>ascendit</strong></span> <span class='ocrx_word' id='word_1_657' title='bbox 3512 3616 3564 3669; x_wconf 91' lang='lat' dir='ltr'><strong>in</strong></span> <span class='ocrx_word' id='word_1_658' title='bbox 3593 3614 3697 3669; x_wconf 90' lang='lat' dir='ltr'><strong>do-</strong></span> 
     </span>
    </p>
   </div>
   <div class='ocr_carea' id='block_1_81' title="bbox 2101 3707 3700 3785">
    <p class='ocr_par' dir='ltr' id='par_1_81' title="bbox 2101 3707 3700 3785">
     <span class='ocr_line' id='line_1_81' title="bbox 2101 3707 3700 3785; baseline -0.004 -17"><span class='ocrx_word' id='word_1_659' title='bbox 2101 3730 2248 3770; x_wconf 90' lang='lat' dir='ltr'><strong>mum</strong></span> <span class='ocrx_word' id='word_1_660' title='bbox 2275 3713 2448 3785; x_wconf 90' lang='lat' dir='ltr'><strong>patris</strong></span> <span class='ocrx_word' id='word_1_661' title='bbox 2474 3712 2595 3767; x_wconf 89' lang='lat' dir='ltr'><strong>sui:</strong></span> <span class='ocrx_word' id='word_1_662' title='bbox 2630 3726 2766 3766; x_wconf 84' lang='lat' dir='ltr'><strong>uxor</strong></span> <span class='ocrx_word' id='word_1_663' title='bbox 2788 3719 2970 3765; x_wconf 90' lang='lat' dir='ltr'><strong>autem</strong></span> <span class='ocrx_word' id='word_1_664' title='bbox 3019 3709 3137 3779; x_wconf 87' lang='lat' dir='ltr'><strong>ejus</strong></span> <span class='ocrx_word' id='word_1_665' title='bbox 3181 3707 3393 3778; x_wconf 89' lang='lat' dir='ltr'><strong>accepit</strong></span> <span class='ocrx_word' id='word_1_666' title='bbox 3447 3707 3700 3762; x_wconf 89' lang='lat' dir='ltr'><strong>maritum</strong></span> 
     </span>
    </p>
   </div>
   <div class='ocr_carea' id='block_1_82' title="bbox 2103 3802 3137 3874">
    <p class='ocr_par' dir='ltr' id='par_1_82' title="bbox 2103 3802 3137 3874">
     <span class='ocr_line' id='line_1_82' title="bbox 2103 3802 3137 3874; baseline -0.006 -12"><span class='ocrx_word' id='word_1_667' title='bbox 2103 3822 2270 3863; x_wconf 91' lang='lat' dir='ltr'><strong>unum</strong></span> <span class='ocrx_word' id='word_1_668' title='bbox 2301 3806 2371 3861; x_wconf 90' lang='lat' dir='ltr'><strong>de</strong></span> <span class='ocrx_word' id='word_1_669' title='bbox 2399 3806 2590 3860; x_wconf 90' lang='lat' dir='ltr'><strong>amicis</strong></span> <span class='ocrx_word' id='word_1_670' title='bbox 2629 3804 2746 3874; x_wconf 89' lang='lat' dir='ltr'><strong>ejus</strong></span> <span class='ocrx_word' id='word_1_671' title='bbox 2768 3813 2823 3858; x_wconf 92' lang='lat' dir='ltr'><strong>et</strong></span> <span class='ocrx_word' id='word_1_672' title='bbox 2853 3802 3137 3873; x_wconf 90' lang='lat' dir='ltr'><strong>pronubis.</strong></span> 
     </span>
    </p>
   </div>
   <div class='ocr_carea' id='block_1_83' title="bbox 2176 3896 3688 3973">
    <p class='ocr_par' dir='ltr' id='par_1_83' title="bbox 2176 3896 3688 3973">
     <span class='ocr_line' id='line_1_83' title="bbox 2176 3896 3688 3973; baseline -0.003 -19"><span class='ocrx_word' id='word_1_673' title='bbox 2176 3900 2326 3973; x_wconf 85' lang='lat' dir='ltr'><strong>[Cap.</strong></span> <span class='ocrx_word' id='word_1_674' title='bbox 2358 3898 2499 3970; x_wconf 84' lang='lat' dir='ltr'><strong>XV.]</strong></span> <span class='ocrx_word' id='word_1_675' title='bbox 2528 3898 2655 3952; x_wconf 90' lang='lat' dir='ltr'><strong>Post</strong></span> <span class='ocrx_word' id='word_1_676' title='bbox 2676 3897 3011 3968; x_wconf 88' lang='lat' dir='ltr'><strong>aliquantum</strong></span> <span class='ocrx_word' id='word_1_677' title='bbox 3038 3902 3217 3950; x_wconf 89' lang='lat' dir='ltr'><strong>autem</strong></span> <span class='ocrx_word' id='word_1_678' title='bbox 3251 3896 3534 3964; x_wconf 89' lang='lat' dir='ltr'><strong>temporis,</strong></span> <span class='ocrx_word' id='word_1_679' title='bbox 3561 3909 3688 3951; x_wconf 90' lang='lat' dir='ltr'><strong>cum</strong></span> 
     </span>
    </p>
   </div>
   <div class='ocr_carea' id='block_1_84' title="bbox 2104 3989 3704 4057">
    <p class='ocr_par' dir='ltr' id='par_1_84' title="bbox 2104 3989 3704 4057">
     <span class='ocr_line' id='line_1_84' title="bbox 2104 3989 3704 4057; baseline -0.003 -8"><span class='ocrx_word' id='word_1_680' title='bbox 2104 3994 2219 4050; x_wconf 90' lang='lat' dir='ltr'><strong>dies</strong></span> <span class='ocrx_word' id='word_1_681' title='bbox 2242 3995 2468 4048; x_wconf 71' lang='lat' dir='ltr'><strong>triticea:</strong></span> <span class='ocrx_word' id='word_1_682' title='bbox 2496 3993 2691 4048; x_wconf 89' lang='lat' dir='ltr'><strong>messis</strong></span> <span class='ocrx_word' id='word_1_683' title='bbox 2720 3992 3005 4056; x_wconf 88' lang='lat' dir='ltr'><strong>instarent,</strong></span> <span class='ocrx_word' id='word_1_684' title='bbox 3029 3991 3177 4045; x_wconf 88' lang='lat' dir='ltr'><strong>venit</strong></span> <span class='ocrx_word' id='word_1_685' title='bbox 3195 3989 3449 4057; x_wconf 85' lang='lat' dir='ltr'><strong>Samson,</strong></span> <span class='ocrx_word' id='word_1_686' title='bbox 3466 3989 3704 4045; x_wconf 82' lang='lat' dir='ltr'><strong>invisere</strong></span> 
     </span>
    </p>
   </div>
   <div class='ocr_carea' id='block_1_85' title="bbox 2107 4082 3700 4153">
    <p class='ocr_par' dir='ltr' id='par_1_85' title="bbox 2107 4082 3700 4153">
     <span class='ocr_line' id='line_1_85' title="bbox 2107 4082 3700 4153; baseline -0.004 -12"><span class='ocrx_word' id='word_1_687' title='bbox 2107 4088 2298 4141; x_wconf 90' lang='lat' dir='ltr'><strong>volens</strong></span> <span class='ocrx_word' id='word_1_688' title='bbox 2339 4100 2563 4141; x_wconf 84' lang='lat' dir='ltr'><strong>uxorem</strong></span> <span class='ocrx_word' id='word_1_689' title='bbox 2593 4100 2769 4153; x_wconf 90' lang='lat' dir='ltr'><strong>suam,</strong></span> <span class='ocrx_word' id='word_1_690' title='bbox 2803 4092 2860 4138; x_wconf 90' lang='lat' dir='ltr'><strong>et</strong></span> <span class='ocrx_word' id='word_1_691' title='bbox 2883 4084 3062 4138; x_wconf 89' lang='lat' dir='ltr'><strong>attulit</strong></span> <span class='ocrx_word' id='word_1_692' title='bbox 3083 4084 3132 4138; x_wconf 90' lang='lat' dir='ltr'><strong>ei</strong></span> <span class='ocrx_word' id='word_1_693' title='bbox 3158 4082 3373 4138; x_wconf 55' lang='lat' dir='ltr'><strong>haedum</strong></span> <span class='ocrx_word' id='word_1_694' title='bbox 3403 4083 3472 4138; x_wconf 90' lang='lat' dir='ltr'><strong>de</strong></span> <span class='ocrx_word' id='word_1_695' title='bbox 3497 4082 3700 4148; x_wconf 88' lang='lat' dir='ltr'><strong>capris.</strong></span> 
     </span>
    </p>
   </div>
   <div class='ocr_carea' id='block_1_86' title="bbox 2107 4174 3707 4251">
    <p class='ocr_par' dir='ltr' id='par_1_86' title="bbox 2107 4174 3707 4251">
     <span class='ocr_line' id='line_1_86' title="bbox 2107 4174 3707 4251; baseline -0.005 -14"><span class='ocrx_word' id='word_1_696' title='bbox 2107 4181 2349 4251; x_wconf 89' lang='lat' dir='ltr'><strong>Cumque</strong></span> <span class='ocrx_word' id='word_1_697' title='bbox 2378 4179 2687 4234; x_wconf 85' lang='lat' dir='ltr'><strong>cubiculum</strong></span> <span class='ocrx_word' id='word_1_698' title='bbox 2720 4178 2837 4249; x_wconf 88' lang='lat' dir='ltr'><strong>ejus</strong></span> <span class='ocrx_word' id='word_1_699' title='bbox 2882 4179 3044 4232; x_wconf 91' lang='lat' dir='ltr'><strong>solito</strong></span> <span class='ocrx_word' id='word_1_700' title='bbox 3074 4177 3239 4232; x_wconf 90' lang='lat' dir='ltr'><strong>vellet</strong></span> <span class='ocrx_word' id='word_1_701' title='bbox 3262 4178 3485 4238; x_wconf 90' lang='lat' dir='ltr'><strong>intrare,</strong></span> <span class='ocrx_word' id='word_1_702' title='bbox 3517 4174 3707 4245; x_wconf 87' lang='lat' dir='ltr'><strong>prohi—</strong></span> 
     </span>
    </p>
   </div>
   <div class='ocr_carea' id='block_1_87' title="bbox 2108 4260 3707 4342">
    <p class='ocr_par' dir='ltr' id='par_1_87' title="bbox 2108 4260 3707 4342">
     <span class='ocr_line' id='line_1_87' title="bbox 2108 4260 3707 4342; baseline -0.005 -13"><span class='ocrx_word' id='word_1_703' title='bbox 2108 4273 2228 4329; x_wconf 88' lang='lat' dir='ltr'><strong>buit</strong></span> <span class='ocrx_word' id='word_1_704' title='bbox 2259 4287 2382 4327; x_wconf 91' lang='lat' dir='ltr'><strong>eum</strong></span> <span class='ocrx_word' id='word_1_705' title='bbox 2434 4281 2587 4342; x_wconf 90' lang='lat' dir='ltr'><strong>pater</strong></span> <span class='ocrx_word' id='word_1_706' title='bbox 2618 4270 2763 4325; x_wconf 89' lang='lat' dir='ltr'><strong>illius</strong></span> <span class='ocrx_word' id='word_1_707' title='bbox 2794 4270 3014 4326; x_wconf 90' lang='lat' dir='ltr'><strong>dicens:</strong></span> <span class='ocrx_word' id='word_1_708' title='bbox 3065 4270 3257 4325; x_wconf 89' lang='lat' dir='ltr'><strong>Putavi</strong></span> <span class='ocrx_word' id='word_1_709' title='bbox 3303 4260 3448 4340; x_wconf 87' lang='lat' dir='ltr'><strong>quod</strong></span> <span class='ocrx_word' id='word_1_710' title='bbox 3493 4268 3707 4323; x_wconf 90' lang='lat' dir='ltr'><strong>odisses</strong></span> 
     </span>
    </p>
   </div>
   <div class='ocr_carea' id='block_1_88' title="bbox 2107 4360 3706 4431">
    <p class='ocr_par' dir='ltr' id='par_1_88' title="bbox 2107 4360 3706 4431">
     <span class='ocr_line' id='line_1_88' title="bbox 2107 4360 3706 4431; baseline -0.005 -10"><span class='ocrx_word' id='word_1_711' title='bbox 2107 4380 2250 4431; x_wconf 88' lang='lat' dir='ltr'><strong>eam,</strong></span> <span class='ocrx_word' id='word_1_712' title='bbox 2282 4372 2337 4420; x_wconf 90' lang='lat' dir='ltr'><strong>et</strong></span> <span class='ocrx_word' id='word_1_713' title='bbox 2381 4364 2504 4418; x_wconf 93' lang='lat' dir='ltr'><strong>ideo</strong></span> <span class='ocrx_word' id='word_1_714' title='bbox 2531 4362 2727 4417; x_wconf 91' lang='lat' dir='ltr'><strong>tradidi</strong></span> <span class='ocrx_word' id='word_1_715' title='bbox 2760 4363 2903 4417; x_wconf 91' lang='lat' dir='ltr'><strong>illam</strong></span> <span class='ocrx_word' id='word_1_716' title='bbox 2931 4362 3106 4417; x_wconf 90' lang='lat' dir='ltr'><strong>amico</strong></span> <span class='ocrx_word' id='word_1_717' title='bbox 3134 4373 3259 4416; x_wconf 91' lang='lat' dir='ltr'><strong>tuo:</strong></span> <span class='ocrx_word' id='word_1_718' title='bbox 3295 4361 3390 4416; x_wconf 89' lang='lat' dir='ltr'><strong>sed</strong></span> <span class='ocrx_word' id='word_1_719' title='bbox 3422 4360 3586 4415; x_wconf 86' lang='lat' dir='ltr'><strong>habet</strong></span> <span class='ocrx_word' id='word_1_720' title='bbox 3612 4372 3706 4414; x_wconf 91' lang='lat' dir='ltr'><strong>so-</strong></span> 
     </span>
    </p>
   </div>
   <div class='ocr_carea' id='block_1_89' title="bbox 2109 4451 3708 4526">
    <p class='ocr_par' dir='ltr' id='par_1_89' title="bbox 2109 4451 3708 4526">
     <span class='ocr_line' id='line_1_89' title="bbox 2109 4451 3708 4526; baseline -0.004 -14"><span class='ocrx_word' id='word_1_721' title='bbox 2109 4471 2313 4522; x_wconf 90' lang='lat' dir='ltr'><strong>rorem,</strong></span> <span class='ocrx_word' id='word_1_722' title='bbox 2348 4471 2470 4526; x_wconf 85' lang='lat' dir='ltr'><strong>quae</strong></span> <span class='ocrx_word' id='word_1_723' title='bbox 2496 4454 2681 4524; x_wconf 87' lang='lat' dir='ltr'><strong>junior</strong></span> <span class='ocrx_word' id='word_1_724' title='bbox 2719 4465 2771 4508; x_wconf 92' lang='lat' dir='ltr'><strong>et</strong></span> <span class='ocrx_word' id='word_1_725' title='bbox 2803 4453 3085 4522; x_wconf 86' lang='lat' dir='ltr'><strong>pulchrior</strong></span> <span class='ocrx_word' id='word_1_726' title='bbox 3110 4454 3199 4507; x_wconf 93' lang='lat' dir='ltr'><strong>illa</strong></span> <span class='ocrx_word' id='word_1_727' title='bbox 3230 4460 3331 4517; x_wconf 91' lang='lat' dir='ltr'><strong>est,</strong></span> <span class='ocrx_word' id='word_1_728' title='bbox 3367 4453 3437 4507; x_wconf 90' lang='lat' dir='ltr'><strong>sit</strong></span> <span class='ocrx_word' id='word_1_729' title='bbox 3482 4451 3574 4506; x_wconf 90' lang='lat' dir='ltr'><strong>tibi</strong></span> <span class='ocrx_word' id='word_1_730' title='bbox 3606 4464 3708 4520; x_wconf 86' lang='lat' dir='ltr'><strong>pro</strong></span> 
     </span>
    </p>
   </div>
   <div class='ocr_carea' id='block_1_90' title="bbox 2112 4542 3706 4615">
    <p class='ocr_par' dir='ltr' id='par_1_90' title="bbox 2112 4542 3706 4615">
     <span class='ocr_line' id='line_1_90' title="bbox 2112 4542 3706 4615; baseline -0.003 -12"><span class='ocrx_word' id='word_1_731' title='bbox 2112 4563 2175 4603; x_wconf 90' lang='lat' dir='ltr'><strong>ea</strong></span> <span class='ocrx_word' id='word_1_732' title='bbox 2206 4563 2364 4603; x_wconf 78' lang='lat' dir='ltr'><strong>uxor.</strong></span> <span class='ocrx_word' id='word_1_733' title='bbox 2396 4546 2493 4602; x_wconf 90' lang='lat' dir='ltr'><strong>Cui</strong></span> <span class='ocrx_word' id='word_1_734' title='bbox 2517 4544 2797 4615; x_wconf 90' lang='lat' dir='ltr'><strong>respondit</strong></span> <span class='ocrx_word' id='word_1_735' title='bbox 2821 4544 3085 4600; x_wconf 85' lang='lat' dir='ltr'><strong>Samson:</strong></span> <span class='ocrx_word' id='word_1_736' title='bbox 3129 4543 3214 4597; x_wconf 85' lang='lat' dir='ltr'><strong>Ab</strong></span> <span class='ocrx_word' id='word_1_737' title='bbox 3238 4544 3337 4597; x_wconf 89' lang='lat' dir='ltr'><strong>hac</strong></span> <span class='ocrx_word' id='word_1_738' title='bbox 3357 4543 3444 4599; x_wconf 90' lang='lat' dir='ltr'><strong>die</strong></span> <span class='ocrx_word' id='word_1_739' title='bbox 3467 4559 3575 4598; x_wconf 93' lang='lat' dir='ltr'><strong>non</strong></span> <span class='ocrx_word' id='word_1_740' title='bbox 3599 4542 3706 4599; x_wconf 87' lang='lat' dir='ltr'><strong>erit</strong></span> 
     </span>
    </p>
   </div>
   <div class='ocr_carea' id='block_1_91' title="bbox 403 4639 3703 4717">
    <p class='ocr_par' dir='ltr' id='par_1_91' title="bbox 403 4639 3703 4717">
     <span class='ocr_line' id='line_1_91' title="bbox 403 4639 3703 4717; baseline -0.001 -18"><span class='ocrx_word' id='word_1_741' title='bbox 403 4646 553 4717; x_wconf 90' lang='lat' dir='ltr'><strong>quasi</strong></span> <span class='ocrx_word' id='word_1_742' title='bbox 593 4645 806 4700; x_wconf 65' lang='lat' dir='ltr'><strong>haedum</strong></span> <span class='ocrx_word' id='word_1_743' title='bbox 854 4646 908 4699; x_wconf 92' lang='lat' dir='ltr'><strong>in</strong></span> <span class='ocrx_word' id='word_1_744' title='bbox 960 4643 1129 4698; x_wconf 89' lang='lat' dir='ltr'><strong>frusta</strong></span> <span class='ocrx_word' id='word_1_745' title='bbox 1164 4642 1501 4713; x_wconf 89' lang='lat' dir='ltr'><strong>discerperet</strong></span> <span class='ocrx_word' id='word_1_746' title='bbox 1550 4641 1738 4714; x_wconf 72' lang='lat' dir='ltr'><strong>[Va/9.</strong></span> <span class='ocrx_word' id='word_1_747' title='bbox 1783 4642 2005 4697; x_wconf 88' lang='lat' dir='ltr'><strong>discer-</strong></span> <span class='ocrx_word' id='word_1_748' title='bbox 2032 4642 2085 4702; x_wconf 91' lang='lat' dir='ltr'><strong>D</strong></span> <span class='ocrx_word' id='word_1_749' title='bbox 2112 4642 2270 4712; x_wconf 90' lang='lat' dir='ltr'><strong>culpa</strong></span> <span class='ocrx_word' id='word_1_750' title='bbox 2296 4643 2347 4696; x_wconf 92' lang='lat' dir='ltr'><strong>in</strong></span> <span class='ocrx_word' id='word_1_751' title='bbox 2378 4656 2466 4695; x_wconf 94' lang='lat' dir='ltr'><strong>me</strong></span> <span class='ocrx_word' id='word_1_752' title='bbox 2495 4648 2684 4695; x_wconf 90' lang='lat' dir='ltr'><strong>contra</strong></span> <span class='ocrx_word' id='word_1_753' title='bbox 2711 4639 3090 4694; x_wconf 86' lang='lat' dir='ltr'><strong>Philisthaeos:</strong></span> <span class='ocrx_word' id='word_1_754' title='bbox 3137 4639 3328 4692; x_wconf 88' lang='lat' dir='ltr'><strong>faciam</strong></span> <span class='ocrx_word' id='word_1_755' title='bbox 3359 4639 3504 4693; x_wconf 91' lang='lat' dir='ltr'><strong>enim</strong></span> <span class='ocrx_word' id='word_1_756' title='bbox 3545 4639 3703 4696; x_wconf 90' lang='lat' dir='ltr'><strong>vobis</strong></span> 
     </span>
    </p>
   </div>
   <div class='ocr_carea' id='block_1_92' title="bbox 410 4735 2009 4809">
    <p class='ocr_par' dir='ltr' id='par_1_92' title="bbox 410 4735 2009 4809">
     <span class='ocr_line' id='line_1_92' title="bbox 410 4735 2009 4809; baseline -0.002 -16"><span class='ocrx_word' id='word_1_757' title='bbox 410 4737 567 4809; x_wconf 80' lang='lat' dir='ltr'><strong>pensj</strong></span> <span class='ocrx_word' id='word_1_758' title='bbox 589 4780 604 4804; x_wconf 97' lang='lat'><strong>,</strong></span> <span class='ocrx_word' id='word_1_759' title='bbox 630 4737 765 4793; x_wconf 91' lang='lat' dir='ltr'><strong>nihil</strong></span> <span class='ocrx_word' id='word_1_760' title='bbox 794 4738 1019 4792; x_wconf 91' lang='lat' dir='ltr'><strong>omnino</strong></span> <span class='ocrx_word' id='word_1_761' title='bbox 1057 4735 1266 4793; x_wconf 87' lang='lat' dir='ltr'><strong>habens</strong></span> <span class='ocrx_word' id='word_1_762' title='bbox 1289 4736 1344 4791; x_wconf 90' lang='lat' dir='ltr'><strong>in</strong></span> <span class='ocrx_word' id='word_1_763' title='bbox 1373 4752 1538 4791; x_wconf 89' lang='lat' dir='ltr'><strong>manu</strong></span> <span class='ocrx_word' id='word_1_764' title='bbox 1563 4776 1579 4803; x_wconf 91' lang='lat'><strong>,</strong></span> <span class='ocrx_word' id='word_1_765' title='bbox 1639 4744 1694 4791; x_wconf 89' lang='lat' dir='ltr'><strong>et</strong></span> <span class='ocrx_word' id='word_1_766' title='bbox 1738 4736 1842 4790; x_wconf 86' lang='lat' dir='ltr'><strong>hoc</strong></span> <span class='ocrx_word' id='word_1_767' title='bbox 1872 4736 2009 4805; x_wconf 88' lang='lat' dir='ltr'><strong>patri</strong></span> 
     </span>
    </p>
   </div>
   <div class='ocr_carea' id='block_1_93' title="bbox 408 4829 2008 4899">
    <p class='ocr_par' dir='ltr' id='par_1_93' title="bbox 408 4829 2008 4899">
     <span class='ocr_line' id='line_1_93' title="bbox 408 4829 2008 4899; baseline -0.003 -11"><span class='ocrx_word' id='word_1_768' title='bbox 408 4843 462 4888; x_wconf 88' lang='lat' dir='ltr'><strong>et</strong></span> <span class='ocrx_word' id='word_1_769' title='bbox 492 4829 655 4886; x_wconf 90' lang='lat' dir='ltr'><strong>matri</strong></span> <span class='ocrx_word' id='word_1_770' title='bbox 685 4831 861 4886; x_wconf 91' lang='lat' dir='ltr'><strong>noluit</strong></span> <span class='ocrx_word' id='word_1_771' title='bbox 886 4829 1148 4886; x_wconf 82' lang='lat' dir='ltr'><strong>indicare.</strong></span> <span class='ocrx_word' id='word_1_772' title='bbox 1181 4830 1579 4899; x_wconf 83' lang='lat' dir='ltr'><strong>Descenditque</strong></span> <span class='ocrx_word' id='word_1_773' title='bbox 1602 4838 1655 4885; x_wconf 90' lang='lat' dir='ltr'><strong>et</strong></span> <span class='ocrx_word' id='word_1_774' title='bbox 1686 4830 1900 4885; x_wconf 92' lang='lat' dir='ltr'><strong>locutus</strong></span> <span class='ocrx_word' id='word_1_775' title='bbox 1924 4838 2008 4884; x_wconf 87' lang='lat' dir='ltr'><strong>est</strong></span> 
     </span>
    </p>
   </div>
   <div class='ocr_carea' id='block_1_94' title="bbox 412 4920 2011 4993">
    <p class='ocr_par' dir='ltr' id='par_1_94' title="bbox 412 4920 2011 4993">
     <span class='ocr_line' id='line_1_94' title="bbox 412 4920 2011 4993; baseline -0.003 -14"><span class='ocrx_word' id='word_1_776' title='bbox 412 4925 647 4987; x_wconf 88' lang='lat' dir='ltr'><strong>mulieri,</strong></span> <span class='ocrx_word' id='word_1_777' title='bbox 681 4938 802 4993; x_wconf 64' lang='lat' dir='ltr'><strong>quae</strong></span> <span class='ocrx_word' id='word_1_778' title='bbox 840 4923 1121 4993; x_wconf 88' lang='lat' dir='ltr'><strong>placuerat</strong></span> <span class='ocrx_word' id='word_1_779' title='bbox 1144 4921 1315 4976; x_wconf 92' lang='lat' dir='ltr'><strong>oculis</strong></span> <span class='ocrx_word' id='word_1_780' title='bbox 1339 4921 1481 4991; x_wconf 88' lang='lat' dir='ltr'><strong>ejus.</strong></span> <span class='ocrx_word' id='word_1_781' title='bbox 1531 4920 1602 4975; x_wconf 90' lang='lat' dir='ltr'><strong>Et</strong></span> <span class='ocrx_word' id='word_1_782' title='bbox 1647 4932 1765 4991; x_wconf 87' lang='lat' dir='ltr'><strong>post</strong></span> <span class='ocrx_word' id='word_1_783' title='bbox 1804 4922 2011 4991; x_wconf 89' lang='lat' dir='ltr'><strong>aliquot</strong></span> 
     </span>
    </p>
   </div>
   <div class='ocr_carea' id='block_1_95' title="bbox 407 5015 2009 5086">
    <p class='ocr_par' dir='ltr' id='par_1_95' title="bbox 407 5015 2009 5086">
     <span class='ocr_line' id='line_1_95' title="bbox 407 5015 2009 5086; baseline -0.001 -13"><span class='ocrx_word' id='word_1_784' title='bbox 407 5018 525 5075; x_wconf 90' lang='lat' dir='ltr'><strong>dies</strong></span> <span class='ocrx_word' id='word_1_785' title='bbox 553 5029 836 5073; x_wconf 89' lang='lat' dir='ltr'><strong>revertens</strong></span> <span class='ocrx_word' id='word_1_786' title='bbox 862 5027 920 5070; x_wconf 93' lang='lat' dir='ltr'><strong>ut</strong></span> <span class='ocrx_word' id='word_1_787' title='bbox 950 5016 1226 5086; x_wconf 91' lang='lat' dir='ltr'><strong>acciperet</strong></span> <span class='ocrx_word' id='word_1_788' title='bbox 1253 5030 1373 5070; x_wconf 89' lang='lat' dir='ltr'><strong>eam</strong></span> <span class='ocrx_word' id='word_1_789' title='bbox 1392 5059 1406 5082; x_wconf 95' lang='lat'><strong>,</strong></span> <span class='ocrx_word' id='word_1_790' title='bbox 1456 5016 1749 5071; x_wconf 88' lang='lat' dir='ltr'><strong>declinavit</strong></span> <span class='ocrx_word' id='word_1_791' title='bbox 1778 5024 1836 5069; x_wconf 90' lang='lat' dir='ltr'><strong>ut</strong></span> <span class='ocrx_word' id='word_1_792' title='bbox 1860 5015 2009 5072; x_wconf 84' lang='lat' dir='ltr'><strong>vide-</strong></span> 
     </span>
    </p>
   </div>
   <div class='ocr_carea' id='block_1_96' title="bbox 411 5109 2008 5176">
    <p class='ocr_par' dir='ltr' id='par_1_96' title="bbox 411 5109 2008 5176">
     <span class='ocr_line' id='line_1_96' title="bbox 411 5109 2008 5176; baseline -0.003 -9"><span class='ocrx_word' id='word_1_793' title='bbox 411 5120 493 5167; x_wconf 90' lang='lat' dir='ltr'><strong>ret</strong></span> <span class='ocrx_word' id='word_1_794' title='bbox 521 5111 752 5165; x_wconf 77' lang='lat' dir='ltr'><strong>cadaver</strong></span> <span class='ocrx_word' id='word_1_795' title='bbox 782 5110 987 5175; x_wconf 90' lang='lat' dir='ltr'><strong>leonis,</strong></span> <span class='ocrx_word' id='word_1_796' title='bbox 1041 5116 1096 5163; x_wconf 90' lang='lat' dir='ltr'><strong>et</strong></span> <span class='ocrx_word' id='word_1_797' title='bbox 1133 5122 1262 5163; x_wconf 90' lang='lat' dir='ltr'><strong>ecce</strong></span> <span class='ocrx_word' id='word_1_798' title='bbox 1307 5123 1534 5163; x_wconf 81' lang='lat' dir='ltr'><strong>examen</strong></span> <span class='ocrx_word' id='word_1_799' title='bbox 1590 5122 1754 5176; x_wconf 87' lang='lat' dir='ltr'><strong>apum</strong></span> <span class='ocrx_word' id='word_1_800' title='bbox 1808 5109 1859 5163; x_wconf 94' lang='lat' dir='ltr'><strong>in</strong></span> <span class='ocrx_word' id='word_1_801' title='bbox 1911 5122 2008 5163; x_wconf 92' lang='lat' dir='ltr'><strong>ore</strong></span> 
     </span>
    </p>
   </div>
   <div class='ocr_carea' id='block_1_97' title="bbox 413 5200 2010 5271">
    <p class='ocr_par' dir='ltr' id='par_1_97' title="bbox 413 5200 2010 5271">
     <span class='ocr_line' id='line_1_97' title="bbox 413 5200 2010 5271; baseline -0.001 -13"><span class='ocrx_word' id='word_1_802' title='bbox 413 5204 583 5258; x_wconf 90' lang='lat' dir='ltr'><strong>leonis</strong></span> <span class='ocrx_word' id='word_1_803' title='bbox 611 5211 732 5257; x_wconf 89' lang='lat' dir='ltr'><strong>erat</strong></span> <span class='ocrx_word' id='word_1_804' title='bbox 759 5218 825 5256; x_wconf 88' lang='lat' dir='ltr'><strong>ac</strong></span> <span class='ocrx_word' id='word_1_805' title='bbox 852 5202 1005 5256; x_wconf 89' lang='lat' dir='ltr'><strong>favus</strong></span> <span class='ocrx_word' id='word_1_806' title='bbox 1037 5200 1235 5255; x_wconf 90' lang='lat' dir='ltr'><strong>mellis.</strong></span> <span class='ocrx_word' id='word_1_807' title='bbox 1286 5200 1455 5267; x_wconf 86' lang='lat' dir='ltr'><strong>Quem</strong></span> <span class='ocrx_word' id='word_1_808' title='bbox 1511 5215 1634 5256; x_wconf 92' lang='lat' dir='ltr'><strong>cum</strong></span> <span class='ocrx_word' id='word_1_809' title='bbox 1684 5202 2010 5271; x_wconf 87' lang='lat' dir='ltr'><strong>sumpsisset</strong></span> 
     </span>
    </p>
   </div>
   <div class='ocr_carea' id='block_1_98' title="bbox 415 5292 2011 5363">
    <p class='ocr_par' dir='ltr' id='par_1_98' title="bbox 415 5292 2011 5363">
     <span class='ocr_line' id='line_1_98' title="bbox 415 5292 2011 5363; baseline -0.001 -13"><span class='ocrx_word' id='word_1_810' title='bbox 415 5295 465 5350; x_wconf 92' lang='lat' dir='ltr'><strong>in</strong></span> <span class='ocrx_word' id='word_1_811' title='bbox 490 5295 742 5350; x_wconf 88' lang='lat' dir='ltr'><strong>manibus</strong></span> <span class='ocrx_word' id='word_1_812' title='bbox 764 5335 779 5360; x_wconf 91' lang='lat'><strong>,</strong></span> <span class='ocrx_word' id='word_1_813' title='bbox 807 5293 1132 5348; x_wconf 89' lang='lat' dir='ltr'><strong>comedebat</strong></span> <span class='ocrx_word' id='word_1_814' title='bbox 1177 5292 1229 5347; x_wconf 90' lang='lat' dir='ltr'><strong>in</strong></span> <span class='ocrx_word' id='word_1_815' title='bbox 1261 5292 1346 5346; x_wconf 91' lang='lat' dir='ltr'><strong>via</strong></span> <span class='ocrx_word' id='word_1_816' title='bbox 1380 5309 1394 5345; x_wconf 85' lang='lat'><strong>:</strong></span> <span class='ocrx_word' id='word_1_817' title='bbox 1424 5293 1759 5363; x_wconf 87' lang='lat' dir='ltr'><strong>veniensque</strong></span> <span class='ocrx_word' id='word_1_818' title='bbox 1812 5292 1878 5347; x_wconf 91' lang='lat' dir='ltr'><strong>ad</strong></span> <span class='ocrx_word' id='word_1_819' title='bbox 1916 5307 2011 5363; x_wconf 89' lang='lat' dir='ltr'><strong>pa—</strong></span> 
     </span>
    </p>
   </div>
   <div class='ocr_carea' id='block_1_99' title="bbox 484 5429 2009 5502">
    <p class='ocr_par' dir='ltr' id='par_1_99' title="bbox 484 5429 2009 5502">
     <span class='ocr_line' id='line_1_99' title="bbox 484 5429 2009 5502; baseline -0.002 -13"><span class='ocrx_word' id='word_1_820' title='bbox 484 5436 509 5464; x_wconf 69' lang='grc' dir='ltr'><strong>δ</strong></span> <span class='ocrx_word' id='word_1_821' title='bbox 539 5433 619 5489; x_wconf 89' lang='lat' dir='ltr'><strong>Ita</strong></span> <span class='ocrx_word' id='word_1_822' title='bbox 652 5430 840 5488; x_wconf 90' lang='lat' dir='ltr'><strong>Canon</strong></span> <span class='ocrx_word' id='word_1_823' title='bbox 867 5439 1084 5502; x_wconf 12' lang='lat' dir='ltr'><strong>etimss.</strong></span> <span class='ocrx_word' id='word_1_824' title='bbox 1115 5429 1467 5502; x_wconf 86' lang='lat' dir='ltr'><strong>quamplures</strong></span> <span class='ocrx_word' id='word_1_825' title='bbox 1508 5429 1683 5485; x_wconf 88' lang='lat' dir='ltr'><strong>Latini</strong></span> <span class='ocrx_word' id='word_1_826' title='bbox 1717 5448 1727 5482; x_wconf 92' lang='lat'><strong>:</strong></span> <span class='ocrx_word' id='word_1_827' title='bbox 1756 5430 2009 5502; x_wconf 89' lang='lat' dir='ltr'><strong>idemque</strong></span> 
     </span>
    </p>
   </div>
   <div class='ocr_carea' id='block_1_100' title="bbox 416 5501 2015 5578">
    <p class='ocr_par' dir='ltr' id='par_1_100' title="bbox 416 5501 2015 5578">
     <span class='ocr_line' id='line_1_100' title="bbox 416 5501 2015 5578; baseline -0.003 -17"><span class='ocrx_word' id='word_1_828' title='bbox 416 5520 710 5578; x_wconf 86' lang='lat' dir='ltr'><strong>pronomen</strong></span> <span class='ocrx_word' id='word_1_829' title='bbox 742 5501 1000 5578; x_wconf 60' lang='lat' dir='ltr'><strong>secundae</strong></span> <span class='ocrx_word' id='word_1_830' title='bbox 1031 5516 1276 5578; x_wconf 67' lang='lat' dir='ltr'><strong>personae</strong></span> <span class='ocrx_word' id='word_1_831' title='bbox 1300 5501 1507 5578; x_wconf 83' lang='lat' dir='ltr'><strong>r_e_ti_net</strong></span> <span class='ocrx_word' id='word_1_832' title='bbox 1533 5502 1727 5578; x_wconf 80' lang='lat' dir='ltr'><strong>Syrus,</strong></span> <span class='ocrx_word' id='word_1_833' title='bbox 1757 5512 1813 5557; x_wconf 90' lang='lat' dir='ltr'><strong>et</strong></span> <span class='ocrx_word' id='word_1_834' title='bbox 1839 5504 2015 5578; x_wconf 82' lang='lat' dir='ltr'><strong>A_rabs</strong></span> 
     </span>
    </p>
   </div>
   <div class='ocr_carea' id='block_1_101' title="bbox 417 5573 2018 5648">
    <p class='ocr_par' dir='ltr' id='par_1_101' title="bbox 417 5573 2018 5648">
     <span class='ocr_line' id='line_1_101' title="bbox 417 5573 2018 5648; baseline -0.004 -16"><span class='ocrx_word' id='word_1_835' title='bbox 417 5573 890 5648; x_wconf 59' lang='lat' dir='ltr'><strong>interpresiiditi</strong></span> <span class='ocrx_word' id='word_1_836' title='bbox 922 5574 1108 5644; x_wconf 90' lang='lat' dir='ltr'><strong>legunt</strong></span> <span class='ocrx_word' id='word_1_837' title='bbox 1131 5574 1284 5643; x_wconf 86' lang='lat' dir='ltr'><strong>juxta</strong></span> <span class='ocrx_word' id='word_1_838' title='bbox 1329 5573 1638 5640; x_wconf 59' lang='lat' dir='ltr'><strong>Hebraeum,</strong></span> <span class='ocrx_word' id='word_1_839' title='bbox 1670 5573 1724 5628; x_wconf 84' lang='lat' dir='ltr'><strong>in</strong></span> <span class='ocrx_word' id='word_1_840' title='bbox 1752 5575 1891 5627; x_wconf 81' lang='lat' dir='ltr'><strong>omni</strong></span> <span class='ocrx_word' id='word_1_841' title='bbox 1922 5590 2018 5644; x_wconf 84' lang='lat' dir='ltr'><strong>p0-</strong></span> 
     </span>
    </p>
   </div>
   <div class='ocr_carea' id='block_1_102' title="bbox 417 5646 900 5722">
    <p class='ocr_par' dir='ltr' id='par_1_102' title="bbox 417 5646 900 5722">
     <span class='ocr_line' id='line_1_102' title="bbox 417 5646 900 5722; baseline -0.008 -18"><span class='ocrx_word' id='word_1_842' title='bbox 417 5650 542 5722; x_wconf 79' lang='lat' dir='ltr'><strong>pulo</strong></span> <span class='ocrx_word' id='word_1_843' title='bbox 564 5646 695 5722; x_wconf 50' lang='lat' dir='ltr'><strong>meo:</strong></span> <span class='ocrx_word' id='word_1_844' title='bbox 720 5646 900 5722; x_wconf 70' lang='lat' dir='ltr'><strong>MART.</strong></span> 
     </span>
    </p>
   </div>
   <div class='ocr_carea' id='block_1_103' title="bbox 489 5716 2018 5789">
    <p class='ocr_par' dir='ltr' id='par_1_103' title="bbox 489 5716 2018 5789">
     <span class='ocr_line' id='line_1_103' title="bbox 489 5716 2018 5789; baseline -0.001 -15"><span class='ocrx_word' id='word_1_845' title='bbox 489 5749 561 5761; x_wconf 91' lang='lat'><strong>——</strong></span> <span class='ocrx_word' id='word_1_846' title='bbox 598 5717 838 5774; x_wconf 87' lang='lat' dir='ltr'><strong>Urbinas</strong></span> <span class='ocrx_word' id='word_1_847' title='bbox 877 5733 982 5774; x_wconf 89' lang='lat' dir='ltr'><strong>ms.</strong></span> <span class='ocrx_word' id='word_1_848' title='bbox 1031 5732 1155 5772; x_wconf 91' lang='lat' dir='ltr'><strong>cum</strong></span> <span class='ocrx_word' id='word_1_849' title='bbox 1200 5716 1440 5789; x_wconf 20' lang='lat' dir='ltr'><strong>Yitilgalis</strong></span> <span class='ocrx_word' id='word_1_850' title='bbox 1490 5717 1682 5789; x_wconf 83' lang='lat' dir='ltr'><strong>populo</strong></span> <span class='ocrx_word' id='word_1_851' title='bbox 1724 5731 1833 5770; x_wconf 87' lang='lat' dir='ltr'><strong>meo</strong></span> <span class='ocrx_word' id='word_1_852' title='bbox 1888 5716 2018 5788; x_wconf 89' lang='lat' dir='ltr'><strong>legit</strong></span> 
     </span>
    </p>
   </div>
   <div class='ocr_carea' id='block_1_104' title="bbox 421 5788 1657 5864">
    <p class='ocr_par' dir='ltr' id='par_1_104' title="bbox 421 5788 1657 5864">
     <span class='ocr_line' id='line_1_104' title="bbox 421 5788 1657 5864; baseline -0.006 -17"><span class='ocrx_word' id='word_1_853' title='bbox 421 5806 521 5864; x_wconf 83' lang='lat' dir='ltr'><strong>pro</strong></span> <span class='ocrx_word' id='word_1_854' title='bbox 549 5798 674 5864; x_wconf 71' lang='lat' dir='ltr'><strong>tuo:</strong></span> <span class='ocrx_word' id='word_1_855' title='bbox 708 5791 868 5864; x_wconf 84' lang='lat' dir='ltr'><strong>idque</strong></span> <span class='ocrx_word' id='word_1_856' title='bbox 892 5791 1092 5844; x_wconf 89' lang='lat' dir='ltr'><strong>rectius</strong></span> <span class='ocrx_word' id='word_1_857' title='bbox 1114 5789 1182 5864; x_wconf 83' lang='lat' dir='ltr'><strong>ad</strong></span> <span class='ocrx_word' id='word_1_858' title='bbox 1213 5788 1657 5864; x_wconf 53' lang='lat' dir='ltr'><strong>Hebraeumjm.</strong></span> 
     </span>
    </p>
   </div>
   <div class='ocr_carea' id='block_1_105' title="bbox 496 5857 2012 5933">
    <p class='ocr_par' dir='ltr' id='par_1_105' title="bbox 496 5857 2012 5933">
     <span class='ocr_line' id='line_1_105' title="bbox 496 5857 2012 5933; baseline -0.001 -16"><span class='ocrx_word' id='word_1_859' title='bbox 496 5861 525 5901; x_wconf 72' lang='grc' dir='ltr'>δ</span> <span class='ocrx_word' id='word_1_860' title='bbox 550 5861 609 5917; x_wconf 92' lang='lat' dir='ltr'><strong>lu</strong></span> <span class='ocrx_word' id='word_1_861' title='bbox 636 5863 738 5917; x_wconf 85' lang='lat' dir='ltr'><strong>hoc</strong></span> <span class='ocrx_word' id='word_1_862' title='bbox 765 5857 822 5917; x_wconf 81' lang='lat' dir='ltr'><strong>et</strong></span> <span class='ocrx_word' id='word_1_863' title='bbox 850 5862 903 5917; x_wconf 91' lang='lat' dir='ltr'><strong>in</strong></span> <span class='ocrx_word' id='word_1_864' title='bbox 930 5859 1186 5933; x_wconf 88' lang='lat' dir='ltr'><strong>sequenti</strong></span> <span class='ocrx_word' id='word_1_865' title='bbox 1210 5861 1477 5917; x_wconf 87' lang='lat' dir='ltr'><strong>versiculo</strong></span> <span class='ocrx_word' id='word_1_866' title='bbox 1495 5857 1682 5917; x_wconf 88' lang='lat' dir='ltr'><strong>Canon</strong></span> <span class='ocrx_word' id='word_1_867' title='bbox 1698 5858 1833 5917; x_wconf 79' lang='lat' dir='ltr'><strong>Heb.</strong></span> <span class='ocrx_word' id='word_1_868' title='bbox 1856 5862 2012 5917; x_wconf 87' lang='lat' dir='ltr'><strong>verit.</strong></span> 
     </span>
    </p>
   </div>
   <div class='ocr_carea' id='block_1_106' title="bbox 2111 4732 3805 4806">
    <p class='ocr_par' dir='ltr' id='par_1_106' title="bbox 2111 4732 3805 4806">
     <span class='ocr_line' id='line_1_106' title="bbox 2111 4732 3805 4806; baseline -0.001 -16"><span class='ocrx_word' id='word_1_869' title='bbox 2111 4737 2273 4790; x_wconf 90' lang='lat' dir='ltr'><strong>mala.</strong></span> <span class='ocrx_word' id='word_1_870' title='bbox 2318 4734 2400 4806; x_wconf 90' lang='lat' dir='ltr'><strong>[C.</strong></span> <span class='ocrx_word' id='word_1_871' title='bbox 2432 4733 2543 4805; x_wconf 83' lang='lat' dir='ltr'><strong>LL]</strong></span> <span class='ocrx_word' id='word_1_872' title='bbox 2589 4732 2968 4803; x_wconf 84' lang='lat' dir='ltr'><strong>Perrexitque,</strong></span> <span class='ocrx_word' id='word_1_873' title='bbox 3001 4733 3227 4801; x_wconf 87' lang='lat' dir='ltr'><strong>etcepit</strong></span> <span class='ocrx_word' id='word_1_874' title='bbox 3284 4742 3561 4788; x_wconf 89' lang='lat' dir='ltr'><strong>trecentas</strong></span> <span class='ocrx_word' id='word_1_875' title='bbox 3586 4734 3707 4788; x_wconf 91' lang='lat' dir='ltr'><strong>vul-</strong></span> <span class='ocrx_word' id='word_1_876' title='bbox 3798 4744 3805 4751; x_wconf 72' lang='lat'><strong><em>’</em></strong></span> 
     </span>
    </p>
   </div>
   <div class='ocr_carea' id='block_1_107' title="bbox 2110 4826 3709 4900">
    <p class='ocr_par' dir='ltr' id='par_1_107' title="bbox 2110 4826 3709 4900">
     <span class='ocr_line' id='line_1_107' title="bbox 2110 4826 3709 4900; baseline 0.001 -16"><span class='ocrx_word' id='word_1_877' title='bbox 2110 4844 2227 4900; x_wconf 92' lang='lat' dir='ltr'><strong>pes,</strong></span> <span class='ocrx_word' id='word_1_878' title='bbox 2261 4828 2569 4897; x_wconf 90' lang='lat' dir='ltr'><strong>caudasque</strong></span> <span class='ocrx_word' id='word_1_879' title='bbox 2625 4842 2812 4882; x_wconf 89' lang='lat' dir='ltr'><strong>earum</strong></span> <span class='ocrx_word' id='word_1_880' title='bbox 2842 4827 3022 4894; x_wconf 88' lang='lat' dir='ltr'><strong>junxit</strong></span> <span class='ocrx_word' id='word_1_881' title='bbox 3072 4826 3141 4880; x_wconf 91' lang='lat' dir='ltr'><strong>ad</strong></span> <span class='ocrx_word' id='word_1_882' title='bbox 3193 4826 3410 4892; x_wconf 91' lang='lat' dir='ltr'><strong>caudas,</strong></span> <span class='ocrx_word' id='word_1_883' title='bbox 3462 4835 3517 4882; x_wconf 92' lang='lat' dir='ltr'><strong>et</strong></span> <span class='ocrx_word' id='word_1_884' title='bbox 3558 4827 3709 4885; x_wconf 88' lang='lat' dir='ltr'><strong>faces</strong></span> 
     </span>
    </p>
   </div>
   <div class='ocr_carea' id='block_1_108' title="bbox 2112 4922 3711 4992">
    <p class='ocr_par' dir='ltr' id='par_1_108' title="bbox 2112 4922 3711 4992">
     <span class='ocr_line' id='line_1_108' title="bbox 2112 4922 3711 4992; baseline 0.001 -14"><span class='ocrx_word' id='word_1_885' title='bbox 2112 4923 2299 4992; x_wconf 82' lang='lat' dir='ltr'><strong>ligavit</strong></span> <span class='ocrx_word' id='word_1_886' title='bbox 2330 4922 2382 4977; x_wconf 91' lang='lat' dir='ltr'><strong>in</strong></span> <span class='ocrx_word' id='word_1_887' title='bbox 2413 4922 2623 4977; x_wconf 89' lang='lat' dir='ltr'><strong>medio:</strong></span> <span class='ocrx_word' id='word_1_888' title='bbox 2653 4936 2789 4991; x_wconf 91' lang='lat' dir='ltr'><strong>quas</strong></span> <span class='ocrx_word' id='word_1_889' title='bbox 2831 4923 2952 4992; x_wconf 90' lang='lat' dir='ltr'><strong>igne</strong></span> <span class='ocrx_word' id='word_1_890' title='bbox 2979 4922 3338 4988; x_wconf 88' lang='lat' dir='ltr'><strong>succendens,</strong></span> <span class='ocrx_word' id='word_1_891' title='bbox 3386 4922 3614 4990; x_wconf 91' lang='lat' dir='ltr'><strong>dimisit,</strong></span> <span class='ocrx_word' id='word_1_892' title='bbox 3648 4933 3711 4980; x_wconf 89' lang='lat' dir='ltr'><strong>ut</strong></span> 
     </span>
    </p>
   </div>
   <div class='ocr_carea' id='block_1_109' title="bbox 2115 5014 3712 5085">
    <p class='ocr_par' dir='ltr' id='par_1_109' title="bbox 2115 5014 3712 5085">
     <span class='ocr_line' id='line_1_109' title="bbox 2115 5014 3712 5085; baseline 0.002 -16"><span class='ocrx_word' id='word_1_893' title='bbox 2115 5014 2220 5070; x_wconf 90' lang='lat' dir='ltr'><strong>huc</strong></span> <span class='ocrx_word' id='word_1_894' title='bbox 2274 5015 2507 5085; x_wconf 90' lang='lat' dir='ltr'><strong>illucque</strong></span> <span class='ocrx_word' id='word_1_895' title='bbox 2555 5014 2945 5069; x_wconf 78' lang='lat' dir='ltr'><strong>discurrerent.</strong></span> <span class='ocrx_word' id='word_1_896' title='bbox 2983 5015 3113 5082; x_wconf 73' lang='lat' dir='ltr'><strong>Qua:</strong></span> <span class='ocrx_word' id='word_1_897' title='bbox 3139 5018 3323 5069; x_wconf 82' lang='lat' dir='ltr'><strong>Statim</strong></span> <span class='ocrx_word' id='word_1_898' title='bbox 3352 5025 3712 5085; x_wconf 80' lang='lat' dir='ltr'><strong>perrexerunt</strong></span> 
     </span>
    </p>
   </div>
   <div class='ocr_carea' id='block_1_110' title="bbox 2115 5105 3711 5178">
    <p class='ocr_par' dir='ltr' id='par_1_110' title="bbox 2115 5105 3711 5178">
     <span class='ocr_line' id='line_1_110' title="bbox 2115 5105 3711 5178; baseline 0.003 -16"><span class='ocrx_word' id='word_1_899' title='bbox 2115 5108 2169 5163; x_wconf 92' lang='lat' dir='ltr'><strong>in</strong></span> <span class='ocrx_word' id='word_1_900' title='bbox 2220 5116 2434 5178; x_wconf 87' lang='lat' dir='ltr'><strong>segetes</strong></span> <span class='ocrx_word' id='word_1_901' title='bbox 2475 5106 2946 5162; x_wconf 90' lang='lat' dir='ltr'><strong>Philisthinorum.</strong></span> <span class='ocrx_word' id='word_1_902' title='bbox 3021 5105 3227 5174; x_wconf 91' lang='lat' dir='ltr'><strong>Quibus</strong></span> <span class='ocrx_word' id='word_1_903' title='bbox 3270 5108 3596 5175; x_wconf 88' lang='lat' dir='ltr'><strong>succensis,</strong></span> <span class='ocrx_word' id='word_1_904' title='bbox 3650 5116 3711 5167; x_wconf 86' lang='lat' dir='ltr'><strong>et</strong></span> 
     </span>
    </p>
   </div>
   <div class='ocr_carea' id='block_1_111' title="bbox 2115 5198 3712 5271">
    <p class='ocr_par' dir='ltr' id='par_1_111' title="bbox 2115 5198 3712 5271">
     <span class='ocr_line' id='line_1_111' title="bbox 2115 5198 3712 5271; baseline 0 -15"><span class='ocrx_word' id='word_1_905' title='bbox 2115 5209 2468 5270; x_wconf 65' lang='lat' dir='ltr'><strong>comportatur</strong></span> <span class='ocrx_word' id='word_1_906' title='bbox 2494 5199 2605 5270; x_wconf 92' lang='lat' dir='ltr'><strong>jam</strong></span> <span class='ocrx_word' id='word_1_907' title='bbox 2658 5200 2861 5270; x_wconf 86' lang='lat' dir='ltr'><strong>fruges,</strong></span> <span class='ocrx_word' id='word_1_908' title='bbox 2891 5207 2948 5254; x_wconf 91' lang='lat' dir='ltr'><strong>et</strong></span> <span class='ocrx_word' id='word_1_909' title='bbox 2973 5198 3150 5255; x_wconf 88' lang='lat' dir='ltr'><strong>adhuc</strong></span> <span class='ocrx_word' id='word_1_910' title='bbox 3187 5201 3466 5255; x_wconf 88' lang='lat' dir='ltr'><strong>stantesin</strong></span> <span class='ocrx_word' id='word_1_911' title='bbox 3489 5201 3712 5271; x_wconf 89' lang='lat' dir='ltr'><strong>stipula,</strong></span> 
     </span>
    </p>
   </div>
   <div class='ocr_carea' id='block_1_112' title="bbox 2118 5292 3709 5365">
    <p class='ocr_par' dir='ltr' id='par_1_112' title="bbox 2118 5292 3709 5365">
     <span class='ocr_line' id='line_1_112' title="bbox 2118 5292 3709 5365; baseline 0 -15"><span class='ocrx_word' id='word_1_912' title='bbox 2118 5300 2479 5350; x_wconf 66' lang='lat' dir='ltr'><strong>concremata:</strong></span> <span class='ocrx_word' id='word_1_913' title='bbox 2502 5300 2645 5358; x_wconf 89' lang='lat' dir='ltr'><strong>sunt,</strong></span> <span class='ocrx_word' id='word_1_914' title='bbox 2706 5293 2759 5346; x_wconf 93' lang='lat' dir='ltr'><strong>in</strong></span> <span class='ocrx_word' id='word_1_915' title='bbox 2809 5299 3037 5359; x_wconf 90' lang='lat' dir='ltr'><strong>tantum,</strong></span> <span class='ocrx_word' id='word_1_916' title='bbox 3096 5301 3153 5347; x_wconf 92' lang='lat' dir='ltr'><strong>ut</strong></span> <span class='ocrx_word' id='word_1_917' title='bbox 3200 5292 3389 5349; x_wconf 90' lang='lat' dir='ltr'><strong>vineas</strong></span> <span class='ocrx_word' id='word_1_918' title='bbox 3414 5308 3631 5365; x_wconf 88' lang='lat' dir='ltr'><strong>quoque</strong></span> <span class='ocrx_word' id='word_1_919' title='bbox 3651 5300 3709 5350; x_wconf 88' lang='lat' dir='ltr'><strong>et</strong></span> 
     </span>
    </p>
   </div>
   <div class='ocr_carea' id='block_1_113' title="bbox 2124 5428 3714 5501">
    <p class='ocr_par' dir='ltr' id='par_1_113' title="bbox 2124 5428 3714 5501">
     <span class='ocr_line' id='line_1_113' title="bbox 2124 5428 3714 5501; baseline -0.001 -15"><span class='ocrx_word' id='word_1_920' title='bbox 2124 5445 2319 5486; x_wconf 90' lang='lat' dir='ltr'><strong>nomen</strong></span> <span class='ocrx_word' id='word_1_921' title='bbox 2364 5428 2628 5501; x_wconf 66' lang='lat' dir='ltr'><strong>problema</strong></span> <span class='ocrx_word' id='word_1_922' title='bbox 2685 5429 2946 5494; x_wconf 89' lang='lat' dir='ltr'><strong>scriptum</strong></span> <span class='ocrx_word' id='word_1_923' title='bbox 3005 5429 3167 5484; x_wconf 89' lang='lat' dir='ltr'><strong>habet</strong></span> <span class='ocrx_word' id='word_1_924' title='bbox 3214 5430 3267 5501; x_wconf 91' lang='lat' dir='ltr'><strong>in</strong></span> <span class='ocrx_word' id='word_1_925' title='bbox 3321 5438 3469 5485; x_wconf 83' lang='lat' dir='ltr'><strong>textu</strong></span> <span class='ocrx_word' id='word_1_926' title='bbox 3511 5430 3714 5486; x_wconf 89' lang='lat' dir='ltr'><strong>litteris</strong></span> 
     </span>
    </p>
   </div>
   <div class='ocr_carea' id='block_1_114' title="bbox 2122 5500 3710 5572">
    <p class='ocr_par' dir='ltr' id='par_1_114' title="bbox 2122 5500 3710 5572">
     <span class='ocr_line' id='line_1_114' title="bbox 2122 5500 3710 5572; baseline -0.004 -12"><span class='ocrx_word' id='word_1_927' title='bbox 2122 5500 2479 5565; x_wconf 61' lang='lat' dir='ltr'><strong>GrazcisJioc</strong></span> <span class='ocrx_word' id='word_1_928' title='bbox 2507 5500 2667 5554; x_wconf 92' lang='lat' dir='ltr'><strong>modo</strong></span> <span class='ocrx_word' id='word_1_929' title='bbox 2698 5510 3031 5556; x_wconf 79' lang='lat' dir='ltr'><strong>HPOBAHMA.</strong></span> <span class='ocrx_word' id='word_1_930' title='bbox 3071 5500 3326 5555; x_wconf 83' lang='lat' dir='ltr'><strong>Eamdem</strong></span> <span class='ocrx_word' id='word_1_931' title='bbox 3365 5517 3581 5572; x_wconf 90' lang='lat' dir='ltr'><strong>quoque</strong></span> <span class='ocrx_word' id='word_1_932' title='bbox 3612 5516 3710 5555; x_wconf 91' lang='lat' dir='ltr'><strong>vo-</strong></span> 
     </span>
    </p>
   </div>
   <div class='ocr_carea' id='block_1_115' title="bbox 2123 5573 3708 5641">
    <p class='ocr_par' dir='ltr' id='par_1_115' title="bbox 2123 5573 3708 5641">
     <span class='ocr_line' id='line_1_115' title="bbox 2123 5573 3708 5641; baseline 0.001 -12"><span class='ocrx_word' id='word_1_933' title='bbox 2123 5590 2242 5630; x_wconf 91' lang='lat' dir='ltr'><strong>cem</strong></span> <span class='ocrx_word' id='word_1_934' title='bbox 2266 5573 2455 5628; x_wconf 72' lang='lat' dir='ltr'><strong>Grtece</strong></span> <span class='ocrx_word' id='word_1_935' title='bbox 2482 5573 2739 5641; x_wconf 84' lang='lat' dir='ltr'><strong>scriptam</strong></span> <span class='ocrx_word' id='word_1_936' title='bbox 2768 5573 2832 5625; x_wconf 86' lang='lat' dir='ltr'><strong>ad</strong></span> <span class='ocrx_word' id='word_1_937' title='bbox 2855 5573 3149 5641; x_wconf 86' lang='lat' dir='ltr'><strong>marginem</strong></span> <span class='ocrx_word' id='word_1_938' title='bbox 3178 5574 3482 5641; x_wconf 90' lang='lat' dir='ltr'><strong>reperimus</strong></span> <span class='ocrx_word' id='word_1_939' title='bbox 3515 5574 3567 5626; x_wconf 94' lang='lat' dir='ltr'><strong>in</strong></span> <span class='ocrx_word' id='word_1_940' title='bbox 3601 5587 3708 5631; x_wconf 86' lang='lat' dir='ltr'><strong>ms.</strong></span> 
     </span>
    </p>
   </div>
   <div class='ocr_carea' id='block_1_116' title="bbox 2124 5641 3711 5713">
    <p class='ocr_par' dir='ltr' id='par_1_116' title="bbox 2124 5641 3711 5713">
     <span class='ocr_line' id='line_1_116' title="bbox 2124 5641 3711 5713; baseline -0.001 -13"><span class='ocrx_word' id='word_1_941' title='bbox 2124 5645 2314 5700; x_wconf 91' lang='lat' dir='ltr'><strong>codice</strong></span> <span class='ocrx_word' id='word_1_942' title='bbox 2346 5652 2534 5697; x_wconf 89' lang='lat' dir='ltr'><strong>nostro</strong></span> <span class='ocrx_word' id='word_1_943' title='bbox 2562 5659 2715 5697; x_wconf 90' lang='lat' dir='ltr'><strong>num.</strong></span> <span class='ocrx_word' id='word_1_944' title='bbox 2745 5643 2798 5697; x_wconf 79' lang='grc'><strong>5.</strong></span> <span class='ocrx_word' id='word_1_945' title='bbox 2827 5642 2897 5698; x_wconf 83' lang='lat' dir='ltr'><strong>At</strong></span> <span class='ocrx_word' id='word_1_946' title='bbox 2921 5658 3109 5713; x_wconf 91' lang='lat' dir='ltr'><strong>parum</strong></span> <span class='ocrx_word' id='word_1_947' title='bbox 3140 5641 3310 5698; x_wconf 85' lang='lat' dir='ltr'><strong>refert</strong></span> <span class='ocrx_word' id='word_1_948' title='bbox 3334 5642 3530 5713; x_wconf 88' lang='lat' dir='ltr'><strong>quibus</strong></span> <span class='ocrx_word' id='word_1_949' title='bbox 3560 5644 3711 5699; x_wconf 90' lang='lat' dir='ltr'><strong>litte-</strong></span> 
     </span>
    </p>
   </div>
   <div class='ocr_carea' id='block_1_117' title="bbox 2124 5714 3715 5782">
    <p class='ocr_par' dir='ltr' id='par_1_117' title="bbox 2124 5714 3715 5782">
     <span class='ocr_line' id='line_1_117' title="bbox 2124 5714 3715 5782; baseline -0.001 -10"><span class='ocrx_word' id='word_1_950' title='bbox 2124 5719 2218 5781; x_wconf 84' lang='lat' dir='ltr'><strong>ris.</strong></span> <span class='ocrx_word' id='word_1_951' title='bbox 2249 5714 2476 5780; x_wconf 85' lang='lat' dir='ltr'><strong>Graecis,</strong></span> <span class='ocrx_word' id='word_1_952' title='bbox 2501 5724 2593 5768; x_wconf 91' lang='lat' dir='ltr'><strong>aut</strong></span> <span class='ocrx_word' id='word_1_953' title='bbox 2630 5714 2857 5780; x_wconf 87' lang='lat' dir='ltr'><strong>Latinis,</strong></span> <span class='ocrx_word' id='word_1_954' title='bbox 2882 5717 3248 5782; x_wconf 88' lang='lat' dir='ltr'><strong>exscribatur,</strong></span> <span class='ocrx_word' id='word_1_955' title='bbox 3282 5730 3403 5771; x_wconf 89' lang='lat' dir='ltr'><strong>cum</strong></span> <span class='ocrx_word' id='word_1_956' title='bbox 3427 5714 3559 5770; x_wconf 90' lang='lat' dir='ltr'><strong>nihil</strong></span> <span class='ocrx_word' id='word_1_957' title='bbox 3592 5730 3715 5771; x_wconf 87' lang='lat' dir='ltr'><strong>mu-</strong></span> 
     </span>
    </p>
   </div>
   <div class='ocr_carea' id='block_1_118' title="bbox 2124 5786 2821 5844">
    <p class='ocr_par' dir='ltr' id='par_1_118' title="bbox 2124 5786 2821 5844">
     <span class='ocr_line' id='line_1_118' title="bbox 2124 5786 2821 5844; baseline 0 0"><span class='ocrx_word' id='word_1_958' title='bbox 2124 5796 2270 5844; x_wconf 89' lang='lat' dir='ltr'><strong>tatur</strong></span> <span class='ocrx_word' id='word_1_959' title='bbox 2300 5787 2352 5841; x_wconf 93' lang='lat' dir='ltr'><strong>in</strong></span> <span class='ocrx_word' id='word_1_960' title='bbox 2375 5786 2614 5843; x_wconf 89' lang='lat' dir='ltr'><strong>nomine.</strong></span> <span class='ocrx_word' id='word_1_961' title='bbox 2644 5786 2821 5844; x_wconf 72' lang='lat' dir='ltr'><strong>Man&#39;r.</strong></span> 
     </span>
    </p>
   </div>
  </div>
