3956 6338
422 313 522 368 551

1530 310 1911 370 ΙΙΙΕΒΟΝΥΙΙ
1950 306 2180 369 ΜἿΙΝΑ
2228 308 2708 370 BibLlOTliECA.

3593 317 3689 375 532

423 430 623 487 oliveta
648 430 864 486 tiamm
890 439 1253 489 consumeret.
1285 431 1651 501 Dixeruntque
1677 428 2011 484 Pbiiisthim:
2044 426 2093 489 Α
2124 428 2267 499 apud
2299 438 2415 495 (λος,
2468 428 2704 483 intrasse
2737 428 2926 483 urbem
2955 429 3207 495 Samson,
3240 429 3693 488 circumdederunt

426 522 561 590 Quis
592 521 719 578 fecit
773 522 914 579 hanc
958 522 1113 580 retu?
1138 523 1349 592 Quibus
1390 523 1597 579 dictum
1628 531 1742 578 est:
1792 521 2021 578 Samson

424 632 597 690 gener
623 615 1037 673 Thamnstbtei:
1069 616 1197 686 quis
1230 617 1354 672 tulit
1396 628 1626 671 uxorem
1657 615 1778 685 eius
1803 659 1818 687 ,
1870 622 1928 671 ct
1955 615 2025 670 si-

428 709 533 764 tcri
564 706 809 772 tradidit,
835 708 952 765 inec
971 716 1228 777 operatus
1255 714 1356 764 est.
1388 707 1875 779 Ascendet-nmque
1904 707 2026 764 Phi-

428 799 663 865 lisdsim,
685 810 743 855 et
771 800 1310 857 combusscrunttatn
1328 802 1611 855 mulierem
1637 815 1797 873 quum
1821 809 2027 872 patrem

348 896 363 909 '
431 893 572 964 ejus.
602 894 810 960 Quibus
833 893 908 948 ait
936 893 1199 949 Samson:
1234 894 1387 950 Licet
1406 893 1523 949 hil‘C
1550 894 1811 962 feceritis,
1849 905 2028 950 tamen

432 989 619 1046 adhuc
636 1004 701 1044 ex
728 989 884 1046 vobis
909 999 1164 1058 expetam
1184 989 1466 1057 ultionem,
1498 1000 1552 1043 et
1575 1000 1702 1046 tunc
1727 991 2031 1061 quiescam.

433 1084 818 1154 Percussitque
876 1099 975 1140 eos
1018 1085 1226 1156 ingenti
1276 1085 1455 1156 plaga,
1504 1085 1577 1141 ita
1637 1094 1695 1141 ut
1746 1092 2031 1157 stupentes

429 1191 616 1232 suram
673 1174 866 1235 ietnori
895 1177 1261 1247 impdncrent.
1304 1179 1371 1233 Et
1396 1177 1743 1234 descendens
1771 1179 2032 1235 habitavit

432 1273 487 1327 in
530 1273 790 1343 spelunca
843 1284 1013 1343 petrus
1062 1273 1242 1330 Etum.
1286 1275 1453 1346 igitur
1507 1275 1867 1332 ascendentes
1906 1274 2034 1330 Phi-

431 1364 641 1421 listbint
676 1364 730 1419 in
771 1373 974 1420 terram
1005 1364 1140 1421 Jnds
1166 1408 1181 1432 ,
1230 1367 1601 1423 castrantctoti
1631 1372 1780 1431 sunt,
1813 1367 1867 1422 in
1914 1366 2034 1421 loco

433 1455 529 1527 qui
559 1464 743 1525 postea
773 1466 997 1512 vocatus
1018 1464 1106 1514 est
1135 1458 1294 1526 Lebi,
1326 1458 1378 1514 id
1410 1467 1516 1523 est.
1547 1458 1789 1526 maxilla,
1819 1456 1915 1514 ubi
1941 1470 2036 1513 co-

433 1565 555 1605 rum
594 1560 683 1605 est
732 1550 885 1606 fusus
945 1552 1243 1608 exercitus.
1290 1551 1661 1623 Dixeruntqne
1706 1552 1775 1607 ad
1825 1564 1922 1607 eos
1967 1553 2036 1607 de

433 1642 580 1698 tribu
612 1641 779 1698 inda:
833 1643 946 1699 Cur
972 1644 1296 1700 ascendisus
1315 1643 1603 1699 adversum
1633 1644 1777 1699 nos?
1818 1643 1923 1711 Qui
1951 1656 2037 1699 re-

433 1735 801 1805 sponderunt:
825 1734 895 1792 Ut
922 1736 1149 1807 ligentes
1180 1736 1431 1803 Samson,
1461 1737 1726 1802 venimus,
1763 1746 1818 1791 et
1841 1737 2034 1792 reddu-

2127 532 2275 586 cum,
2310 520 2498 589 positis
2523 519 2574 573 in
2598 527 2750 588 porta
2773 518 3004 575 civitatis
3031 518 3378 575 custodibus:
3420 528 3471 575 et
3496 520 3565 578 ibi
3594 531 3694 580 tota

2128 624 2287 671 nocte
2334 626 2455 671 cum
2506 615 2726 670 silentio
2781 616 3195 686 praestolantes,
3253 623 3309 670 nt
3366 614 3696 676 taeto'mane

2129 718 2419 767 exeuntem
2465 709 2800 767 occiderent.
2856 707 2965 782 [C.
3000 707 3175 784 ιλιι]
3224 707 3485 768 Dormivit
3532 722 3697 772 autem

2128 808 2356 861 Samson
2400 818 2569 876 usque
2621 804 2687 861 ad
2720 804 2891 862 noctis
2925 805 3194 863 medium:
3224 813 3279 861 ct
3320 804 3444 864 inde
3487 820 3696 865 consur-

2127 906 2285 967 gens,
2315 895 2674 966 apprehendit
2699 897 2887 953 ambas
2919 905 3089 968 portat
3136 894 3283 955 fores
3322 912 3443 955 cum
3466 900 3703 982 postibus

2131 992 2244 1047 suis
2268 1000 2322 1047 et
2350 992 2896 1064 scra,impositasqnc
2922 990 3162 1050 humeris
3192 988 3395 1067 [γαίῃ.
3422 993 3545 1050 add.
3572 997 3706 1071 suis]

2134 1084 2375 1153 portavit
2427 1085 2493 1139 ad
2527 1083 2789 1141 verticem
2830 1086 3053 1151 montis,
3099 1080 3192 1151 qui
3230 1082 3445 1157 respicit
3484 1083 3707 1144 iiebmn.

2135 1174 2219 1249 1C.
2254 1175 2419 1248 LIV.]
2447 1176 2577 1232 Post
2603 1177 2716 1233 lucc
2744 1179 2949 1234 amavit
2977 1174 3283 1246 mulierem,
3307 1190 3427 1249 qua:
3455 1175 3713 1235 habitabat

2133 1271 2190 1325 in
2220 1270 2365 1325 valle
2392 1269 2585 1338 Sorec,
2611 1280 2665 1326 et
2696 1270 2999 1327 vocabatur
3024 1267 3217 1327 Daliia.
3251 1266 3629 1347 Vcncruntque
3654 1268 3716 1329 ad

2134 1376 2253 1420 eam
2287 1363 2559 1435 principes
2584 1360 3057 1430 Philisthinorum,
3105 1367 3269 1435 atque
3297 1361 3581 1420 dixerunt:
3615 1361 3707 1420 De-

2134 1459 2259 1530 clpe
2296 1470 2443 1523 eum,
2475 1464 2532 1513 ct
2580 1456 2732 1515 disce
2761 1456 2977 1526 abillo,
3029 1457 3085 1514 in
3139 1468 3250 1529 quo
3304 1464 3507 1513 tantam
3534 1454 3719 1514 habeat

2136 1547 2540 1619 fortitudinem,
2575 1557 2632 1605 et
2657 1563 2767 1620 quo
2809 1548 2971 1605 modo
2994 1562 3116 1605 eum
3144 1560 3410 1619 superare
3437 1546 3717 1615 vaicamus,

2146 1652 2202 1699 et
2224 1642 2466 1699 vinctum
2497 1636 2765 1714 afﬂigere.
2798 1641 2954 1712 Quod
3010 1643 3055 1697 sl
3089 1639 3311 1709 ieceris,
3361 1638 3604 1698 dabimus
3631 1640 3723 1700 tibi

2139 1734 2335 1805 singuli
2365 1734 2515 1790 mille
2553 1741 2609 1790 et
2652 1738 2871 1790 centum
2900 1742 3208 1807 argenteos.
3252 1734 3456 1791 Locuta
3486 1742 3566 1791 est
3604 1748 3725 1807 ergo

437 1844 562 1885 mus
590 1832 637 1886 ei
667 1846 786 1898 quo
808 1832 863 1885 in
901 1846 1002 1886 nos
1030 1836 1290 1902 operatus
1317 1842 1418 1886 est.
1463 1830 1878 1887 Descenderunt
1908 1842 2039 1903 ergo
2075 1819 2116 1881 Β
2150 1828 2313 1883 Dalila
2347 1827 2414 1883 ad
2445 1829 2704 1885 Samson:
2741 1827 2834 1883 Dic
2864 1826 3021 1894 mibi,
3049 1828 3306 1893 obsecro,
3341 1827 3396 1883 in
3425 1842 3529 1900 quo
3548 1828 3616 1884 sit
3642 1837 3725 1885 tua

434 1923 542 1978 tria
575 1921 742 1977 millia
771 1922 1009 1978 virorum
1038 1923 1110 1979 de
1139 1923 1275 1981 Juda
1300 1923 1367 1979 ad
1409 1936 1630 2007 specum
1661 1924 1830 1981 silicis
1856 1924 2040 1994 Etam,

435 2014 801 2086 dixeruntque
824 2015 891 2070 ad
914 2016 1147 2079 Sumsen
1171 2035 1183 2072 :
1230 2017 1418 2073 Nescis
1436 2016 1583 2089 quod
1615 2017 1916 2073 Philistitim
1944 2018 2044 2072 im-

436 2117 632 2178 perent
662 2107 854 2164 nobis?
878 2121 1047 2178 quare
1078 2109 1182 2165 hoc
1210 2107 1391 2165 facere
1425 2108 1678 2164 voluiStii
1704 2106 1917 2177 Quibus
1946 2110 2043 2166 ille

438 2198 552 2278 ait:
587 2199 736 2256 Sicut
768 2199 1019 2256 temnunt
1045 2201 1202 2272 mihi,
1238 2200 1340 2258 ieci
1372 2202 1473 2257 eis.
1505 2201 1720 2273 Ligure,
1768 2202 2039 2272 inquiunt,

439 2303 495 2346 te
524 2291 807 2356 venimus.
866 2302 922 2347 ct
952 2293 1170 2350 trudere
1221 2294 1273 2349 in
1323 2308 1516 2350 manus
1564 2294 2040 2351 Pbilisthinorum.

442 2385 653 2454 Quibus
692 2386 973 2454 respondit
999 2385 1260 2443 Suntsun:
1290 2388 1504 2453 .iurate,
1532 2396 1592 2444 et
1612 2387 1881 2460 spondete
1910 2389 2044 2444 mihi

446 2479 594 2550 quod
630 2494 734 2535 non
792 2494 877 2535 me
904 2478 1194 2536 cccidutis.
1236 2480 1541 2535 Dixerunt:
1581 2480 1702 2536 Non
1751 2490 1805 2539 te
1830 2481 2047 2538 occide~

442 2586 593 2638 mus,
646 2573 740 2627 sed
796 2572 1037 2628 vinctum
1090 2572 1389 2629 trademus.
1431 2573 1863 2645 Ligaverdntque
1916 2586 2043 2630 eum

442 2664 657 2721 duobus
712 2665 869 2720 novis
920 2663 1141 2720 funibus
1166 2701 1182 2729 .
1228 2674 1285 2722 et
1313 2666 1554 2722 tulerunt
1576 2667 1646 2723 de
1673 2678 1827 2738 petra
1860 2668 2041 2725 Etam.

442 2756 689 2822 Quicum
724 2757 962 2813 venisset
1000 2756 1070 2810 ad
1105 2757 1285 2813 locum
1316 2757 1549 2814 Maxilla
1575 2800 1590 2825 ,
1649 2767 1705 2814 et
1738 2759 2045 2817 Pbilistbim

442 2848 813 2905 vociferantes
858 2851 1225 2907 occurrissent
1249 2852 1325 2917 ei,
1382 2853 1543 2907 irruit
1570 2852 1806 2922 Spiritus
1833 2854 2048 2911 Domini

446 2941 688 2998 incum:
733 2951 791 2997 et
832 2944 979 2998 Sit‘lll
1004 2944 1183 2999 solent
1211 2945 1278 3000 ad
1322 2945 1545 3001 odorem
1576 2948 1715 3015 ignis
1760 2949 1868 3003 lina
1919 2962 2050 3004 con-

445 3034 614 3099 sumi,
647 3034 723 3088 ita
751 3034 963 3090 vincula
987 3035 1186 3105 quibus
1220 3035 1418 3108 ligatus
1445 3048 1593 3103 erat,
1618 3039 1879 3110 dissipata
1923 3046 2050 3098 sunt

2145 1923 2377 1977 maxima
2409 1919 2691 1990 fortitudo,
2725 1932 2780 1977 et
2807 1922 2933 1993 quid
2966 1923 3037 1978 sit
3073 1938 3179 1993 quo
3207 1920 3413 1993 ligatus
3456 1936 3727 1994 erumpere
3772 1974 3787 1993 κ

2146 2016 2421 2087 nequeas?
2449 2014 2547 2071 Cui
2598 2014 2878 2087 respondit
2910 2015 3177 2075 Samson:
3224 2016 3282 2072 Si
3323 2027 3529 2086 septem
3562 2016 3729 2073 nervi-

2144 2111 2258 2167 ceis
2302 2108 2542 2176 funibus,
2588 2110 2821 2165 necdum
2852 2108 3014 2166 siccis
3058 2118 3113 2165 et
3158 2108 3339 2165 adhuc
3369 2104 3728 2179 humentibus,

2145 2202 2344 2273 ligatus
2371 2200 2548 2267 fuero,
2574 2199 2822 2257 iniirmm
2843 2214 2938 2256 cro
2957 2210 3013 2256 ut
3034 2201 3219 2257 cretcri
3248 2200 3517 2256 homines.
3541 2199 3731 2257 Attule-

2146 2302 2380 2365 rumque
2404 2294 2473 2351 ad
2500 2306 2619 2350 eam
2649 2299 2888 2365 satrapae
2910 2293 3371 2352 Philisthinorum
3397 2304 3599 2367 septem
3653 2292 3725 2349 iu-

2146 2400 2266 2456 nes,
2296 2396 2355 2443 nt
2377 2387 2625 2445 dixerat:
2672 2386 2867 2462 quibus
2894 2387 3064 2444 vinxit
3087 2402 3237 2455 eum,
3273 2386 3568 2445 latentibus
3601 2385 3733 2458 apud

2145 2497 2206 2539 se
2227 2476 2461 2550 insidiis,
2491 2478 2627 2539 etin
2675 2480 2924 2539 cubiculo
2953 2478 3115 2538 tinem
3146 2481 3222 2538 rei
3271 2478 3733 2554 exspectantibus;

2146 2580 2507 2651 clamavitque
2534 2577 2603 2635 ad
2634 2590 2791 2635 eum:
2826 2576 3130 2633 Pbiiisthim
3176 2591 3349 2649 super
3378 2585 3454 2644 te,
3484 2574 3733 2633 Samson.

2147 2678 2250 2747 Qui
2278 2678 2423 2748 rupit
2450 2674 2683 2740 vincula,
2712 2688 2823 2747 quo
2846 2672 3006 2731 modo
3028 2674 3072 2729 si
3103 2682 3321 2744 rumpat
3353 2674 3477 2743 quis
3501 2668 3644 2726 illum
3674 2666 3737 2726 de

2149 2776 2324 2839 stupe:
2352 2776 2551 2825 tortum
2581 2776 2603 2805 ο
2633 2768 2931 2840 putamine,
2965 2780 3088 2825 cum
3145 2768 3379 2822 udOrcm
3413 2764 3552 2839 ignis
3597 2774 3740 2821 acce-

2152 2864 2321 2935 perit:
2375 2874 2430 2920 et
2475 2880 2580 2917 non
2613 2874 2694 2918 est
2747 2863 3023 2934 cognitum
3076 2865 3128 2918 in
3159 2877 3271 2934 quo
3319 2870 3468 2917 esset
3490 2852 3743 2917 fortitudo

2151 2954 2288 3026 ejus.
2314 2952 2568 3025 Dixitque
2595 2955 2661 3010 ad
2690 2968 2811 3010 eum
2849 2952 3057 3010 Daiila:
3088 2952 3228 3011 Ecce
3260 2950 3488 3009 lilnsisti
3519 2948 3668 3017 mihi,
3688 2960 3744 3007 et

2151 3047 2351 3104 falsum
2381 3048 2593 3104 locutus
2641 3062 2732 3104 es:
2785 3048 2978 3104 saltem
3004 3058 3146 3103 nunc
3174 3044 3359 3103 indica
3386 3042 3526 3101 mihi
3553 3056 3658 3116 quo
3684 3041 3745 3098 li-

447 3138 504 3183 ct
534 3127 732 3183 soluta.
777 3126 860 3199 lC.
890 3126 1028 3202 Lll.]
1076 3127 1464 3199 iuvenumque
1490 3132 1766 3187 maxillam
1793 3174 1809 3197 ,
1861 3134 1913 3189 id
1939 3140 2046 3202 est.
2151 3144 2265 3214 gari
2294 3136 2516 3199 debeas.
2549 3138 2649 3199 Cui
2680 3140 2777 3198 illc
2804 3140 3122 3214 rcSpondit:
3157 3137 3215 3198 Si
3240 3140 3457 3213 ligatus
3477 3138 3626 3196 l‘uero
3653 3152 3745 3192 no-

446 3222 821 3280 mandibulam
852 3224 1015 3292 asini,
1038 3240 1160 3295 quae
1181 3225 1422 3295 iacebat,
1448 3228 1742 3298 arripiens,
1770 3229 2053 3286 interiecit
2076 3217 2122 3282 Β
2157 3232 2237 3293 vis
2264 3230 2502 3301 funibus,
2533 3238 2623 3307 qui
2653 3248 2926 3306 nunquam
2957 3230 3175 3291 fuerunt
3199 3236 3257 3291 in
3280 3247 3477 3307 Opere,
3511 3232 3751 3289 inﬁrmus

452 3316 508 3369 in
532 3328 595 3370 ea
625 3316 776 3371 mille
800 3314 971 3382 viros,
999 3325 1058 3372 et
1075 3317 1183 3372 ait:
1238 3316 1297 3373 in
1316 3318 1537 3374 maxilla
1562 3320 1724 3389 asini,
1753 3322 1809 3379 in
1834 3322 2055 3379 mandi.

444 3406 571 3463 bula
603 3406 732 3477 pulli
773 3407 1052 3463 asinorum
1080 3444 1095 3472 ι
1146 3408 1329 3466 delevi
1368 3425 1489 3475 eos,
1540 3421 1603 3467 et
1634 3413 1876 3481 percussi
1901 3413 2055 3472 mille

446 3497 621 3553 viros.
651 3497 896 3568 Cumque
922 3499 1041 3555 hic
1070 3490 1233 3555 verba
1256 3516 1459 3556 canem
1486 3503 1844 3573 complesset,
1876 3503 2055 3577 proin.

452 3592 531 3645 cit
552 3590 925 3649 mendibttlsnt
954 3594 1026 3648 de
1052 3609 1241 3658 manu,
1290 3603 1353 3649 ut
1375 3599 1589 3650 vocavit
1626 3612 1826 3652 nomen
1859 3598 1961 3652 inci
1988 3599 2055 3654 ilo

451 3680 559 3737 lius
572 3681 1137 3753 Remum-Leid,un
1158 3685 1543 3755 interpretatur
1554 3686 2050 3745 cisvatismaxiiia.

451 3774 765 3844 Siticnsque
796 3774 972 3839 valde,
1022 3775 1276 3832 clamavit
1302 3777 1368 3831 ad
1395 3777 1706 3849 Dominum,
1754 3789 1808 3835 et
1836 3781 1943 3839 uit:
1968 3781 2055 3838 TI

453 3864 659 3921 dedisti
706 3867 761 3921 in
813 3881 975 3922 mann
1028 3869 1172 3924 servi
1221 3868 1301 3924 tui
1323 3870 1559 3925 salutem
1590 3869 1731 3927 banc
1756 3872 2056 3929 maximum

458 3965 629 4028 atque
678 3958 993 4015 victoriam:
1044 3966 1107 4017 et
1139 3975 1206 4016 en
1251 3962 1345 4016 siti
1362 3963 1593 4029 morior,
1622 3965 1970 4036 incidamque
1999 3965 2054 4023 in

456 4062 658 4105 manus
716 4049 1249 4110 incircumcisorum.
1286 4051 1518 4123 Aperuit
1566 4057 1749 4129 itaque
1790 4059 2057 4116 Dominus

463 4142 734 4198 molarem
761 4141 983 4203 dentem
1038 4144 1095 4201 in
1150 4146 1366 4201 maxilla
1388 4148 1552 4213 asini,
1583 4158 1642 4206 ct
1664 4164 1904 4221 egressa
1927 4160 2059 4209 sint

455 4248 524 4290 ex
557 4249 624 4290 eo
648 4250 823 4307 agite.
864 4235 1072 4302 Quibus
1104 4236 1349 4304 haustis.
1404 4239 1733 4301 retbeillsvit
1776 4244 2055 4313 spiritum,

452 4336 515 4382 et
540 4327 684 4383 vires
718 4329 948 4398 recepit.
983 4326 1195 4387 Idcirco
1216 4329 1550 4399 appellatvm
1594 4342 1682 4388 est
1727 4346 1924 4391 nomen
1946 4335 2056 4392 loci

457 4416 629 4482 illius,
668 4416 794 4473 l'ons
821 4417 1127 4473 invocantis
1150 4419 1221 4474 de
1254 4420 1501 4487 maxilla,
1532 4434 1704 4493 usque
1728 4422 1782 4477 is
1810 4437 2054 4492 placens

454 4516 564 4564 tem
601 4509 768 4566 diem.
818 4509 1204 4582 indicavitque
1226 4510 1394 4568 ist-sei
1434 4512 1493 4568 in
1519 4512 1717 4570 diebus
1746 4514 2054 4573 Pbilistbim

453 4602 644 4671 viginti
674 4602 859 4659 annis.

528 4693 684 4768 (Cap.
718 4695 884 4769 κη]
914 4697 1063 4754 Abiit
1080 4712 1298 4769 quoque
1344 4698 1399 4757 in
1425 4698 1626 4756 Gaium
1647 4742 1667 4769 ,
1711 4711 1768 4758 et
1799 4702 1940 4759 vidit
1974 4706 2050 4762 ibi

458 4789 805 4845 meretricem
868 4789 1181 4857 mulierem,
1228 4790 1618 4863 ingressusque
1656 4803 1744 4849 est
1788 4795 1860 4851 sd
1904 4812 2047 4869 eam.

457 4878 614 4949 Quod
659 4894 784 4939 cum
830 4881 1112 4940 audissent
1159 4881 1471 4941 Philisthim
1496 4922 1513 4952 ,
1544 4894 1602 4942 et
1648 4890 2055 4957 percrebuisset

530 5026 561 5065 ί
586 5030 902 5113 Exscriptor
922 5038 1159 5098 Canonis
1186 5038 1465 5099 Hebraicas
1517 5046 1763 5104 veritatis
1804 5052 2051 5113 codicem

460 5118 620 5189 suum
650 5110 954 5189 emendatis
1002 5113 1271 5189 ppniide
1326 5126 1512 5189 stupor,
1568 5125 1758 5174 tortum
1809 5110 2050 5189 stamine,

464 5180 825 5262 Munuscripti
864 5180 1049 5240 catei'i
1075 5185 1298 5242 codices
1338 5180 1547 5259 trgum,
1574 5196 1641 5244 ut
1662 5189 1827 5261 editi,
1860 5180 2053 5252 tortum

464 5262 751 5309 nutamme.
776 5254 955 5309 Mser.

502 5262 751 5307 utamtne.
776 5262 955 5310 MART.

460 5268 751 5326 putamme.
776 5268 955 5310 mar.

476 5404 482 5406 Α
532 5318 721 5406 —Non
743 5318 1041 5406 incongrue
1069 5318 1231 5406 liabet
1255 5326 1744 5406 Urbinas__ms.,_de
1763 5343 1916 5406 stupa
1947 5348 2056 5394 tor-

463 5404 576 5451 tum
600 5396 919 5478 sputamine,
947 5398 1093 5467 quod
1110 5410 1199 5478 est
1225 5410 1378 5478 sputo
1632 5396 1898 5463 Putcmeu
1923 5420 2053 5466 vero

462 5473 685 5536 proprie
737 5477 1220 5548 repurgemcntutn
1262 5473 1341 5528 rei
1388 5473 1687 5548 cuiuslibet
1731 5478 1961 5545 dicitur,
1987 5490 2048 5538 ut

458 5548 629 5609 stnpa:
648 5539 803 5609 quasi
835 5539 1072 5597 scortum
1106 5543 1196 5597 hic
1219 5551 1390 5599 n'uet.
1434 5539 1665 5602 Petunt.
1697 5562 1801 5603 ms.
1834 5539 1998 5608 habet
2026 5566 2047 5609 ξ

2154 3338 2273 3393 ero,
2319 3334 2375 3383 et
2403 3322 2632 3383 aliorum
2676 3327 2959 3383 hominum
3015 3324 3232 3384 similis.
3279 3325 3497 3397 Quibus
3542 3336 3748 3381 rursum

2155 3416 2325 3476 Dniiia
2347 3416 2518 3475 vinxit
2546 3436 2695 3485 eum,
2718 3427 2773 3475 et
2800 3417 3060 3476 clamavit
3084 3434 3098 3475 :
3144 3414 3470 3476 Philisthim
3498 3432 3659 3489 super
3679 3425 3751 3487 te,

2156 3513 2414 3580 Satnsmt,
2444 3512 2497 3568 in
2531 3510 2784 3569 cubiculo
2808 3508 3020 3570 insidiis
3051 3515 3407 3586 prtcparatis.
3439 3510 3540 3582 Qui
3574 3508 3640 3567 ita
3672 3520 3755 3564 ru-

2155 3602 2235 3679 pit
2263 3606 2477 3661 vinCuia
2507 3602 2659 3676 quasi
2686 3607 2771 3661 [ila
2797 3607 3053 3662 telarum.
3070 3602 3333 3675 Dixitque
3350 3604 3525 3660 Dalila
3546 3614 3756 3659 rursum

2155 3694 2224 3753 ad
2253 3710 2379 3755 eum
2403 3716 2417 3753 :
2453 3698 2745 3772 Usqueqtto
2766 3692 3010 3770 decipies
3040 3712 3150 3765 me,
3175 3706 3233 3755 et
3265 3699 3468 3755 falsum
3492 3694 3757 3767 lotiueris?

2156 3791 2385 3849 ostende
2430 3808 2537 3863 quo
2585 3792 2773 3848 vinciri
2829 3790 3051 3850 debeas.
3083 3788 3114 3832 δ
3144 3789 3242 3859 Si,
3300 3788 3504 3863 inquit,
3555 3795 3759 3861 septem

2157 3885 2339 3941 crines
2360 3882 2553 3955 capitis
2580 3884 2683 3940 mei
2701 3900 2827 3941 cum
2860 3882 2984 3941 licio
3000 3882 3306 3957 plexueris,
3338 3892 3398 3942 et
3432 3886 3651 3942 clavum
3681 3878 3761 3937 his

2159 3974 2594 4048 circumligatum
2647 3987 2808 4033 terra:
2856 3976 3064 4045 iixeris,
3118 3977 3383 4035 inﬁrmus
3431 3992 3553 4035 cro.
3611 3971 3759 4046 Quod

2158 4080 2280 4124 cum
2304 4066 2529 4125 iecisset
2558 4068 2758 4134 Dalila,
2787 4068 2925 4126 dixit
2954 4068 3022 4126 ad
3048 4080 3201 4127 eum:
3248 4069 3574 4128 Philisthim
3610 4080 3766 4140 ευμεν

2157 4168 2250 4225 te,
2293 4159 2548 4218 Samson.
2589 4160 2691 4231 Qui
2750 4178 3091 4235 consurgens
3137 4163 3210 4220 de
3262 4176 3472 4221 sumne
3527 4158 3770 4219 extraxit

2158 4254 2375 4310 clavum
2420 4270 2544 4311 cum
2568 4255 2812 4313 crinibus
2839 4262 2893 4312 et
2924 4254 3069 4313 licio.
3114 4257 3379 4330 Dixitque
3419 4257 3489 4313 ad
3517 4270 3641 4314 eum
3668 4252 3768 4309 Da-

2159 4347 2292 4403 lila:
2340 4347 2627 4416 Quomodo
2658 4348 2794 4404 dicis
2842 4349 2984 4420 quod
3035 4365 3185 4404 ames
3240 4364 3361 4422 me,
3407 4365 3537 4406 cum
3567 4349 3772 4405 animus

2159 4451 2285 4497 tuus
2328 4456 2438 4497 non
2482 4443 2556 4497 sit
2612 4443 2871 4498 mecum?
2918 4435 3024 4498 Per
3062 4452 3180 4498 tres
3221 4438 3379 4498 vices
3410 4443 3674 4499 mentitus
3716 4450 3773 4495 es

2161 4532 2316 4601 mihi,
2332 4541 2387 4590 et
2401 4532 2621 4590 noluisti
2635 4533 2821 4590 dicere
2839 4535 2890 4589 in
2907 4548 3013 4604 quo
3028 4534 3099 4590 sit
3116 4544 3205 4589 tua
3226 4537 3477 4590 maxima
3492 4530 3770 4591 fortitudo.

2080 4609 2134 4671 Ι)
2161 4625 2405 4698 Cumque
2428 4628 2483 4683 ei
2510 4626 2742 4683 molesta
2768 4634 2937 4693 esset,
2967 4637 3023 4682 et
3056 4636 3154 4697 per
3177 4622 3394 4685 multos
3426 4624 3553 4683 dies
3576 4622 3774 4697 iugiter

2158 4718 2490 4787 adltmrcret,
2538 4720 2775 4791 spatium
2802 4718 2870 4775 ad
2901 4717 3138 4790 quietem
3166 4732 3279 4774 non
3306 4719 3597 4787 tribuens,
3630 4712 3773 4773 deie-

2159 4813 2239 4868 cit
2285 4812 2461 4868 anima
2490 4811 2647 4885 eius,
2702 4820 2754 4868 et
2804 4808 2872 4867 ad
2910 4818 3145 4867 murtem
3194 4822 3384 4884 usque
3430 4808 3641 4867 lassata
3670 4814 3772 4865 est.

2160 4901 2314 4960 Tusc
2336 4905 2593 4975 aperiens
2618 4904 2905 4961 veritatem
2936 4906 3038 4973 rei,
3064 4902 3203 4960 dixit
3228 4903 3300 4960 ad
3333 4918 3511 4963 eam:
3546 4898 3777 4962 Ferrum

2157 5063 2392 5134 θεοιψί
2411 5064 2577 5120 serie.
2592 5061 2881 5134 Compsrat
2896 5067 3041 5121 eum
3063 5079 3223 5122 sacer
3240 5073 3438 5122 textus
3460 5065 3648 5122 soluta
3673 5075 3780 5120 nuo

2160 5157 2270 5214 ictu
2310 5172 2347 5212 ι
2383 5157 2652 5215 Samsoue
2696 5157 2935 5227 vincula,
2976 5159 3213 5228 (nsipiens
3244 5144 3639 5226 π-επιο-ιέντω
3684 5157 3773 5229 φῖ

2159 5249 2387 5307 odorum
2416 5251 2923 5326 ignisconceperit.
2956 5251 3097 5308 illud
3130 5251 3270 5308 adeo
3308 5237 3469 5326 bona
3492 5266 3606 5309 nun
3634 5254 3780 5326 βίαιοι

2158 5330 2349 5376 tortum
2380 5323 2677 5396 putamine,
2709 5332 2800 5396 aut
2830 5323 2893 5377 de
2914 5333 3081 5395 διείρας
3114 5325 3414 5396 putamine,
3449 5327 3551 5381 St‘d
3584 5323 3779 5391 sator.

2158 5405 2219 5466 ut
2260 5408 2366 5462 ego
2390 5393 2612 5463 quidem
2650 5395 2831 5450 sentio
2856 5435 2871 5461 ,
2915 5393 3151 5465 ex'ipsis
3192 5397 3455 5450 nominis
3502 5397 3780 5466 analogia,

2155 5464 2409 5541 ﬂoccum,
2448 5472 2643 5541 mrsu
2692 5476 2859 5537 stupra
2895 5464 3103 5541 sonat:
3157 5467 3357 5541 sicque
3384 5464 3779 5541 optimest»:

2153 5535 2363 5610 paratio
2392 5536 2726 5610 instituitur,
2756 5535 3167 5610 tiespomietqtte
3204 5535 3662 5610 ﬂoccus'sttrptt,
3688 5538 3779 5610 nul

459 5604 825 5691 ﬁlu'mjtupte
863 5620 1057 5691 tortum
1359 5617 1662 5691 putandae;
1706 5633 1829 5691 qua
1880 5604 2045 5680 ιδιξιῆά
2150 5604 2578 5691 soloferejgnis
2605 5608 2780 5691 odore
2804 5604 2875 5691 in:
2900 5604 3458 5691 fumum-evanescit,
3492 5604 3782 5669 smmis

503 5680 641 5761 uoad
688 5680 907 5761 sensum
950 5683 1307 5761 ξων-ψακάδι
1352 5680 1475 5755 ipsa
1506 5680 1742 5761 strenue.
1778 5704 1885 5748 non
1933 5706 2041 5754 est.

525 5754 631 5833 iro_r
660 5753 855 5835 magis,
889 5756 941 5808 in
989 5756 1201 5835 tantula
1232 5770 1292 5835 r_e_
1320 5753 1481 5835 qustu
1502 5753 1666 5830 longe
1691 5763 1918 5820 abtndat
1939 5753 2042 5822 La;

467 5821 578 5875 tina
599 5822 711 5892 ipsa
749 5821 1124 5897 interpretatio
1154 5827 1222 5883 ab
1248 5821 1475 5884 Hebrteo
1503 5821 1657 5887 texiu
1681 5848 1744 5888 ac
1776 5821 2038 5907 propositi

2155 5678 2207 5733 in
2220 5676 2482 5749 ‘vincuiis'
2492 5676 2914 5749 confringendis
2942 5680 3231 5735 atauiteti.

2219 5745 2247 5787 δ
2276 5748 2489 5821 Vulgati
2525 5745 2739 5806 addunt
2765 5769 2779 5805 :
2828 5748 2931 5806 Cui
2954 5752 3224 5824 respondit
3260 5749 3537 5809 Samon.
3570 5751 3632 5810 in
3677 5753 3784 5809 lte-

2145 5842 2295 5902 brteo
2325 5828 2531 5901 tantum
2554 5850 2663 5916 est,
2702 5828 3075 5909 Πνθκήῠκῆτ
3119 5842 3185 5903 Et
3205 5840 3348 5903 dicit
3376 5847 3451 5906 ad
3484 5862 3630 5909 eam.
