4144 6364
380 335 488 395 555

1743 338 1944 402 ιιΒΕΒ
1986 339 2302 403 ιυυιοιιιι.

3565 349 3673 408 554

381 469 678 526 numquam
718 454 969 511 ascendit
1012 469 1173 526 super
1207 463 1369 525 caput
1414 469 1613 521 meum,
1653 454 1778 524 quia
1808 453 1977 511 Naza-
2004 456 2055 517 A
2077 454 2384 524 juraveras,
2414 472 2544 514 ecce
2575 472 2676 527 ego
2700 456 2899 525 habeo,
2931 468 2988 517 et
3018 459 3158 526 apud
3182 474 3270 515 me
3291 469 3435 519 sunt.
3458 459 3555 519 Cui
3583 461 3673 519 illa

379 562 521 603 rasus
552 549 569 617 (
594 548 645 604 id
676 558 783 615 est,
813 559 1161 605 consecratus
1190 548 1324 619 Deo)
1352 564 1469 605 sum
1502 547 1571 604 de
1599 559 1755 607 utero
1788 548 1976 607 matris

380 654 551 697 mea}:
611 640 659 697 si
706 656 886 699 rasum
928 640 1092 698 fuerit
1131 649 1294 711 caput
1325 656 1525 708 meum,
1561 640 1783 697 recedet
1828 656 1855 701 a
1891 656 1977 699 me

376 731 644 789 fortitudo
669 750 823 800 mea,
853 743 909 789 et
935 733 1209 801 deﬁciam,
1244 748 1449 805 eroque
1484 740 1542 788 ut
1584 732 1763 789 caeteri
1808 732 1976 791 homi-

376 839 498 883 nes.
525 824 838 896 Vidensque
867 826 961 881 illa
988 825 1131 897 quod
1180 825 1463 883 confessus
1488 826 1537 882 ei
1564 834 1713 882 esset
1757 840 1975 882 omnem

374 924 616 993 animum
646 935 826 987 suum,
854 921 999 977 misit
1024 920 1091 977 ad
1122 920 1398 992 principes
1427 921 1872 978 Philisthinorum
1894 930 1977 976 at-

373 1028 480 1086 que
532 1013 838 1069 mandavit:
882 1012 1180 1069 Ascendite
1228 1013 1405 1071 adhuc
1427 1014 1621 1078 semel,
1666 1014 1791 1084 quia
1832 1027 1976 1069 nunc

371 1105 509 1169 mihi
550 1106 763 1178 aperuit
799 1122 897 1162 cor
939 1121 1119 1161 suum.
1162 1108 1261 1174 Qui
1288 1106 1670 1171 ascenderunt,
1699 1115 1975 1176 assumpta

370 1199 607 1275 pecunia
636 1214 797 1269 quam
831 1200 1217 1269 promiserant.
1252 1198 1325 1256 At
1354 1199 1443 1255 illa
1473 1199 1712 1255 dormire
1738 1214 1865 1254 eum
1891 1198 1974 1254 fe-

372 1293 449 1347 cit
476 1306 643 1363 super
670 1307 845 1365 genua
877 1306 999 1361 sua,
1031 1303 1084 1348 et
1125 1293 1175 1349 in
1201 1292 1324 1349 sinu
1370 1307 1468 1349 suo
1498 1292 1767 1349 reclinare
1789 1300 1972 1363 caput.

370 1386 717 1457 Vocavitque
760 1397 1061 1455 tonsorem,
1086 1397 1142 1445 et
1172 1389 1311 1443 rasis
1339 1396 1547 1457 septem
1572 1384 1812 1442 crinibus
1834 1385 1972 1455 ejus,

368 1485 542 1554 coepit
583 1483 805 1555 abigere
852 1498 1000 1550 eum,
1035 1492 1090 1538 et
1133 1498 1161 1537 a
1193 1497 1253 1538 se
1285 1482 1584 1553 repellere:
1619 1482 1799 1536 statim
1831 1482 1973 1537 enim

368 1577 441 1631 ab
462 1590 530 1630 eo
559 1574 825 1633 fortitudo
854 1574 1129 1643 discessit,
1170 1575 1415 1647 dixitque
1440 1592 1452 1628 :
1478 1574 1785 1631 Philisthiiu
1810 1588 1976 1643 super

368 1680 443 1736 te,
466 1669 721 1726 Samson.
751 1670 853 1739 Qui
881 1669 945 1726 de
969 1684 1158 1729 somno
1177 1685 1535 1741 consurgens,
1554 1668 1690 1725 dixit
1714 1670 1767 1724 in
1790 1670 1973 1725 animo

365 1778 501 1821 Suo:
536 1764 799 1835 Egredior
846 1766 985 1820 sicut
1006 1775 1059 1820 et
1090 1775 1218 1821 ante
1248 1766 1369 1831 feci,
1428 1773 1486 1820 et
1536 1780 1622 1819 me
1676 1765 1970 1832 excutiam,

2080 546 2395 617 respondit:
2431 547 2759 605 Benedictus
2781 548 2927 605 ﬁlius
2957 565 3108 606 meus
3139 551 3393 611 Domino.
3425 551 3677 609 Reddidit

2079 654 2211 709 ergo
2240 654 2335 697 eos
2366 642 2523 698 matri
2566 658 2701 711 suae,
2747 659 2865 714 quae
2889 642 3101 705 dixerat
3129 646 3179 700 ei
3205 663 3216 697 :
3275 644 3590 704 consecravi
3620 654 3673 703 et

2079 730 2204 787 vovi
2226 743 2506 802 argentum
2536 736 2640 790 hoc
2672 735 2921 801 Domino,
2974 746 3030 793 ut
3059 736 3128 792 de
3170 753 3333 792 manu
3359 750 3479 793 mea
3506 737 3673 797 susci-

2079 826 2193 895 piat
2233 825 2376 885 ﬁlius
2403 843 2577 893 meus,
2610 836 2665 897 et
2696 828 2858 884 faciat
2882 829 3133 899 sculptile
3162 839 3323 900 atque
3361 828 3670 887 conﬁatile:

2079 926 2135 973 et
2161 933 2304 975 nunc
2332 919 2486 975 trado
2518 919 2651 977 illud
2681 920 2797 977 tibi.
2843 920 3101 979 Reddidit
3135 922 3296 994 igitur
3334 922 3491 977 matri
3517 935 3670 976 suae:

2078 1026 2202 1082 qua:
2223 1012 2341 1067 tulit
2368 1014 2630 1080 ducentos
2660 1024 2966 1085 argenteos,
2986 1025 3041 1073 et
3061 1015 3211 1073 dedit
3227 1031 3323 1073 eos
3341 1016 3672 1086 argentario.

2080 1116 2136 1163 ιιι
2160 1104 2364 1161 faceret
2382 1121 2447 1161 ex
2469 1110 2548 1162 eis
2570 1107 2817 1177 sculptile
2829 1116 2991 1177 atque
3003 1108 3295 1173 eonﬁatile,
3315 1108 3461 1178 quod
3489 1107 3587 1163 fuit
3614 1106 3668 1166 in

2079 1199 2243 1255 domo
2259 1199 2454 1255 Micha.
2469 1201 2570 1267 Qui
2591 1200 2868 1257 aediculam
2882 1217 3096 1272 quoque
3111 1202 3163 1257 in
3179 1216 3240 1257 ea
3257 1202 3365 1256 Deo
3377 1202 3671 1272 separavit,

2078 1304 2131 1349 et
2145 1292 2489 1364 fecitepliod,
2514 1309 2577 1349 ac
2601 1293 2926 1363 theraphim,
2942 1294 2992 1348 id
3014 1303 3117 1356 est.
3136 1303 3343 1350 vestem
3365 1294 3676 1351 sacerdota—

2079 1384 2208 1454 lem,
2235 1393 2288 1439 et
2310 1385 2483 1441 idola:
2509 1385 2862 1456 implevitque
2884 1384 3041 1443 unius
3065 1385 3299 1443 ﬁliorum
3319 1400 3538 1443 suorum
3560 1400 3677 1441 ma-

2081 1493 2231 1545 num,
2284 1488 2337 1531 et
2384 1477 2556 1534 factus
2595 1488 2680 1533 est
2707 1479 2755 1532 ei
2797 1476 3076 1532 sacerdos.
3104 1477 3161 1532 ln
3189 1476 3380 1532 diebus
3420 1476 3529 1535 illis
3568 1491 3672 1533 non

2079 1580 2197 1627 erat
2223 1585 2319 1626 rex
2339 1572 2393 1625 in
2418 1571 2605 1640 Israel,
2629 1570 2726 1626 scd
2758 1569 3309 1641 unusquisque,quod
3337 1569 3438 1626 sibi
3461 1580 3668 1627 rectum

2078 1662 2381 1730 videbatur,
2419 1665 2521 1718 hoc
2545 1662 2790 1718 faciebat.
2809 1662 3122 1734 [B.XVI|I.]
3152 1663 3275 1719 Fuit
3296 1678 3511 1734 quoque
3538 1664 3673 1721 alter

2082 1763 2105 1789 ιι
2129 1755 2447 1809 adolescens
2470 1755 2537 1810 de
2555 1755 2709 1810 Beth.
2726 1754 2889 1811 Leem
2905 1754 3063 1824 Juda,
3088 1772 3154 1813 ex
3175 1758 3495 1827 cognatione
3521 1756 3669 1826 ejus:

367 1858 625 1917 nesciens
646 1856 788 1928 quod
817 1858 1071 1917 Dominus
1104 1858 1420 1914 recessisset
1448 1857 1516 1914 ab
1540 1872 1628 1913 eo.
1659 1856 1829 1925 Quem
1851 1871 1973 1915 cum
2006 1865 2052 1924 Β
2083 1847 2109 1885 b
2136 1856 2362 1918 eratqllc
2403 1849 2516 1917 ipse
2545 1848 2791 1914 Levites,
2826 1858 2882 1905 et
2923 1849 3207 1907 habitabat
3236 1850 3330 1907 ibi.
3383 1851 3674 1920 Egressus-

364 1949 862 2021 apprehendissent
895 1949 1225 2018 Philisthim,
1258 1950 1437 2007 statim
1492 1958 1752 2007 eruerunt
1783 1950 1973 2009 oculos

367 2043 511 2121 ejus,
566 2053 623 2099 et
652 2043 926 2100 duxerunt
955 2044 1153 2101 Gazam
1182 2046 1422 2101 vinctum
1461 2045 1688 2111 catenis,
1721 2054 1773 2099 et
1825 2045 1974 2099 clau-

366 2151 488 2201 sum
518 2137 573 2192 in
604 2151 829 2192 carcere
858 2137 1067 2194 molere
1094 2136 1360 2195 fecerunt.
1402 2136 1630 2207 Jamque
1652 2137 1829 2206 capilli
1857 2136 1974 2207 ejus

364 2229 579 2285 renasci
613 2240 912 2301 cmperant,
930 2241 982 2287 et
1011 2230 1285 2302 principes
1310 2229 1753 2289 Pbilisthinorum
1776 2245 1974 2286 convc-

370 2321 648 2377 neruntiu
694 2338 883 2387 unum,
934 2333 989 2377 ut
1020 2322 1367 2381 immolareut
1416 2322 1621 2378 hostias
1660 2322 1974 2392 magniﬁcas

365 2414 558 2488 Dagon
603 2414 708 2472 deo
751 2432 881 2487 quo,
909 2426 965 2473 et
1007 2418 1378 2488 epularentur,
1410 2417 1691 2475 dicentes:
1725 2418 1976 2475 Tradidit

367 2508 505 2564 deus
557 2518 746 2564 noster
795 2508 1070 2565 inimicum
1122 2520 1366 2567 nostrum
1400 2510 1631 2567 Samson
1682 2511 1735 2565 in
1784 2528 1974 2567 manus

369 2610 609 2655 nostras.
645 2601 799 2667 Quod
832 2603 995 2656 etiam
1022 2604 1254 2674 populus
1285 2603 1480 2659 videns
1520 2603 1769 2660 laudabat
1810 2604 1973 2667 deum

371 2708 556 2761 suum,
593 2684 893 2771 eademque
936 2695 1184 2751 dicebat:
1232 2696 1475 2759 Tradidit
1518 2696 1653 2753 deus
1698 2705 1889 2751 noster
1920 2697 1972 2751 in

369 2804 568 2849 manus
609 2801 824 2847 nostras
872 2791 1243 2851 adversarium
1282 2792 1480 2864 qulg.
1507 2792 1634 2848 add.
1662 2792 1973 2864 nostrum],

369 2884 462 2955 qui
519 2883 720 2940 delevit
773 2892 975 2941 terram
1028 2892 1292 2949 nostrum,
1348 2893 1405 2940 et
1450 2884 1649 2941 occidit
1690 2886 1973 2955 plurimos.

375 2973 460 3048 lC.
487 2974 622 3046 [Μ]
655 2974 1031 3047 Lmtantesque
1052 2992 1149 3050 per
1178 2977 1694 3047 convivia,sumptis
1713 2978 1823 3047 jam
1847 2992 1976 3046 epu-

372 3068 466 3136 lis,
512 3079 883 3139 praeceperunt
912 3080 970 3125 ιιι
1000 3079 1287 3127 vocaretur
1315 3070 1543 3127 Samson
1573 3113 1587 3138 ,
1619 3080 1674 3126 et
1703 3081 1833 3129 ante
1878 3086 1976 3129 eos

375 3163 613 3219 luderet.
638 3162 740 3230 Qui
768 3163 1031 3221 adductus
1061 3164 1126 3220 de
1167 3180 1393 3221 carcere
1426 3164 1643 3222 ludebat
1685 3174 1810 3220 ante
1856 3180 1972 3234 eos,

2077 1955 2182 2012 que
2219 1941 2285 1997 de
2316 1940 2535 1999 civitate
2568 1941 2923 2009 Beth-Leem,
2973 1944 3309 2013 peregrinari
3351 1944 3521 2000 voluit
3551 1945 3668 2000 ubi-

2077 2048 2310 2103 cumque
2336 2034 2435 2089 sibi
2457 2034 2802 2091 cnmmodum
2830 2033 3145 2106 reperisset.
3166 2033 3413 2106 Cumque
3436 2036 3674 2095 venisset

2077 2127 2130 2183 in
2163 2137 2403 2185 montem
2436 2128 2715 2199 Ephraim,
2750 2128 2854 2184 iter
2884 2130 3113 2195 faciens,
3146 2139 3201 2191 et
3226 2130 3556 2188 declinasset
3581 2146 3673 2200 pa-

2078 2238 2299 2294 rumper
2325 2226 2376 2279 in
2408 2222 2629 2280 domum
2660 2224 2854 2288 Micha,
2890 2226 3252 2295 interrogatus
3281 2233 3367 2283 est
3393 2226 3462 2282 ab
3486 2242 3551 2282 eo
3576 2241 3672 2289 un-

2078 2315 2147 2371 de
2188 2316 2446 2373 venisset.
2498 2315 2598 2384 Qui
2649 2318 2933 2387 respondit
2983 2336 2993 2371 :
3037 2317 3225 2377 Levita
3257 2333 3376 2374 sum
3406 2317 3475 2375 de
3512 2318 3676 2379 Beth-

2078 2408 2431 2474 Leem-Juda,
2464 2418 2518 2467 et
2551 2410 2685 2464 vado
2715 2420 2771 2465 ut
2799 2409 3043 2467 habitem
3078 2411 3167 2468 ubi
3196 2418 3444 2481 potuero,
3470 2420 3526 2466 et
3550 2412 3677 2468 utile

2079 2499 2211 2559 mihi
2245 2516 2364 2557 esse
2391 2516 2726 2572 perspexero
2773 2502 2957 2575 [Vulg.
2992 2504 3115 2557 add.
3154 2503 3403 2573 Dixitque
3428 2503 3667 2573 Micbasj.

2080 2593 2258 2662 Mane,
2304 2595 2498 2664 inquit,
2544 2593 2691 2663 apud
2722 2610 2829 2659 me,
2862 2604 2917 2649 et
2955 2605 3075 2653 esto
3104 2595 3235 2653 mihi
3267 2612 3465 2666 parens
3496 2611 3559 2651 ae
3588 2613 3674 2657 se-

2079 2687 2275 2743 cerdos
2307 2705 2318 2739 :
2353 2687 2602 2759 daboque
2635 2687 2733 2743 tibi
2764 2704 2858 2759 per
2885 2702 3060 2745 annos
3090 2689 3335 2759 singulos
3362 2690 3551 2749 decem
3584 2706 3673 2749 ar-

2078 2790 2326 2851 genteos,
2360 2794 2422 2835 ac
2453 2788 2659 2836 vestem
2692 2780 2988 2851 duplicem,
3021 2790 3221 2851 etquae
3246 2781 3313 2835 ad
3344 2781 3548 2841 victum
3582 2798 3674 2837 ne-

2080 2872 2316 2927 cessaria
2372 2882 2516 2931 sunt.
2562 2872 2846 2945 Acquievit
2875 2882 2929 2929 et
2958 2868 3155 2931 mansit
3183 2874 3325 2945 apud
3372 2874 3673 2945 hominem,

2081 2963 2286 3035 fuitque
2320 2965 2398 3021 illi
2428 2966 2581 3039 quasi
2623 2982 2762 3025 unus
2806 2968 2875 3027 de
2923 2967 3070 3023 ﬁliis.
3106 2968 3460 3039 lmplevitque
3500 2968 3675 3031 Micha

2079 3072 2298 3115 manum
2332 3058 2473 3129 ejus,
2499 3070 2555 3115 et
2582 3058 2771 3117 habuit
2794 3060 2934 3135 apud
2965 3074 3024 3116 se
3051 3075 3275 3131 puerum
3308 3060 3671 3129 sacerdotem.

2081 3153 2235 3211 Nunc
2268 3154 2408 3217 scio,
2441 3154 2649 3218 dicens,
2682 3153 2825 3223 quod
2869 3154 3006 3210 bene
3050 3154 3182 3209 mihi
3212 3153 3374 3213 faciat
3406 3154 3547 3211 Deus
3580 3157 3675 3208 ha-

376 3256 739 3329 feceruntque
781 3274 904 3313 eum
945 3268 1091 3325 stare
1142 3260 1279 3315 inter
1328 3258 1463 3314 duas
1510 3258 1811 3315 columnas.
1871 3258 1975 3327 Qui

2086 3247 2233 3304 benti
2266 3248 2488 3304 Levitici
2519 3249 2737 3318 generis
2766 3248 3133 3304 sacerdotem.

377 3353 520 3409 dixit
568 3369 739 3424 puero
787 3356 990 3425 regenti
1042 3368 1262 3425 gressus
1313 3369 1478 3409 suos:
1531 3354 1752 3409 Dimitte
1782 3369 1889 3420 me,
1922 3366 1978 3411 ut

379 3456 598 3517 tangam
627 3448 927 3515 columnas,
950 3448 1147 3519 quibus
1173 3449 1348 3505 omnis
1387 3448 1634 3503 imminet
1660 3447 1874 3514 domus,
1924 3458 1979 3504 et

381 3541 622 3597 recliner
651 3556 816 3609 super
842 3557 957 3607 eas,
985 3550 1042 3597 et
1073 3542 1346 3613 paululum
1380 3543 1741 3612 requiescam.
1780 3542 1980 3599 Domus

379 3644 564 3691 autem
590 3646 713 3691 erat
744 3636 908 3705 plena
934 3635 1172 3691 virorum
1206 3650 1268 3689 ac
1302 3633 1612 3700 mulierum,
1641 3642 1696 3691 et
1716 3644 1872 3691 erant
1908 3633 1979 3688 ibi

382 3743 576 3785 omnes
605 3729 881 3800 principes
914 3727 1385 3797 l‘hilisthinorum,
1407 3745 1467 3782 ar
1494 3728 1563 3791 de
1594 3735 1737 3784 tecto
1767 3738 1820 3784 et
1846 3728 1984 3783 sola-

386 3821 469 3877 rio
499 3822 719 3879 circiter
773 3822 875 3879 tria
921 3821 1093 3877 millia
1126 3822 1411 3892 utriusque
1440 3837 1609 3881 sexus
1667 3822 1982 3893 spectabant

386 3913 663 3971 ludentem
697 3915 954 3973 Samson.
1003 3918 1069 3968 At
1115 3915 1230 3979 ille,
1289 3917 1538 3973 invocati)
1566 3914 1829 3980 Domino,
1863 3914 1935 3973 ait
1967 3934 1981 3968 :

390 4008 621 4065 Domine
652 4010 812 4079 Deus,
870 4020 1142 4065 memento
1176 4009 1307 4073 mei,
1354 4018 1409 4064 et
1458 4008 1626 4064 redde
1669 4024 1811 4063 nunc
1850 4007 1983 4062 mihi

388 4099 762 4159 fortitudinem
794 4101 1097 4171 pristinam,
1148 4101 1292 4161 Dens
1317 4115 1504 4166 meus,
1539 4109 1598 4155 ut
1624 4100 1859 4156 ulciscar
1899 4114 1985 4157 me

388 4193 459 4248 de
487 4193 736 4248 hostibus
765 4196 918 4257 meis,
937 4202 991 4249 et
1018 4207 1113 4263 pro
1137 4193 1432 4248 amissione
1459 4193 1687 4247 duorum
1719 4192 1982 4247 luminum

389 4303 553 4342 unam
615 4288 874 4351 ultionem
923 4288 1203 4357 recipiam.
1240 4288 1303 4345 Et
1350 4287 1768 4363 apprehendens
1800 4287 1985 4344 ambas

391 4381 697 4449 columnas,
726 4382 925 4451 quibus
983 4381 1315 4437 innitebatur
1362 4380 1589 4448 domus,
1646 4380 1987 4449 alteramque

391 4489 579 4529 earum
601 4474 849 4542 dextera,
880 4483 937 4529 et
962 4474 1194 4529 alteram
1229 4474 1359 4528 laeva
1396 4484 1607 4541 tenens,
1639 4474 1711 4527 ait
1739 4494 1750 4523 :
1794 4474 1988 4528 Moria-

395 4576 481 4626 tur
504 4568 678 4621 anima
705 4581 822 4622 mea
851 4582 971 4635 cum
996 4565 1325 4622 Philisthim.
1351 4564 1750 4636 Concussisque
1774 4565 1988 4621 fortiter

2154 3341 2305 3413 [ϐαρ.
2333 3341 2543 3414 χνιιι.]
2578 3343 2631 3397 In
2654 3342 2847 3401 diebus
2878 3342 2987 3399 illis
3011 3360 3116 3397 non
3139 3351 3259 3399 erat
3281 3356 3373 3397 rex
3403 3341 3455 3397 in
3487 3340 3678 3407 Israel.

2080 3446 2136 3494 et
2166 3448 2185 3476 ο
2224 3437 2390 3494 tribus
2424 3438 2535 3492 Dan
2567 3437 2847 3508 quaerebat
2875 3437 3274 3506 possessionem
3307 3437 3430 3501 sibi,
3472 3446 3533 3492 ut
3575 3435 3672 3497 ita-

2082 3531 2278 3599 bitaret
2298 3530 2350 3587 in
2376 3546 2435 3585 ea
2469 3547 2481 3583 :
2516 3545 2687 3600 usque
2717 3530 2781 3583 ad
2810 3529 2965 3589 illum
3000 3530 3144 3586 enim
3177 3530 3319 3585 diem
3348 3530 3488 3586 inter
3518 3538 3680 3585 ciete-

2084 3641 2172 3680 ras
2206 3624 2377 3681 tribus
2401 3636 2603 3680 sortem
2631 3638 2735 3679 non
2763 3633 3074 3693 acceperat.
3103 3623 3183 3694 [(1.
3210 3622 3390 3695 LVll.]
3420 3623 3683 3681 Miserum

2085 3733 2215 3789 ergo
2246 3716 2344 3773 ﬁlii
2378 3718 2511 3781 Dan,
2544 3718 2732 3787 stirpis
2765 3727 2821 3777 et
2849 3714 3071 3773 familiae
3114 3731 3229 3773 suae
3264 3716 3507 3786 quinque
3538 3717 3682 3775 viros

2086 3811 2412 3866 fortissimos
2450 3809 2519 3865 de
2547 3809 2713 3865 Saraa
2749 3819 2803 3864 ct
2845 3808 2914 3865 de
2947 3809 3190 3877 Esthaol,
3224 3816 3283 3863 ut
3331 3808 3683 3879 explorarent

2088 3913 2288 3961 terram
2321 3914 2373 3957 et
2415 3901 2705 3971 diligenter
2747 3902 3083 3970 inspicerent
3119 3918 3132 3954 :
3166 3900 3529 3970 dixeruntque
3556 3902 3634 3961 eis
3669 3918 3683 3957 :

2088 4001 2185 4063 lte,
2214 4011 2264 4055 et
2290 3998 2634 4054 considerate
2665 4007 2883 4051 terram.
2911 3996 3009 4064 Qui
3039 4011 3159 4051 cum
3190 4002 3476 4066 pergentes
3500 3994 3683 4048 venis-

2088 4102 2210 4149 sent
2240 4094 2291 4151 in
2327 4104 2567 4148 montem
2599 4090 2879 4159 Ephraim,
2922 4099 2977 4145 et
3024 4090 3320 4147 intrassent
3347 4087 3565 4148 domum
3594 4086 3689 4140 Mi-

2087 4188 2211 4257 cha,
2243 4186 2629 4257 requieverunt
2677 4184 2747 4239 ibi
2784 4202 2796 4236 :
2826 4193 2882 4237 et
2907 4191 3265 4254 agnoscentes
3293 4194 3480 4235 vocem
3506 4179 3686 4234 adole-

2089 4279 2292 4336 scentis
2316 4279 2535 4345 Levitm,
2570 4285 2891 4346 utentesque
2914 4274 3058 4331 illius
3088 4273 3412 4339 diversorio,
3436 4272 3690 4337 dixerunt

2091 4374 2155 4429 ad
2173 4390 2295 4431 eum
2314 4393 2327 4427 ε
2346 4374 2477 4441 Quis
2495 4382 2546 4427 te
2570 4372 2674 4427 huc
2700 4369 2963 4431 adduxit?
2989 4368 3119 4439 quid
3139 4367 3226 4423 hic
3254 4367 3405 4437 agis?
3430 4382 3589 4436 quam
3616 4367 3688 4427 ob

2091 4480 2312 4520 causam
2342 4467 2445 4519 huc
2475 4465 2665 4518 venire
2699 4460 2956 4517 voluisti?
2978 4461 3080 4528 Qui
3112 4458 3393 4529 respondit
3416 4459 3496 4513 eis
3523 4477 3533 4511 :
3564 4456 3688 4512 Ilaec

2094 4567 2149 4615 et
2198 4559 2314 4613 haec
2346 4557 2596 4629 prmstitit
2625 4556 2759 4615 mihi
2792 4554 2997 4612 Michas
3025 4595 3039 4621 ,
3086 4561 3139 4608 ct
3167 4567 3251 4607 me
3282 4550 3533 4607 mercede
3560 4564 3693 4604 con-

392 4660 663 4721 columnis
687 4702 702 4731 ,
740 4660 937 4716 cecidit
969 4660 1165 4715 domus
1220 4675 1381 4729 super
1408 4674 1598 4716 omnes
1630 4658 1897 4727 principes
1937 4667 1991 4713 et
2020 4640 2069 4700 D
2097 4653 2461 4723 duxit,utsim
2479 4651 2529 4707 ei
2549 4650 2823 4709 sacerdos.
2842 4651 3301 4720 Rogaveruntque
3322 4653 3544 4713 eum,ut
3564 4659 3695 4709 conv

393 4765 651 4812 ceteram
676 4754 1075 4811 multitudinem
1104 4770 1222 4825 quas
1264 4753 1337 4808 ibi
1368 4764 1522 4808 erat:
1556 4752 1833 4821 multoque
1874 4752 1992 4821 plu-

396 4863 485 4904 res
513 4847 785 4903 interfecit
818 4847 1081 4913 moriens,
1130 4861 1289 4919 quam
1338 4854 1462 4900 ante
1509 4846 1665 4899 vivus
1697 4843 1989 4899 occiderat.

400 4942 801 5001 Descendenles
854 4951 1032 4997 autem
1088 4940 1282 5001 fratres
1338 4942 1457 5012 ejus
1498 4948 1552 4996 et
1594 4938 1849 4996 universa
1902 4955 1993 4995 co-

397 5038 582 5107 gnatin
610 5037 855 5092 tulerunt
877 5050 1079 5105 corpus
1104 5035 1245 5105 ejus,
1270 5042 1327 5090 et
1361 5034 1696 5102 sepelierunt
1722 5032 1862 5087 inter
1895 5032 1992 5089 Sa-

397 5144 491 5183 raa
523 5136 580 5184 et
608 5127 835 5183 Asthaol
861 5129 913 5183 in
938 5129 1188 5198 sepulcro
1222 5128 1391 5199 patris
1421 5127 1500 5182 sui
1532 5126 1757 5182 Mamre:
1789 5126 1998 5197 judica-

400 5221 586 5291 vitque
602 5220 771 5281 Israel
805 5220 993 5291 viginti
1022 5221 1198 5279 annis.

472 5315 580 5387 ir.
615 5314 771 5382 Vill,
832 5315 882 5370 Β.
926 5314 1013 5379 vr,
1070 5314 1130 5371 c.
1162 5311 1299 5381 XVI,
1346 5310 1473 5383 Cap.
1508 5310 1716 5381 κω]
1759 5311 1885 5367 Fuit
1927 5325 1996 5368 eo

401 5414 652 5473 tempore
683 5405 764 5459 vir
790 5404 1006 5475 quidam
1031 5404 1098 5459 de
1122 5412 1306 5459 monte
1338 5403 1621 5474 Ephraim,
1657 5403 1875 5457 nomine
1900 5402 1997 5458 Μία

403 5498 557 5567 citas,
592 5499 682 5569 qui
714 5497 849 5553 dixit
876 5499 1033 5551 matri
1062 5512 1206 5553 sum:
1264 5496 1405 5557 Mille
1436 5504 1651 5552 centum
1685 5504 1998 5567 argenteos,

406 5608 541 5662 quos
570 5607 924 5664 separaveras
949 5590 1065 5660 tibi,
1096 5602 1147 5648 et
1176 5607 1345 5664 super
1371 5590 1587 5662 quibus,
1612 5606 1701 5649 me
1722 5589 1997 5661 audiente,

478 5741 509 5783 9
540 5730 813 5789 Jonathan
862 5731 1002 5797 ﬁlius
1043 5732 1255 5793 Gerson
1308 5730 1403 5789 ﬁlii
1446 5727 1640 5801 Moysi.
1691 5726 1816 5783 Vid.
1866 5726 2004 5787 intra

410 5818 529 5913 cali,
830 5892 958 5945 ms.,
992 5888 1041 5933 et
1069 5878 1203 5947 ipse,
1246 5874 1403 5947 paulo
1431 5886 1644 5945 quoque
1688 5882 1827 5945 Ροεῑν
1870 5871 2004 5929 unde

2095 4748 2299 4802 suleret
2332 4745 2640 4808 Dominum,
2674 4752 2733 4797 ιιι
2776 4743 2919 4796 scire
2950 4748 3173 4817 possent
3208 4754 3275 4792 au
3311 4751 3574 4808 prospero
3605 4736 3692 4790 iti—

2098 4855 2227 4894 nere
2260 4846 2570 4912 pergerent,
2598 4844 2652 4890 et
2679 4848 2766 4890 res
2792 4834 3022 4888 haberet
3040 4830 3315 4891 effectum.
3340 4829 3442 4901 Qui
3468 4842 3697 4899 respon-

2098 4934 2177 4988 dit
2206 4932 2285 4988 eis
2322 4950 2334 4985 :
2369 4931 2446 4985 Ite
2486 4944 2607 4984 cum
2639 4942 2774 4999 pace
2813 4943 2827 4980 :
2886 4924 3151 4983 Dominus
3186 4922 3409 4993 respicit
3438 4922 3577 4975 viam
3610 4934 3699 4975 ve-

2098 5034 2288 5090 stram,
2314 5030 2370 5076 et
2397 5022 2499 5077 iter
2516 5036 2624 5090 quo
2651 5020 2893 5090 pergitis.
2921 5018 3123 5073 Euntes
3152 5016 3316 5086 igitur
3336 5015 3575 5086 quinque
3597 5012 3698 5071 viri

2100 5128 2367 5172 venerunt
2388 5115 2512 5169 Lais
2546 5114 2949 5183 :videruntque
2980 5110 3235 5183 populum
3268 5109 3607 5165 habitantem
3642 5108 3694 5175 in

2101 5225 2163 5266 ea
2193 5209 2401 5279 absque
2434 5207 2540 5261 ullo
2577 5208 2792 5271 timore,
2836 5203 2991 5276 juxta
3023 5201 3372 5261 Sidoniorum
3406 5208 3700 5271 consuetu-

2101 5305 2308 5367 dinem,
2338 5317 2591 5361 securum
2623 5309 2677 5359 et
2722 5299 2966 5371 quietum
2999 5340 3014 5363 .
3048 5296 3197 5355 nullo
3227 5296 3277 5353 ei
3315 5294 3529 5364 penitus
3560 5293 3703 5353 resir

2101 5410 2301 5468 Stente,
2322 5410 2752 5469 magnarumque
2778 5400 3025 5465 opum,et
3043 5391 3231 5461 procul
3257 5405 3286 5444 ιι
3312 5388 3520 5445 Sidone
3542 5397 3705 5458 atque

2104 5512 2133 5551 a
2162 5493 2373 5552 cunctis
2404 5491 2717 5549 hominibus
2752 5494 3083 5560 separatum.
3121 5486 3456 5563 Reversique
3499 5483 3565 5539 ad
3597 5483 3705 5539 fra-

2107 5601 2217 5653 tres
2243 5603 2371 5655 suos
2394 5587 2450 5643 in
2472 5586 2637 5644 Saraa
2658 5593 2715 5641 et
2741 5582 2989 5651 Esthaol,
3015 5592 3074 5639 et
3091 5579 3221 5651 quid
3248 5579 3487 5650 egissent
3518 5574 3710 5631 scisci—

2117 5724 2422 5797 υειιξεῖρνο
2451 5721 2853 5797 unde_vent'sset_.
2931 5792 2960 5797 __
3001 5791 3009 5797 ι
3286 5784 3327 5797 ῃ
3375 5784 3385 5797 ,
3462 5782 3495 5797 ,,

2190 5784 2221 5835 εν
2254 5784 2471 5867 Repetit
2509 5794 2801 5867 Hebraeus,
2823 5792 2875 5847 in
2906 5791 3093 5867 dielrus
3113 5788 3220 5867 illis
3243 5803 3261 5867 ς
3286 5784 3497 5867 Vulgati
3528 5789 3712 5843 autem

2114 5859 2381 5941 prtelerea
2412 5868 2667 5926 omittunt
2694 5859 2879 5934 verba,
2913 5864 2981 5918 ad
3005 5859 3343 5917 habitandum
3364 5859 3417 5911 in
3448 5872 3534 5911 ea.
