4144 6364
430 306 535 363 557

1790 301 1989 356 LIBER
2027 300 2340 356 .IUDICUM.

3620 294 3727 357 558

428 424 598 481 Gusta
620 423 771 495 prius
792 422 1088 495 pauxillum
1108 421 1287 492 panis,
1311 418 1629 478 etconlorta
1654 419 2019 487 stomachum,
2048 419 2104 481 Α
2128 430 2318 483 senex,
2350 424 2407 472 et
2448 416 2529 471 ait
2560 431 2574 469 :
2606 413 2810 484 Nolite,
2834 415 3052 482 fratres,
3088 416 3258 472 nolite
3303 415 3479 473 lacere
3524 418 3725 476 malum

426 526 484 572 et
523 516 603 571 sic
636 516 1027 586 proﬁcisceris.
1064 514 1446 583 Sederuntque
1475 512 1663 581 simul,
1687 524 1743 568 et
1775 512 2028 569 comede-

423 617 552 666 runt
580 624 645 665 ac
671 608 949 664 biberunt.
982 609 1235 679 Dixitque
1261 618 1415 678 paler
1443 606 1641 678 puella:
1671 605 1737 661 ad
1765 620 2024 677 generum

424 717 582 757 suum
628 704 866 769 :Quteso
913 713 986 770 te,
1020 711 1081 758 ut
1122 701 1287 756 hodie
1317 700 1406 757 hic
1437 716 1678 770 maneas,
1710 701 2025 771 pariterque

423 795 694 851 Izetemur.
726 794 798 850 At
825 795 933 860 ille,
974 809 1334 865 consurgens,
1366 794 1533 864 coepit
1560 794 1698 849 velle
1728 791 2020 863 prolicisci.

424 890 492 947 Et
520 890 871 946 nihilominus
900 890 1102 946 obnixe
1132 905 1256 945 eum
1299 904 1458 945 socer
1491 889 1683 955 tenuit,
1714 899 1767 943 et
1795 887 1936 958 apud
1963 901 2024 942 se

424 985 555 1042 fecit
582 1000 828 1041 manere.
858 984 1014 1041 Mane
1066 986 1209 1042 Iacto
1252 985 1477 1056 parabat
1521 983 1740 1039 Levites
1768 984 1891 1037 iter.
1922 982 2022 1038 Cui

423 1094 642 1134 rursum
675 1093 874 1133 socer:
901 1078 1011 1133 Oro
1052 1087 1128 1146 te,
1159 1078 1350 1148 inquit,
1380 1087 1437 1131 ut
1475 1077 1754 1146 paululum
1793 1075 1898 1131 cibi
1938 1088 2022 1128 ca-

420 1172 630 1243 pias,et
655 1172 951 1240 assumptis
980 1171 1397 1239 viribus,doncc
1426 1173 1687 1227 increscat
1719 1171 2020 1242 dies,post-

417 1279 484 1320 ea
530 1264 921 1335 proﬁciscaris.
952 1263 1325 1321 Comederuut
1353 1281 1487 1337 ergo
1514 1266 1695 1321 simul.
1744 1265 2020 1323 Surrexit-

415 1374 524 1427 que
546 1357 889 1422 adolescens,
920 1368 974 1412 ut
1007 1367 1264 1428 pergeret
1285 1373 1407 1413 cum
1434 1373 1606 1413 uxore
1622 1373 1719 1413 sua
1745 1368 1799 1413 et
1823 1373 2014 1429 puero.

414 1452 515 1507 Cui
550 1466 761 1506 rursum
808 1452 1018 1508 locutus
1048 1460 1131 1507 est
1156 1466 1313 1508 socer
1339 1468 1354 1509 :
1384 1451 1678 1507 Considera
1710 1450 1855 1522 quod
1899 1452 2016 1508 dies

416 1549 483 1603 ad
509 1563 761 1603 occasum
784 1548 1048 1604 declivior
1070 1549 1227 1616 sit,ct
1253 1549 1576 1619 propinquat
1599 1548 1663 1601 ad
1691 1562 2013 1617 vesperum:

414 1656 579 1697 mane
617 1640 755 1711 apud
788 1657 874 1696 me
905 1642 1068 1696 etiam
1102 1641 1282 1707 hodie,
1311 1651 1365 1697 et
1396 1640 1502 1695 duc
1535 1640 1717 1694 laetum
1747 1640 1913 1705 diem,
1961 1648 2015 1695 et

417 1749 543 1790 cras
579 1734 972 1805 proﬁcisceris,
1006 1745 1064 1790 ut
1103 1734 1267 1789 vadas
1297 1735 1350 1788 in
1385 1735 1602 1789 domum
1636 1742 1803 1788 tuam.
1832 1731 2013 1788 Noluit

2130 511 2257 579 hoc,
2299 512 2424 583 quia
2468 513 2752 582 ingressus
2791 519 2877 567 est
2920 511 3083 567 homo
3113 510 3406 582 hospitium
3439 527 3642 583 meum,
3672 520 3728 570 et

2127 615 2338 662 cessate
2369 605 2436 661 ab
2476 605 2580 661 hac
2624 605 2853 661 stultitia
2887 625 2900 662 :
2937 606 3111 661 habeo
3156 606 3320 661 ﬁliam
3350 606 3640 677 virginem,
3671 615 3730 664 et

2127 698 2217 753 hic
2255 697 2419 753 homo
2447 697 2610 753 habet
2639 697 3024 767 concubinam,
3055 698 3279 754 educam
3306 713 3401 755 eas
3428 699 3495 754 ad
3521 714 3638 767 vos,
3667 705 3725 756 ut

2127 792 2427 848 humilietis
2463 808 2579 861 eas,
2628 801 2681 848 ct
2730 802 2966 848 vestram
3014 792 3292 849 libidinem
3341 793 3665 864 compleatis
3703 810 3723 850 :

2127 896 2359 953 tantum,
2386 887 2643 955 obsecro,
2677 901 2745 942 ne
2773 888 2951 943 scelus
2978 885 3086 942 hoc
3105 872 3295 942 contra
3321 896 3567 941 naturam
3593 901 3726 957 ope-

2125 983 2319 1038 remiui
2354 984 2405 1037 in
2451 983 2651 1039 virum.
2702 982 2973 1038 Nolebant
2998 982 3347 1053 acquiescere
3377 981 3723 1038 sermonibus

2123 1077 2260 1147 ejus.
2285 1076 2442 1145 Quod
2470 1090 2700 1133 cernens
2723 1076 2906 1144 homo,
2940 1076 3127 1131 eduxit
3150 1075 3218 1130 ad
3246 1089 3343 1131 eos
3364 1074 3721 1129 concubinam

2122 1185 2296 1239 suam,
2321 1180 2375 1226 et
2396 1170 2475 1226 eis
2499 1171 2722 1225 tradidit
2748 1168 3079 1225 illudendam
3113 1187 3127 1224 :
3150 1184 3252 1238 qua
3282 1182 3403 1223 cum
3425 1173 3538 1222 tota
3563 1175 3723 1222 nocte

2120 1265 2273 1319 abusi
2315 1274 2521 1331 essent,
2555 1264 2884 1320 dimiserunt
2910 1278 3030 1320 eam
3062 1278 3242 1318 mane.
3279 1263 3348 1317 At
3389 1260 3603 1328 mulier,
3636 1276 3724 1316 re-

2119 1357 2437 1413 cedentibus
2468 1357 2734 1422 tenebris,
2762 1356 2910 1411 venit
2936 1355 3003 1410 ad
3027 1357 3220 1410 ostium
3250 1353 3466 1419 domus,
3491 1354 3577 1408 ubi
3606 1368 3723 1408 ma-

2119 1450 2280 1506 nebat
2306 1450 2560 1504 dominus
2591 1464 2745 1517 suus,
2776 1459 2831 1506 et
2854 1449 2925 1504 ibi
2953 1448 3182 1503 corruit.
3213 1448 3369 1503 Mane
3401 1446 3568 1512 Iacto,
3600 1459 3721 1499 sur-

2117 1540 2258 1597 rexit
2297 1540 2464 1596 homo
2495 1551 2548 1596 et
2576 1542 2793 1611 aperuit
2838 1541 3060 1609 ostium,
3097 1550 3157 1595 ut
3203 1548 3438 1610 coeptam
3470 1538 3719 1610 expleret

2117 1634 2258 1689 viam
2301 1650 2314 1688 :
2358 1644 2413 1690 et
2448 1649 2579 1690 ecce
2617 1634 2922 1690 concubina
2950 1633 3068 1704 ejus
3093 1633 3309 1702 jacebat
3349 1640 3477 1687 ante
3518 1632 3715 1687 ostium

2116 1727 2321 1797 Sparsis
2349 1727 2400 1781 in
2435 1727 2625 1782 limine
2655 1726 2922 1781 manibus.
2956 1724 3056 1781 Cui
3085 1725 3200 1793 ille,
3234 1736 3424 1795 putans
3448 1739 3568 1780 eam
3595 1725 3717 1795 qui-

414 1842 585 1897 gener
605 1831 962 1898 acquiescere
991 1830 1339 1885 sermonibus
1368 1829 1486 1899 ejus
1512 1847 1523 1883 :
1551 1828 1644 1883 sed
1683 1828 1867 1883 statim
1892 1843 2011 1882 sur-
2045 1823 2087 1884 Β
2115 1836 2325 1891 escere,
2352 1822 2673 1891 loquebatur
2709 1839 2719 1875 :
2747 1820 2946 1892 Surge,
2969 1829 3024 1876 et
3053 1819 3416 1875 ambulemus.
3437 1818 3549 1885 Qua
3581 1817 3717 1873 nihil

410 1918 560 1974 rexit
590 1918 777 1991 [Vulg.
816 1920 1074 1991 perrexit]
1105 1929 1159 1975 et
1191 1922 1337 1976 venit
1357 1929 1545 1976 contra
1571 1919 1756 1986 Jebus,
1790 1934 1909 1989 quae
1932 1920 2012 1974 al-

410 2019 533 2066 tero
571 2013 793 2067 nomine
836 2014 1138 2068 vocabatur
1180 2012 1363 2085 [Vulg.
1404 2012 1649 2083 vocatur]
1679 2011 2007 2078 Jerusalem,

410 2104 619 2160 ducens
654 2122 838 2162 secum
871 2106 1011 2162 duos
1042 2107 1226 2161 asinos
1258 2114 1504 2173 onustos,
1538 2116 1593 2161 et
1624 2105 2005 2162 concubinam.

411 2197 648 2267 Jamque
692 2199 923 2254 aderant
946 2201 1106 2265 juxta
1135 2200 1321 2269 Jebus,
1354 2209 1409 2255 et
1438 2199 1557 2254 dies
1596 2200 1910 2253 mutabatur
1953 2197 2008 2253 in

411 2300 631 2345 noctem
666 2290 955 2362 :dixitque
1000 2308 1135 2362 puer
1177 2292 1244 2348 ad
1286 2292 1561 2348 dominum
1611 2306 1766 2347 suum
1802 2310 1815 2346 :
1847 2292 2006 2359 Veni,

406 2382 664 2451 obsecro,
692 2383 1027 2441 declinemus
1064 2384 1130 2440 ad
1171 2386 1361 2441 urbem
1399 2383 1768 2441 Jebusaeorum
1813 2393 1868 2440 et
1897 2400 2009 2440 ma-

412 2491 642 2533 neamus
678 2479 732 2534 in
762 2494 845 2535 ea.
878 2478 976 2535 Cui
1015 2479 1303 2550 respondit
1333 2479 1586 2534 dominus
1620 2498 1632 2534 :
1676 2479 1792 2534 Non
1822 2480 2007 2550 ingrc—

410 2570 533 2627 diar
564 2573 822 2644 Oppidum
867 2576 1045 2647 gentis
1077 2576 1290 2643 alienae,
1323 2592 1445 2647 qua:
1483 2591 1591 2631 non
1633 2585 1719 2633 est
1763 2576 1831 2632 dc
1883 2576 2006 2632 ﬁliis

407 2663 601 2731 Israel,
632 2665 729 2722 sed
764 2667 1003 2723 transibo
1028 2682 1197 2739 usque
1225 2667 1407 2723 Gabaa
1439 2685 1453 2723 :
1486 2678 1539 2724 et
1566 2685 1687 2723 cum
1720 2669 1845 2723 illuc
1876 2684 2005 2739 per-

407 2774 635 2827 venero,
668 2762 1006 2818 manebimus
1033 2762 1086 2817 in
1129 2777 1212 2830 ea,
1248 2772 1341 2818 aut
1365 2772 1514 2819 certe
1550 2765 1602 2819 in
1648 2764 1784 2821 urbe
1816 2765 2002 2819 Itama.

405 2852 773 2910 Transierunt
802 2856 967 2928 igitur
994 2856 1182 2925 Jebus,
1214 2867 1267 2912 et
1288 2868 1525 2930 coeptum
1556 2860 1848 2930 carpebant
1876 2862 2001 2929 iter,

402 2947 768 3019 occubuitque
794 2950 873 3005 eis
913 2951 995 3005 sol
1042 2952 1195 3020 juxta
1229 2952 1433 3021 Gabaa,
1485 2969 1605 3024 quae
1645 2965 1729 3009 est
1774 2956 1824 3009 in
1859 2954 2003 3009 tribu

400 3038 690 3107 Beniamin
728 3059 742 3097 :
771 3042 1214 3115 diverteruntque
1242 3045 1309 3100 ad
1341 3061 1481 3108 eam,
1512 3055 1569 3101 ut
1596 3057 1876 3103 manerent
1904 3046 1998 3103 ibi.

400 3132 525 3201 Quo
568 3150 690 3189 cum
724 3136 1041 3206 intrassent,
1070 3139 1331 3194 sedebant
1360 3140 1412 3195 in
1443 3141 1621 3211 platea
1654 3143 1912 3212 civitatis,
1945 3153 2000 3199 et

2114 1916 2509 1987 respondente,
2530 1915 2847 1987 intelligens
2870 1914 3015 1987 quod
3033 1924 3152 1971 erat
3168 1925 3406 1979 mortua,
3429 1913 3551 1968 tulit
3568 1926 3713 1980 eam,

2112 2023 2166 2068 et
2195 2013 2452 2083 imposuit
2482 2013 2655 2078 asino,
2688 2026 3054 2082 reversusque
3090 2019 3177 2065 est
3208 2010 3259 2065 in
3289 2009 3508 2064 domum
3535 2022 3712 2062 suam.

2114 2104 2289 2172 Quam
2320 2120 2441 2161 cum
2484 2114 2628 2161 esset
2667 2105 2972 2176 ingressus,
2999 2103 3225 2175 arripuit
3254 2103 3514 2175 gladium,
3545 2110 3599 2158 et
3625 2116 3716 2157 ea-

2112 2198 2281 2253 daver
2304 2200 2486 2254 uxoris
2515 2213 2637 2253 cum
2667 2198 2882 2253 ossibus
2910 2200 3025 2253 suis
3048 2198 3100 2252 in
3127 2197 3413 2253 duodecim
3438 2205 3622 2267 partes
3651 2210 3713 2251 ac

2112 2290 2285 2347 frusta
2333 2292 2661 2357 concidens,
2704 2292 2852 2347 misit
2892 2293 2945 2347 in
2990 2306 3185 2346 omnes
3227 2291 3493 2347 terminos
3526 2289 3711 2345 Israel.

2111 2385 2265 2452 Quod
2297 2399 2417 2439 cum
2460 2385 2726 2440 vidissent
2767 2384 2993 2455 singuli,
3030 2384 3445 2440 conclamabant
3490 2401 3504 2437 :
3538 2381 3713 2437 Num-

2110 2491 2273 2547 quam
2304 2492 2396 2532 rcs
2450 2476 2576 2531 talis
2608 2477 2747 2531 facta
2783 2486 2867 2531 est
2914 2476 2967 2531 in
2997 2476 3199 2541 Israel,
3252 2491 3321 2531 ex
3369 2491 3435 2531 eo
3482 2474 3569 2530 die
3603 2487 3713 2544 quo

2108 2573 2472 2629 ascenderunt
2494 2581 2676 2644 patres
2697 2572 2873 2628 nostri
2904 2572 2972 2629 de
3001 2571 3262 2644 Egypto,
3297 2585 3468 2642 usque
3489 2569 3543 2625 in
3571 2583 3713 2641 prae-

2109 2680 2237 2721 sens
2275 2677 2487 2737 tempus
2526 2686 2537 2721 :
2571 2666 2708 2722 ferte
2748 2666 3101 2734 sententiam,
3132 2675 3187 2721 et
3217 2666 3270 2721 in
3303 2679 3589 2721 commune
3614 2663 3711 2719 de-

2107 2762 2317 2816 cernite
2342 2759 2470 2830 quid
2505 2760 2645 2815 facto
2676 2775 2812 2831 opus
2837 2760 2927 2816 sit.

2182 2855 2330 2928 [ϐαρ.
2356 2854 2501 2927 ΧΧ.]
2535 2855 2753 2927 Egressi
2790 2864 2918 2911 sunt
2948 2850 3353 2925 itaque‘omnes
3386 2853 3481 2908 ﬁlii
3508 2852 3706 2921 Israel,

2106 2958 2159 3006 et
2193 2950 2395 3019 pariter
2425 2952 2764 3022 congregati,
2797 2951 2953 3021 quasi
2982 2950 3066 3006 vir
3095 2967 3254 3017 unus,
3282 2950 3349 3005 de
3380 2950 3495 3005 Dan
3526 2965 3701 3021 usque

2105 3043 2433 3110 Ber-sabee,
2482 3053 2538 3099 et
2582 3052 2729 3099 terra
2760 3044 2986 3111 Galaad,
3022 3044 3088 3099 ad
3121 3045 3409 3099 Dominum
3457 3044 3509 3099 in
3562 3044 3706 3098 Mas-

2105 3140 2209 3210 pha
2242 3158 2255 3194 :
2288 3153 2589 3210 omnesque
2612 3139 2798 3210 anguli
2833 3139 3181 3209 pOpqurum,
3211 3148 3267 3194 et
3294 3147 3505 3194 cunctae
3533 3137 3706 3193 tribus

401 3227 590 3282 nullus
617 3244 711 3283 eos
746 3230 996 3300 recipere
1036 3232 1256 3287 volebat
1289 3233 1478 3305 [ναις.
1512 3235 1705 3307 voluit]
1735 3235 1993 3307 hospitio.
2024 3225 2070 3290 C
2105 3232 2267 3287 Israel
2300 3233 2353 3287 in
2384 3232 2685 3288 Ecclesium
2717 3232 2900 3302 populi
2930 3232 3027 3287 Dei
3055 3240 3437 3287 convenerunt
3464 3274 3479 3299 ,
3513 3240 3539 3269 τί
3569 3248 3706 3304 qua-

400 3316 473 3373 Et
494 3334 644 3387 ecce,
682 3324 930 3391 apparuit
971 3324 1134 3379 homo
1164 3340 1357 3393 senex,
1388 3337 1674 3384 revertens
1696 3330 1763 3384 de
1790 3345 1919 3401 agro
1946 3339 2000 3385 et

396 3411 472 3466 dc
512 3428 677 3483 opere
720 3430 819 3470 suo
846 3431 1111 3487 vespere,
1160 3422 1250 3490 qui
1291 3428 1346 3475 ct
1385 3420 1502 3490 ipse
1542 3432 1659 3476 erat
1701 3422 1769 3478 de
1815 3431 1998 3479 monte

396 3502 685 3575 Ephraim,
711 3515 765 3562 et
789 3509 1103 3579 peregrinus
1132 3511 1410 3566 habitabat
1427 3513 1481 3567 in
1505 3511 1710 3569 Gabaa.
1735 3513 1996 3570 Homines

391 3606 582 3652 autem
616 3600 856 3669 regionis
894 3601 1038 3656 illius
1074 3614 1229 3658 erant
1271 3604 1363 3658 lilii
1388 3604 1611 3661 Jemiui.
1645 3607 1995 3677 Elevatisque

392 3691 589 3760 oculis,
625 3694 759 3749 vidit
788 3709 952 3750 senex
981 3697 1260 3753 sedentem
1295 3696 1569 3755 hominem
1598 3715 1722 3755 cum
1747 3701 1994 3755 sarcinu-

393 3784 468 3840 lis
505 3786 620 3840 suis
655 3787 707 3841 in
751 3788 929 3857 platea
961 3790 1226 3859 civitatis,
1262 3800 1316 3847 et
1362 3792 1500 3848 dixit
1536 3793 1601 3848 ad
1632 3809 1754 3849 eum
1793 3813 1803 3848 :
1838 3793 1993 3849 Unde

389 3879 585 3933 venis?
610 3888 667 3934 et
692 3895 799 3950 quo
828 3881 1019 3938 vadis?
1051 3884 1152 3951 Qui
1189 3887 1473 3955 respondit
1496 3887 1546 3941 ei
1583 3904 1595 3939 :
1621 3886 1865 3943 Profecti
1895 3904 1992 3943 su-

389 3986 514 4026 mus
536 3971 602 4027 de
636 3974 965 4031 Beth-Leem
990 3976 1149 4042 .luda,
1213 3988 1265 4031 et
1290 3979 1568 4049 pergimus
1594 3978 1659 4034 ad
1692 3979 1869 4034 locum
1896 3994 1993 4035 no-

388 4077 583 4134 strum,
613 4070 701 4139 qui
727 4081 811 4125 est
851 4070 907 4125 in
936 4072 1108 4128 latere
1132 4075 1331 4128 montis
1363 4074 1645 4144 Ephraim,
1676 4076 1819 4133 unde
1844 4075 1988 4131 iera-

384 4175 508 4216 mus
544 4161 903 4227 Beth-Leem,
938 4174 992 4220 et
1037 4181 1183 4222 nunc
1214 4167 1461 4222 vadimus
1499 4168 1565 4221 ad
1608 4168 1829 4223 domum
1866 4169 1984 4238 Dei,

384 4256 676 4326 nullusque
704 4273 802 4312 nos
823 4260 926 4313 sub
956 4268 1153 4315 tectum
1178 4276 1333 4315 suum
1356 4263 1470 4316 vult
1495 4264 1759 4333 recipere,
1783 4265 1987 4322 haben-

386 4356 469 4402 tes
497 4349 685 4419 paleas
714 4359 769 4405 et
796 4349 976 4406 fenum
1016 4353 1068 4407 in
1093 4354 1367 4408 asinorum
1394 4355 1673 4424 pabulum,
1702 4366 1755 4412 et
1789 4373 1982 4426 panem

384 4454 451 4494 ac
477 4442 664 4495 vinum
706 4441 762 4495 in
795 4458 945 4498 meos
977 4453 1034 4499 et
1063 4445 1275 4500 ancillm
1309 4456 1415 4500 ture
1456 4461 1604 4513 usus,
1631 4456 1687 4504 et
1716 4451 1868 4519 pueri
1893 4451 1981 4519 qui

384 4548 599 4589 mecum
628 4544 795 4592 sunt:
828 4538 979 4593 nulla
1013 4553 1071 4594 re
1116 4540 1424 4609 indigemus
1458 4543 1562 4596 nisi
1593 4541 1852 4613 hospitio.
1879 4543 1977 4600 Cui

2102 3327 2390 3399 dringenta
2433 3328 2599 3383 millia
2640 3326 2885 3397 peditum
2920 3336 3311 3398 pugnatorum.
3359 3326 3505 3400 (Nec
3542 3326 3707 3383 latuit

2100 3422 2240 3478 ﬁlios
2265 3424 2565 3494 Benjamin,
2598 3422 2744 3493 quod
2773 3422 3150 3478 ascendissent
3174 3421 3271 3476 ﬁlii
3296 3421 3463 3476 Israel
3484 3422 3535 3477 in
3561 3422 3704 3477 Mas-

2101 3517 2255 3590 pha.)
2287 3518 2771 3589 luterrogatusque
2801 3517 2989 3573 Levita
3015 3559 3028 3584 ,
3076 3518 3306 3572 maritus
3337 3516 3585 3571 mulieris
3618 3517 3703 3571 in-

2098 3616 2341 3670 teriecta
2368 3656 2381 3679 ,
2415 3615 2688 3684 quomodo
2720 3623 2926 3669 tantum
2966 3613 3145 3668 scelus
3186 3620 3565 3683 perpetratum
3608 3626 3701 3667 es-

2097 3715 2201 3774 set,
2231 3706 2551 3777 respondit:
2591 3706 2721 3762 Veni
2753 3707 2806 3761 in
2837 3704 3020 3762 Gabaa
3054 3703 3339 3775 Benjamin
3373 3719 3498 3759 cum
3534 3717 3704 3758 uxore

2095 3812 2238 3866 mea,
2266 3798 2498 3869 illucque
2525 3798 2745 3865 diverti,
2776 3808 2827 3854 et
2852 3814 2980 3854 ecce
3005 3797 3257 3853 homines
3286 3797 3527 3853 civitatis
3556 3796 3702 3852 illius

2095 3889 2580 3945 circumdederunt
2626 3899 2791 3947 nocte
2840 3892 3093 3958 domum,
3135 3892 3192 3946 in
3245 3906 3353 3962 qua
3385 3890 3697 3955 manebam,

2092 3984 2340 4039 volentes
2368 4000 2451 4039 me
2480 3985 2769 4054 occidere,
2806 3995 2859 4042 ct
2892 4001 3118 4041 uxorem
3165 4001 3340 4042 meam
3382 3984 3698 4041 incredibili

2092 4076 2332 4132 libidinis
2356 4077 2541 4133 furore
2563 4090 2853 4147 vexantes,
2884 4080 3119 4151 denique
3152 4088 3362 4135 mortua
3392 4090 3499 4136 est.
3523 4079 3695 4148 Quam

2091 4180 2383 4240 arreptam,
2417 4172 2468 4225 in
2498 4170 2665 4226 frusta
2698 4172 2947 4239 concidi,
2982 4171 3215 4242 tnisique
3258 4178 3445 4243 partes
3477 4172 3531 4226 in
3577 4185 3698 4225 om-

2090 4280 2187 4320 nes
2238 4268 2500 4322 terminos
2536 4268 2900 4336 possessionis
2935 4276 3134 4322 vestrae
3174 4287 3185 4322 :
3217 4268 3345 4339 quia
3394 4282 3694 4338 numquam

2089 4366 2300 4411 tantum
2350 4357 2532 4425 nefas,
2566 4367 2622 4413 et
2663 4368 2769 4412 tam
2809 4358 3013 4429 grande
3063 4359 3336 4428 piaculum
3386 4360 3584 4414 factum
3640 4359 3691 4413 in

2084 4450 2273 4506 Israel.
2308 4452 2525 4507 Adestis
2550 4468 2762 4519 omnes,
2798 4452 2893 4507 ﬁlii
2926 4452 3113 4519 Israel,
3138 4453 3420 4509 decernite
3446 4451 3579 4524 quid
3606 4452 3688 4507 fa-

2083 4559 2212 4601 cere
2258 4546 2519 4601 debeatis.
2574 4548 2849 4617 Stansque
2889 4548 3068 4601 omnis
3119 4548 3382 4616 p0pulus,
3438 4557 3492 4603 et
3538 4548 3691 4619 quasi

381 4628 669 4698 respondit
697 4643 867 4685 senex
902 4650 914 4683 :
940 4631 1051 4701 Pax
1078 4640 1255 4688 tecum
1281 4634 1370 4698 sit,
1401 4650 1502 4706 ego
1526 4637 1777 4705 praebebo
1800 4639 1979 4694 omnia
2009 4630 2061 4690 D
2088 4640 2252 4693 unius
2295 4639 2535 4694 hominis
2580 4654 2836 4695 sermone
2886 4641 3230 4709 respondens
3266 4659 3280 4695 :
3310 4640 3428 4696 Non
3458 4642 3689 4697 recede-

384 4734 503 4791 quae
551 4721 861 4778 necessaria
894 4733 1020 4778 sunt
1050 4742 1064 4779 :
1095 4734 1323 4792 tantum,
1360 4742 1567 4797 quaeso,
1608 4743 1674 4783 ne
1707 4730 1760 4782 in
1803 4731 1980 4800 platea

377 4828 623 4870 maneas.
657 4815 1071 4888 lntroduxitque
1093 4834 1216 4874 eum
1251 4821 1302 4874 in
1333 4820 1554 4875 domum
1582 4836 1733 4876 suam
1765 4843 1780 4880 :
1813 4833 1864 4878 et
1887 4838 1983 4893 pa-

374 4906 561 4962 bulum
592 4909 762 4965 asinis
805 4911 1032 4980 prtebuit
1069 4932 1082 4968 :
1117 4927 1180 4968 ac
1211 4927 1492 4985 poSIquam
1526 4915 1778 4970 laverunt
1810 4917 1978 4987 pedes

369 5012 523 5065 suos,
558 5005 769 5072 recepit
793 5019 888 5059 eos
918 5005 971 5060 in
1014 5006 1341 5061 convivium.
1381 5009 1487 5063 Illis
1523 5009 1889 5078 epulantibus,
1924 5022 1978 5067 et

368 5104 490 5162 post
522 5094 765 5150 laborem
800 5097 1034 5163 itineris,
1066 5098 1189 5157 cibo
1216 5115 1279 5153 ac
1303 5107 1431 5169 potu
1460 5098 1827 5158 reﬁcientibus
1853 5118 1974 5158 cor-

367 5202 523 5257 pora,
553 5200 827 5245 venerunt
848 5191 951 5247 viri
981 5192 1218 5247 civitatis
1248 5193 1419 5260 illius,
1444 5195 1539 5249 ﬁlii
1570 5195 1739 5251 Belial
1765 5197 1970 5270 (idest,

363 5279 577 5350 absque
608 5280 785 5354 iugo),
817 5293 872 5339 et
901 5284 1305 5340 circumdantes
1350 5287 1573 5342 domum
1605 5290 1774 5355 senis,
1826 5290 1970 5346 fores

359 5374 583 5443 pulsare
626 5388 932 5446 coeperunt,
975 5378 1277 5435 clamantes
1327 5380 1394 5434 ad
1441 5381 1721 5436 dominum
1752 5382 1967 5452 domus,

358 5476 523 5535 atque
554 5468 806 5526 dicentes
836 5488 849 5525 :
901 5470 1053 5527 Educ
1078 5472 1284 5540 virum,
1316 5473 1409 5543 qui
1451 5475 1731 5544 ingressus
1759 5484 1845 5531 est
1873 5477 1968 5532 do-
2012 5511 2024 5517 ~

358 5573 504 5615 mum
538 5570 711 5630 tuam,
747 5571 805 5618 ut
831 5564 1120 5620 abutamur
1146 5581 1234 5622 eo.
1264 5566 1636 5637 Egressusque
1665 5577 1752 5624 est
1777 5570 1843 5625 ad
1870 5586 1965 5628 eos

428 5701 1021 5776 llProquadringentis
1066 5703 1325 5768 millibus,
1353 5703 1538 5760 Canon
1582 5722 1703 5763 cum
1750 5706 1959 5776 aliquot

351 5772 705 5847 mss._ha_het,
740 5776 1086 5847 quadraginta
1109 5775 1273 5847 millia
1297 5791 1316 5830 :
1335 5778 1477 5847 quod
1509 5777 1734 5837 incuria}
1770 5786 1825 5834 et
1845 5772 1957 5838 ’ἰηι-

355 5844 562 5914 peritia:
589 5844 1307 5903 lihrariorumtrihuendum
1329 5844 1429 5905 est.
1469 5850 1646 5907 Maar.

2089 4746 2211 4786 mus
2238 4733 2293 4787 in
2337 4734 2691 4790 tabernacula
2734 4744 2946 4796 nostra,
2980 4749 3080 4789 nec
3107 4748 3259 4788 suam
3286 4736 3575 4806 quisquam
3607 4736 3690 4790 in-

2086 4826 2250 4880 trabit
2276 4824 2498 4880 domum
2534 4844 2547 4881 :
2581 4828 2676 4883 sed
2718 4829 2821 4882 hoc
2851 4837 3044 4883 contra
3079 4828 3260 4883 Gabaa
3307 4830 3358 4883 in
3393 4844 3688 4886 commune

2082 4915 2367 4973 faciemus.
2400 4918 2598 4974 Decem
2626 4920 2725 4974 viri
2750 4920 3023 4991 eligantur
3046 4935 3077 4975 e
3098 4930 3314 4976 centum
3340 4937 3406 4978 ex
3431 4922 3686 4978 omnibus

2083 5011 2324 5066 tribubus
2354 5012 2545 5081 Israel,
2577 5022 2633 5069 et
2664 5022 2881 5069 centum
2914 5016 2981 5070 de
3013 5015 3187 5077 mille,
3221 5024 3275 5070 et
3306 5015 3456 5070 mille
3483 5016 3551 5072 de
3583 5015 3682 5073 de-

2081 5121 2200 5162 cem
2230 5107 2471 5163 millibus
2503 5155 2515 5178 ,
2568 5119 2624 5164 ut
2650 5119 2997 5180 comportent
3044 5110 3309 5165 exercitui
3354 5110 3596 5181 cibaria,
3631 5120 3688 5167 et

2078 5202 2354 5271 possimus
2385 5212 2687 5274 pugnantes
2734 5213 2932 5260 contra
2979 5203 3163 5260 Gabaa
3204 5204 3526 5276 Benjamin,
3562 5205 3686 5261 red-

2074 5295 2204 5350 dere
2254 5296 2304 5351 ei
2352 5312 2449 5366 pro
2488 5298 2739 5361 scelere,
2789 5297 2935 5368 quod
2986 5307 3251 5353 meretur.
3301 5298 3684 5369 Convenitque

2073 5390 2359 5445 universus
2390 5391 2557 5446 Israel
2588 5392 2653 5446 ad
2683 5393 2986 5459 civitatem,
3016 5393 3171 5463 quasi
3202 5408 3343 5449 unus
3373 5393 3559 5459 homo,
3585 5408 3681 5449 ea-

2071 5482 2192 5537 dem
2228 5494 2429 5553 mente,
2465 5500 2679 5555 unoque
2708 5486 2963 5541 consilio.
3016 5486 3080 5541 Et
3126 5488 3401 5542 miserunt
3450 5486 3676 5543 nuntios

2075 5575 2144 5632 ad
2192 5592 2409 5633 omnem
2461 5579 2660 5634 tribum
2706 5579 3030 5651 Benjamin,
3079 5582 3170 5653 qui
3230 5581 3475 5637 dicerent
3521 5580 3676 5636 :Cur
3722 5590 3725 5594 '

2135 5750 2205 5793 -έ
2230 5719 2384 5776 Unus
2421 5721 2651 5777 Palatia.
2685 5732 2848 5793 atque
2889 5725 3029 5780 alter
3075 5738 3243 5792 penes
3273 5722 3524 5777 Martian.
3560 5734 3664 5774 ms.

2061 5792 2407 5863 quadraginta
2436 5794 2631 5852 vitiose
2659 5792 2771 5865 pro
2787 5796 3172 5869 quadringenta
3202 5795 3420 5851 habent.
