3956 6338
415 263 522 322 539

1420 268 1476 325 S.
1521 264 1900 323 I-IIERONYIII
1942 263 2171 323 DIVINA
2208 263 2688 324 BIBLIUTIIECA.

3606 262 3709 329 540

424 391 633 437 tantum
668 382 821 436 uetas
852 382 907 436 in
936 383 1093 439 vobis
1124 391 1397 454 repertum
1428 384 1547 438 est?
1576 382 1801 438 'I‘radlte
1840 382 2013 438 humi.
2038 385 2088 447 Α
2120 383 2285 440 vitate
2308 420 2325 451 ,
2372 391 2428 439 et
2457 383 2611 454 quasi
2662 381 2935 454 fugientes
2982 380 3052 439 ad
3103 379 3447 452 supradictas
3488 379 3711 439 semitas

422 491 524 534 nes
551 475 620 531 de
649 474 866 544 Gabaa,
916 477 1009 548 qui
1060 476 1164 532 hoc
1201 475 1463 549 ﬂagitium
1505 484 1918 547 perpetrarent,
1956 483 2017 531 ut

419 570 749 636 moriantur,
781 579 837 625 et
882 569 1165 628 auferatur
1205 572 1404 627 malum
1439 570 1508 627 de
1556 570 1744 627 Israel.
1773 570 1877 640 Qui
1918 586 2017 628 no-

416 661 644 718 luerunt
674 662 903 718 fratrum
934 678 1160 721 suorum
1188 664 1422 719 filiorum
1450 664 1617 720 Israel
1647 664 1838 721 audire
1862 680 2018 720 mat»

414 754 608 811 datum
641 771 656 815 :
693 754 793 810 sed
835 768 900 808 ex
942 755 1156 810 cunctis
1210 755 1436 812 urbibus
1461 799 1477 825 ,
1525 772 1646 827 qua:
1691 770 1806 812 sum
1851 756 2018 813 sortis

416 856 601 914 erant,
633 854 1017 902 convenerunt
1045 847 1099 902 iu
1130 846 1311 904 Gabaa
1337 889 1352 912 ,
1389 857 1447 904 ut
1479 848 1584 905 illis
1616 848 1827 907 ferrent
1863 848 2019 906 auriv-

417 940 557 998 Iium
578 983 593 1005 ,
623 949 681 995 et
709 949 900 995 contra
929 940 1248 996 universum
1289 941 1454 998 Israel
1498 942 1754 1013 pupulum
1794 942 2020 1003 dimica-

423 1042 573 1090 rent.
649 1031 966 1102 Inventique
1012 1041 1145 1089 sunt
1193 1032 1382 1105 viginti
1430 1034 1673 1106 quinque
1726 1034 1900 1093 millia
1949 1034 2018 1092 de

419 1124 706 1194 Beniamin
746 1124 1097 1180 educentintu
1136 1126 1411 1197 gladium,
1450 1139 1655 1199 praeter
1684 1128 2020 1186 habitatores

418 1214 604 1272 Gabaa
625 1256 640 1282 ,
668 1214 760 1286 qui
791 1216 1123 1287 septingenti
1151 1229 1308 1275 erant
1339 1220 1439 1276 viri
1481 1220 1802 1288 fortissimi,
1834 1221 1907 1279 ita
1944 1224 2020 1279 si-

419 1310 591 1365 nistra
623 1316 686 1363 ut
715 1308 908 1365 dextra
942 1310 1279 1381 prailiantes,
1310 1322 1367 1368 et
1395 1314 1475 1370 sic
1506 1314 1685 1371 fundis
1709 1316 1777 1371 ad
1806 1326 2017 1375 certum

415 1402 686 1475 iacientes
731 1403 973 1472 lapides,
1009 1414 1067 1461 nt
1096 1406 1351 1479 capillum
1382 1424 1604 1479 quoque
1649 1418 1873 1479 possent
1898 1426 2020 1481 per-

424 1505 636 1563 cutere,
668 1506 727 1553 et
755 1513 1097 1570 nequaquam
1129 1500 1183 1555 in
1214 1502 1443 1557 alteram
1470 1513 1678 1573 partem
1715 1505 1852 1561 ictus
1881 1506 2016 1574 lapi-

424 1592 514 1648 dis
538 1591 870 1649 deferretur.
897 1595 1150 1652 Virorum
1176 1613 1393 1670 quoque
1427 1599 1616 1667 Israel,
1652 1600 1861 1672 absque
1893 1601 2020 1658 ﬁliis

422 1688 734 1758 Beniamin,
762 1689 980 1746 inventa
1009 1700 1134 1747 sunt
1159 1693 1555 1765 quadringenta
1583 1694 1751 1750 millia
1777 1694 2018 1751 educen.

2119 475 2504 548 perducerent.
2533 476 2738 535 Omnes
2783 477 2966 547 itaque
3003 474 3100 532 ﬁlii
3131 474 3299 541 Israel
3328 483 3620 545 surgentes
3645 472 3712 535 de

2115 565 2339 625 sedibus
2367 569 2504 635 suis,
2534 567 2882 634 tetenderunt
2911 568 3085 627 aciem
3118 568 3172 622 in
3195 567 3341 632 loco,
3374 566 3466 639 qui
3494 577 3716 635 vocatur

2117 661 2246 720 Baal
2259 660 2515 721 Thamar.
2532 659 2750 718 Insidim
2770 676 3009 732 quoque,
3026 677 3145 732 qum
3163 660 3311 719 circa
3325 659 3517 725 urbem
3534 668 3714 732 erant,

2118 755 2375 826 paulatim
2395 770 2457 812 se
2475 755 2691 827 aperire
2717 764 3023 827 creperum,
3039 765 3096 813 et
3120 755 3190 810 ab
3214 753 3541 819 occidentali
3567 753 3717 815 urbis

2119 857 2272 921 parte
2325 851 2640 919 procedere.
2679 850 2787 911 Sed
2815 860 2869 907 et
2892 850 2997 911 alia
3027 850 3219 917 dacem
3254 849 3420 915 millia
3474 848 3713 917 virorum

2117 942 2188 1001 de
2219 944 2472 1001 universo
2504 943 2667 1001 Israel
2689 984 2705 1010 ,
2740 943 3075 1008 habitatores
3121 942 3278 1007 urbis
3321 942 3388 999 ad
3412 940 3715 1009 certamina

2119 1037 2509 1108 provocabant.
2546 1038 2997 1109 Ingravatumque
3034 1046 3121 1097 est
3163 1037 3364 1097 bellum
3410 1046 3600 1099 contra
3651 1036 3718 1092 ιιρ

2119 1131 2222 1189 lies
2262 1132 2578 1203 Beniamin.
2615 1143 2670 1189 et
2708 1147 2815 1191 non
2862 1132 3249 1195 intellexerunt
3293 1130 3437 1203 quod
3466 1146 3535 1189 ex
3565 1130 3719 1191 omni

2119 1237 2273 1298 parte
2303 1228 2411 1286 illis
2449 1228 2680 1287 instaret
2720 1227 2992 1285 interitus.
3039 1226 3430 1297 Percussitque
3456 1240 3556 1282 eos
3606 1224 3717 1280 Do-

2121 1321 2301 1379 minus
2339 1321 2394 1377 in
2425 1330 2726 1391 conspectu
2753 1319 2990 1379 filiorum
3016 1319 3221 1387 Israel,
3250 1327 3307 1376 et
3331 1316 3723 1377 interfecerunt

2118 1428 2186 1469 ex
2217 1414 2299 1469 eis
2328 1412 2383 1469 in
2405 1412 2498 1468 illo
2516 1412 2602 1470 die
2624 1413 2811 1484 viginti
2845 1414 3081 1484 quinque
3107 1412 3282 1469 millia
3311 1420 3369 1468 et
3396 1420 3618 1471 centum
3644 1407 3724 1465 vi-

2122 1520 2233 1570 res,
2257 1521 2451 1563 omnes
2481 1505 2777 1565 bellatores
2795 1515 2850 1562 et
2875 1505 3175 1562 educentes
3194 1502 3454 1577 gladium.
3480 1502 3603 1560 Filii
3627 1516 3725 1563 att-

2121 1608 2229 1656 tem
2260 1598 2568 1670 Beniamin,
2599 1614 2725 1659 cum
2755 1614 2816 1656 se
2838 1599 3126 1657 inferiores
3152 1612 3277 1653 esse
3305 1595 3589 1664 vidissent,
3611 1609 3721 1655 (εω-

2120 1703 2317 1764 perunt
2344 1691 2550 1763 fugere.
2578 1692 2735 1762 Quod
2759 1702 3053 1751 cernentes
3085 1692 3180 1749 ﬁlii
3209 1690 3415 1761 Israel,
3446 1689 3727 1751 dederunt

426 1782 560 1838 tium
587 1782 817 1853 gladios,
852 1792 907 1840 et
938 1794 1253 1855 paraturum
1285 1787 1351 1842 ad
1384 1802 1639 1859 pugnam.
1664 1787 1767 1856 Qui
1793 1803 2021 1860 surgen-
2047 1780 2095 1843 Β
2124 1787 2206 1842 eis
2238 1785 2305 1845 ad
2350 1785 2670 1858 fugiendum
2704 1788 2915 1855 locum,
2948 1797 3007 1845 ut
3035 1785 3102 1843 ad
3133 1792 3468 1856 praeparatas
3497 1782 3727 1843 insidias

426 1885 507 1933 les
539 1888 807 1933 venerunt
850 1879 904 1934 in
938 1878 1161 1935 domum
1190 1879 1309 1948 Dei,
1353 1882 1455 1937 hoc
1481 1895 1585 1953 est,
1615 1882 1669 1938 in
1699 1883 1817 1938 Silo
1844 1901 1857 1939 :
1891 1899 2022 1940 coru-

421 1970 815 2042 sulueruutque
858 1973 1026 2028 Deum
1057 1973 1245 2045 [Vulg.
1290 1974 1633 2047 Dominum],
1670 1984 1837 2047 atque
1870 1976 2023 2033 dixe-

421 2072 550 2118 runt
577 2081 590 2118 :
617 2063 754 2132 Quis
777 2066 885 2120 erit
914 2065 966 2120 in
997 2068 1244 2122 exercitu
1271 2077 1462 2123 nostro
1490 2067 1743 2138 princeps
1768 2070 2024 2131 certami-

420 2156 505 2210 nis
532 2166 721 2212 contra
753 2156 898 2213 ﬁlios
936 2158 1258 2230 Beniamin?
1283 2159 1493 2229 Quibus
1526 2162 1812 2232 respondit
1838 2163 2024 2218 Domi—

421 2248 766 2304 nustJndas
811 2249 884 2305 sit
928 2249 1039 2306 dux
1089 2262 1293 2309 vester.
1342 2252 1652 2325 Statimque
1703 2254 1803 2311 ﬁlii
1852 2256 2021 2312 Israel

422 2349 709 2411 surgentes
740 2358 902 2399 mane
924 2384 940 2411 ,
981 2347 1363 2403 castrametati
1392 2359 1518 2403 sunt
1541 2348 1694 2418 iuxta
1723 2347 1904 2405 Gabaa
1923 2391 1938 2416 ,
1966 2358 2025 2408 et

424 2434 553 2490 inde
586 2435 947 2505 procedentes
979 2439 1046 2493 ad
1089 2453 1318 2511 pugnam
1352 2451 1544 2497 contra
1583 2441 1900 2512 Beniamin,
1934 2456 2025 2509 υτν

422 2528 547 2587 bern
569 2545 891 2602 oppugnare
926 2545 1241 2604 cmperunt.
1263 2534 1591 2606 Egressique
1616 2535 1712 2590 ﬁlii
1742 2535 2024 2606 Beniamin

424 2624 639 2693 Gabaa,
663 2625 987 2682 occiderunt
1011 2628 1079 2685 de
1107 2626 1236 2683 ﬁliis
1259 2627 1430 2684 Israel
1461 2628 1550 2685 die
1584 2630 1677 2685 illo
1702 2628 1890 2700 viginti
1915 2629 2026 2685 duo

431 2716 601 2772 millia
632 2717 893 2773 virorum.
928 2717 1166 2774 Rursum
1198 2718 1293 2774 ﬁlii
1325 2719 1489 2776 Israel
1530 2732 1587 2777 et
1617 2720 1939 2777 fortitudine
1968 2730 2028 2780 et

433 2822 666 2865 numero
697 2808 1066 2878 conﬁdentes,
1121 2811 1175 2866 in
1210 2810 1407 2867 eodem
1452 2811 1605 2878 loco,
1637 2812 1691 2871 in
1721 2826 1830 2882 quo
1877 2814 2027 2884 prius

436 2906 815 2966 certaverant,
847 2900 1022 2961 aciem
1053 2900 1410 2961 direxerunt:
1446 2905 1516 2961 ita
1547 2914 1729 2965 tamen
1771 2915 1831 2967 ut
1876 2908 2029 2976 prius

436 2992 799 3051 escenderent
823 3000 884 3049 et
921 2993 1119 3051 ﬂerent
1148 3008 1330 3055 coram
1364 2996 1599 3057 Domino
1626 3012 1797 3069 usque
1832 2998 1900 3057 ad
1932 3014 2032 3059 nu-

429 3095 573 3145 ctem
603 3105 614 3140 :
641 3087 1100 3157 consulerentque
1121 3102 1271 3154 eum,
1297 3097 1353 3147 et
1377 3088 1624 3151 dicerent
1647 3107 1661 3149 :
1685 3090 1868 3153 Debeo
1890 3092 2030 3157 ultra

2122 1878 2478 1946 devenirent,
2511 1895 2649 1952 quas
2676 1879 2832 1951 iuxta
2867 1880 3056 1937 urbem
3091 1886 3406 1950 posuerant.
3453 1875 3557 1944 Qui
3597 1891 3726 1937 cunt

2125 1980 2350 2042 repente
2401 1971 2473 2029 de
2547 1973 2794 2029 latibulis
2868 1972 3277 2037 surrexissent,
3332 1978 3391 2026 et
3442 1968 3726 2039 Beniamin

2126 2074 2274 2138 terga
2307 2066 2647 2125 caedentibus
2690 2069 2877 2134 daret,
2910 2066 3148 2139 ingressi
3172 2074 3299 2127 sunt
3327 2064 3637 2133 civitatem,
3672 2070 3729 2125 et

2126 2170 2519 2229 percusserunt
2541 2175 2659 2217 eam
2683 2161 2734 2217 in
2763 2176 2859 2223 ore
2879 2159 3071 2232 gladii.
3098 2159 3323 2231 Signum
3346 2165 3527 2223 autem
3550 2155 3724 2219 dede-

2126 2264 2248 2311 rant
2276 2252 2372 2312 ﬁlii
2394 2252 2560 2311 Israel
2591 2255 2699 2321 his,
2723 2267 2860 2324 quos
2888 2254 2941 2311 iu
2969 2251 3188 2311 insidiis
3210 2249 3639 2318 collocaveram,
3673 2258 3730 2311 ut

2126 2356 2416 2419 postquam
2462 2348 2654 2407 urbem
2696 2348 3005 2419 cepissent,
3037 2348 3217 2417 ignem
3248 2344 3636 2412 accenderent,
3670 2352 3730 2401 ut

2124 2440 2456 2498 ascendente
2498 2441 2554 2497 in
2596 2441 2766 2499 altum
2814 2441 2987 2506 fumo,
3017 2449 3233 2510 captam
3274 2437 3467 2503 urbem
3496 2436 3732 2499 dentato

2125 2542 2384 2595 strarenl.
2426 2533 2584 2601 Quod
2637 2549 2760 2593 cum
2816 2541 3109 2597 cernerent
3153 2530 3253 2589 ﬁlii
3286 2529 3452 2587 Israel
3504 2528 3557 2589 in
3600 2526 3732 2598 ipso

2125 2627 2426 2685 certamine
2451 2627 2614 2697 pnsiti
2644 2626 3001 2700 (putaverunt
3026 2624 3174 2683 enim
3196 2622 3294 2687 lilii
3320 2619 3604 2695 Beniamin
3631 2633 3735 2681 eos

2126 2718 2345 2789 fugere,
2418 2729 2474 2777 ct
2535 2719 2831 2776 instantius
2898 2716 3393 2791 persequebantur,
3443 2712 3604 2773 caesis
3662 2711 3733 2771 de

2127 2812 2377 2869 exercitu
2399 2826 2587 2871 eorum
2626 2812 2851 2883 triginta
2876 2810 3052 2882 viris),
3091 2820 3147 2867 st
3176 2809 3423 2869 viderent
3450 2807 3607 2879 quasi
3637 2822 3736 2877 co-

2130 2903 2368 2960 lumnam
2409 2902 2544 2965 fumi
2589 2903 2662 2961 de
2716 2904 2942 2971 civitate
2984 2901 3396 2971 conscendere,
3444 2899 3736 2975 Beniamin

2130 3011 2348 3066 quoque
2374 3002 2523 3059 retro
2548 2995 2840 3066 aspiciens,
2864 3011 2990 3055 eunt
3017 3004 3232 3067 captam
3255 3001 3510 3051 cerneret
3536 2992 3740 3057 civita-

2131 3095 2265 3156 tem,
2294 3100 2350 3147 et
2380 3089 2651 3151 flammam
2675 3088 2731 3147 in
2760 3088 2995 3147 sublime
3019 3086 3150 3151 ferri
3177 3105 3189 3143 :
3221 3086 3310 3160 qui
3332 3086 3488 3160 prius
3505 3084 3739 3147 simula—

428 3181 730 3253 procedere
773 3180 841 3239 ad
888 3180 1261 3239 dimicandum
1310 3194 1503 3247 contra
1553 3184 1697 3243 ﬁlios
1742 3186 2027 3258 Beniamin
2055 3168 2102 3232 (ἶ
2137 3190 2328 3241 verant
2349 3181 2555 3254 fugam,
2587 3196 2742 3239 versa
2776 3181 2938 3249 facie,
2971 3181 3166 3245 fortius
3194 3178 3542 3241 resistebant.
3575 3176 3741 3246 Quod

425 3274 624 3333 fratres
646 3290 819 3346 mens,
844 3292 911 3333 an
942 3293 1048 3333 non
1066 3276 1091 3332 7
1110 3277 1318 3345 Quibus
1351 3278 1441 3339 ille
1468 3281 1792 3347 respondit:
1823 3286 2028 3344 Ascon.

428 3368 542 3426 dite
568 3369 636 3427 ad
669 3384 793 3431 eum
825 3369 1011 3443 [γαίῃ.
1049 3369 1189 3442 eos],
1212 3381 1265 3429 et
1298 3371 1435 3429 inite
1456 3382 1759 3437 certamen.
1785 3373 2032 3446 Cumque

431 3460 525 3516 lilii
553 3460 719 3521 Israel
748 3463 923 3521 altero
953 3463 1043 3520 die
1070 3474 1258 3521 contra
1293 3464 1434 3523 lilios
1468 3465 1756 3536 Beniamin
1787 3466 1855 3523 ad
1888 3482 2031 3539 pm-

432 3554 564 3611 lium
593 3556 1014 3625 processissent,
1050 3571 1343 3628 eruperunt
1378 3559 1470 3616 ﬁlii
1502 3561 1781 3631 Beniamin
1810 3561 1882 3621 de
1912 3578 2034 3633 por-

432 3647 505 3703 tis
524 3647 735 3715 Gabaa,
758 3659 815 3705 et
838 3662 1193 3711 occurrentes
1218 3653 1325 3719 eis,
1351 3662 1500 3710 tanta
1530 3652 1584 3709 in
1609 3669 1707 3713 eos
1729 3655 1881 3715 caede
1912 3655 2038 3715 bae-

433 3739 579 3796 cbati
608 3751 759 3807 sunt,
788 3741 1056 3799 utdecem
1088 3754 1146 3803 et
1174 3753 1299 3801 octo
1327 3744 1499 3807 millia
1529 3746 1772 3805 virorum
1796 3746 2039 3811 educen-

437 3834 570 3891 tium
621 3834 862 3905 gladium
926 3846 1365 3907 prosternerent.
1431 3839 1800 3906 Quamobrem
1844 3856 2039 3905 attines

438 3927 537 3985 filii
562 3927 731 3989 Israel
772 3916 1045 3989 venerunt
1085 3931 1137 3986 in
1167 3933 1387 3991 domum
1412 3932 1543 3999 Dei.
1570 3941 1631 3991 et
1659 3934 1914 3995 sedentes
1940 3934 2040 3997 lle-

440 4017 573 4074 bant
598 4033 782 4081 coram
813 4019 1045 4079 Domino
1072 4039 1084 4076 :
1110 4021 1607 4094 ieiunareruntque
1634 4024 1728 4085 illo
1746 4024 1840 4083 die
1866 4040 2041 4096 usque

438 4110 508 4168 ad
532 4127 838 4183 vesperam,
859 4123 916 4170 et
934 4114 1257 4173 obtulerunt
1277 4115 1329 4173 ei
1356 4116 1695 4185 holocausta,
1717 4126 1774 4173 et
1791 4117 2043 4188 paciﬁcus

443 4206 737 4277 victimas,
783 4216 843 4264 et
880 4222 1048 4278 super
1074 4218 1218 4265 statu
1260 4224 1362 4269 suo
1413 4211 1904 4284 interrogaverunt.
1956 4214 2041 4273 Eo

444 4308 696 4371 tempore
726 4300 801 4358 ibi
835 4312 957 4361 erat
1002 4318 1125 4363 arca
1161 4303 1385 4368 ftederis
1431 4304 1528 4367 Dei
1567 4306 1753 4380 [ναις.
1784 4308 2042 4382 Domini],

443 4403 497 4449 et
523 4393 759 4455 Pbinees
781 4394 928 4452 ﬁlius
953 4395 1198 4459 Eleazari
1230 4396 1328 4454 filii
1358 4401 1535 4459 Aaron
1570 4401 1899 4472 prtepositus
1942 4402 2042 4463 dn-

442 4501 588 4545 mus.
626 4488 1042 4547 Consuluerunt
1095 4491 1258 4562 igitur
1309 4490 1629 4561 Dominum,
1680 4503 1846 4566 atque
1884 4494 2043 4563 dixe-

2133 3289 2256 3333 cum
2281 3274 2546 3345 vidissent
2575 3271 2673 3329 ﬁlii
2699 3273 3002 3344 Beniamin,
3032 3272 3086 3329 in
3120 3272 3299 3344 fugam
3328 3270 3471 3328 versi
3497 3279 3658 3337 sunt,
3684 3278 3741 3331 et

2133 3369 2201 3427 ad
2231 3368 2371 3427 viam
2419 3368 2626 3427 deserti
2675 3368 2756 3425 ire
2797 3374 3122 3437 coeperunt,
3185 3364 3312 3423 illuc
3360 3377 3577 3437 quoque
3636 3375 3742 3429 eos

2134 3462 2465 3523 adversariis
2512 3460 2994 3536 persequentibus.
3038 3458 3149 3519 Sed
3198 3467 3255 3519 et
3307 3458 3363 3515 lii
3410 3458 3500 3533 qui
3539 3456 3742 3521 urbem

2135 3556 2535 3621 succenderant
2568 3565 2929 3621 occurrerunt
2953 3555 3053 3612 eis.
3082 3556 3265 3624 Atque
3293 3555 3363 3617 ita
3394 3553 3595 3615 factum
3626 3560 3740 3623 est,

2137 3662 2196 3713 ut
2217 3667 2285 3711 es
2315 3661 2545 3722 utraque
2565 3658 2719 3722 parte
2738 3651 2808 3707 ab
2831 3646 3086 3709 hostibus
3105 3647 3468 3710 caederentur,
3496 3659 3598 3703 nec
3617 3654 3749 3709 erat

2137 3744 2248 3807 ulla
2306 3744 2658 3803 morientium
2729 3743 2970 3814 requies.
3027 3739 3513 3813 Cecideruutque,
3572 3752 3746 3813 atque

2140 3838 2398 3910 prostrati
2431 3845 2558 3897 sunt
2597 3836 2666 3895 ad
2723 3835 3043 3901 orientalem
3078 3833 3289 3906 plagam
3340 3833 3490 3893 urbis
3522 3832 3743 3899 Gabaa.

2142 3929 2390 3995 Fuerunt
2433 3939 2616 3987 autem
2654 3928 2749 4001 qui
2799 3928 2852 3983 in
2895 3926 3089 3989 eodem
3121 3926 3244 3985 loco
3276 3925 3542 3989 interfecti
3572 3936 3749 3996 sunt,

2140 4025 2336 4089 decem
2380 4033 2437 4087 et
2474 4033 2598 4083 octo
2645 4022 2818 4087 millia
2847 4022 3118 4095 virorum,
3151 4035 3344 4089 omnes
3373 4019 3749 4087 robustissimi

2145 4127 2494 4191 pugnatoriis.
2519 4116 2674 4188 Quod
2709 4132 2832 4179 cum
2859 4115 3122 4175 vidissent
3149 4116 3242 4186 qui
3264 4124 3653 4179 remanserant
3678 4113 3753 4177 de

2144 4211 2451 4284 Beniamin,
2486 4212 2741 4282 fugerunt
2768 4211 2824 4269 in
2854 4208 3207 4267 solitudinem
3232 4227 3244 4264 :
3268 4218 3327 4271 et
3355 4207 3659 4281 pergebant
3680 4206 3750 4277 ad

2146 4314 2382 4378 petram,
2414 4303 2571 4377 cuius
2596 4302 2922 4371 vocabulum
2962 4310 3048 4359 est
3078 4300 3366 4369 Remmon,
3400 4300 3457 4363 In
3486 4301 3577 4367 illa
3604 4317 3756 4373 qup-

2146 4414 2251 4471 qne
2281 4400 2401 4470 fuga
2444 4397 2717 4469 palantes,
2744 4405 2801 4463 at
2837 4397 2892 4454 in
2925 4396 3142 4463 diversa
3174 4397 3487 4465 tendentes,
3515 4397 3752 4463 occide-

2150 4503 2278 4551 runt
2302 4492 2549 4563 quinque
2589 4491 2759 4549 millia
2794 4491 3055 4551 virorum.
3101 4490 3171 4553 Et
3209 4506 3331 4551 eam
3378 4490 3520 4555 ultra
3552 4491 3757 4551 tende-

445 4589 575 4636 runt
602 4598 613 4635 :
646 4580 809 4637 Exire
839 4581 977 4641 ultra
1004 4582 1269 4649 debemus
1307 4583 1373 4645 ad
1414 4600 1647 4657 pugnam
1674 4564 1868 4651 contra
1894 4588 2043 4655 ﬁlios
2073 4564 2120 4627 D
2150 4593 2296 4654 rent,
2329 4583 2599 4654 persecuti
2622 4591 2753 4641 sunt
2778 4598 2874 4643 eos
2894 4626 2913 4653 ,
2943 4593 3000 4645 et
3026 4583 3415 4647 interfecerunt
3442 4586 3610 4651 etiam
3642 4586 3754 4649 alia

447 4672 734 4744 Beniamin
768 4672 964 4732 fratres
1005 4684 1249 4744 nostros,
1281 4692 1350 4733 an
1377 4678 1698 4750 quiescere?
1736 4679 1943 4750 Quibus
1968 4684 2052 4745 ait

450 4764 750 4822 Dominus:
778 4766 1074 4825 Aseendile
1094 4810 1109 4835 ,
1142 4784 1264 4826 cras
1288 4771 1435 4826 enim
1467 4771 1682 4839 tradam
1709 4786 1806 4833 eos
1840 4774 1893 4835 in
1924 4792 2040 4841 ma-

454 4870 556 4911 nus
602 4865 837 4917 vestras.
884 4860 1299 4934 Posueruntque
1349 4862 1445 4921 filii
1488 4865 1651 4925 Israel
1686 4866 1909 4933 insidias
1948 4884 2047 4938 per

451 4949 737 5007 circuitum
763 4952 916 5009 urbis
939 4954 1121 5019 Gabaa
1142 4997 1159 5024 ,
1198 4966 1256 5015 et
1281 4959 1441 5019 tertia
1463 4960 1605 5027 vice,
1629 4962 1771 5027 sicut
1797 4964 1966 5025 semel
1988 4974 2049 5025 et

452 5043 579 5113 bis,
618 5054 805 5102 contra
842 5048 1128 5121 Beniamin
1168 5052 1467 5115 exercitum
1515 5055 1908 5125 produxerunt.
1939 5055 2048 5119 Sed

454 5136 556 5194 ﬁlii
580 5138 859 5209 Beniamin
886 5143 1146 5205 audacter
1188 5157 1485 5219 eruperunt
1514 5148 1581 5204 de
1611 5151 1857 5219 civitate,
1882 5159 1946 5209 et
1971 5150 2052 5211 fu-

446 5231 668 5304 gientes
713 5232 1057 5293 adversarios
1101 5238 1317 5311 longius
1365 5242 1640 5315 persecuti
1676 5252 1837 5313 sunt,
1870 5245 1940 5305 ita
1992 5253 2051 5309 ut

449 5325 812 5385 vulnerarent
850 5344 919 5385 ex
954 5331 1035 5387 eis
1071 5334 1216 5393 sicut
1258 5336 1434 5406 primo
1478 5347 1533 5397 et
1567 5339 1812 5405 secundo
1844 5340 1966 5407 die,
1996 5349 2054 5398 et

456 5418 735 5475 caaderent
775 5436 876 5492 per
904 5420 1041 5479 duas
1065 5427 1290 5484 semitas
1312 5437 1464 5499 terga
1492 5440 1790 5498 vertentes,
1818 5445 2048 5502 quarum

458 5529 565 5573 una
591 5512 870 5575 ferebatur
899 5516 952 5571 in
982 5516 1239 5589 Belli-El,
1270 5530 1329 5579 et
1351 5523 1522 5589 altera
1551 5526 1604 5581 in
1630 5524 1813 5587 Gabaa
1840 5564 1858 5595 ,
1884 5533 2054 5596 atque

460 5619 873 5682 prosternerent
924 5612 1143 5683 triginta
1199 5617 1421 5674 circiter
1465 5619 1616 5676 viros
1659 5636 1672 5673 :
1731 5629 2056 5690 putaverunt

459 5704 609 5762 enim
647 5704 809 5763 solito
835 5719 930 5763 eos
962 5722 1113 5765 more
1132 5708 1347 5769 cedere.
1371 5711 1476 5785 Qui
1506 5710 1689 5785 fugam
1716 5721 1839 5771 arte
1879 5712 2050 5769 simu-

457 5796 654 5869 lantes,
687 5798 858 5859 iniere
880 5800 1191 5874 consilium,
1226 5812 1285 5861 ut
1313 5805 1689 5864 abstraherent
1721 5821 1818 5865 eos
1867 5807 1937 5863 de
1977 5805 2058 5863 ci-

2148 4679 2259 4737 duo
2287 4678 2480 4743 millia.
2514 4678 2582 4733 Et
2605 4678 2689 4736 sic
2710 4676 2914 4739 factum
2951 4688 3065 4746 est,
3096 4687 3161 4735 ut
3189 4693 3383 4745 omnes
3409 4681 3501 4752 qui
3530 4679 3757 4745 cecide-

2152 4782 2275 4831 rant
2301 4772 2370 4827 de
2400 4771 2688 4842 Beniamin
2735 4772 2791 4828 in
2835 4771 3070 4837 diversis
3108 4771 3283 4841 locis,
3320 4782 3512 4833 essent
3554 4773 3759 4844 viginti

2151 4866 2392 4937 quinque
2440 4864 2641 4933 millia,
2683 4874 3013 4937 pugnatoriis
3044 4864 3113 4923 ad
3149 4864 3290 4923 bella
3324 4865 3757 4935 promptissimi.

2153 4959 2562 5017 Bemanserunt
2587 4959 2769 5031 itaque
2788 4958 2858 5023 de
2880 4958 3029 5025 omni
3054 4972 3288 5017 numero
3321 4957 3629 5029 Beniamin,
3661 4957 3762 5028 qui

2155 5053 2389 5109 evadere
2420 5060 2714 5124 potuerunt
2735 5095 2750 5121 ,
2787 5061 2846 5107 et
2876 5049 3064 5123 fugere
3106 5050 3162 5107 iu
3192 5049 3545 5115 solitudinem
3566 5089 3583 5121 ,
3616 5063 3762 5109 sex-

2154 5147 2300 5205 centi
2332 5146 2435 5207 viri
2462 5164 2478 5201 :
2513 5144 2883 5216 sederuntque
2908 5145 2963 5211 in
2996 5152 3147 5217 petra
3171 5144 3440 5209 Bemmon
3468 5142 3769 5205 mensibus

2155 5249 2408 5313 quatuor.
2437 5239 2692 5311 Regressi
2721 5247 2903 5305 autem
2932 5238 3028 5301 ﬁlii
3055 5238 3250 5307 Israel,
3283 5254 3474 5307 omnes
3498 5238 3770 5309 reliquias

2157 5334 2395 5393 civitatis
2422 5350 2448 5386 ει
2483 5332 2614 5390 viris
2645 5345 2817 5403 usque
2838 5330 2912 5387 ad
2935 5334 3205 5403 iumenta,
3236 5330 3419 5403 gladio
3464 5344 3770 5400 percusse-

2160 5437 2322 5496 runt,
2368 5436 2701 5499 cunctasque
2747 5425 2911 5495 urbes
2946 5432 3007 5493 et
3032 5424 3243 5495 vicuios
3274 5422 3554 5496 Beniamin
3586 5438 3770 5481 vui-ax

2154 5521 2373 5589 ﬂamma
2402 5519 2761 5592 consumpsit,

2234 5614 2386 5691 [Cap.
2412 5614 2583 5689 XXI.]
2613 5612 2941 5670 Juraverunt
2965 5624 3180 5684 quoque
3219 5609 3317 5665 ﬁlii
3346 5608 3513 5664 Israel
3556 5608 3610 5663 iu
3644 5607 3775 5664 Ma-

2156 5712 2321 5791 Spha,
2362 5718 2419 5779 et
2446 5711 2706 5777 dixerunt
2732 5727 2744 5771 :
2776 5707 2970 5775 Nullus
2994 5717 3241 5773 nostrum
3267 5704 3419 5762 dabit
3451 5704 3577 5773 ﬂiiis
3606 5703 3777 5775 Ben-

2157 5805 2329 5877 iamin
2370 5803 2437 5862 de
2478 5804 2697 5865 filiabus
2726 5803 2842 5867 suis
2867 5817 3117 5865 uxorem.
3158 5799 3542 5873 Veneremque
3567 5812 3784 5861 omnes
