4144 6364
368 326 470 382 5H

1549 323 2011 382 CAPITULATIO
2047 323 2227 380 LIBRI
2269 322 2477 382 RU'I‘H.

3555 319 3663 376 542

369 439 435 493 ad
466 438 688 495 domum
727 440 828 496 Dei
861 439 912 494 iu
945 440 1081 502 Silo,
1115 451 1170 494 et
1211 439 1263 492 in
1298 447 1591 509 conspectu
1621 439 1737 508 ejus
1771 437 1967 494 seden-
1993 441 2048 500 Α
2072 446 2179 492 tem
2220 454 2333 492 non
2385 447 2739 509 repererunt,
2773 453 2908 508 quas
2946 438 3111 493 simili
3164 436 3327 494 modo
3363 439 3664 492 traderent.

370 543 452 588 tes
479 550 651 605 usque
678 535 744 589 ad
774 549 1082 605 vesperam,
1110 534 1422 589 levaverunt
1449 548 1662 598 vocem,
1685 541 1740 588 et
1770 545 1964 604 magno

365 626 580 682 ululatu
627 637 916 697 coeperunt
958 626 1121 693 flere,
1173 626 1421 681 dicentes
1456 643 1469 680 :
1502 625 1700 692 Quare,
1735 623 1962 678 Domine

366 717 513 775 Deus
537 718 727 788 Israel,
761 720 960 775 factum
985 728 1070 775 est
1098 719 1201 774 hoc
1233 717 1432 774 malum
1463 716 1516 772 in
1543 716 1740 787 popqu
1766 725 1880 783 tuo,
1907 726 1968 773 ut

366 813 530 869 hodie
554 829 660 869 una
694 814 867 870 tribus
896 813 1208 868 auferretur
1237 828 1303 868 ex
1335 811 1528 866 nobis?
1566 811 1746 865 Altera
1785 820 1964 865 autem

368 907 481 972 die,
514 906 756 961 diluculo
782 918 1176 977 consurgentes
1197 950 1210 975 ,
1240 913 1625 960 exstruxerunt
1650 903 1846 970 altare,
1869 902 1968 956 ob-

371 1001 722 1070 tuleruntque
751 1001 819 1053 ibi
850 1000 1162 1054 holocausta
1187 1041 1202 1066 ,
1237 1009 1291 1054 et
1319 999 1572 1068 pacilicas
1603 996 1850 1051 victimas
1871 1036 1886 1062 ,
1913 1003 1969 1051 et

364 1091 636 1148 dixerunt
670 1112 681 1146 :
711 1092 840 1164 Quis
871 1110 975 1148 non
1009 1093 1254 1148 ascendit
1297 1093 1347 1148 in
1379 1091 1620 1148 exercitu
1652 1089 1869 1145 Domini
1901 1089 1967 1146 de

362 1184 640 1240 universis
671 1184 915 1241 tribubus
943 1183 1143 1241 Israel?
1171 1184 1370 1241 Grandi
1402 1185 1546 1240 enim
1571 1199 1629 1240 se
1652 1184 1966 1254 juramento

363 1280 836 1347 constrinxerant,
861 1295 985 1336 cum
1015 1295 1200 1337 essent
1232 1283 1284 1336 in
1325 1279 1540 1352 Maspha
1566 1326 1580 1348 ,
1612 1279 1846 1336 interfici
1873 1294 1968 1336 eos

360 1373 459 1444 qui
503 1371 827 1428 defuissent.
882 1373 1148 1443 Ductique
1208 1373 1531 1444 pmnitcntia
1589 1373 1755 1430 Israel
1804 1388 1968 1444 super

362 1465 541 1521 fratre
565 1481 669 1520 suo
710 1463 894 1538 [ναις.
927 1465 1121 1522 fratres
1145 1465 1294 1539 suos]
1335 1467 1616 1538 Benjamin
1640 1513 1652 1536 ,
1681 1477 1969 1537 cmperunt

361 1558 556 1615 dicere
585 1576 601 1613 :
633 1559 828 1614 Ablata
869 1569 952 1615 est
982 1574 1083 1614 uua
1128 1560 1295 1616 tribus
1329 1561 1397 1616 de
1429 1559 1592 1616 Israel
1622 1603 1636 1625 ,
1666 1562 1808 1616 unde
1837 1576 1970 1616 uxo—

361 1668 456 1708 res
487 1650 804 1723 accipient?
831 1668 1022 1708 omnes
1063 1655 1212 1708 enim
1244 1655 1294 1708 in
1326 1669 1611 1710 commune
1635 1655 1965 1726 juravimus,

365 1760 479 1800 non
503 1745 730 1800 daturos
754 1759 855 1800 nos
883 1743 968 1799 his
995 1744 1134 1801 filias
1163 1757 1399 1802 nostras.
1428 1746 1639 1804 Idcirco
1667 1747 1925 1804 dixerunt
1951 1765 1964 1802 :

2066 529 2475 600 Universusque
2500 529 2665 585 Israel
2695 529 2858 585 valde
2895 529 3105 596 doluit,
3145 536 3201 584 et
3231 530 3340 599 egit
3373 527 3668 598 paenitudi-

2069 637 2190 676 nem
2217 636 2380 692 super
2407 621 2786 677 interfectione
2813 621 2971 676 unius
2997 622 3171 675 tribus
3196 636 3262 676 ex
3291 620 3481 676 Israel.
3510 620 3668 676 Dixe-

2067 724 2299 784 runtque
2333 713 2568 784 majores
2598 723 2722 772 natu
2750 731 2763 768 :
2798 714 2939 782 Quid
2973 715 3239 769 faciemus
3282 714 3541 785 reliquis,
3575 715 3668 784 qui

2067 822 2174 862 non
2207 817 2535 877 acceperunt
2571 811 2803 863 uxores?
2827 824 3018 865 omnes
3050 811 3102 865 in
3133 809 3415 881 Benjamin
3450 809 3668 865 feminae

2067 903 2446 972 conciderunt,
2473 915 2531 957 et
2559 917 2748 973 magna
2782 903 2940 958 nobis
2962 918 3113 969 cura,
3141 904 3458 975 ingentique
3488 903 3670 960 studio

2071 995 2460 1065 providendum
2495 1005 2610 1063 est,
2662 1012 2731 1054 ne
2763 1013 2865 1052 una
2901 997 3074 1054 tribus
3106 997 3354 1056 deleatur
3379 1012 3445 1054 ex
3478 997 3666 1054 Israel.

2068 1087 2234 1144 Filias
2262 1099 2476 1145 nostras
2505 1092 2584 1144 eis
2623 1088 2753 1144 dare
2784 1105 2890 1144 non
2923 1103 3235 1160 possumus,
3267 1091 3551 1148 constricti
3574 1091 3666 1162 ju-

2068 1194 2313 1236 rantento
2353 1191 2407 1238 et
2435 1181 2812 1238 maledictione
2840 1224 2852 1247 ,
2891 1198 2992 1255 qua
3028 1181 3306 1238 diximus:
3347 1182 3670 1240 Maledictus

2075 1276 2165 1344 qui
2204 1273 2416 1330 dederit
2457 1273 2525 1330 de
2555 1273 2768 1329 filiabus
2807 1275 2918 1330 suis
2950 1291 3175 1331 uxorem
3217 1275 3525 1348 Benjamin.
3559 1273 3665 1332 Ce-

2083 1377 2382 1439 peruntque
2426 1366 2746 1433 consilium,
2781 1377 2943 1439 atque
2973 1367 3228 1425 dixerunt
3261 1387 3274 1423 :
3304 1369 3442 1426 Ecce
3471 1368 3670 1428 solem-

2071 1461 2211 1516 nitas
2246 1461 2459 1516 Domini
2497 1472 2583 1518 est
2625 1463 2677 1516 in
2705 1461 2821 1519 Silo
2848 1463 3224 1520 anniversaria
3251 1507 3264 1531 ,
3297 1479 3415 1536 qua:
3456 1466 3558 1522 sita
3587 1473 3672 1522 est

2069 1557 2136 1611 ad
2170 1557 2594 1628 septentrionem
2646 1557 2796 1614 urbis
2838 1557 3104 1626 Beth-El,
3143 1567 3200 1616 et
3240 1558 3309 1614 ad
3343 1560 3669 1616 orientalem

2069 1649 2280 1721 plagam
2311 1651 2436 1716 viae,
2469 1665 2589 1720 qua:
2615 1649 2681 1706 de
2705 1648 2932 1705 Belli-El
2963 1652 3133 1706 tendit
3159 1652 3223 1706 ad
3253 1651 3580 1720 Sichimam,
3615 1661 3672 1710 et

2071 1743 2134 1796 ad
2169 1742 2450 1796 meridiem
2493 1741 2674 1814 Oppidi
2713 1742 2955 1798 Lebona.
3006 1743 3494 1815 Praeceperuntque
3548 1743 3673 1800 liliis

362 1835 501 1906 Quis
526 1844 612 1892 est
644 1835 714 1892 de
743 1835 1018 1894 universis
1044 1838 1291 1893 tribubus
1313 1837 1500 1910 Israel,
1520 1841 1611 1911 qui
1638 1856 1740 1896 non
1773 1857 1964 1896 ascen-
1995 1835 2040 1895 B
2071 1833 2350 1905 Beojamin
2376 1877 2391 1902 ,
2426 1843 2587 1904 atque
2616 1834 2873 1890 dixerunt
2901 1853 2913 1889 :
2945 1835 3051 1898 Ite,
3082 1845 3140 1891 et
3162 1835 3370 1894 latitate
3400 1838 3452 1891 in
3476 1837 3671 1894 vineis.

364 1927 449 1984 dit
473 1929 539 1983 ad
559 1925 850 1983 Dominum
877 1929 928 1983 in
954 1928 1213 2000 MaSpha?
1245 1929 1308 1985 Et
1331 1947 1459 1986 ecce
1483 1935 1688 1988 inventi
1711 1943 1841 1988 sunt
1869 1934 1968 1988 ha-

363 2019 631 2075 bitatores
669 2017 836 2076 Iabes
865 2018 1067 2076 Galaad
1101 2021 1155 2077 in
1191 2023 1284 2078 illo
1331 2026 1574 2079 exercitu
1624 2043 1729 2080 non
1776 2025 1964 2082 fuisse.

363 2112 473 2184 (Eo
504 2127 721 2184 quoque
767 2122 1012 2184 tempore
1059 2129 1182 2170 cum
1214 2127 1398 2173 essent
1429 2117 1481 2172 in
1522 2117 1660 2190 Silo,
1693 2119 1875 2174 nullus
1902 2135 1966 2174 ex

363 2208 450 2262 eis
496 2206 568 2263 ibi
614 2219 865 2278 repertus
905 2210 1037 2281 est.)
1069 2209 1332 2268 Miserum
1375 2213 1554 2286 itaque
1579 2213 1767 2269 decem
1802 2212 1968 2270 millia

360 2300 516 2355 viros
547 2300 984 2366 robustissimos,
1013 2315 1066 2359 et
1095 2319 1472 2376 praeceperunt
1495 2307 1614 2362 eis:
1644 2307 1742 2376 Ite,
1766 2316 1822 2362 et
1849 2322 1972 2378 per-

361 2393 538 2448 cutite
585 2393 918 2452 habitatores
963 2395 1127 2453 Jabes
1175 2397 1381 2455 Galaad
1423 2400 1475 2454 in
1509 2415 1604 2456 ore
1629 2401 1814 2470 gladii,
1862 2411 1968 2456 tam

365 2499 579 2541 uxores
611 2502 771 2556 quam
805 2490 1061 2560 parvulos
1092 2507 1302 2547 eorum.
1337 2493 1401 2548 Et
1427 2493 1528 2548 hoc
1560 2493 1661 2548 erit
1701 2494 1844 2566 quod
1871 2493 1969 2548 ob.

366 2591 602 2634 servare
645 2579 954 2637 debebitis:
986 2600 1146 2640 omne
1170 2589 1385 2656 generis
1413 2587 1727 2655 masculini,
1762 2596 1816 2645 et
1855 2603 1974 2646 mu-

369 2671 538 2729 lieres
565 2689 686 2744 qnte
728 2691 1100 2748 cognoverunt
1135 2682 1302 2747 viros,
1334 2681 1641 2737 interficite.
1672 2691 1695 2718 ⁸
1719 2681 1974 2738 Iuventa:-

366 2780 477 2836 que
519 2780 646 2822 sunt
679 2768 744 2824 de
788 2767 952 2826 Jabes
992 2767 1193 2827 Galaad
1239 2773 1658 2844 quadringentae
1707 2777 1972 2846 virgines,

366 2872 491 2924 quae
540 2861 851 2918 nescierunt
901 2862 1004 2919 viri
1045 2875 1221 2920 torum
1248 2908 1262 2932 ,
1307 2877 1360 2919 et
1404 2867 1747 2923 adduxerunt
1778 2883 1870 2923 eas
1907 2867 1972 2922 ad

367 2961 550 3006 castra
584 2953 636 3008 in
667 2953 814 3016 Silo,
849 2956 902 3011 in
947 2967 1086 3012 terra
1118 2958 1396 3014 Chanaan.
1440 2961 1810 3032 Miserumque
1838 2979 1976 3017 nun-

366 3046 476 3100 tios
508 3047 574 3102 ad
607 3047 748 3104 filios
771 3050 1072 3121 Benjamiu,
1106 3053 1197 3123 qui
1225 3067 1382 3109 erant
1407 3055 1458 3109 in
1485 3068 1636 3124 petra
1664 3054 1972 3125 Remmom,

367 3151 424 3195 et
450 3153 824 3212 praeceperunt
854 3147 963 3214 eis,
1009 3159 1065 3202 ut
1093 3163 1190 3203 eos
1214 3148 1266 3203 in
1303 3165 1433 3218 pace
1456 3150 1818 3218 susciperent.
1869 3150 1974 3206 Ve-

2071 1927 2309 1998 Cumque
2360 1926 2603 1983 videritis
2655 1928 2793 1982 tilias
2818 1928 2932 1985 Silo
2973 1931 3040 1984 ad
3071 1929 3348 1987 ducendos
3376 1930 3575 1986 choros
3600 1946 3667 1990 ex

2073 2036 2222 2074 more
2255 2019 2550 2091 procedere
2571 2062 2585 2090 ,
2620 2022 2763 2076 exite
2793 2032 3015 2091 repente
3044 2021 3111 2077 de
3141 2023 3313 2078 vineis
3334 2068 3349 2091 ,
3400 2035 3456 2080 et
3503 2024 3676 2094 rapite

2075 2113 2257 2186 [ang.
2284 2129 2348 2168 ex
2372 2113 2476 2185 eis],
2496 2129 2618 2182 eas,
2650 2115 2844 2184 singuli
2871 2130 3070 2173 uxores
3093 2115 3361 2190 singulas,
3389 2128 3443 2176 et
3467 2119 3676 2191 pergite

2075 2209 2126 2261 in
2154 2219 2351 2261 terram
2379 2206 2681 2282 Benjamiu.
2706 2205 2950 2279 Cumque
2972 2220 3236 2266 venerunt
3257 2220 3440 2280 patres
3463 2227 3672 2280 earum,

2073 2315 2138 2356 ac
2179 2299 2370 2355 fratres
2394 2344 2408 2370 ,
2439 2311 2494 2356 et
2526 2301 2814 2356 adversum
2849 2317 2944 2358 vos
2991 2304 3148 2374 queri
3174 2306 3479 2374 coeperint,
3514 2316 3677 2376 atque

2069 2395 2303 2467 jurgari,
2337 2395 2577 2451 dicemus
2607 2397 2688 2451 eis
2721 2414 2732 2450 :
2767 2396 3096 2452 Miseremini
3125 2413 3315 2454 eorum
3350 2415 3362 2450 :
3397 2414 3503 2452 non
3531 2397 3676 2460 enim

2074 2501 2377 2561 rapuerunt.
2407 2505 2500 2547 eas
2535 2490 2662 2562 jure
2708 2490 3026 2546 bellantium
3055 2500 3218 2562 atque
3245 2493 3512 2548 victorum
3533 2533 3550 2559 ,
3579 2490 3676 2552 sed

2075 2585 2391 2656 rogantibus
2419 2594 2476 2638 ut
2516 2585 2860 2658 accipereut,
2895 2600 3001 2640 non
3031 2584 3293 2652 dedistis,
3337 2595 3394 2640 et
3420 2601 3450 2640 a
3492 2593 3676 2640 vestra

2078 2692 2230 2751 parte
2259 2690 2542 2750 peccatum
2570 2691 2676 2735 est.
2720 2679 3104 2750 Feceruntque
3127 2679 3248 2734 Filii
3278 2679 3583 2748 Benjamin,
3618 2687 3679 2735 ut

2075 2773 2180 2827 sibi
2207 2771 2381 2826 fuerat
2413 2770 2772 2843 imperatum,
2802 2783 2858 2827 et
2879 2773 3029 2841 juxta
3063 2787 3346 2835 numerum
3379 2787 3558 2837 suum,
3589 2786 3679 2824 ra-

2078 2876 2314 2937 puerunt
2368 2866 2468 2920 sibi
2511 2866 2578 2920 de
2624 2864 2707 2920 his
2738 2881 2862 2936 qua:
2893 2865 3162 2922 ducebant
3194 2866 3392 2922 choros
3417 2907 3431 2932 ,
3477 2878 3677 2918 uxores

2077 2960 2318 3032 singulas
2349 2977 2362 3016 :
2396 2961 2756 3032 abieruntque
2799 2961 2852 3014 in
2884 2961 3292 3031 possessionem
3321 2975 3475 3015 suam
3509 2957 3679 3013 a'dili—

2079 3065 2266 3110 cantes
2292 3054 2480 3120 urbes,
2504 3066 2558 3110 et
2583 3054 2890 3111 habitantes
2918 3055 2971 3110 in
2995 3055 3098 3112 eis.
3125 3053 3249 3110 Filii
3273 3068 3487 3125 quoque
3509 3052 3678 3109 Israel

2081 3151 2284 3204 reversi
2332 3159 2459 3203 sunt
2503 3165 2600 3222 per
2650 3149 2821 3206 tribus
2869 3160 2924 3206 et
2971 3151 3197 3206 familias
3231 3151 3283 3205 in
3325 3149 3675 3208 tabernacula

370 3247 684 3308 neruntque
734 3238 826 3317 lilii
873 3240 1154 3312 Benjamin
1203 3244 1254 3298 in
1307 3243 1400 3298 illo
1430 3256 1708 3314 tempore,
1741 3254 1795 3298 et
1835 3243 1974 3299 data:
2005 3229 2049 3291 C
2083 3259 2198 3299 sua.
2226 3243 2282 3299 In
2311 3244 2502 3299 diebus
2531 3244 2640 3300 illis
2668 3259 2776 3298 non
2805 3253 2925 3300 erat
2952 3259 3046 3298 rex
3080 3244 3132 3298 in
3164 3244 3353 3310 Israel,
3387 3243 3480 3299 sed
3513 3256 3674 3304 unus-

367 3338 497 3385 sunt
525 3331 606 3388 eis
643 3347 838 3388 uxores
881 3333 950 3390 de
983 3333 1197 3392 ﬁliabus
1229 3334 1394 3392 Jabes
1425 3336 1625 3393 Galaad
1661 3355 1674 3390 :
1708 3337 1844 3392 alias
1873 3353 1972 3391 au-

2085 3339 2330 3407 quisque,
2363 3336 2506 3410 quod
2541 3336 2641 3393 sibi
2675 3347 2881 3394 rectum
2906 3336 3213 3402 videbatur,
3249 3337 3350 3397 hoc
3372 3335 3628 3392 faciebat.

1672 3450 1900 3523 Eaplicil
1925 3449 2079 3508 Liber
2106 3449 2376 3509 Iudicum.

445 3589 642 3663 fMEditi
680 3588 781 3646 hoc
812 3590 934 3646 loco
964 3591 1205 3648 retinent
1227 3592 1505 3663 quoddam
1535 3591 1966 3648 additamentum

368 3659 516 3736 LXX
556 3660 939 3736 Interpretum,
960 3663 1023 3736 id
1045 3673 1171 3736 est,
1202 3659 1430 3736 virgines
1467 3674 1661 3736 autem
1683 3673 1957 3722 reservate.

366 3735 502 3801 Quae
533 3733 697 3788 verba
726 3734 926 3790 absunt
955 3735 1007 3790 in
1043 3733 1312 3792 Hebraico
1341 3745 1522 3802 textu.
1548 3736 1603 3792 in
1633 3735 1875 3802 Canoue,
1910 3746 1966 3794 et

366 3805 424 3859 in
456 3804 850 3878 antiquioribus
878 3820 1008 3861 mss.
1040 3806 1267 3864 Latinis.
1303 3807 1481 3864 Mser.

2148 3623 2220 3634 —-
2249 3592 2403 3660 Quod
2434 3592 2870 3664 habentVulgati
2901 3594 3030 3649 lihri
3059 3592 3515 3661 additamentum,
3552 3594 3673 3650 Vir-

2066 3665 2207 3736 gines
2235 3675 2709 3738 autemreservate,
2751 3665 2989 3722 Urbinss
3010 3682 3223 3738 quoque
3245 3681 3278 3722 e
3313 3669 3514 3724 nostris
3542 3681 3673 3723 mss.

2071 3739 2291 3804 retinet,
2324 3748 2377 3793 et
2407 3737 2638 3796 Palatitt.
2672 3739 2912 3796 seconda
2946 3737 3128 3798 manu.

1533 4099 1929 4164 CAPITULA
1961 4099 2179 4166 LIBRI
2211 4102 2433 4172 BUTH
2467 4123 2516 4165 ιι.

364 4247 410 4306 1.
458 4247 624 4306 Facta
647 4251 784 4321 fame
819 4251 874 4305 in
927 4255 1065 4306 terra
1093 4249 1270 4322 Judw,
1311 4250 1586 4307 Elimelctlt
1615 4252 1679 4306 de
1707 4250 1970 4308 Bethlem

445 4343 587 4399 Iuda
614 4344 740 4400 abiit
765 4361 887 4400 cum
916 4361 1078 4402 uxore
1099 4362 1195 4401 sua
1227 4345 1502 4412 Noemi,et
1529 4345 1732 4401 duobus
1762 4347 1886 4416 ﬁliis
1913 4349 1970 4402 in

445 4447 582 4491 terra
613 4436 902 4492 Moabitidc
947 4455 1102 4494 causa
1133 4439 1463 4508 victualium,
1495 4455 1594 4510 quo
1621 4445 1848 4508 mortuo,
1874 4439 1972 4509 filii

443 4532 554 4602 ejus
575 4532 879 4602 accipientes
906 4548 1091 4589 uxores
1119 4543 1167 4588 et
1195 4534 1298 4603 ipsi
1323 4533 1515 4588 mortui
1543 4542 1684 4587 sunt.

368 4621 436 4681 II.
469 4623 659 4680 Noemi
687 4633 1024 4681 revertentem
1049 4626 1120 4680 ad
1153 4627 1397 4697 patriam,
1430 4625 1570 4682 Ruth
1625 4643 1790 4681 nurus
1822 4627 1971 4682 dess-

443 4735 556 4775 rere
586 4718 778 4786 noluit,
810 4737 926 4792 quae
947 4721 1246 4788 perveniens
1271 4722 1324 4775 in
1356 4719 1619 4778 Bethleem
1649 4720 1814 4790 Juda,
1847 4737 1968 4793 per-

445 4811 576 4870 rexit
623 4812 673 4866 in
705 4827 889 4885 agrum
931 4811 1079 4868 Βοοι
1104 4812 1177 4868 ad
1207 4813 1525 4885 colligendas
1554 4814 1747 4886 spicas.

369 4904 464 4962 III.
490 4903 634 4962 Boos
664 4903 752 4960 dat
777 4908 1048 4961 licentiam
1098 4906 1261 4972 Ruth,
1289 4916 1345 4961 ut
1365 4906 1429 4962 de
1449 4924 1577 4979 agro
1611 4908 1726 4977 ejus
1755 4905 1975 4981 colligat

443 4999 639 5071 spicas,
687 5009 734 5054 et
761 5002 890 5054 liora
927 5001 1169 5056 vescendi
1223 5018 1341 5056 cum
1371 5001 1680 5057 messoribus
1709 5001 1971 5072 comedat,

442 5109 538 5160 pro
566 5109 627 5148 eo
657 5093 799 5166 quod
828 5093 1088 5160 audierat.
1119 5111 1234 5152 eam
1256 5094 1380 5151 bene
1407 5096 1570 5167 egisse
1606 5098 1744 5152 circa
1765 5112 1972 5152 socrum

447 5205 618 5244 suam.

367 5281 464 5337 IV.
499 5279 794 5353 Inquirenti
819 5281 1008 5338 ΝοεΜί
1022 5282 1221 5337 indicat
1250 5281 1411 5351 Ruth,
1431 5280 1587 5352 quale
1610 5283 1662 5337 in
1684 5299 1811 5356 agro
1831 5282 1977 5337 Boos

447 5375 629 5447 fecerit
656 5393 809 5446 Opus.

369 5469 442 5525 ν.
468 5468 793 5525 Commonita
819 5469 958 5525 Ruth
978 5488 1012 5526 α
1031 5488 1185 5528 socru
1212 5489 1329 5540 sua,
1354 5475 1600 5546 jungitur
1621 5472 1813 5544 puellis
1831 5471 1982 5535 Boos

445 5564 637 5620 iterum
663 5563 732 5616 ad
759 5564 1108 5635 operantium.

438 5686 475 5742 ἰ
497 5704 692 5761 Isthaec
707 5705 947 5774 capitula
1000 5706 1108 5762 huc
1137 5720 1238 5761 nos
1265 5705 1648 5761 transtulimus
1672 5721 1742 5762 ex
1795 5704 1967 5772 Palat.

374 5789 481 5851 ms.
525 5786 690 5851 atque
739 5776 980 5851 editione
1005 5778 1225 5848 Joseplii
1258 5777 1442 5833 Mariae
1469 5777 1964 5851 Casi__preshyteri,

374 5847 471 5920 qui
516 5863 548 5905 e
593 5848 766 5906 tribus
843 5849 970 5908 aliis
1022 5847 1153 5908 mss.
1221 5851 1455 5924 excepit.
1513 5847 1667 5908 Nulla
1721 5847 1966 5911 Martiali.

2001 4680 2056 4741 D

2078 4253 2170 4310 VI.
2208 4253 2426 4309 Reversa
2483 4252 2627 4308 Ruth
2683 4253 2854 4308 denuo
2913 4254 2981 4307 ad
3035 4270 3246 4308 socrum
3292 4269 3683 4322 suam,mone—

2150 4358 2234 4403 tur
2259 4349 2322 4402 ab
2356 4364 2418 4403 ea
2446 4347 2881 4420 quemadmodum
2908 4347 3088 4402 debeat
3139 4345 3282 4401 Boos
3308 4347 3553 4417 confugio
3597 4361 3682 4400 so-

2165 4459 2315 4496 ειαη.

2079 4533 2193 4590 VII.
2231 4533 2372 4588 Ruth
2395 4535 2675 4600 instructa,
2695 4531 2966 4589 collocavit
2991 4549 3044 4588 se
3064 4542 3212 4588 nocte
3241 4531 3310 4586 ad
3339 4533 3492 4605 pedes
3516 4529 3680 4599 Boos,

2149 4629 2239 4699 qui
2267 4629 2330 4682 ab
2360 4631 2472 4700 ejus
2493 4627 2632 4683 coitu
2658 4627 2929 4682 abstinuit.

2087 4722 2220 4776 VIII.
2257 4720 2396 4776 Booz
2413 4723 2755 4794 prasentibus
2783 4723 2955 4777 decent
2979 4723 3102 4776 viris
3131 4721 3184 4776 in
3209 4731 3362 4796 porta
3389 4718 3679 4789 Bethleem,

2153 4817 2418 4871 consuluit
2444 4816 2866 4889 propinquiorem
2888 4832 2942 4870 se
2969 4815 3033 4869 de
3059 4815 3276 4886 nuptiis.

2082 4911 2175 4968 IX.
2205 4911 2372 4969 Solvit
2405 4913 2728 4983 propinquus
2756 4911 3039 4966 secundum
3061 4926 3255 4964 morem
3281 4909 3682 4964 calciamentum

2152 5023 2327 5073 suum,
2370 5016 2417 5061 et
2445 5006 2584 5061 dedit
2624 5004 2790 5071 Booz,
2825 5006 3076 5076 cessitque
3095 5008 3221 5079 jure
3247 5003 3680 5075 propinquitatis,

2151 5109 2200 5154 et
2225 5099 2368 5155 Boos
2395 5099 2536 5156 Ruth
2563 5101 2761 5169 accepit
2784 5116 3016 5164 uxorem,
3034 5109 3286 5171 natusque
3307 5099 3387 5154 illi
3420 5107 3492 5153 est
3513 5097 3681 5168 ﬁlius,

2155 5212 2308 5266 quem
2337 5194 2529 5250 Noems'
2553 5211 2735 5250 socrus
2764 5194 3094 5248 nutriendum
3117 5195 3363 5267 suscepit.

2087 5288 2153 5348 Χ.
2191 5290 2445 5344 Vocatum
2467 5296 2540 5343 est
2567 5303 2755 5342 nomen
2777 5287 2876 5356 ﬁlii
2900 5287 3066 5354 ()bed,
3084 5287 3169 5341 hic
3187 5297 3264 5342 est
3287 5297 3432 5360 pater
3458 5285 3569 5341 Isai
3589 5301 3683 5358 pa-

2154 5384 2249 5440 tris
2286 5382 2478 5450 David,
2502 5380 2693 5438 deinde
2712 5389 3000 5452 sequuntur
3031 5381 3389 5455 generationes
3427 5397 3459 5435 α
3482 5377 3682 5434 Phares

2159 5491 2317 5547 usque
2338 5475 2406 5530 ad
2438 5473 2630 5530 David.

2076 5713 2410 5798 praeposuit,
2457 5713 2603 5788 quod
2657 5713 2712 5771 in
2767 5711 2887 5780 suis
2919 5709 3324 5783 exemplaribus
3376 5721 3483 5763 non
3529 5707 3679 5764 inve-

2077 5794 2248 5842 uisset
2261 5827 2274 5840 .
