3956 6338
455 256 565 313 543

1459 265 1516 322 S.
1563 264 1947 323 lllERONYMl
1989 265 2220 324 DIVINA
2261 267 2756 328 BIBLIOTHECA.‘

468 376 3716 415 _——__-_—————_—-———-——————-'——————u——__

1837 534 1869 574 a
1919 501 2354 589 INCIPIT

1475 655 2076 804 LIBER
2172 662 2579 808 ΒΗΤ
2589 667 2791 806 Η.

537 1000 674 1088 [‘C.l,
697 999 830 1067 Cap.
854 998 921 1072 1.]
952 1000 1009 1057 1η
1034 999 1231 1059 diebus
1278 1002 1442 1059 unius
1477 1001 1704 1074 judicis,
1730 1004 1948 1074 quando
1968 1003 2056 1074 ju-
2081 1019 2136 1080 Α
2159 1003 2296 1059 vade
2345 1018 2470 1060 cum
2498 971 2585 1060 ea.
2613 1004 2747 1074 Quae
2797 1004 3087 1076 respondit
3125 1021 3137 1058 :
3170 1003 3250 1061 Νε
3289 1003 3600 1061 adverseris
3627 1007 3743 1066 mihi

465 1093 612 1149 dices
660 1104 964 1161 praeerant,
998 1095 1136 1150 facta
1177 1106 1263 1151 est
1289 1095 1461 1151 fames
1489 1095 1545 1152 in
1578 1108 1743 1153 terra.
1800 1097 2060 1169 Abiitque

463 1190 626 1244 homo
657 1188 728 1244 de
754 1187 1086 1246 Beth-Leem
1134 1189 1296 1257 Juda,
1329 1201 1388 1246 ut
1417 1193 1857 1264 peregrinaretur
1885 1192 1939 1248 in
1968 1208 2058 1248 re-

461 1282 622 1352 gione
652 1281 967 1349 Moabitide,
995 1298 1119 1339 cum
1156 1299 1327 1340 uxore
1377 1299 1471 1340 sua
1502 1300 1569 1341 ac
1600 1286 1810 1341 duobus
1849 1286 2059 1342 liberis.

462 1375 534 1430 Et
581 1376 699 1444 ipse
730 1377 1028 1432 vocabatur
1056 1377 1384 1449 Elimeleclt,
1435 1389 1489 1435 et
1520 1395 1657 1434 uxor
1703 1379 1820 1451 ejus
1847 1379 2059 1449 Noemi,

464 1481 516 1527 et
566 1471 674 1527 duo
700 1471 816 1543 filii,
862 1473 1003 1528 alter
1024 1472 1257 1539 Maalon,
1307 1483 1363 1531 et
1405 1475 1546 1530 alter
1572 1472 1817 1541 Chilion,
1853 1474 2063 1545 prra-

465 1563 592 1620 ιιιιεί
641 1565 711 1620 de
759 1566 1094 1624 Beth-Leem
1165 1567 1331 1624 Juda.
1388 1567 1734 1640 lngressique
1781 1569 2060 1639 regionem

466 1657 855 1726 Moabitidem,
905 1660 1260 1716 morabantur
1292 1661 1389 1717 ibi.
1443 1659 1515 1716 Et
1557 1672 1803 1717 mortuus
1832 1670 1912 1717 est
1953 1659 2065 1717 Eli-

470 1750 682 1807 melech
716 1753 946 1808 maritus
969 1751 998 1792 ι)
1047 1753 1240 1809 Νοεῐηὶ
1271 1753 1348 1828 [h.
1402 1753 1645 1826 Nahmij,
1685 1754 2063 1825 remansitque

467 1843 582 1914 ipsa
613 1860 739 1901 cum
793 1846 941 1903 filiis.
974 1845 1078 1916 Qui
1109 1857 1448 1919 acceperunt
1490 1864 1688 1905 uxores
1715 1848 2064 1921 Moabitidas,

467 1954 702 2011 quarum
733 1955 838 1996 una
870 1941 1170 1997 vocabatur
1199 1941 1381 2012 Orpha
1413 1941 1492 2015 [h.
1531 1940 1756 2014 Harpa],
1789 1950 1846 1997 et
1893 1941 2065 1996 altera

468 2031 635 2087 Ruth.
674 2033 1105 2105 Manseruntque
1141 2035 1213 2092 ibi
1236 2035 1425 2092 decem
1450 2037 1632 2104 annis,
1655 2045 1710 2090 et
1732 2035 1892 2092 ambo
1923 2051 2069 2092 mor-

470 2125 548 2180 tui
572 2135 726 2194 sunt,
774 2125 988 2181 Maalon
1014 2126 1276 2183 videlicet
1298 2138 1358 2184 et
1393 2127 1608 2184 Chilion
1648 2147 1660 2183 :
1695 2129 2070 2200 remansitque

468 2221 666 2276 mulier
692 2221 885 2278 orbata
907 2222 1121 2278 duobus
1151 2223 1338 2280 liberis
1363 2238 1428 2280 ac
1481 2224 1702 2280 marito.
1733 2222 1803 2278 Et
1828 2223 2072 2279 surrexit

469 2325 526 2369 ut
558 2314 611 2369 in
674 2315 902 2385 patriam
939 2325 1215 2388 pergeret,
1257 2331 1380 2372 cum
1413 2326 1643 2390 utraque
1673 2333 1812 2373 nuru
1844 2332 1967 2384 sua,
2001 2317 2071 2374 de

2164 1107 2226 1154 ut
2253 1098 2555 1172 relinquam
2603 1110 2656 1156 te
2693 1111 2749 1157 et
2777 1101 2970 1157 abeam
2999 1119 3012 1156 :
3042 1114 3391 1172 quocumque
3433 1103 3744 1170 perrexeris,

2165 1210 2385 1266 pergam
2421 1212 2432 1249 :
2467 1194 2556 1249 ubi
2582 1204 2791 1250 morata
2819 1194 3012 1262 fueris,
3031 1203 3084 1250 et
3115 1209 3218 1264 ego
3243 1193 3452 1263 pariter
3481 1194 3744 1250 morabor.

2167 1287 2407 1359 Pepulus
2426 1296 2556 1344 tuus
2579 1289 2808 1359 populus
2831 1303 3006 1351 meus,
3023 1298 3079 1343 et
3099 1288 3243 1343 Deus
3273 1296 3401 1341 tuus
3425 1286 3565 1341 Deus
3588 1301 3745 1342 meus.

2168 1380 2300 1448 Qua:
2333 1389 2385 1436 te
2419 1383 2748 1437 morientem
2780 1389 2923 1436 terra
2957 1378 3290 1452 susceperit,
3322 1380 3374 1434 in
3417 1392 3482 1434 ea
3513 1379 3706 1434 moriar
3733 1397 3745 1434 :

2169 1475 2354 1546 ibique
2376 1475 2560 1531 locum
2591 1474 2857 1546 accipiam
2909 1474 3231 1544 sepulturae.
3255 1473 3385 1528 Haec
3435 1471 3572 1528 mihi
3603 1470 3750 1528 faciat

2169 1567 2455 1636 Dominus,
2481 1578 2536 1625 et
2585 1568 2702 1623 lucc
2753 1568 2937 1632 addat,
2965 1568 3010 1623 si
3054 1582 3160 1623 non
3197 1565 3313 1621 sola
3347 1579 3498 1620 mors
3525 1579 3607 1620 me
3627 1573 3677 1619 et
3705 1571 3750 1620 te

2169 1660 2745 1731 separaveritNideus
2766 1676 2898 1731 ergo
2929 1660 3122 1716 Noemi
3151 1659 3296 1731 quod
3323 1657 3601 1715 obstinato
3620 1655 3751 1712 Ruth

2167 1752 2350 1807 animo
2391 1751 2730 1808 decrevisset
2761 1766 2947 1808 secum
2975 1765 3234 1822 pergere,
3259 1748 3547 1805 adversari
3571 1749 3750 1816 noluit,

2168 1863 2270 1904 nec
2296 1848 2362 1902 ad
2385 1862 2514 1903 suos
2542 1849 2684 1904 ultra
2719 1845 2959 1902 reditum
2994 1844 3330 1916 persuadere
3357 1862 3369 1896 :
3399 1841 3751 1914 profer-tneque

2169 1949 2298 1996 sunt
2339 1939 2524 2008 simul,
2555 1949 2614 1995 et
2640 1946 2913 1995 venerunt
2957 1938 3012 1994 in
3045 1937 3399 1994 Beth-Leem.
3431 1936 3644 2003 Quibus
3673 1950 3754 1990 ur-

2169 2035 2292 2091 hem
2317 2035 2604 2106 ingressis,
2624 2035 2782 2090 velox
2814 2034 2959 2105 apud
2987 2041 3213 2089 cunctos
3245 2033 3387 2087 fama
3417 2029 3754 2102 percrebuit:

2170 2129 2537 2199 dicebantque
2589 2128 2849 2184 mulieres
2882 2143 2899 2184 :
2926 2127 3058 2183 Haec
3085 2135 3170 2183 est
3197 2125 3287 2181 illa
3317 2125 3538 2181 Noemi.
3564 2123 3755 2193 Quibus

2172 2225 2248 2279 ait
2274 2224 2382 2280 :Ne
2409 2226 2618 2281 vocetis
2645 2241 2732 2282 me
2760 2225 2953 2282 Noemi
2980 2225 3058 2298 (id
3083 2236 3189 2290 est,
3209 2220 3650 2295 pulchram),sed
3671 2235 3758 2277 vo-

2174 2327 2292 2374 cate
2333 2333 2423 2374 me
2451 2319 2591 2375 Mara
2617 2319 2744 2392 (hoc
2770 2329 2876 2385 est,
2909 2317 3209 2391 amaram),
3241 2317 3368 2389 quia
3401 2314 3758 2371 amaritudine

469 2407 690 2478 regione
721 2407 1016 2466 Moabitide
1045 2426 1057 2462 :
1091 2409 1341 2467 audierat
1371 2411 1516 2468 enim
1563 2411 1708 2482 quod
1739 2412 2073 2483 respexisset
2100 2423 2148 2484 Β
2177 2427 2264 2468 me
2295 2411 2453 2467 valde
2507 2412 2741 2484 replevit
2767 2411 3152 2482 Omnipotens.
3178 2411 3412 2482 Egressa
3435 2423 3563 2464 sum
3588 2408 3756 2478 plena,

475 2498 741 2555 Dominus
805 2501 1063 2572 populum
1113 2517 1270 2559 suum
1310 2544 1326 2570 ,
1368 2513 1423 2559 et
1471 2503 1714 2560 dedisset
1757 2505 1839 2560 eis
1891 2519 2065 2561 escas.

471 2597 706 2667 Egressa
738 2597 1025 2671 estitaque
1058 2599 1273 2658 deloco
1305 2601 1768 2674 peregrinationis
1795 2617 2070 2672 suae,cum

474 2701 705 2763 utraque
728 2709 888 2764 nuru,
909 2704 966 2750 et
984 2695 1096 2765 jam
1125 2698 1180 2751 in
1206 2697 1290 2751 via
1322 2697 1506 2768 posita
1537 2696 1851 2753 revertendi
1884 2697 1938 2752 in
1963 2707 2072 2753 ter-

470 2801 584 2842 ram
607 2785 770 2855 Juda,
804 2787 940 2844 dixit
970 2788 1038 2844 ad
1066 2804 1160 2845 eas
1212 2808 1223 2842 :
1255 2789 1334 2846 Ite
1387 2791 1440 2844 in
1478 2789 1700 2845 domum
1729 2791 1920 2846 matris
1968 2805 2070 2847 ve-

468 2889 619 2945 strae,
653 2879 822 2937 faciat
848 2881 1115 2938 Dominus
1151 2882 1437 2938 vobiscum
1472 2883 1935 2949 misericordiam,
1965 2885 2070 2940 sic-

470 2982 530 3028 ut
557 2972 760 3029 fecistis
785 2989 911 3029 cum
951 2975 1184 3030 mortuis
1217 2984 1273 3032 et
1304 2990 1541 3031 mecum.
1579 2976 1678 3032 Det
1705 2975 1859 3032 vobis
1910 2975 2067 3033 inve-

468 3066 589 3121 nire
639 3067 887 3138 requiem
935 3069 989 3122 in
1021 3067 1272 3124 domibus
1303 3069 1570 3136 virorum,
1604 3084 1740 3141 quos
1787 3073 2068 3126 sortitum:

468 3163 622 3216 estis.
655 3159 837 3236 [6.11.]
883 3161 951 3217 Et
982 3162 1232 3219 osculata
1262 3173 1350 3220 est
1378 3178 1494 3220 eas.
1527 3163 1660 3234 Qua:
1691 3165 1902 3221 elevata
1935 3180 2069 3222 voce

469 3252 600 3310 flere
618 3265 926 3326 coeperunt,
951 3264 1010 3312 et
1058 3255 1243 3313 dicere
1277 3274 1289 3308 :
1319 3256 1520 3313 Tecum
1551 3272 1844 3330 pergemus
1871 3258 1936 3313 ad
1973 3273 2070 3328 po-

471 3351 658 3421 pulum
710 3360 883 3406 tuum.
933 3351 1142 3420 Quibus
1187 3352 1286 3408 illa
1316 3353 1598 3423 respondit
1631 3369 1643 3406 :
1678 3353 2064 3420 Revertimini,

469 3445 595 3500 lilize
624 3445 694 3500 mi
721 3444 907 3518 [ναις.
935 3445 1115 3517 mem],
1135 3461 1234 3502 cur
1261 3448 1464 3504 venitis
1492 3447 1739 3503 mecum?
1771 3463 1898 3502 num
1925 3447 2066 3503 ultra

468 3535 644 3592 habeo
677 3536 822 3592 filios
853 3537 906 3592 in
938 3545 1094 3594 utero
1137 3554 1282 3607 meo,
1323 3548 1386 3594 ut
1432 3539 1581 3595 viros
1629 3555 1697 3596 ex
1730 3556 1817 3596 me
1846 3555 2068 3611 sperare

469 3631 692 3701 possitis
720 3630 1146 3699 ‘IRevertimini,
1187 3633 1314 3688 filim
1347 3633 1445 3703 mi,
1480 3641 1538 3689 et
1565 3633 1712 3689 abite
1738 3651 1751 3688 :
1778 3634 1890 3704 jam
1919 3634 2065 3689 enim

470 3731 756 3780 senectute
783 3724 1029 3781 confecta
1061 3739 1206 3792 sum,
1224 3739 1322 3781 nec
1345 3735 1469 3796 apta
1501 3725 1722 3781 vinculo
1750 3725 2022 3797 coniugali
2049 3743 2063 3781 :

2175 2517 2232 2564 et
2249 2522 2476 2562 vacuam
2509 2507 2723 2564 reduxit
2747 2522 2833 2562 me
2857 2507 3147 2562 Dominus.
3175 2502 3285 2560 Cur
3304 2518 3435 2575 ergo
3463 2501 3665 2558 vocatis
3680 2513 3760 2556 me

2171 2602 2389 2670 Noemi,
2418 2619 2580 2675 quam
2610 2603 2876 2659 Dominus
2909 2602 3240 2667 ltumiliavit,
3272 2610 3328 2657 et
3373 2598 3574 2654 afﬂixit
3601 2595 3762 2652 omni-

2173 2698 2414 2769 potens?
2448 2698 2610 2754 Venit
2657 2696 2826 2768 igitur
2872 2697 3064 2753 Noemi
3111 2711 3233 2753 cum
3284 2693 3434 2750 Ruth
3488 2688 3760 2748 Moabitide

2171 2807 2312 2848 nuru
2337 2807 2459 2857 sua,
2489 2791 2558 2846 de
2593 2799 2738 2848 terra
2771 2789 3230 2863 peregrinationis
3275 2803 3431 2845 suae:
3464 2802 3532 2844 ac
3553 2797 3759 2843 reversa

2173 2895 2256 2941 est
2308 2885 2362 2940 in
2393 2884 2750 2950 Beth-Leem,
2799 2882 3022 2956 quando
3052 2882 3292 2955 primum
3351 2879 3560 2937 hordea
3604 2885 3762 2934 mete-

2173 2979 2393 3035 bantur.

2246 3073 2399 3146 [ϐαρ.
2422 3071 2511 3146 11.]
2544 3075 2674 3129 Erat
2722 3081 2903 3129 autem
2945 3071 3049 3128 viri
3099 3068 3410 3127 Elimelech
3438 3064 3761 3137 consangui-

2172 3180 2308 3220 neus
2341 3205 2356 3232 ,
2393 3165 2556 3220 homo
2588 3173 2811 3235 potens,
2843 3173 2898 3220 et
2944 3177 3268 3235 magnarum
3312 3176 3506 3233 opum,
3553 3158 3762 3215 nomine

2173 3257 2338 3313 Booz.
2391 3257 2537 3313 Dixit
2571 3257 2718 3312 Ruht
2749 3256 2935 3330 [γαίᾳ.
2970 3266 3072 3311 (ac.
3105 3255 3273 3326 Rnbt]
3303 3254 3556 3310 Moabitis
3592 3251 3655 3306 ad
3681 3265 3761 3304 so-

2171 3367 2323 3408 crum
2349 3366 2542 3407 suam:
2578 3351 2634 3408 Si
2655 3351 2835 3421 iubes,
2862 3350 3056 3407 vadam
3096 3351 3150 3405 in
3202 3363 3392 3420 agrum
3437 3357 3498 3403 et
3525 3344 3762 3414 colligam

2171 3449 2376 3518 spicas,
2433 3461 2554 3518 qua:
2606 3447 2933 3502 metentium
2984 3444 3224 3516 fugerint
3277 3458 3498 3510 manus,
3531 3440 3764 3496 ubicumo

2171 3558 2280 3614 que
2301 3542 2586 3599 clementis
2632 3541 2689 3597 in
2737 3557 2826 3598 me
2862 3541 3036 3613 patris
3076 3539 3310 3595 familias
3355 3550 3618 3608 reperere
3648 3545 3764 3602 gra-

2173 3637 2326 3692 tiam.
2357 3634 2456 3691 Cui
2487 3635 2576 3690 illa
2607 3632 2894 3705 respondit
2925 3650 2938 3687 :
2973 3632 3149 3698 Vade,
3185 3631 3296 3686 filia
3351 3629 3424 3685 mi
3452 3647 3468 3682 :
3500 3627 3644 3683 Abiit
3671 3624 3766 3678 ita—

2171 3745 2276 3800 que
2305 3739 2363 3785 et
2388 3728 2678 3799 colligebat
2715 3727 2898 3797 spicas
2927 3732 3049 3796 post
3101 3733 3253 3794 terga
3285 3721 3634 3778 metentium.
3670 3717 3767 3771 Ac-

466 3815 632 3871 etiam
665 3815 712 3871 si
743 3830 966 3887 possem
999 3816 1100 3873 hac
1147 3827 1309 3874 nocte
1335 3818 1652 3888 concipere,
1697 3828 1750 3874 et
1777 3833 1976 3889 parere
2002 3818 2063 3873 fi-
2093 3822 2139 3887 C
2170 3821 2306 3879 cidit
2347 3831 2533 3877 autem
2565 3829 2625 3876 ut
2679 3835 2813 3892 ager
2867 3819 2956 3876 ille
3006 3817 3238 3874 haberet
3296 3815 3580 3871 dominum
3631 3812 3768 3867 Booz

469 3907 592 3975 lios,
626 3909 671 3965 si
717 3923 816 3965 eos
843 3919 1168 3980 exspectare
1216 3909 1428 3978 velitis,
1481 3910 1660 3968 donec
1707 3922 1980 3978 crescant,
2010 3921 2066 3969 et

466 4017 640 4059 annos
689 4003 957 4076 impleant
979 4005 1302 4074 pubertatis,
1332 4016 1459 4062 ante
1481 4005 1637 4062 eritis
1666 4008 1866 4063 vetula:
1903 4023 2063 4079 quam

469 4101 704 4157 nubatis.
736 4101 945 4167 Nolite,
971 4117 1178 4173 quaeso,
1213 4102 1340 4158 filiae
1366 4103 1437 4157 mi
1472 4121 1482 4156 ε
1510 4103 1635 4174 quia
1673 4111 1858 4160 vestra
1889 4119 2063 4176 angu-

467 4195 571 4251 stia
597 4210 685 4251 me
713 4195 887 4268 magis
907 4197 1125 4267 premit,
1166 4206 1220 4252 et
1252 4210 1474 4268 egressa
1503 4205 1586 4254 est
1613 4211 1808 4254 manus
1850 4197 2066 4254 Domini

464 4298 660 4345 contra
693 4305 798 4346 me.
827 4288 1056 4346 Elevata
1107 4289 1270 4362 igitur
1293 4305 1445 4355 voce,
1478 4305 1697 4346 rursum
1726 4290 1861 4348 ﬂere
1883 4305 2065 4360 crepe-

467 4392 594 4439 runt
624 4399 640 4440 :
669 4381 850 4454 Orpha
873 4383 1116 4438 osculata
1148 4393 1233 4439 est
1256 4397 1496 4453 socrum,
1524 4398 1588 4439 ac
1614 4398 1839 4440 reversa
1872 4402 1885 4438 :
1916 4383 2060 4438 Ruth

465 4475 700 4532 adhaesit
743 4479 926 4533 socrui
960 4492 1093 4534 suae.
1136 4475 1232 4536 Cui
1259 4479 1401 4535 dixit
1450 4477 1639 4535 Noemi
1676 4477 1797 4533 :En
1837 4491 2061 4534 reversa

464 4583 550 4630 est
574 4581 806 4645 cognata
837 4584 926 4630 tua
958 4573 1023 4629 ad
1047 4574 1309 4646 p0pulum
1337 4577 1518 4638 suum,
1550 4580 1606 4629 et
1629 4570 1698 4628 ad
1727 4570 1862 4627 deos
1891 4585 2056 4626 suos:

537 4741 563 4770 ⁸
595 4736 758 4793 Liber
787 4736 934 4792 Ruth
959 4736 1105 4792 nulla
1130 4736 1290 4792 habet
1319 4735 1374 4791 in
1404 4735 1582 4791 fronte
1602 4733 1878 4804 adscripta
1908 4733 2057 4802 capi-

464 4809 606 4872 tula;
641 4809 839 4863 nullam
874 4810 925 4863 in
957 4824 1113 4864 sacro
1151 4818 1410 4864 contextu
1442 4807 1794 4871 divisionem,
1829 4805 1912 4859 vel
1956 4821 2056 4859 nu-

463 4881 695 4935 mericas
736 4891 890 4936 notas
920 4880 1194 4950 appositas
1225 4880 1291 4934 ad
1334 4877 1634 4950 marginem
1661 4895 1674 4932 :
1709 4876 1806 4932 sed
1837 4890 1944 4932 uno
1967 4884 2054 4950 te-

466 4964 598 5007 nore
621 4959 766 5006 totus
809 4947 1116 5022 descriptus
1161 4950 1437 5006 invenitur
1464 4947 1525 5005 iu
1569 4949 1814 5022 Canone,
1849 4957 1903 5002 et
1929 4947 2052 5002 aliis

466 5036 597 5078 mss.
645 5019 1040 5091 antiquioribus
1070 5038 1133 5077 ac
1190 5022 1432 5077 melioris
1492 5031 1653 5091 nouae.
1683 5019 1749 5091 rld
1791 5034 1942 5085 vero,
1998 5029 2055 5074 ut

464 5105 738 5166 putamus,
771 5090 896 5163 quia
927 5095 1070 5162 apud
1107 5095 1363 5149 ilcbrzeos
1392 5094 1530 5166 liber
1565 5090 1712 5166 Ruth
1757 5091 2052 5166 est__veluti

2170 3913 2354 3987 [Vulg.
2385 3913 2511 3969 add.
2559 3912 2822 3983 nomine],
2868 3911 2960 3982 qui
3001 3920 3122 3967 erat
3161 3909 3230 3965 de
3269 3908 3609 3979 cognatione
3654 3902 3763 3958 Eli-

2171 4006 2408 4062 melech.
2431 4006 2498 4060 Et
2525 4020 2657 4061 ecce
2682 4005 2800 4076 ipse
2832 4003 3093 4060 veniebat
3117 4002 3186 4058 de
3206 4000 3576 4069 Beth-Leem,
3604 3995 3766 4052 dixit-

2167 4113 2274 4169 que
2304 4098 2679 4153 messoribus:
2713 4096 2976 4153 Dominus
2997 4091 3403 4164 vobiscum.[C.
3427 4088 3660 4162 lll.]Qui
3684 4101 3766 4142 re-

2168 4195 2509 4265 Sponderunt
2555 4195 2606 4251 ei
2649 4194 2988 4250 :Benedicat
3031 4193 3130 4248 tibi
3178 4191 3466 4246 Dominus.
3524 4187 3770 4255 Dixitque

2167 4288 2313 4343 Booz
2337 4288 2549 4358 juveni,
2575 4288 2664 4358 qui
2690 4287 3028 4344 messoribus
3055 4294 3288 4357 prreerat
3319 4281 3528 4353 :Cujus
3555 4286 3639 4336 est
3659 4276 3767 4331 hmc

2169 4380 2350 4451 puella
2378 4381 2402 4435 ?
2427 4380 2524 4436 Cui
2558 4379 2846 4452 respondit
2877 4397 2892 4434 :
2941 4379 3069 4435 Haec
3105 4387 3192 4435 est
3224 4375 3508 4442 Moabitis,
3540 4387 3660 4445 qua:
3684 4383 3772 4424 ve-

2170 4475 2251 4531 nit
2271 4490 2399 4531 cum
2428 4475 2641 4541 Noemi,
2668 4476 2737 4532 de
2784 4476 3010 4546 regione
3036 4472 3352 4539 Moabitide,
3379 4480 3436 4528 et
3477 4465 3690 4541 rogavit
3715 4470 3770 4518 ut

2171 4571 2352 4644 spicas
2367 4569 2656 4642 colligeret
2681 4578 3052 4636 remanentes,
3083 4581 3324 4639 sequens
3343 4577 3657 4622 messorum
3685 4572 3772 4614 ve—

2166 4733 2433 4790 Hebraica
2485 4734 2700 4790 nomina
2759 4732 2951 4789 istbrec
3001 4730 3238 4787 habeant
3292 4730 3536 4785 litteram
3569 4736 3609 4791 ν
3651 4723 3767 4785 Ain.

2165 4821 2327 4876 quam
2358 4807 2415 4880 S_.
2449 4807 2818 4880 Hieronymus
2857 4805 2978 4880 ideo
3029 4804 3275 4880 vocalem
3330 4801 3599 4880 appellat,
3633 4791 3771 4880 quod

2163 4873 2262 4946 per
2291 4878 2486 4931 nudam
2515 4879 2628 4947 ipse
2650 4873 2894 4932 vocalem
2921 4875 3024 4932 hoc
3054 4875 3390 4947 elementum
3413 4873 3767 4947 exprimeret.

2163 4936 2299 5020 bar:
2332 4936 2546 5013 Νοεηιίξ
2570 4956 2728 5020 Πῦῗπιτ
2753 4947 2951 5020 ονρίια-
2997 4946 3075 5020 Ei
3100 4947 3152 5000 ίη
3190 4945 3328 5020 Ψ)Υο
3359 4936 3776 5020 [ιοιηῖηυπη.¹¹Ξ’

2163 5007 2473 5076 braicorum
2517 5007 2971 5086 deﬁGomor'rha,
3026 5018 3151 5071 ait:
3188 5014 3471 5071 Sciendum
3523 5008 3666 5082 quod
3707 5007 3771 5059 (ἶ.

2165 5091 2339 5145 littera
2367 5092 2421 5144 in
2454 5090 2715 5145 Hebraico
2746 5107 2847 5144 non
2885 5089 3139 5154 habetur;
3169 5087 3260 5142 sed
3288 5086 3539 5140 scribitur
3573 5097 3664 5153 per
3686 5093 3777 5154 3:0-

463 5151 740 5237 appendix
780 5151 898 5220 l'ibri
947 5151 1238 5222 Iudicum:
1275 5181 1400 5220 nam
1432 5165 1485 5220 in
1532 5163 1784 5218 eumdem
1830 5161 2052 5237 librum,
2085 5151 2134 5216 D
2162 5163 2330 5216 celem
2359 5177 2468 5218 AIN.
2498 5162 2772 5237 Praeterea
2808 5177 2876 5237 ex
2910 5151 3246 5237 Hieronymo
3291 5151 3774 5237 509619szwa

465 5233 604 5293 ιεειε
646 5237 1002 5308 Hieronymo,
1049 5249 1337 5307 utrumque
1379 5237 1631 5308 volumen
1676 5233 2053 5308 compingunt.

465 5309 706 5387 gottsule
732 5304 1054 5387 principium
1085 5304 1786 5387 Scriptnrarumgaleatum
1808 5304 2056 5387 ejusdem

468 5379 805 5450 Hieronymi,
836 5395 934 5434 suo
968 5381 1086 5433 loco
1118 5396 1260 5436 nunc
1306 5397 1336 5435 a
1384 5379 1541 5434 nobis
1587 5379 1886 5447 repositum
1930 5385 2058 5432 ante

468 5457 635 5515 libros
662 5454 932 5513 Samuelis
963 5463 1019 5510 et
1047 5454 1354 5510 Malacltim.
1379 5451 1558 5508 Man'r.

539 5531 566 5571 δ
593 5529 930 5588 Scltoliastes
958 5537 1145 5583 noster
1177 5525 1264 5580 hic
1300 5525 1548 5580 diversus
1593 5522 1725 5580 abiit
1760 5521 1829 5576 ab
1860 5520 2055 5578 Hiero.

468 5619 632 5677 nymo
673 5603 726 5659 in
766 5595 1548 5677 lectione__nomimtm_1Yoemi
1577 5593 2052 5677 et‘Orphaianam

465 5664 612 5748 quod
659 5681 846 5748 monet
870 5688 968 5748 pro
1001 5670 1191 5748 Νοςῃιί
1221 5670 1273 5723 iu
1308 5669 1535 5748 Hebraeo
1585 5664 1797 5748 haberi.
1821 5664 2052 5748 Ναιιηιὶξ

462 5737 518 5803 ἐι
562 5763 660 5816 pro
713 5737 894 5816 Orpha
944 5743 1046 5813 legi
1094 5740 1320 5816 ﬂarpa,
1364 5739 1419 5794 id
1470 5740 1538 5816 ab
1585 5753 1686 5816 usu
1737 5737 2047 5816 H_icr_onymi

461 5808 686 5890 prorsus
738 5808 1036 5874 abhorrere
1081 5808 1457 5886 dignoscitur:
1487 5808 1622 5866 Cum
1671 5810 1726 5864 in
1759 5808 2040 5880 Scriptura

2165 5242 2277 5288 tum
2311 5242 2490 5288 exstat
2516 5234 2566 5287 in
2597 5233 3039 5288 annotationibus
3066 5226 3270 5286 nostris
3299 5230 3406 5284 col.
3430 5226 3528 5292 88,
3561 5234 3768 5278 sermo-

2165 5319 2286 5379 nem
2339 5305 2627 5379 Hebraeum
2655 5347 2670 5368 .
2725 5305 2785 5359 P.
2821 5304 3059 5379 litteram
3103 5317 3210 5379 non
3245 5312 3600 5379 agnoscere:
3634 5292 3771 5379 male

2166 5375 2326 5446 igitur
2351 5362 2692 5436 scholiastes,
2719 5383 2812 5430 aut
2841 5375 3151 5446 exscriptor
3171 5362 3428 5438 Cononis,
3451 5367 3591 5439 legit
3626 5362 3769 5419 Har-

2163 5445 2253 5520 pe,
2287 5463 2386 5525 pro
2420 5447 2599 5525 ΟιῬΙιᾳ
2628 5447 2743 5502 sive
2770 5449 2970 5525 Arplga.
3006 5445 3187 5525 MART.
3286 5513 3301 5525 _
3651 5506 3700 5525 η

2235 5512 2531 5573 έιῖειιειιίι·
2557 5520 2774 5574 demum
2799 5512 2856 5574 et
2867 5518 3232 5577 Martianazus.
3251 5513 3321 5568 ab
3344 5512 3664 5581 Hieronymi
3689 5512 3774 5560 in-

2161 5591 2417 5665 genioac
2445 5593 2718 5665 sententia
2737 5589 3106 5665 Scholiastem
3142 5589 3228 5665 h_i_c
3249 5579 3772 5665 longiusab'lodere2

2160 5651 2482 5790 iﬁipllll‘l'qhmi
2513 5677 2611 5733 pro
2643 5660 2855 5731 Noemi,
2904 5669 2960 5719 et
2989 5675 3116 5716 mox
3156 5651 3477 5729 Harpa'legi
3520 5651 3657 5709 velit
3685 5659 3781 5719 pro

2214 5735 2370 5804 rpha.
