4144 6364
302 291 412 352 855

1713 285 1919 344 LIBER
1960 284 2171 349 RUT".
2198 282 2204 289 ’

3494 295 3600 353 546

304 404 486 474 Stigia,
515 413 571 460 et
601 403 670 461 de
696 416 857 461 mane
886 418 1061 475 usque
1093 416 1236 459 nunc
1266 409 1375 460 stat
1401 402 1455 459 in
1481 417 1633 476 agro,
1666 412 1810 461 etne
1835 404 1901 459 ad
1929 404 1981 465 A
2009 414 2304 473 pctumque
2344 401 2564 458 ﬁnierit.
2595 400 2821 470 Quando
2869 412 3047 460 autem
3082 404 3207 461 ierit
3235 405 3301 461 ad
3331 406 3605 464 dormien-

303 508 643 554 momentum
722 498 941 570 quidem
989 498 1208 553 domum
1263 512 1482 554 reversa
1545 504 1651 552 est.
1707 496 1775 552 Et
1827 498 1904 552 ait

304 592 450 649 Booz
501 594 569 650 ad
630 594 776 650 Ruth
828 612 840 649 :
896 593 1078 663 Audi,
1118 593 1233 649 ﬁlia
1265 634 1281 661 ,
1342 608 1410 648 ne
1467 591 1635 648 vadas
1675 591 1742 647 ad
1790 592 1904 647 col-

304 688 581 759 ligendum
633 692 686 745 in
738 690 977 748 alterum
1033 707 1244 762 agrum,
1274 705 1375 747 nec
1429 688 1658 747 recedas
1703 688 1773 744 ab
1800 689 1904 745 hoc

303 781 424 840 loco
460 802 472 836 :
527 783 626 839 sed
671 784 903 855 jungere
944 784 1143 855 puellis
1184 784 1323 840 meis
1348 826 1364 851 ,
1422 792 1478 839 et
1510 782 1599 839 ubi
1657 796 1905 839 messue-

302 876 468 945 rint,
518 891 770 948 sequere.
831 876 1086 933 Mandavi
1131 877 1277 933 enim
1336 876 1525 948 pueris
1574 875 1714 932 meis
1756 917 1771 943 ,
1847 884 1905 931 ut

304 986 469 1027 nemo
502 971 598 1026 tibi
634 971 898 1028 molestus
940 972 1043 1026 sit:
1086 971 1180 1027 sed
1222 971 1384 1026 etiam
1428 971 1474 1026 si
1517 970 1739 1035 sitieris,
1769 969 1905 1025 vade

304 1065 371 1120 ad
399 1064 726 1130 sarcinulas,
769 1075 825 1122 et
865 1065 997 1122 bibe
1024 1080 1212 1136 aquas,
1244 1065 1313 1121 de
1340 1065 1537 1136 quibus
1565 1075 1621 1121 et
1649 1066 1799 1136 pueri
1825 1064 1907 1120 bi-

302 1159 462 1215 bunt.
494 1162 627 1228 Qua:
653 1161 860 1216 cadens
888 1162 945 1215 in
975 1158 1170 1217 faciem
1199 1176 1354 1216 suam
1395 1169 1452 1217 et
1480 1161 1717 1216 adorans
1742 1175 1905 1231 super

306 1260 534 1319 terram,
562 1251 694 1307 dixit
725 1252 792 1308 ad
823 1267 945 1308 eum
970 1271 981 1307 :
1014 1253 1168 1310 Unde
1198 1253 1331 1309 mihi
1358 1252 1482 1319 hoc,
1509 1264 1569 1309 ut
1598 1252 1901 1310 invenirem

303 1344 496 1419 {Vulg.
528 1344 850 1416 invenerim]
877 1346 1105 1416 gratiam
1124 1356 1249 1401 ante
1276 1347 1465 1402 oculos
1493 1354 1637 1415 tuos,
1668 1356 1723 1403 et
1746 1360 1905 1402 nosse

302 1452 399 1495 me
428 1438 737 1509 dignareris
772 1440 1112 1509 peregrinam
1146 1440 1481 1496 mulierem?
1528 1439 1627 1495 Cui
1676 1439 1768 1495 ille
1813 1453 1901 1494 re-

300 1533 524 1603 spondit
548 1531 832 1587 :Nuutiata
850 1541 979 1587 sunt
1001 1532 1134 1587 mihi
1157 1535 1359 1600 omnia,
1378 1547 1499 1605 qua:
1514 1532 1706 1588 feceris
1725 1530 1904 1587 socrui

304 1633 416 1681 tuae
446 1634 571 1696 post
597 1632 826 1681 mortem
859 1624 963 1680 viri
1011 1629 1107 1695 lui,
1141 1634 1195 1681 et
1234 1625 1380 1697 quod
1421 1625 1777 1696 dereliqueris
1808 1638 1904 1694 pa-

302 1728 492 1776 rentes
522 1729 667 1789 tuos,
699 1728 754 1775 et
783 1728 986 1775 terram
1020 1720 1073 1775 in
1118 1735 1223 1791 qua
1251 1731 1375 1777 nata
1416 1736 1496 1786 es,
1523 1730 1577 1775 et
1602 1720 1817 1776 veneris
1839 1720 1905 1774 ad

2005 498 2152 562 dum,
2188 507 2313 553 nota
2345 497 2521 554 locum
2553 498 2605 553 in
2652 513 2757 569 quo
2788 498 3019 554 dormiat
3050 516 3064 565 ;
3096 500 3389 573 veniesquc
3417 511 3469 556 et
3495 501 3605 556 dis-

2004 592 2290 661 cooperies
2332 593 2579 662 pallium,
2622 608 2731 664 quo
2763 592 3013 663 oneritur
3037 607 3066 650 a
3100 605 3254 665 parte
3281 595 3504 665 pedum.
3545 604 3602 650 et

2006 682 2263 753 projicies
2286 693 2358 753 te,
2383 690 2441 738 et
2461 683 2535 737 ibi
2554 682 2800 753 jacebis:
2830 685 3149 754 ipse-autem
3180 685 3326 742 dicet
3351 687 3443 741 tibi
3474 683 3603 757 quid

2004 790 2168 848 agere
2196 776 2417 833 debeas.
2447 777 2580 846 Quae
2603 778 2923 850 respondit:
2947 778 3221 851 Quidquid
3247 780 3597 852 praeceperis,

2004 868 2222 924 faciam.
2259 870 2650 942 Descenditque
2681 870 2734 927 in
2764 888 2971 940 aream,
3015 880 3071 929 et
3112 874 3243 930 fecit
3272 878 3450 930 omnia
3480 890 3600 945 qure

2006 962 2107 1020 sibi
2156 963 2517 1034 imperaverat
2562 978 2773 1020 socrus.
2818 965 2900 1038 [C.
2951 965 3090 1038 γη]
3126 965 3372 1039 Cumque
3421 982 3603 1023 come-

2007 1055 2179 1112 disset
2207 1057 2369 1126 Booz,
2417 1066 2472 1114 et
2498 1058 2725 1114 bibisset
2747 1100 2763 1127 ,
2791 1069 2845 1115 et
2873 1060 3047 1116 factus
3076 1071 3221 1118 esset
3248 1061 3498 1129 hilarior,
3530 1062 3601 1119 is-

2006 1158 2199 1221 setque
2224 1150 2290 1206 ad
2311 1150 2693 1208 dormiendum
2711 1151 2866 1222 juxta
2896 1168 3148 1210 acervum
3178 1156 3601 1226 manipulorum,

2008 1244 2159 1299 venit
2185 1244 2524 1313 abscondite,
2555 1256 2609 1301 et
2639 1246 2987 1318 discooperto
3028 1264 3058 1302 a
3090 1248 3316 1319 pedibus
3345 1248 3465 1320 ejus
3492 1249 3607 1319 pal-

2008 1336 2105 1404 lio,
2138 1353 2197 1394 se
2239 1338 2493 1409 projecit.
2536 1340 2606 1394 Et
2645 1355 2794 1408 ecce,
2833 1348 2991 1397 nocte
3018 1339 3130 1412 jam
3161 1342 3361 1409 media,
3390 1342 3607 1412 expavit

2010 1427 2197 1497 homo,
2228 1441 2283 1487 et
2310 1432 2671 1489 conturbatus
2695 1443 2781 1491 est
2805 1448 2819 1490 :
2846 1434 3084 1507 viditque
3110 1436 3396 1492 mulierem
3421 1436 3607 1507 jacen-

2011 1528 2118 1577 tem
2148 1521 2214 1576 ad
2244 1522 2409 1593 pedes
2441 1539 2592 1593 suos,
2625 1534 2682 1581 et
2708 1527 2784 1580 ait
2813 1526 2889 1582 illi
2923 1543 2942 1585 :
2968 1526 3098 1595 Quae
3129 1527 3237 1584 es?
3286 1524 3488 1599 lllaque
3519 1545 3608 1586 re-

2010 1615 2259 1685 spondit:
2294 1616 2408 1687 Ego
2435 1632 2552 1672 sum
2571 1619 2720 1675 Ruth
2748 1621 2943 1677 ancilla
2970 1630 3058 1677 tua
3078 1623 3355 1695 :expande
3382 1623 3605 1693 pallium

2011 1718 2161 1765 tuum
2206 1725 2371 1782 super
2412 1712 2664 1768 famulam
2699 1723 2867 1783 tuam,
2898 1716 3021 1787 quia
3051 1717 3388 1788 propinquus
3417 1734 3495 1774 es.
3540 1718 3610 1773 Et

302 1812 592 1883 populum,
624 1828 783 1883 quem
814 1821 975 1868 antea
1023 1813 1332 1869 nesciebas.
1365 1812 1576 1869 Reddat
1602 1813 1698 1868 tibi
1730 1811 1909 1868 Domi-
1939 1808 1987 1869 B
2014 1801 2126 1868 ille.
2149 1801 2465 1871 Benedic”.
2492 1804 2691 1876 inquit.
2715 1820 2774 1861 es
2801 1821 2830 1861 ³
2864 1806 3095 1864 Domino
3123 1807 3258 1878 “"3,
3286 1819 3341 1865 θῑ
3370 1809 3607 1879 Priorem

303 1919 415 1960 nus
461 1921 555 1975 pro
594 1920 761 1976 opere
792 1914 908 1971 tuo,
953 1914 1008 1961 ct
1031 1905 1247 1976 plenam
1276 1905 1586 1961 mercedem
1618 1905 1850 1977 recipias
1881 1922 1910 1960 a

307 1995 546 2052 Domino
589 1998 699 2052 Deo
744 1997 933 2066 Israel,
977 1997 1045 2053 ad
1082 2013 1244 2069 quem
1292 1999 1511 2066 venisti,
1553 2007 1608 2054 et
1633 1999 1735 2054 sub
1758 1999 1912 2070 cujus

306 2087 607 2160 confugisti
638 2089 773 2143 alas.
799 2089 931 2156 Qua:
952 2088 1059 2145 ait:
1092 2090 1281 2145 lnveni
1304 2092 1530 2160 gratiam
1551 2090 1694 2159 apud
1723 2092 1913 2147 oculos

306 2188 459 2248 tuos,
504 2179 726 2236 domine
754 2180 851 2249 mi,
879 2184 970 2253 qui
997 2183 1311 2238 consolatus
1357 2199 1418 2239 es
1460 2199 1570 2250 me,
1603 2194 1658 2240 et
1700 2185 1913 2240 locutus

306 2290 372 2331 cs
410 2275 475 2329 ad
507 2291 608 2337 cor
633 2275 846 2331 ancillae
895 2285 1021 2342 tum,
1053 2292 1174 2348 quae
1224 2291 1332 2332 non
1373 2292 1490 2332 sum
1523 2277 1720 2333 similis
1751 2276 1915 2333 unius

307 2369 619 2439 puellarum
665 2378 898 2424 tuarum.
934 2368 1192 2439 Dixitque
1219 2370 1287 2425 ad
1324 2385 1443 2425 eam
1475 2369 1654 2426 Booz:
1688 2370 1915 2437 Quando

308 2461 450 2517 hora
499 2462 755 2518 vescendi
800 2461 986 2530 fuerit,
1018 2464 1147 2518 veni
1180 2463 1306 2529 huc,
1342 2471 1399 2518 et
1439 2463 1663 2518 comede
1693 2477 1911 2534 panem,

307 2565 369 2611 ct
402 2554 610 2626 intinge
642 2555 908 2611 bucellam
959 2564 1103 2610 tuam
1150 2555 1204 2610 in
1235 2564 1415 2610 aceto.
1450 2554 1599 2612 Sedit
1641 2558 1821 2625 itaque
1849 2555 1915 2609 ad

307 2665 625 2705 messorum
655 2649 820 2720 latus,
854 2658 908 2706 et
950 2650 1224 2721 congessit
1251 2650 1527 2721 polentam
1569 2651 1694 2720 sibi,
1736 2666 1919 2708 come-

307 2742 507 2814 ditque
534 2752 588 2797 ct
630 2752 873 2797 saturata
903 2750 1010 2809 est,
1040 2750 1097 2798 et
1128 2743 1250 2798 tulit
1278 2741 1558 2814 reliquias.
1590 2744 1767 2815 Atque
1793 2742 1918 2797 inde

311 2837 565 2893 surrexit
596 2844 655 2890 ut
691 2834 873 2906 spicas
894 2851 960 2891 ex
992 2851 1146 2892 more
1177 2835 1479 2908 colligeret.
1525 2836 1796 2908 Praecepit
1824 2852 1920 2891 au-

310 2938 429 2985 tem
482 2929 621 2984 Booz
654 2929 837 2999 pueris
872 2928 1019 2997 suis,
1075 2928 1321 2997 dicens:
1371 2928 1595 2984 Etiamsi
1640 2929 1918 2985 vobiscum

309 3032 529 3081 metere
562 3021 822 3089 voluerit,
867 3038 937 3079 ne
980 3022 1315 3094 prohibeatis
1343 3038 1484 3089 eam,
1518 3032 1572 3079 et
1610 3023 1678 3079 de
1721 3024 1919 3079 vestris

312 3130 542 3188 qucque
568 3115 858 3186 manipulis
873 3115 1130 3186 projicite
1156 3116 1223 3173 de
1249 3116 1535 3184 industria,
1560 3126 1612 3172 et
1633 3132 1920 3173 remanere

2016 1895 2446 1951 misericordiam
2480 1899 2786 1969 posteriore
2812 1901 3084 1970 superasti
3109 1918 3123 1956 :
3154 1900 3278 1973 quia
3310 1916 3415 1957 non
3439 1917 3498 1958 es
3524 1917 3611 1958 se-

2014 2000 2137 2045 cula
2162 1990 2416 2061 juvenes,
2449 2007 2711 2064 pauperes
2745 1995 2864 2051 sive
2908 1994 3126 2052 divites.
3167 1995 3285 2052 Noli
3328 2012 3457 2069 ergo
3498 2013 3613 2054 me-

2014 2089 2189 2149 tuere,
2224 2082 2320 2140 sed
2348 2085 2608 2157 quidquid
2649 2086 2779 2143 mihi
2827 2087 3061 2159 dixeris,
3102 2088 3298 2146 faciam
3336 2090 3458 2146 tibi.
3499 2091 3613 2148 Scit

2014 2179 2160 2234 enim
2190 2180 2368 2235 omnis
2399 2182 2654 2251 populus,
2701 2183 2793 2254 qui
2825 2184 3030 2241 habitat
3073 2186 3211 2241 intra
3248 2196 3433 2256 portas
3462 2186 3612 2243 urbis

2015 2288 2173 2340 mete,
2208 2275 2490 2331 mulierem
2525 2287 2576 2332 te
2600 2291 2721 2332 esse
2742 2277 2983 2334 virtutis.
3013 2278 3125 2336 Nec
3150 2280 3332 2336 abnuo
3363 2297 3451 2337 me
3481 2296 3610 2352 pro-

2018 2368 2302 2439 pinquum,
2334 2371 2430 2425 sed
2454 2379 2537 2425 est
2561 2372 2701 2428 alius
2729 2388 2816 2429 me
2836 2374 3211 2445 propinquior.
3246 2376 3479 2444 Quiesce
3510 2375 3614 2432 hac

2019 2472 2199 2530 nocte,
2235 2474 2289 2519 et
2331 2462 2475 2520 faeto
2517 2481 2695 2531 mane,
2739 2468 2784 2522 si
2826 2477 2877 2523 te
2915 2468 3150 2524 voluerit
3192 2470 3616 2541 propinquitatis

2015 2554 2137 2626 jure
2159 2557 2421 2625 retinere,
2452 2558 2593 2613 bene
2634 2574 2720 2615 res
2751 2569 2869 2616 acta
2901 2571 2985 2618 est
3011 2579 3027 2620 :
3051 2562 3133 2619 sin
3164 2575 3345 2619 autem
3376 2565 3467 2621 ille
3511 2582 3614 2621 no-

2018 2647 2200 2714 luerit,
2226 2665 2329 2721 ego
2354 2658 2404 2705 te
2422 2650 2629 2722 absque
2651 2653 2762 2708 ulla
2784 2654 3129 2713 dubitatione
3152 2656 3618 2728 suscipiam,vivit

2020 2742 2305 2800 Dominus.
2355 2745 2540 2799 Dormi
2569 2761 2740 2817 usque
2782 2763 2960 2804 mane.
3008 2750 3278 2811 Dormivit
3325 2750 3505 2820 itaque
3548 2750 3618 2807 ad

2021 2838 2191 2908 pedes
2220 2837 2358 2909 ejus,
2392 2853 2565 2910 usque
2588 2840 2656 2896 ad
2686 2842 2861 2898 noctis
2888 2842 3223 2900 abscessum.
3256 2843 3620 2915 Surrexitque

2022 2938 2317 3001 antequam
2350 2932 2602 2989 homines
2627 2948 2686 2989 se
2716 2944 3118 3005 cognoscerent
3146 2946 3357 3005 mutuo,
3402 2946 3457 2991 et
3484 2935 3626 2993 dixit

2022 3022 2209 3079 Booz:
2252 3024 2398 3080 Cave
2439 3041 2508 3081 ne
2553 3025 2672 3096 quis
2716 3027 2934 3083 noverit
2959 3028 3103 3098 quod
3152 3029 3259 3085 huc
3289 3030 3521 3088 veneris.
3555 3029 3625 3086 Et

2024 3132 2264 3184 rursum,
2299 3119 2569 3190 expande,
2598 3120 2791 3191 inquit,
2820 3122 3040 3192 pallium
3072 3133 3221 3179 tuum
3242 3140 3349 3195 quo
3367 3125 3621 3195 operiris,

313 3209 642 3281 permittite,
672 3219 727 3265 ut
760 3210 965 3280 absque
985 3210 1188 3267 rubore
1219 3209 1462 3281 colligat,
1493 3217 1548 3266 et
1572 3210 1921 3280 colligentem
1949 3200 1996 3266 C
2026 3219 2081 3266 et
2110 3220 2234 3268 tene
2262 3220 2491 3283 utraque
2520 3229 2707 3268 manu.
2751 3214 2864 3283 Qua
2894 3215 3224 3271 extendente
3245 3259 3260 3285 ,
3297 3224 3352 3273 et
3382 3226 3623 3288 tenente,

311 3316 487 3359 nemo
516 3302 797 3372 corripiat.
827 3300 1062 3372 Collegit
1096 3317 1225 3373 ergo
1253 3302 1306 3357 in
1334 3317 1465 3373 agro
1496 3317 1668 3373 usque
1695 3302 1760 3357 ad
1795 3317 1921 3358 vcs-

313 3411 536 3468 peram,
566 3404 620 3451 et
655 3410 779 3467 qua:
801 3395 1096 3467 collegerat
1124 3396 1274 3467 virga
1297 3395 1510 3451 caedens
1536 3404 1592 3451 et
1618 3395 1918 3461 excutiens,

311 3492 532 3548 invenit
572 3490 764 3547 hordei
798 3491 955 3561 quasi
987 3490 1113 3563 ephi
1154 3490 1234 3564 μ).
1269 3488 1443 3561 Epha]
1489 3505 1826 3559 mensuram,
1870 3489 1924 3546 id

314 3594 412 3642 est
452 3597 566 3642 tres
605 3584 839 3641 modios.
870 3586 1018 3653 Quos
1063 3595 1289 3656 portans
1318 3599 1539 3641 reversa
1581 3594 1665 3641 est
1710 3586 1761 3639 in
1792 3585 1925 3641 civi-

317 3690 519 3751 tatem,
563 3692 617 3736 et
652 3681 889 3738 ostendit
928 3682 1110 3738 socrui
1146 3698 1262 3738 sua:
1294 3700 1305 3735 :
1342 3683 1567 3754 insuper
1604 3683 1833 3755 protulit
1870 3693 1925 3740 et

313 3774 476 3830 dedit
516 3774 567 3830 ei
597 3773 666 3831 de
709 3774 952 3847 reliquiis
981 3774 1091 3830 cibi
1129 3776 1235 3843 sui,
1281 3791 1391 3847 quo
1431 3786 1674 3832 saturata
1722 3775 1922 3833 fuerat.

316 3867 411 3943 [(1.
446 3868 558 3941 IV.]
600 3869 856 3940 Dixitque
897 3870 948 3925 ei
985 3884 1179 3927 socrus
1216 3885 1312 3926 sua
1348 3887 1359 3923 :
1405 3870 1506 3927 Ubi
1551 3870 1716 3927 hodie
1755 3872 1925 3928 colle-

313 3962 476 4034 gisti,
497 3972 550 4018 ct
578 3962 668 4018 ubi
687 3963 859 4019 fecisti
891 3964 1069 4034 opus?
1090 3962 1175 4020 Sit
1198 3963 1520 4020 benedictus
1547 3965 1636 4035 qui
1671 3965 1926 4022 misertus

314 4064 410 4110 est
442 4056 537 4109 tui.
582 4053 952 4127 indicavitque
993 4056 1042 4111 ei
1073 4056 1217 4127 apud
1249 4071 1411 4127 quem
1459 4056 1647 4112 fuisset
1676 4066 1921 4127 operata,

314 4160 385 4207 et.
433 4167 631 4208 nomen
666 4152 805 4209 dixit
836 4154 973 4220 viri,
1008 4155 1153 4225 quod
1184 4155 1329 4212 Booz
1368 4167 1674 4213 vocaretur.
1708 4156 1805 4213 Cul
1837 4174 1925 4212 re-

313 4246 547 4318 Spondit
580 4246 770 4303 Noemi
802 4266 816 4303 :
850 4248 1178 4304 Benedictus
1210 4250 1331 4304 sita
1359 4250 1587 4307 Domino
1618 4267 1631 4305 :
1665 4251 1923 4320 quoniam

316 4341 577 4398 eamdem
610 4342 843 4413 gratiam
870 4358 1030 4414 quam
1064 4344 1371 4414 praebuerat
1400 4345 1556 4413 vivis,
1604 4345 1844 4402 servavit
1871 4354 1926 4402 et

314 4436 597 4492 mortuis:
639 4436 985 4507 Rursumque
1016 4455 1029 4491 :
1062 4437 1433 4510 Pr0pinquus,
1468 4439 1579 4508 ait,
1626 4448 1815 4496 noster
1841 4448 1924 4496 est

315 4527 514 4584 homo.
538 4528 609 4584 Et
637 4529 783 4585 Ruth
812 4547 825 4584 :
850 4530 967 4585 Hoc
992 4545 1229 4602 quoque,
1257 4530 1453 4603 inquit,
1479 4533 1746 4603 prmcepit
1768 4532 1920 4601 mihi,

2026 3321 2249 3363 mensus
2279 3313 2364 3361 est
2391 3316 2490 3362 sex
2516 3307 2731 3363 modios
2760 3307 2970 3378 hordei,
2999 3318 3055 3366 et
3086 3310 3265 3381 posuit
3293 3326 3459 3381 super
3480 3327 3622 3367 eam.

2026 3401 2159 3470 Quae
2195 3410 2421 3471 portans
2448 3401 2692 3472 ingressa
2722 3408 2808 3460 est
2831 3402 3129 3471 civitatem,
3162 3411 3217 3458 et
3246 3402 3393 3458 venit
3429 3404 3496 3458 ad
3538 3418 3627 3460 so-

2026 3508 2179 3549 crum
2223 3509 2398 3549 suam.
2433 3496 2563 3563 Quae
2593 3496 2736 3551 dixit
2759 3496 2808 3552 ei
2835 3513 2850 3551 :
2884 3496 3022 3564 Quid
3051 3497 3231 3568 egisti,
3257 3496 3402 3553 ﬁlia?
3427 3496 3627 3554 Narra-

2027 3586 2211 3657 vitque
2257 3589 2306 3644 ei
2340 3588 2545 3657 omnia,
2576 3605 2697 3659 qua:
2737 3588 2842 3645 sibi
2892 3590 3111 3647 fecisset
3157 3590 3340 3647 homo.
3398 3592 3465 3646 Et
3504 3592 3625 3647 ait:

2028 3678 2172 3736 Ecce
2201 3696 2297 3737 sex
2327 3681 2543 3738 modios
2573 3681 2762 3738 hordei
2786 3682 2940 3739 dedit
2963 3683 3117 3752 mihi,
3146 3691 3204 3740 et
3228 3684 3303 3739 ait
3328 3701 3342 3738 :
3371 3682 3510 3740 Nolo
3533 3700 3629 3741 va-

2028 3786 2184 3827 cuam
2218 3780 2269 3828 te
2297 3774 2500 3830 reverti
2531 3774 2598 3830 ad
2626 3788 2842 3830 socrum
2881 3786 3047 3832 tuam.
3102 3774 3352 3848 Dixitque
3386 3775 3577 3833 Νοειηί
3614 3793 3628 3832 :

2029 3865 2319 3937 Exspecta,
2354 3866 2487 3934 lilia,
2532 3867 2708 3924 donec
2751 3868 3031 3924 videamus
3073 3884 3239 3941 quem
3288 3885 3377 3926 res
3422 3870 3627 3927 exitum

2028 3961 2251 4017 habeat.
2286 3960 2476 4033 Neque
2513 3963 2659 4019 enim
2690 3964 2927 4021 cessabit
2949 3964 3112 4021 homo
3143 3965 3247 4022 nisi
3277 3964 3632 4038 compleverit

2028 4055 2171 4125 quod
2198 4055 2408 4111 locutus
2439 4064 2542 4111 est.

2104 4148 2188 4221 lC.
2219 4147 2356 4217 Vill,
2384 4148 2517 4224 Cap.
2546 4148 2663 4222 IV.]
2695 4152 2959 4209 Ascendit
2982 4168 3112 4225 ergo
3140 4153 3286 4210 Booz
3303 4153 3368 4210 ad
3392 4162 3627 4225 portam,

2029 4249 2086 4298 et
2112 4242 2254 4298 sedit
2276 4242 2371 4299 ibi.
2406 4244 2652 4315 Cumque
2682 4245 2904 4301 vidisset
2926 4246 3292 4318 propinquum
3324 4247 3628 4318 prteterire,

2028 4333 2097 4389 de
2119 4349 2226 4405 quo
2254 4335 2405 4405 prius
2445 4350 2630 4391 sermo
2661 4336 2876 4393 habitus
2915 4348 3018 4406 est,
3048 4338 3191 4394 dixit
3223 4339 3289 4395 ad
3317 4354 3442 4396 eum
3472 4356 3486 4393 :
3520 4339 3626 4394 De-

2028 4426 2173 4482 clina
2212 4428 2513 4499 paulisper,
2564 4439 2618 4485 et
2662 4431 2791 4486 sede
2838 4431 2948 4498 hic,
2988 4447 3194 4487 vocans
3242 4448 3365 4487 eum
3406 4431 3631 4488 nomine

2030 4531 2149 4574 suo.
2173 4520 2273 4589 Qui
2301 4521 2542 4588 divertit,
2564 4524 2797 4581 etsedit.
2818 4525 3041 4581 Tollens
3062 4537 3243 4582 autem
3265 4526 3410 4582 Booz
3437 4527 3629 4583 decem

318 4630 390 4677 ιιι
421 4620 627 4677 iamdiu
667 4621 1000 4678 messoribus
1041 4624 1159 4693 ejus
1195 4626 1479 4694 jungerer,
1513 4624 1689 4682 donec
1734 4641 1925 4682 omnes
1951 4603 2006 4664 D
2030 4613 2180 4669 viros
2212 4615 2279 4670 de
2325 4617 2632 4674 senioribus
2676 4619 2935 4688 civitatis,
2982 4618 3120 4675 dixit
3163 4620 3228 4675 ad
3259 4636 3393 4677 eos:
3431 4620 3636 4678 Sedete

319 4722 546 4783 Segetes
572 4722 933 4771 meterentur.
953 4714 1037 4787 [Ο.
1069 4714 1156 4786 V.]
1188 4716 1289 4771 Cui
1324 4716 1462 4771 dixit
1483 4732 1709 4774 socrus:
1735 4718 1925 4775 Melius

318 4815 433 4870 est,
469 4806 574 4861 lilia
606 4809 704 4877 mi,
733 4816 793 4863 ut
817 4823 938 4863 cum
967 4808 1168 4879 puellis
1188 4809 1305 4879 ejus
1332 4824 1497 4865 exeas
1517 4810 1585 4865 ad
1611 4809 1925 4867 metendum

320 4897 518 4972 [ναις.
552 4901 913 4973 molendnm],
947 4920 1014 4958 ne
1057 4902 1112 4958 in
1142 4902 1321 4959 alieno
1359 4920 1491 4974 agro
1528 4906 1795 4979 quispiam
1832 4922 1921 4963 re-

318 4992 488 5049 sistat
515 4993 636 5048 tibi.
664 4992 859 5050 Juncta
890 5004 975 5051 est
1001 4996 1187 5065 itaque
1217 4995 1410 5066 puellis
1440 4997 1608 5064 Booz,
1641 5007 1696 5054 et
1722 4998 1927 5055 tamdiu

318 5096 449 5137 cum
478 5083 559 5139 eis
588 5088 842 5153 messuit,
876 5086 1052 5143 donec
1092 5088 1295 5145 hordea
1344 5096 1400 5144 et
1430 5090 1668 5146 triticum
1710 5091 1765 5146 in
1798 5090 1929 5148 hor-

317 5179 439 5237 reis
467 5180 856 5238 conderentur.

400 5270 487 5341 [(1.
518 5271 608 5339 Vl,
652 5271 787 5344 Cap.
819 5272 935 5345 111.]
966 5273 1261 5346 Postquam
1294 5285 1477 5332 autem
1506 5292 1721 5334 reversa
1752 5286 1835 5332 est
1865 5278 1940 5353 ad~

318 5377 549 5421 Sacrum
583 5380 760 5432 suam,
789 5366 995 5422 audivit
1024 5367 1093 5423 ab
1114 5383 1177 5424 ea
1210 5388 1223 5424 :
1256 5368 1397 5426 Filia
1430 5369 1525 5440 mi,
1562 5385 1802 5442 qumram
1838 5368 1936 5425 tibi

319 5462 602 5530 requiem,
638 5472 694 5516 et
724 5462 1045 5531 providebo,
1076 5471 1141 5519 ut
1169 5463 1312 5519 bene
1354 5464 1426 5519 sit
1467 5464 1586 5520 tibi.
1621 5464 1767 5518 Booz
1797 5463 1932 5531 iste,

318 5553 485 5623 cujus
509 5553 710 5624 puellis
733 5555 787 5610 in
808 5570 938 5628 agro
956 5557 1139 5625 juncta
1165 5571 1247 5623 es,
1263 5557 1600 5628 propinquus
1616 5564 1703 5612 est
1722 5566 1931 5625 DOSlel',

320 5656 385 5703 et
411 5645 516 5701 hac
544 5658 709 5704 nocte
737 5663 923 5705 aream
958 5649 1147 5705 hordei
1178 5650 1429 5706 ventilat.
1453 5649 1663 5707 Lavare
1696 5651 1863 5722 igitur
1885 5658 1940 5706 et

323 5754 539 5810 ungere
563 5781 577 5805 ,
612 5751 671 5796 et
701 5741 930 5800 induere
956 5744 1275 5801 cultioribus
1317 5744 1690 5812 vestimentis,
1742 5758 1807 5798 ac
1845 5743 1943 5799 de-

328 5832 541 5891 scende
572 5833 628 5889 in
676 5849 887 5892 aream.
919 5837 1035 5894 Non
1066 5845 1119 5891 te
1160 5838 1341 5895 videat
1371 5837 1557 5906 homo,
1587 5837 1761 5895 donec
1790 5852 1943 5895 esum

2030 4706 2139 4764 hic.
2158 4708 2366 4778 Quibus
2380 4710 2771 4779 residentibus,
2796 4712 3017 4768 locutus
3035 4712 3204 4769 estad
3231 4713 3595 4784 prOpinquum
3618 4728 3632 4767 :

2029 4802 2248 4859 Partem
2279 4804 2394 4876 agri
2438 4803 2625 4860 fratris
2668 4805 2844 4861 nostri
2875 4807 3172 4862 Elimelech
3203 4806 3390 4862 vendit
3419 4806 3635 4876 Noemi,

2026 4912 2150 4968 quae
2186 4912 2407 4953 reversa
2439 4906 2521 4954 est
2552 4897 2619 4954 de
2646 4898 2872 4970 regione
2898 4898 3187 4954 Moabitide
3219 4915 3235 4955 :
3269 4898 3412 4970 qttod
3444 4899 3639 4956 audire

2030 4999 2083 5048 te
2113 4991 2282 5058 volui,
2309 5000 2363 5049 et
2402 4991 2498 5048 tibi
2540 4992 2726 5049 dicere
2754 5007 2937 5049 coram
2970 4993 3186 5050 cunctis
3211 4993 3552 5060 sedentibus,
3588 5002 3645 5052 ct

2039 5082 2339 5155 majoribus
2361 5091 2491 5139 natu
2521 5084 2588 5139 de
2616 5084 2819 5156 populo
2845 5100 2988 5142 meo.
3012 5083 3071 5141 Si
3094 5085 3177 5141 vis
3208 5084 3492 5157 possidere
3516 5086 3645 5156 jure

2040 5177 2504 5248 propinquitatis:
2537 5192 2679 5243 eme,
2705 5187 2761 5233 et
2792 5178 3031 5249 posside.
3064 5177 3160 5235 Sin
3191 5188 3372 5234 autem
3403 5178 3501 5233 tibi
3532 5179 3648 5235 dis-

2040 5272 2226 5343 plicet,
2272 5270 2375 5327 hoc
2403 5272 2581 5342 ipsum
2612 5271 2796 5327 indica
2830 5271 2988 5339 mihi,
3021 5282 3081 5327 ut
3111 5273 3277 5327 sciam
3306 5271 3437 5344 quid
3464 5271 3645 5328 facere

2041 5366 2299 5421 debeam.
2338 5365 2532 5422 Nullus
2563 5367 2709 5422 enim
2746 5374 2834 5422 est
2868 5365 3247 5437 propinquus,
3294 5377 3522 5438 excepto
3569 5377 3644 5433 te,

2043 5459 2133 5529 qui
2164 5458 2322 5530 prior
2362 5474 2441 5526 es,
2476 5465 2531 5514 et
2560 5473 2649 5513 me
2670 5499 2683 5524 ,
2715 5459 2807 5527 qui
2839 5458 3114 5514 secundus
3144 5473 3289 5514 sum.
3347 5461 3419 5514 At
3449 5458 3540 5513 ille
3566 5472 3653 5513 re-

2046 5553 2301 5626 spondit:
2338 5552 2455 5624 Ego
2481 5567 2671 5623 agrum
2703 5565 2902 5607 emam.
2929 5550 3027 5607 Cui
3055 5551 3194 5607 dixit
3219 5551 3392 5607 Booz:
3422 5550 3651 5618 Quando

2049 5650 2252 5708 emeris
2283 5665 2474 5722 agrum
2499 5648 2567 5705 de
2596 5664 2758 5705 manu
2789 5647 3061 5717 mulieris,
3083 5647 3231 5704 Ruth
3259 5661 3477 5717 quoque
3505 5645 3655 5701 Moa-

2052 5745 2305 5816 bitidem,
2333 5760 2456 5817 quae
2481 5758 2625 5801 uxor
2654 5745 2897 5801 defuncti
2928 5744 3053 5811 fuit,
3077 5743 3245 5799 debes
3270 5740 3521 5811 accipere
3548 5755 3563 5794 :
3598 5746 3659 5794 ut

2056 5841 2290 5897 suscites
2348 5854 2547 5895 nomen
2602 5838 2893 5912 prepinqui
2934 5837 3010 5894 tui
3068 5837 3123 5894 in
3180 5832 3499 5891 haereditate
3536 5845 3658 5888 sua.
