4144 6364
401 314 511 384 lli?

1333 335 1930 402 CAPITULATIONES
1969 325 2330 402 multorum
2368 329 2732 402 SAMUELIS.

3583 345 3690 404 558

401 465 549 506 nnnn
585 447 782 507 lib’rum
805 495 818 519 ,
856 461 882 490 α
909 451 1235 510 llebraicum
1264 457 1466 527 reperi.
1506 459 1820 529 Secundus,
1849 460 1998 516 Grae—
2027 461 2070 521 Δ
2104 459 2377 529 quidpiam
2409 460 2478 514 de
2507 455 2769 514 Hebraica
2821 423 3262 513 reritateiiCerte
3290 456 3336 512 sl
3376 456 3688 515 incredulus

405 561 501 601 cus
529 556 614 602 est
658 567 669 601 :
712 548 854 618 quod
883 557 950 605 ex
985 550 1097 620 ipsa
1131 566 1345 623 quoque
1375 551 1403 592 ι’
1432 555 1610 631 φράσει
1641 555 1856 625 probari
1900 570 1998 625 po-

405 645 531 692 test.
559 638 693 708 Quae
725 653 848 694 cum
880 641 952 696 ita
982 655 1042 698 se
1072 641 1312 698 habeant
1337 687 1352 710 ,
1387 645 1616 702 obsecro
1659 649 1710 700 te
1737 690 1750 712 ,
1785 645 1955 702 lector
1977 688 1994 715 ,

403 741 470 787 ne
511 729 757 788 laborem
805 747 986 789 meum
1013 776 1028 800 ,
1073 734 1554 805 reprehensionem
1595 739 1832 794 testimes
1857 739 1999 794 anti-

401 833 655 895 quorum.
707 827 763 882 lu
816 827 1227 885 tabernaculum
1277 829 1376 885 Dei
1426 829 1584 886 ollert
1631 833 1998 903 unusquisque

399 919 540 990 quod
592 929 818 987 potest:
863 921 952 975 alii
1002 936 1193 977 aurum
1244 931 1300 978 et
1353 934 1634 995 argenturm
1677 934 1732 982 et
1784 924 1995 998 lapides

397 1009 672 1082 pretiosos
705 1028 719 1067 :
753 1011 842 1068 alii
873 1011 1094 1085 byssum
1128 1024 1183 1070 et
1210 1030 1505 1088 purpuram
1553 1019 1610 1073 et
1647 1029 1870 1074 coccum
1909 1016 1994 1072 ol-

397 1102 582 1158 fernnt
612 1113 667 1159 et
693 1102 1049 1177 hyacintbum
1079 1101 1288 1175 (Exod.
1320 1121 1428 1162 xxv
1453 1109 1474 1179 )
1501 1126 1511 1160 :
1545 1109 1826 1164 nobiscum
1860 1107 1999 1163 bene

396 1194 589 1266 agetur
612 1241 626 1261 ,
673 1197 717 1251 si
745 1196 1110 1252 obtulerimus
1137 1197 1308 1269 pelles
1337 1208 1393 1254 et
1420 1213 1705 1271 caprarum
1735 1201 1895 1270 pilos.
1931 1191 1997 1256 Et

398 1295 584 1344 tamen
607 1287 910 1359 Apottolus
939 1291 1438 1364 contemptibiliura
1472 1303 1656 1348 nostra
1691 1296 1861 1366 magis
1904 1309 1996 1349 ne-

399 1381 640 1435 cessaria
669 1381 875 1451 judicat
919 1382 963 1451 (l
1001 1382 1123 1438 Cor.
1156 1400 1252 1447 xu,
1289 1384 1408 1456 2i).
1452 1385 1607 1442 Unde
1655 1395 1708 1440 et
1750 1396 1860 1442 tota
1904 1379 1992 1441 illa

397 1472 740 1527 tabernaculi
787 1471 1136 1542 pulchritudo
1161 1517 1176 1542 ,
1224 1483 1280 1530 et
1319 1490 1416 1547 per
1459 1477 1700 1547 singulas
1742 1478 1950 1547 species
1978 1523 1991 1546 ,

396 1562 665 1620 Ecclesiae
709 1565 998 1634 prmSentis
1044 1565 1349 1638 futuraeque
1392 1567 1673 1626 distinctio
1699 1611 1712 1630 ,
1765 1567 1996 1639 pellibus

396 1657 603 1728 tegitur
645 1657 701 1714 et
752 1655 992 1724 ciliciis,
1047 1659 1410 1731 ardoremque
1457 1660 1588 1716 Solis
1636 1671 1686 1716 et
1740 1657 1993 1730 iniuriam

397 1751 656 1806 imbrium
701 1766 763 1806 ea
801 1767 923 1822 quae
962 1752 1154 1808 viliora
1194 1765 1320 1808 sunt
1351 1754 1661 1823 prohibent.
1693 1754 1833 1826 Lege
1864 1769 1993 1826 ergo

2101 567 2182 620 es,
2217 554 2335 623 lege
2358 551 2578 609 Grmcos
2604 551 2826 606 codices
2850 558 2904 604 et
2932 549 3154 605 Latinos
3184 549 3444 606 etconler
3464 551 3689 606 cumbis

2100 648 2375 714 Opusculis
2411 657 2432 685 ο
2471 665 2485 701 :
2517 654 2573 702 et
2603 646 2926 714 ubicumque
2975 644 3115 699 inter
3166 659 3226 700 se
3253 641 3454 700 videris
3486 645 3686 701 discre-

2103 756 2253 811 pare,
2289 741 2558 809 interroga
2603 737 2903 809 quemlibet
2933 733 3287 792 Hebrum-um
3312 777 3329 805 ,
3372 753 3494 793 cum
3523 738 3692 808 magis

2099 829 2510 886 accommodare
2538 823 2743 885 debeas
2772 827 2935 882 ﬁdem
2961 844 2974 880 :
3007 827 3060 882 et
3086 826 3131 882 si
3163 837 3346 884 nostra
3370 828 3694 894 limaverit,

2099 929 2231 993 puto
2257 923 2398 993 quod
2431 936 2553 976 eum
2578 935 2683 977 non
2708 921 2947 976 aestimes
2975 921 3346 993 coniectorem
3375 962 3390 987 ,
3421 929 3479 976 ut
3509 921 3561 977 in
3601 931 3694 978 eo-

2101 989 2224 1068 dem
2272 989 2392 1068 loco
2443 1028 2655 1068 mecum
2699 1012 2952 1067 similiter
2989 989 3285 1068 divinari:i
3311 1013 3418 1070 Sed
3460 1021 3515 1068 et
3551 1029 3650 1070 vos
3675 1056 3690 1081 ,

2100 1105 2331 1161 famulas
2356 1104 2559 1162 Christi
2591 1105 2840 1173 (Paulam
2866 1103 2922 1160 et
2946 1103 3354 1176 Eustochium),
3387 1119 3542 1175 rogo,
3573 1095 3694 1177 quas

2101 1198 2315 1254 Domini
2348 1199 2741 1255 discumbentis
2770 1197 3164 1268 pretiosissimo
3189 1197 3312 1254 lidel
3341 1194 3368 1234 ἀ
3399 1207 3555 1269 myro
3586 1213 3690 1254 un-

2100 1292 2225 1362 gitis
2258 1303 2438 1362 caput,
2467 1309 2585 1364 quae
2619 1307 2960 1362 nequaquam
2990 1291 3335 1347 Salvatorem
3361 1292 3613 1362 qtueritis
3643 1295 3692 1348 in

2100 1390 2375 1459 sepulcro,
2408 1389 2605 1461 quibus
2633 1388 2742 1458 jam
2787 1381 2856 1440 ad
2893 1386 3111 1441 Patrem
3136 1383 3391 1440 Christus
3425 1388 3692 1452 ascendit,

2100 1491 2158 1537 ut
2185 1491 2374 1538 contra
2408 1482 2671 1536 latrantes
2703 1487 2870 1534 canes
2893 1520 2908 1544 ,
2950 1477 3043 1548 Qui
3080 1477 3343 1533 adversus
3387 1491 3476 1533 me
3504 1479 3694 1535 rabido

2101 1591 2195 1630 orc
2222 1575 2546 1640 desierint,
2581 1579 2636 1628 et
2663 1574 3007 1628 circumeunt
3030 1570 3330 1639 civitatem,
3363 1578 3524 1640 atque
3549 1573 3604 1626 in
3626 1583 3696 1627 eo

2100 1680 2161 1722 se
2186 1665 2375 1721 doctos
2407 1665 2782 1729 arbitrantur,
2813 1663 2858 1716 si
2893 1659 3015 1718 aliis
3043 1661 3354 1727 detrahant,
3387 1659 3695 1719 orationum

2101 1765 2403 1813 vestrarum
2437 1757 2680 1828 clypeos,
2710 1763 2734 1792 ο
2763 1754 3073 1825 opponatls.
3109 1753 3222 1823 Ego
3261 1755 3445 1809 sciens
3473 1753 3692 1811 humili-

397 1843 671 1914 primum,
706 1843 925 1902 Samuel
952 1886 965 1906 ,
999 1853 1054 1900 et
1081 1835 1366 1901 Malarhim‘
1398 1861 1580 1904 meum
1610 1867 1622 1902 :
1653 1861 1832 1903 meum
1862 1890 1876 1914 ,
1910 1845 1992 1902 in-
2024 1870 2069 1931 Β
2099 1853 2268 1906 tatem
2296 1859 2494 1917 meam,
2527 1849 2672 1904 illius
2702 1853 2920 1918 semper
2950 1848 3241 1901 sententia
3271 1847 3603 1904 recordabar
3628 1865 3642 1907 :

400 1951 596 2006 quam,
629 1951 828 1991 meum.
861 1936 1129 2008 Quidquid
1162 1939 1307 1994 enim
1337 1939 1584 1995 crebrius
1607 1937 1900 2006 vertendo,
1939 1951 1994 1996 et

399 2027 749 2084 emendando
800 2028 1086 2085 Sollicitius
1134 2039 1188 2084 et
1242 2029 1532 2085 didicimus
1581 2037 1636 2087 et
1695 2040 1943 2087 tenemus
1976 2073 1990 2094 ,

399 2129 648 2175 nostrum
679 2130 783 2177 est.
817 2121 880 2174 Et
907 2136 1028 2175 cum
1059 2122 1391 2178 intellexeris
1417 2124 1560 2194 quod
1592 2132 1751 2178 antea
1785 2121 1994 2181 nescie-

400 2212 523 2279 bas,
554 2214 639 2268 vel
668 2214 1024 2283 interpretem
1054 2231 1140 2271 me
1164 2217 1462 2274 mstimato.
1494 2217 1539 2271 si
1565 2225 1754 2287 gratas
1784 2234 1840 2273 es
1862 2263 1874 2286 ,
1909 2219 1991 2273 vel

399 2307 852 2381 παραφραστήῌί
881 2308 1494 2379 ingratus.Quamquam
1519 2308 1830 2383 [Μεμψιοῆ
1864 2307 1994 2365 mihi

402 2399 628 2455 omnino
654 2397 906 2456 conscius
944 2413 1052 2455 non
1080 2401 1180 2455 siin
1213 2399 1360 2475 [Με.
1395 2401 1557 2475 sum]
1584 2448 1599 2474 ,
1635 2415 1878 2460 mutasse
1909 2399 1996 2459 me

403 2555 608 2620 studia,
643 2564 687 2607 et
716 2553 972 2621 imputant
997 2555 1144 2609 nobis
1169 2598 1186 2618 ,
1218 2568 1397 2612 contra
1421 2573 1574 2612 suum
1599 2557 1868 2614 Cononem.
1889 2557 1995 2612 Las

405 2627 530 2697 t_inis
559 2624 774 2680 auribus
803 2625 902 2697 ista
927 2626 1226 2694 transferre.
1267 2629 1371 2683 Sed
1409 2628 1590 2682 melius
1616 2645 1726 2682 esse
1753 2629 1994 2697 iudicans

404 2695 793 2769 Pharistcorum
821 2693 1090 2769 displicere
1114 2698 1311 2767 judicio
1337 2744 1349 2765 ,
1404 2710 1448 2751 et
1490 2693 1846 2769 episcoporum
1875 2702 1995 2769 jus-

403 2767 632 2822 siont'bus
648 2767 910 2830 inservire,
928 2769 1092 2822 institi
1115 2780 1166 2820 nt
1186 2771 1350 2839 potui.
1368 2771 1446 2824 De
1466 2770 1650 2824 .ludith
1667 2767 1804 2825 vero
1821 2767 1996 2824 adhuc

402 2839 735 2913 luculentius
767 2839 896 2892 item
929 2840 982 2894 in
1007 2843 1324 2913 praelatione
1351 2859 1366 2897 :
1400 2842 1550 2913 Apud
1587 2841 1833 2897 Hebrteos
1862 2843 1993 2897 liber

403 2909 589 2986 Iudith
633 2910 796 2986 inter__
823 2910 1121 2986 apocrypha
1159 2913 1388 2986 legitur»,
1437 2909 1586 2986 cujus
1625 2913 1906 2986 auctoritas,
1927 2914 1995 2967 ad

402 2979 704 3054 roboranda
736 2975 867 3054 illa,
913 2975 1026 3054 (μιῙὲ
1054 2982 1106 3035 in
1136 2975 1514 3054 comisationem
1552 2986 1762 3038 veniunt
1789 3029 1801 3050 ,
1842 2984 1998 3038 etiam

406 3054 582 3107 minus
612 3053 800 3107 idonea
823 3052 1114 3122 judicatur.
1141 3052 1382 3109 Chaldteo
1412 3066 1580 3109 tamen
1614 3069 1848 3108 sermone
1873 3070 1996 3108 con-

405 3125 805 3197 scriptusjnter
851 3122 1114 3197 Historias
1139 3133 1499 3197 computatur.
1548 3125 1656 3181 Sed
1696 3127 1817 3193 quia
1857 3124 1996 3180 hunc

407 3193 602 3250 librum
624 3193 870 3265 Synodus
895 3194 944 3249 Ν
953 3197 1111 3249 ictena
1130 3195 1185 3250 in
1207 3193 1417 3265 numero
1437 3207 1738 3252 sanctarum
1755 3197 1997 3265 Scriptu-

405 3283 585 3343 rarum
607 3261 799 3343 dicitur
819 3277 1162 3343 computasse,
1184 3261 1414 3343 acquievi
1435 3269 1769 3343 postulationi
1793 3261 1992 3343 uestrae,
2022 3281 2065 3343 ρ

404 3339 566 3390 immo
593 3339 864 3391 exactioni.
917 3337 1085 3392 Porro
1113 3337 1568 3394 idem’dicendum
1601 3347 1683 3392 est
1708 3340 1774 3392 de
1807 3337 1991 3393 Eccle-

408 3409 635 3462 siastico
661 3417 714 3462 et
742 3409 1015 3477 Sapientia
1045 3409 1354 3465 Salomonis
1372 3449 1387 3475 ,
1425 3425 1560 3478 quos
1586 3425 1707 3463 eum
1740 3407 1914 3464 'l‘obia
1940 3415 1993 3464 et

406 3478 594 3550 luditb
625 3494 730 3533 una
761 3481 905 3536 serie
931 3479 1232 3549 eademque
1259 3482 1434 3537 classe
1459 3481 1860 3550 complectitur.
1893 3482 1994 3549 Qui

408 3541 562 3622 plura
607 3550 712 3605 hac
745 3566 910 3620 super
946 3567 1009 3622 re
1054 3541 1256 3620 cupiet,
1289 3553 1509 3607 criticos
1536 3541 1699 3622 supra
1729 3541 1990 3620 laudatos,

409 3630 469 3677 et
486 3621 748 3676 Morinum
775 3621 1070 3690 praesertim
1100 3623 1278 3676 adeat.

487 3699 512 3729 ⁸
552 3693 764 3747 Nullum
810 3692 970 3747 hodie
1005 3703 1254 3761 superest
1296 3694 1622 3748 Hebraicum
1663 3703 1756 3747 aut
1796 3692 1994 3762 Syrum

412 3765 719 3833 exemplar.
760 3763 982 3818 Librum
1015 3765 1492 3820 Assamonarorum
1524 3763 1708 3820 laudat
1731 3763 1998 3833 .Iosephus

413 3835 524 3890 Ben
553 3833 757 3890 Gorion
787 3875 802 3899 ,
845 3835 935 3904 qui
977 3847 1165 3890 auctor
1195 3837 1337 3891 circa
1371 3835 1714 3892 undecimum
1743 3837 1996 3890 sa'cuiuin

414 3906 689 3977 scripsit;
735 3913 909 3975 neque
936 3913 1022 3960 est
1057 3907 1195 3960 adeo
1233 3907 1555 3962 incredibile
1581 3906 1647 3960 ad
1677 3921 1793 3960 eam
1831 3915 1999 3977 uSqu‘c

413 3975 625 4032 aetatem
646 3975 969 4049 Hebraicum
993 3977 1341 4048 archetypum
1365 3979 1717 4046 superfuisse.
1737 3975 1999 4049 Ilierony-

414 4063 536 4104 Inus
560 4047 762 4103 nullum
788 4049 950 4102 vertit
982 4065 1048 4102 ex
1084 4049 1167 4102 bis
1184 4047 1340 4102 libris
1376 4067 1389 4101 :
1425 4049 1786 4104 vetustissima
1819 4047 1998 4104 tame

414 4127 501 4173 est
528 4134 647 4188 quae
676 4119 884 4174 obtinet
912 4119 1108 4175 versio.

488 4189 515 4227 δ
558 4189 871 4264 Veronens._
891 4205 992 4244 ms.
1031 4191 1368 4264 ipsa_quoque
1391 4189 1749 4264 histOriapror
1768 4191 1954 4264 φράσει
1985 4208 1996 4244 :

416 4266 474 4315 at
501 4269 630 4330 puto
655 4302 670 4326 ,
715 4259 975 4316 mendose
999 4304 1013 4328 ,
1052 4259 1111 4315 et
1140 4259 1318 4315 Latini
1352 4259 1754 4331 antiquarii’qui
1775 4259 2002 4317 'Grzccas

416 4332 632 4386 litteras
659 4332 960 4403 ignorarit,
1005 4333 1206 4400 culpa;
1255 4348 1380 4388 nam
1429 4342 1484 4387 et
1527 4333 1687 4402 paulo
1730 4333 1959 4388 inferius
1985 4373 2001 4398 ,

418 4402 893 4475 historiographum
941 4403 1194 4458 rescribit
1243 4419 1340 4474 pro
1387 4403 1576 4460 Graeco
1625 4404 1790 4460 verbo
1827 4425 2002 4477 παρα-

416 4495 779 4600 φρῗσληέἀαηῑ
823 4544 907 4600 hic
941 4544 1088 4612 editi,
1113 4559 1227 4616 qua:
1257 4559 1416 4614 nuper
1451 4543 1847 4602 emendavimus.
1880 4541 2004 4601 llzec

418 4615 660 4672 radenda
687 4631 816 4671 sunt
845 4615 1432 4687 tamquatn’superllua,
1467 4619 1720 4686 quoniam
1753 4618 1886 4672 nihil
1913 4633 2004 4672 co-

2102 1941 2250 2008 Dirri,
2281 1942 2569 1997 custodiam
2599 1942 2707 1995 vias
2735 1942 2875 1996 me‘as
2892 1957 2910 2004 ;

2175 2046 2229 2090 ut
2259 2053 2362 2089 non
2389 2035 2689 2102 delinquam
2713 2034 2768 2088 in
2795 2034 2977 2105 lingua
3005 2047 3138 2088 mea.

2101 2125 2264 2181 Ροεηί
2286 2128 2366 2181 ori
2391 2142 2505 2182 meo
2532 2125 2840 2192 custodiam,

2174 2236 2291 2272 cum
2323 2219 2502 2290 [ναις.
2529 2217 2676 2289 dum]
2705 2219 3005 2272 consisteret
3035 2227 3272 2286 peccator
3302 2221 3570 2274 adversum
3599 2237 3695 2276 me.
3722 2285 3725 2288 ί

2107 2311 2380 2376 Obmutui,
2430 2322 2478 2365 et
2522 2309 2827 2365 humiliatus
2868 2319 3014 2375 sum,
3067 2315 3115 2364 et
3156 2310 3280 2365 silui
3319 2327 3350 2365 a
3397 2311 3542 2368 bonis
3577 2313 3698 2382 (Ps.

2245 2413 2472 2471 xxxvm,
2507 2402 2533 2456 Ι
2558 2401 2712 2476 εστι).

2107 2570 2264 2622 terat.
2292 2562 2344 2616 id
2371 2572 2477 2625 est,
2508 2575 2630 2616 cui
2658 2559 2816 2615 libris
2840 2559 3058 2614 Samuel
3089 2567 3147 2612 et
3177 2558 3480 2614 Malachim.
3513 2560 3697 2616 Itur.

2174 2630 2200 2669 ἀ
2241 2629 2330 2688 Sic
2361 2633 2544 2701 legunt
2572 2645 2761 2685 omnes
2799 2646 2930 2684 mss.
2967 2631 3178 2701 nostri,
3209 2630 3319 2683 nisi
3343 2631 3486 2699 quod
3514 2634 3696 2701 plures

2104 2717 2202 2774 pro
2233 2721 2377 2776 myro
2414 2700 2660 2758 scribunt
2689 2717 2872 2776 myrra
2904 2715 3024 2776 cum
3057 2700 3258 2776 duplici
3284 2717 3329 2752 r.
3378 2700 3546 2776 nepos.
3572 2720 3693 2776 au-

2106 2771 2211 2849 tem
2246 2771 2441 2849 Graece
2450 2771 2798 2849 unguentum
2821 2771 3022 2849 dicitur
3054 2789 3064 2822 :
3104 2773 3276 2849 μῤῥρα
3313 2781 3441 2826 vero
3458 2771 3554 2849 'bei
3567 2774 3690 2849 bam

2103 2844 2386 2915 signiﬁcat.
2425 2845 2578 2900 Unde
2605 2859 2761 2915 error
2781 2843 3055 2915 editorum
3108 2843 3693 2915 Iib'r'orutnmanileste

2104 2913 2546 2984 deprehenditur,
2576 2914 2916 2985 ubilegimus
2933 2913 3298 2985 pretiosissima
3316 2913 3438 2980 ﬁdei
3461 2915 3691 2985 myrrha.

2099 2983 2281 3057 Neque
2312 3003 2443 3040 vero
2472 2994 2633 3055 caput
2666 2983 2876 3057 Domini
2922 2983 3314 3057 disoumbentis
3365 2983 3581 3057 unctum
3611 2999 3696 3040 est

2097 3055 2332 3129 myrrha,
2361 3058 2454 3112 sed
2484 3073 2649 3128 myro,
2675 3055 2861 3129 id_est,
2893 3064 3150 3129 unguento
3179 3055 3551 3129 pretiosissimo
3579 3074 3696 3111 tnu-

2098 3125 2246 3184 liéris
2274 3125 2589 3198 peccatric'is
2621 3129 2674 3181 in
2712 3125 3036 3198 Evangelica
3069 3125 3397 3198 narratione,
3430 3127 3496 3180 ad
3527 3139 3690 3197 quam

2101 3199 2186 3254 hic
2217 3197 2405 3254 alludit
2439 3209 2659 3254 sanctus
2688 3197 3068 3266 Hieronymus.
3115 3197 3294 3252 Mum.

2171 3301 2241 3310 —
2264 3272 2550 3340 Antiquam
2583 3263 3288 3340 lectioneerpretiosissima
3311 3263 3435 3334 ﬁdei
3461 3270 3691 3340 myrrha,

2102 3335 2455 3397 revocandam
2499 3354 2621 3396 esse
2649 3335 2928 3393 contendit
2961 3335 3694 3409 llierOnymiauaruniQuae;

2098 3414 2338 3468 Slionum
2365 3423 2571 3474 auctor,
2597 3412 2685 3480 qui
2711 3417 2766 3463 et
2785 3411 2918 3476 vult,
2944 3411 3114 3462 multo
3139 3407 3401 3480 d‘irectius
3420 3407 3477 3463 S.
3501 3410 3696 3466 Docto-

2097 3499 2214 3540 rem
2247 3483 2516 3552 respicere
2545 3479 2899 3537 admulieres
2915 3496 3036 3552 qm:
3061 3479 3336 3550 myrrham
3359 3480 3598 3534 tulerunt
3625 3483 3692 3536 ad

2102 3551 2408 3622 sepulcrum
2458 3553 2678 3615 Christi,
2709 3567 2866 3622 quam
2898 3551 2964 3604 ad
2998 3567 3138 3616 eam,
3160 3560 3261 3622 ⁸ιξιιι
3299 3565 3396 3604 eas
3433 3566 3554 3622 qua:
3599 3569 3686 3606 ca-

2102 3613 2200 3696 piti
2227 3627 2343 3692 ejus
2365 3613 3087 3696 accumbentisungui-nttnn
3117 3613 3696 3696 intimation—Scilicet

2102 3693 2334 3751 immane
2359 3697 2485 3750 illud
2519 3695 2853 3765 repugnandi
2884 3693 3115 3765 studium
3143 3693 3394 3765 tenebras
3420 3693 3536 3759 ejus
3559 3695 3692 3748 effu-

2101 3767 2178 3822 dit
2205 3767 2398 3837 oculis,
2430 3776 2488 3822 ut
2514 3763 2638 3837 quae
2658 3767 2777 3837 duo»
2794 3763 3112 3837 praecedunt
3389 3765 3692 3837 clarissima

2101 3839 2285 3901 verba,
2319 3833 2947 3900 Dominidiscumbentis,
2979 3850 3077 3904 nec
3105 3833 3316 3904 legerit.
3343 3833 3489 3887 Nihil
3513 3835 3692 3903 itaque

2101 3907 2322 3964 dubitnn
2349 3919 2451 3982 est.
2487 3923 2651 3979 nigro,
2687 3909 2782 3961 seu
2810 3909 2985 3982 popa,
3013 3903 3063 3982 id
3095 3915 3198 3982 est,
3255 3914 3512 3982 unguento
3559 3907 3693 3982 scri-

2103 3991 2252 4051 ptum
2280 3982 2347 4034 ab
2380 3975 2734 4051 Hieronymo,
2776 3975 3252 4051 quodSaImasins
3290 3975 3496 4051 pridem
3529 3977 3695 4034 certis

2102 4047 2438 4121 argumentis
2480 4047 2720 4121 ostendit
2744 4066 2756 4102 ε
2780 4047 3134 4121 yartianams
3176 4047 3520 4121 postmmlum
3559 4061 3689 4121 mss.

2103 4117 2206 4191 ope
2238 4125 2288 4176 in
2321 4130 2465 4176 textu
2497 4120 2751 4176 restituit.
2779 4119 2956 4174 Nostri
2984 4133 3199 4188 quoque
3227 4117 3441 4174 codices
3478 4119 3692 4186 reposi-

2106 4204 2212 4247 tam
2265 4191 2551 4248 lectionem
2597 4191 2940 4256 conﬁrmant,
2985 4191 3034 4242 in
3067 4204 3296 4259 quorum
3336 4204 3446 4241 uno
3487 4197 3692 4242 tantum

2104 4273 2188 4319 est
2237 4264 2402 4332 paulo
2453 4262 2711 4318 mendose
2757 4269 2880 4316 eum
2911 4260 3110 4332 duplici
3138 4275 3162 4312 r
3191 4261 3451 4332 scripturn
3493 4275 3688 4328 myrra.

2105 4329 2439 4390 Conﬁrmant
2464 4349 2594 4390 vero
2621 4346 2676 4388 et
2703 4333 2934 4386 aliorum
2963 4330 3180 4385 Patrum
3212 4329 3338 4394 loci,
3365 4329 3456 4398 qui
3474 4341 3536 4381 ea
3561 4342 3693 4384 voce

2107 4406 2295 4461 eodem
2321 4407 2476 4475 plane
2503 4419 2664 4460 sensu
2703 4404 2782 4457 usi
2809 4411 2966 4475 sunt;
2995 4412 3048 4456 et
3077 4416 3214 4475 cum
3241 4397 3427 4475 primis
3453 4398 3512 4454 S.
3547 4397 3693 4454 Gau-

2107 4470 2334 4532 dentius'
2366 4476 2665 4531 Brixiensis
2709 4488 2873 4528 serm.
2907 4474 2973 4526 15
3016 4489 3031 4524 z
3079 4470 3248 4524 Maria
3289 4471 3518 4539 pretioso
3552 4485 3698 4539 myrti

2109 4556 2291 4601 unctos
2309 4545 2503 4602 Christi
2520 4545 2660 4599 tersit
2677 4544 2846 4616 pedes.
2872 4542 2936 4616 Et
2961 4539 3133 4616 adhuc
3157 4541 3394 4616 pressius
3412 4555 3575 4616 sertn.
3593 4539 3694 4616 20:

2109 4618 2251 4671 Alter
2271 4617 2346 4689 (id
2361 4629 2467 4686 est,
2485 4617 2542 4673 S.
2569 4609 2788 4689 Paulus)
2805 4609 3218 4689 pretiosumjdei
3238 4621 3444 4682 myrum
3462 4609 3702 4689 doctrina

417 4703 540 4760 rum
575 4697 750 4742 exstat
778 4687 829 4760 in
865 4681 994 4742 niss'.
1037 4681 1429 4742 vetustioribus
1453 4681 1516 4742 ac
1557 4689 1798 4744 melioris
1839 4699 2000 4744 uotae.
2035 4691 2084 4749 D
2111 4705 2205 4742 sua
2235 4681 2405 4760 portat
2433 4681 2727 4760 in‘populo,
2767 4681 2874 4740 eic.
2911 4685 3031 4740 Mos
3077 4681 3377 4760 Ver-oneris,
3420 4695 3548 4746 ms..
3576 4681 3700 4760 grtia

418 4759 477 4813 ln
507 4759 897 4832 recentioribus
925 4767 1128 4813 tantum
1158 4759 1395 4832 quinque
1420 4769 1511 4832 aut
1531 4774 1629 4832 ses
1656 4761 1870 4830 legitur,
1891 4775 2005 4832 qua?

419 4843 576 4900 super
600 4827 1210 4900 enunteravitnus:quod
1253 4827 1404 4896 (altera
1451 4827 1850 4896 vitiosutnesl;
1899 4827 2004 4883 non

420 4901 568 4956 enim
604 4911 788 4972 monet
816 4900 1177 4972 Hieronymus
1210 4902 1490 4968 lectorem,
1527 4910 1584 4955 ut
1611 4901 1831 4957 Graecos
1863 4901 2008 4956 Lati—

418 4985 630 5042 nosque
651 4971 872 5027 codices
895 4971 1137 5026 conterat
1166 4986 1290 5042 cum
1313 4972 1566 5026 omnibus
1590 4974 1868 5040 cpusculis
1889 4987 2010 5042 quae

420 5041 585 5108 supra
628 5045 1060 5108 ehomeraverat,
1115 5041 1197 5097 vel
1225 5058 1344 5112 qua:
1385 5059 1554 5112 nuper
1595 5041 2008 5109 emendaverat;

423 5112 520 5168 sed
548 5127 670 5169 cum
694 5113 778 5168 his
811 5123 1012 5169 tantum
1037 5129 1154 5183 quae
1185 5130 1248 5168 es
1280 5113 1508 5169 Hebraao
1540 5114 1593 5168 in
1622 5113 1870 5170 Latinum
1891 5129 2014 5170 ver-

3481 4766 3516 4806 o
3561 4754 3700 4806 Ave-

2115 4755 2436 4830 nequaquam
2467 4755 2810 4823 Sdhiatorem,
2839 4769 3103 4838 pro-quis,
3132 4765 3272 4836 etc.:
3305 4755 3360 4808 in
3409 4766 3516 4876 ligio

2117 4831 2361 4876 ninmnsi
2394 4830 2712 4876 seductorem
2750 4835 2884 4876 Satis
2916 4834 3111 4876 vrttose
3139 4835 3397 4876 scriptum
3498 4835 3598 4876 aru

3498 4838 3694 4877 aruan.

2117 4828 2361 4885 nianensi
2394 4830 2712 4883 seductorem
2750 4828 2884 4882 Satis
2916 4828 3111 4881 vitiose
3139 4828 3397 4895 scripturn

2118 4902 2320 4955 invenit
2351 4914 2446 4968 pro
2472 4898 2798 4954 salvatorem.

2193 4983 2215 5008 ο
2263 4963 2586 5027 Veronensis
2615 4985 2741 5030 ms..
2765 4969 3080 5041 subponatis,
3102 4966 3272 5037 quiet
3290 4971 3490 5041 semper
3515 4963 3706 5041 adver-

2120 5045 2270 5098 bium
2314 5059 2434 5097 mox
2469 5037 2878 5112 praetermittit}
2910 5041 3145 5112 denique
3180 5046 3236 5094 et
3271 5037 3418 5108 prius
3454 5037 3702 5102 verbum,

2123 5114 2267 5180 Dixi,
2301 5115 2351 5168 in
2383 5109 2628 5169 subucxo
2656 5109 2847 5182 psalmi
2881 5111 3189 5166 teSIimonio
3221 5119 3381 5164 tacet.

1612 5363 1884 5428 TITULI
1928 5364 2142 5426 LIBRI
2187 5362 2528 5425 SAMUEL.

427 5481 469 5548 Ῐ.
513 5490 613 5549 Ubi
639 5501 755 5547 Orat
785 5489 938 5546 Anna
967 5492 1141 5558 carde,
1173 5487 1326 5546 labiis
1352 5487 1597 5544 immotis.

427 5585 491 5642 Il.
536 5586 798 5640 Nativitas
821 5585 1105 5640 Samut'lis.

431 5679 514 5735 Ill.
560 5675 660 5736 Ubi
681 5661 896 5746 olfertur
923 5673 1141 5734 Samuel
1169 5679 1373 5748 templo.

431 5771 520 5829 Π.
562 5774 834 5831 Canticum
863 5775 1046 5830 Attnw.

438 5867 494 5921 ν.
543 5867 643 5922 Ubi
670 5878 932 5938 peccatum
953 5866 1183 5935 [illorum
1216 5864 1331 5919 Heli
1361 5865 1665 5919 ostenditur.

2133 5479 2216 5544 VI.
2263 5479 2364 5543 Ubi
2391 5483 2678 5556 alloquitur
2700 5477 2824 5540 Heli
2851 5486 2988 5555 ,‘ilt’os
3011 5502 3128 5540 suos
3150 5486 3212 5540 de
3242 5486 3484 5555 peccatis.

2129 5580 2240 5640 Vl].
2282 5579 2547 5648 Propheta
2573 5580 2683 5632 sine
2709 5579 2916 5633 nomine
2939 5579 3004 5632 ab
3033 5577 3158 5634 Heli
3183 5579 3497 5634 destinatur.

2129 5674 2264 5730 Vlll.
2311 5673 2654 5728 Dormientem
2681 5671 2937 5728 Dominus
2957 5672 3242 5744 alloquitur
3272 5668 3588 5727 Samuelcm.

2131 5761 2218 5821 IX.
2265 5761 2450 5820 Prima
2471 5763 2714 5821 allocutio
2733 5765 2803 5820 ad
2834 5757 3147 5821 Samuelem.

2135 5861 2204 5915 Χ.
2247 5861 2413 5916 Israel
2444 5861 2507 5916 ab
2536 5849 2766 5916 hostibus
2794 5871 3087 5928 superatur.
