4144 6364
393 316 503 375 559

395 434 491 491 XI.
538 428 636 488 Ubi
660 441 784 487 arca
809 426 1097 486 testamenti
1126 435 1304 485 contra
1331 425 1500 483 hostes
1527 426 1779 496 defertur.

395 525 513 583 XII.
559 525 660 582 Ubi
703 524 928 598 populus
971 526 1216 591 caeditur,
1269 520 1452 578 occisis
1499 519 1623 589 ﬁliis
1658 516 1825 587 Heli,
1871 531 1995 571 arca

465 621 781 693 captivatur.

394 712 535 768 XIII.
578 711 704 767 Heli
726 712 967 766 sacerdos
993 710 1060 765 de
1079 709 1212 766 sella
1235 708 1424 763 cadens
1450 705 1690 762 moritur.

397 802 540 857 XIV.
585 800 685 857 Ubi
713 818 891 856 arcam
926 800 1223 856 Philisthtei
1240 800 1299 854 in
1320 798 1511 871 templo
1541 805 1757 870 ponunt.

391 894 515 952 XV.
558 894 659 951 Ubi
690 894 850 966 plaga
878 893 1048 948 Azotii
1081 892 1412 960 describitur,
1447 900 1845 961 cwterarumque
1871 888 1993 943 civi-

470 996 653 1041 totum.

390 1075 537 1131 XVI.
577 1073 906 1129 Accaronitte
930 1090 1109 1129 arcam
1133 1073 1353 1130 Domini
1377 1073 1688 1146 suscipiunt.

388 1167 554 1224 XVII.
595 1167 641 1221 A
674 1166 1029 1221 sacerdotibus
1055 1168 1330 1223 ordinatur
1359 1183 1476 1222 cum
1500 1183 1602 1239 quo
1632 1180 1843 1222 munere
1870 1180 1994 1220 arca

463 1260 532 1313 sit
555 1258 856 1314 emittenda.

391 1350 583 1407 XVIII.
613 1349 692 1406 De
720 1354 1042 1422 susceptione
1068 1369 1204 1409 arca:
1232 1351 1487 1408 Domini:
1512 1351 1827 1422 sacriﬁcium
1844 1350 1904 1421 ﬁt
1928 1351 1994 1406 de

464 1443 656 1510 vaccis,
687 1459 803 1508 qua:
831 1459 947 1498 eam
973 1444 1329 1500 adduxerunt.

392 1533 538 1589 XIX.
583 1533 881 1590 Translatio
898 1551 1035 1590 arcae
1057 1536 1111 1591 in
1131 1534 1312 1591 Gabaa
1339 1536 1395 1590 in
1423 1535 1579 1590 domo
1600 1534 1882 1591 Abinadab.

392 1623 517 1682 XX.
561 1625 661 1682 Ubi
692 1633 804 1681 orat
829 1638 876 1682 et
903 1628 1166 1697 sacriﬁcat
1193 1644 1289 1699 pro
1309 1629 1506 1701 populo
1534 1626 1774 1685 Samuel.

390 1717 536 1774 XXI.
577 1717 658 1775 De
675 1720 882 1794 judicio
909 1722 1143 1791 ﬁliorum
1164 1721 1466 1788 Samuel,et
1489 1723 1552 1777 de
1567 1724 1702 1794 regis
1729 1721 1991 1792 petitione.

1389 308 1453 367 s.
1494 298 1878 366 mancum
1916 256 2150 359 θινιώ
2188 296 2663 358 mammam.

2018 419 2073 479 Α·
2098 417 2230 473 LIV.
2272 417 2405 473 Saul
2433 416 2681 472 Davidem
2693 412 2844 490 jubet
2868 409 3052 467 occidi.

2094 510 2206 565 LV.
2252 509 2353 565 Ubi
2378 507 2552 563 David
2569 509 2756 563 iterum
2779 513 2976 578 pugnat
2998 509 3178 558 contra
3204 498 3520 555 Philistaaos.

2097 602 2230 658 LVI.
2273 601 2376 657 Hic
2398 619 2490 675 per
2514 616 2731 656 uxorem
2762 597 2980 663 Michol,
3012 594 3186 650 David
3206 594 3475 650 liberatur.

2096 694 2255 761 LVI].
2298 695 2512 751 Positus
2553 710 2669 749 cum
2698 691 2943 749 Samuele
2974 688 3165 756 David,
3198 697 3248 743 et
3286 687 3394 757 ipse
3423 694 3469 740 et
3495 686 3588 758 qui
3620 685 3691 740 ad

2165 806 2283 845 eum
2333 789 2478 844 missi
2532 786 2768 858 fuerant,
2825 792 2874 838 et
2926 780 3062 839 Saul
3104 781 3343 848 veniens,
3383 776 3693 850 prophetare

2164 891 2447 952 coeperunt.

2094 974 2275 1031 LVIII.
2318 972 2453 1029 Saul
2477 970 2727 1026 lonathaz
2747 969 2989 1024 irascitur
3018 967 3080 1022 ob
3098 965 3482 1023 excusationem
3498 961 3688 1018 David.

2094 1065 2232 1122 LIX.
2277 1064 2355 1120 De
2373 1067 2520 1136 signo
2541 1065 2845 1135 sagittarum
2867 1061 3002 1116 inter
3022 1058 3194 1115 David
3214 1068 3262 1115 et
3281 1057 3582 1115 Ionatham.

2093 1158 2209 1214 LX.
2255 1156 2356 1213 Ubi
2386 1155 2556 1211 David
2582 1172 2740 1229 pancs
2770 1152 3139 1226 propositionis
3168 1151 3408 1208 comedit.

2095 1250 2232 1308 LXI.
2277 1249 2378 1307 Ubi
2408 1248 2580 1305 David
2613 1249 2756 1322 apud
2785 1246 2944 1304 Achis
2973 1262 3145 1320 regem
3169 1244 3304 1303 Geth
3329 1246 3614 1302 daemonem
3638 1259 3696 1301 se

2164 1343 2318 1414 ﬁnxit
2339 1341 2548 1397 habere.

2094 1436 2255 1493 LXII.
2302 1434 2404 1490 Ubi
2429 1433 2603 1490 David
2633 1435 2887 1509 profugos
2913 1434 3012 1490 sibi
3037 1435 3266 1509 collegit.

2094 1525 2285 1582 LXIII.
2328 1523 2429 1581 Ubi
2454 1523 2751 1580 sacerdotes
2782 1524 2994 1580 Domini
3028 1542 3061 1580 a
3088 1524 3234 1597 Doeg
3258 1523 3584 1580 occiduntur.

2094 1617 2284 1675 LXIV.
2323 1615 2409 1673 Ea:
2427 1625 2683 1690 prwcepto
2715 1615 2953 1689 Domini,
2982 1616 3153 1673 David
3186 1634 3305 1673 cum
3328 1616 3438 1673 suis
3467 1616 3535 1671 ad
3565 1613 3697 1671 Phi-

2172 1711 2363 1767 listteos
2390 1711 2576 1783 pergit.

391 1808 562 1866 XXII.
606 1809 710 1866 Ubi
753 1812 1066 1867 admonetur
1114 1814 1340 1885 populus
1376 1813 1440 1869 de
1469 1816 1595 1887 jure
1632 1812 1770 1884 regis
1805 1822 1855 1866 et
1896 1829 1995 1885 po-
2029 1799 2072 1862 Β
2098 1802 2263 1860 LXV.
2302 1803 2409 1858 Hic
2436 1804 2625 1875 accipit
2652 1802 2842 1875 Ephod
2861 1804 2926 1860 ab
2948 1803 3197 1860 Abiathar
3220 1806 3484 1862 sacerdote
3509 1814 3557 1861 et
3579 1814 3697 1862 orat

464 1910 665 1956 testate.

386 1991 584 2049 XXIII.
624 1993 705 2050 De
733 1996 975 2051 unctione
1001 1994 1186 2053 Saulis
1213 1997 1372 2069 regis.

384 2083 583 2146 XXIV.
629 2084 728 2141 Ubi
766 2103 798 2141 a
829 2086 1071 2144 Samuele
1098 2089 1314 2160 ungitur
1343 2088 1516 2158 Saul,
1550 2098 1597 2146 et
1632 2089 1812 2145 osculo
1849 2088 1995 2144 acci-

462 2177 626 2245 pitur.

388 2264 558 2323 XXV.
600 2266 736 2324 Saul
760 2269 941 2340 incipit
969 2268 1297 2341 prophetare.

391 2355 584 2415 XXVI.
625 2359 962 2428 Conﬁrmatio
982 2362 1120 2433 regis
1142 2361 1297 2432 Saul,
1317 2371 1365 2418 et
1381 2364 1657 2438 descriptio
1680 2364 1805 2437 legis
1824 2364 1991 2437 regni.

388 2447 610 2504 XXVII.
653 2449 894 2505 Primum
924 2452 1163 2521 prcelium
1191 2453 1348 2510 Saul.

391 2538 630 2596 XXVIII.
673 2540 776 2597 Ubi
820 2540 1037 2597 Samuel
1085 2543 1150 2598 de
1191 2547 1509 2616 temporibus
1551 2551 1660 2605 suis
1708 2549 1993 2621 alloquitur

463 2633 732 2707 populum.

384 2721 581 2780 XXIX.
625 2725 1018 2784 Consummatio
1040 2730 1374 2787 allocutionis
1394 2732 1633 2805 Samuel,
1657 2746 1707 2790 et
1727 2736 1791 2790 de
1816 2735 1995 2807 populi

458 2817 795 2888 paenitudine.

386 2908 563 2966 XXX.
607 2911 821 2969 Samuel
851 2914 1066 2972 Saulcm
1098 2919 1428 2989 reprehendit
1456 2921 1511 2977 in
1540 2921 1804 2990 offerendo
1831 2926 1993 2982 sacri.

461 3004 599 3072 ﬁcio.

387 3092 586 3150 XXXI.
630 3096 790 3154 Solus
813 3098 1072 3157 Jonathas
1097 3112 1281 3160 contra
1307 3105 1649 3165 Philisthwos
1677 3109 1987 3183 ingreditur.

382 3183 601 3242 XXXII.
643 3186 916 3262 Jejunium
934 3192 1184 3250 indicitur
1205 3214 1238 3251 a
1266 3198 1451 3254 Saule.

382 3274 625 3333 XXXIII.
668 3278 873 3337 Pecora
914 3300 1018 3339 non
1058 3303 1158 3342 sua
1203 3291 1428 3361 populus
1468 3292 1728 3350 decisione
1771 3305 1995 3352 mactata

460 3369 767 3426 manducat.

385 3456 633 3517 XXXIV.
678 3463 985 3522 Occisurum
1003 3467 1293 3528 Ionatham
1317 3475 1456 3531 Saul
1479 3480 1753 3549 promittit,
1776 3497 1834 3537 eo
1854 3484 1995 3553 quod

457 3552 712 3609 indictum
723 3557 995 3629 jejunium
1020 3578 1122 3617 non
1150 3565 1527 3637 observaverit,
1552 3572 1800 3643 petiitque
1818 3552 1914 3645 pro
1935 3590 1995 3630 eo

463 3647 709 3718 populus.

381 3736 611 3794 XXXV.
652 3739 981 3816 Prteceptum
999 3748 1215 3805 Domini
1236 3753 1307 3807 ad
1328 3754 1467 3810 Saul
1496 3755 1561 3812 de
1579 3774 1702 3813 nece
1722 3758 1993 3819 Amalech.

390 3826 639 3926 XXXVI.
682 3831 938 3892 Dominus
962 3840 1212 3897 irascitur
1246 3844 1382 3901 Saul
1407 3863 1502 3917 pro
1525 3848 1672 3922 Agag
1696 3868 1813 3926 rege
1838 3853 1998 3910 Ama-

465 3920 543 3974 lec
566 3933 790 3980 servato.

388 4009 662 4071 XXXVII.
708 4019 863 4088 Quod
915 4026 1104 4082 melius
1154 4029 1222 4085 sit
1268 4030 1588 4106 obedientia,
1632 4054 1787 4109 quam
1834 4044 1995 4099 sacri-

466 4109 665 4176 ﬁcium.

738 4202 838 4259 Ubi
866 4206 1089 4265 Samuel
1108 4214 1258 4287 Agag
1279 4232 1447 4290 regem
1472 4220 1745 4293 interfecit.

395 4289 647 4349 XXXIX.
695 4293 797 4349 Ubi
844 4298 1070 4355 mittitur
1114 4303 1443 4362 Samuelad
1490 4289 1788 4383 ungendum
1833 4314 2000 4373 David

469 4401 662 4459 regem.

396 4475 512 4531 XL.
558 4476 658 4533 Ubi
684 4480 883 4554 singuli
910 4483 1012 4555 ﬁlii
1039 4485 1158 4543 Isai
1186 4490 1476 4559 offeruntur
1505 4495 1759 4555 Samueli.

392 4566 535 4625 XLI.
582 4570 683 4627 Ubi
713 4576 928 4647 ungitur
957 4577 1132 4635 David
1156 4598 1191 4635 a
1220 4583 1487 4642 Samuele.

602 4662 680 4755 De
708 4668 1003 4736 arreptione
1029 4670 1218 4727 Saulis
1242 4686 1291 4729 et
1321 4679 1506 4749 spiritu
1531 4697 1769 4755 nequam.

392 4749 579 4806 XLIII.
614 4752 715 4810 Ubi
740 4756 910 4813 David
933 4762 1003 4815 ad
1027 4762 1166 4820 Saul
1192 4768 1492 4827 adducitur.

390 4842 584 4902 XLIV.
626 4845 861 4918 Captum
887 4849 1079 4910 Colice.

393 4932 560 4990 XLV.
605 4935 707 4993 Ubi
731 4937 904 4996 David
932 4961 967 4997 a
995 4945 1131 5004 Saul
1156 4954 1372 5011 recedit.

398 5025 586 5083 XLVI.
625 5030 669 5082 A
690 5041 837 5102 patre
864 5047 982 5105 post
1004 5039 1198 5109 fratres
1223 5047 1446 5104 mittitur
1471 5048 1663 5109 David.

392 5116 607 5176 XLVII.
654 5122 750 5178 Ubi
777 5142 834 5181 se
863 5128 1014 5197 offert
1045 5132 1214 5190 David
1243 5148 1426 5195 contra
1456 5142 1685 5202 Goliam.

392 5207 629 5268 XLVIII.
677 5212 777 5270 Ubi
802 5216 973 5272 David
997 5222 1255 5295 interfecit
1282 5227 1511 5288 Goliam.

393 5299 588 5359 XLIX.
627 5304 885 5364 Jonathas
915 5310 972 5365 in
994 5328 1173 5371 amore
1198 5322 1395 5390 accepit
1422 5322 1611 5381 David.

386 5394 460 5452 L.
502 5395 604 5453 Ubi
645 5409 801 5454 cantu
842 5402 1101 5474 virginum
1144 5408 1199 5464 in
1245 5412 1423 5468 odium
1460 5415 1662 5488 David,
1709 5420 1842 5479 Saul
1875 5438 1993 5481 mo-

465 5494 547 5541 ιω
573 5496 670 5543 est.

389 5577 483 5635 LI.
527 5579 628 5637 Ubi
656 5580 830 5639 David
848 5601 880 5641 a
907 5585 1045 5643 Saul
1071 5588 1253 5648 Merob
1272 5595 1386 5666 ﬁlia
1410 5603 1748 5671 promittitur.

544 5672 831 5771 [iical‘teri
848 5679 1005 5735 datur
1038 5682 1239 5753 Merob,
1270 5698 1319 5743 et
1350 5690 1553 5750 Michol
1576 5699 1623 5753 ei
1650 5700 1987 5771 promittitur.

390 5761 528 5823 LIII.
572 5766 671 5823 Ubi
700 5767 900 5829 Michol
926 5788 1139 5833 uxorem
1161 5774 1333 5835 David
1356 5787 1575 5857 accepit.

2171 1895 2366 1952 David.

2096 1989 2287 2047 LXVI.
2326 1989 2546 2064 Zypluei
2573 1988 2745 2047 David
2778 2007 2834 2048 se
2863 1993 3147 2050 tradituros
3178 1993 3332 2051 Sauli
3365 1993 3690 2067 promittunt.

2095 2083 2303 2141 LXVII.
2344 2083 2415 2140 In
2452 2085 2699 2155 spelunca
2738 2087 2940 2158 positus
2988 2085 3161 2142 David
3207 2087 3360 2146 Sauli
3403 2086 3692 2160 clamgdem

2167 2176 2425 2248 praecidit.

2094 2267 2326 2324 LXVIII.
2368 2268 2591 2324 Locutio
2630 2268 2802 2325 David
2840 2270 2911 2325 ad
2948 2270 3104 2339 Saul,
3142 2273 3283 2344 quod
3310 2272 3358 2330 ei
3386 2273 3690 2347 pepercerit.

2094 2360 2278 2417 LXIX.
2325 2361 2402 2417 De
2422 2362 2744 2435 paenitudine
2775 2363 2916 2421 Saul
2939 2381 3064 2437 erga
3092 2364 3288 2423 David.

2094 2452 2261 2510 LXX.
2302 2452 2536 2526 Cmptum
2569 2452 2764 2509 Nabal.

2095 2545 2286 2603 LXXI.
2330 2547 2509 2604 Nabal
2529 2559 2683 2620 negat
2709 2546 2881 2604 David
2903 2550 3225 2606 alimoniam.

2094 2637 2309 2695 LXXII.
2353 2639 2579 2697 Moritur
2606 2642 2805 2711 Nabal,
2831 2655 2879 2699 et
2909 2660 3125 2700 uxorem
3149 2645 3261 2714 ejus
3279 2645 3476 2719 accepit
3499 2644 3686 2702 David.

2094 2729 2330 2788 LXXIII.
2371 2731 2542 2789 David
2577 2744 2845 2806 acceptam
2875 2734 3071 2792 Michol
3096 2737 3264 2807 ﬁliam
3296 2738 3453 2808 Saul,
3491 2747 3542 2793 et
3568 2738 3693 2794 Abi-

2165 2825 2293 2896 gail,
2326 2825 2418 2880 sed
2444 2835 2493 2881 et
2522 2825 2774 2883 Ahinoem
2805 2827 2956 2884 habet
2986 2844 3224 2884 uxorem.

2093 2918 2332 2976 LXXIV.
2377 2918 2477 2975 Ubi
2506 2919 2640 2977 Saul
2658 2921 2866 2977 Michol
2885 2922 3037 2977 alteri
3066 2922 3206 2978 dedit
3231 2940 3465 2980 umorem.

2094 3008 2309 3065 LXXV.
2351 3009 2653 3069 Dormiente
2682 3013 2825 3068 omni
2845 3014 3097 3084 exercitu,
3120 3012 3293 3070 David
3315 3031 3349 3071 a
3367 3016 3531 3088 capite
3554 3015 3690 3088 Saul

2164 3103 2369 3158 hastam
2394 3104 2532 3159 tulit.

2020 3187 2067 3252 C
2096 3192 2333 3250 LXXVI.
2380 3193 2480 3251 Ubi
2508 3199 2899 3271 expergefactus
2938 3198 3072 3254 Saul
3104 3198 3391 3272 alloquitur
3417 3200 3687 3258 Davidem.

2094 3285 2352 3342 LXXVII.
2396 3287 2497 3343 Ubi
2516 3290 2743 3344 moritur
2772 3289 3013 3347 Samuel.

2092 3378 2379 3437 LXXVIII.
2422 3379 2523 3437 Ubi
2548 3382 2904 3455 pythonissam
2932 3385 3157 3442 consulit
3182 3385 3339 3445 Saul.

2092 3470 2334 3528 LXXIX.
2380 3472 2480 3528 Ubi
2517 3474 2817 3546 prohibetur
2846 3476 3021 3531 David
3069 3477 3123 3532 in
3166 3480 3355 3535 bellum
3396 3480 3472 3536 ire
3511 3490 3691 3537 contra

2167 3564 2358 3622 Israel.

2094 3656 2313 3715 LXXX.
2353 3657 2691 3732 Insurgentes
2737 3662 3040 3722 Amalecin
3078 3681 3111 3719 a
3150 3664 3320 3720 David
3359 3674 3685 3739 superantur.

2094 3749 2336 3806 LXXXI.
2382 3750 2482 3806 Ubi
2507 3754 2644 3807 eruit
2672 3754 2841 3809 David
2867 3755 3119 3827 praedam.

2095 3847 2357 3906 LXXXII.
2403 3847 2505 3906 Ubi
2531 3863 2811 3923 superatur
2832 3864 2877 3909 et
2902 3853 3156 3910 occiditur
3179 3852 3333 3910 Saul.

2169 3942 2246 3997 Ibi
2271 3942 2497 4013 explicit
2524 3944 2662 4001 liber
2690 3946 2897 4017 primus
2924 3946 3168 4005 Samuel.

2097 4031 2386 4089 LXXXIII.
2430 4033 2531 4090 Ubi
2559 4036 2747 4092 occidit
2768 4038 2939 4093 David
2960 4036 3233 4108 nuntium,
3257 4039 3347 4111 qui
3371 4040 3691 4096 nuntiaverat
3788 4038 3793 4045 ’

2172 4125 2305 4183 Saul
2334 4136 2619 4186 mortuum.

2100 4219 2387 4276 LXXXIV.
2429 4219 2556 4277 Post
2582 4232 2799 4278 mortem
2821 4224 2959 4281 Saul
2978 4228 3190 4301 ungitur
3209 4225 3402 4294 David,
3426 4234 3474 4281 et
3492 4233 3690 4297 regnat.

2098 4311 2367 4370 LXXXV.
2410 4312 2511 4369 Ubi
2554 4328 2917 4374 commemorat
2958 4318 3130 4375 David
3164 4336 3220 4378 se
3259 4337 3292 4375 a
3324 4319 3518 4392 populo
3551 4318 3696 4374 Iuda

2171 4415 2383 4461 unctum
2411 4422 2536 4463 8888.

2100 4497 2387 4555 LXXXVI.
2408 4499 2507 4556 Ubi
2529 4501 2724 4573 factum
2735 4511 2810 4560 est
2832 4503 3025 4561 bellum
3036 4506 3169 4562 inter
3183 4504 3419 4563 Isboseth
3442 4512 3487 4562 et
3499 4503 3692 4561 David.

2023 4568 2080 4631 D
2102 4590 2414 4648 LXXXVII.
2460 4568 2559 4649 Ubi
2594 4596 2783 4652 occidit
2824 4596 2996 4653 Abner
3048 4599 3201 4656 Asael
3251 4599 3467 4671 fratrem
3492 4597 3626 4656 Joab
3660 4616 3695 4655 a

2173 4694 2320 4754 parte
2344 4686 2534 4742 David.

2102 4774 2434 4833 LXXXVIII.
2469 4777 2700 4835 Nomina
2722 4781 2949 4851 ﬁliorum
2982 4782 3155 4838 David
3182 4800 3293 4856 seu,
3318 4785 3411 4858 qui
3436 4786 3545 4841 nati
3574 4792 3698 4841 sunt

2174 4885 2238 4924 ea:
2262 4869 2479 4926 diversis
2499 4873 2770 4928 matribus.

2102 4960 2393 5021 LXXXIX.
2441 4965 2540 5022 Ubi
2566 4968 2817 5024 occiditur
2843 4969 3015 5027 Abner
3034 4988 3067 5027 a
3088 4970 3224 5029 Joab
3244 4973 3478 5047 principe
3498 4970 3698 5027 militia:

2170 5061 2362 5116 David.

2100 5146 2215 5206 XC.
2258 5148 2605 5224 Miphiboseth
2631 5152 2877 5211 Jonatha:
2904 5156 3049 5227 ﬁlius
3074 5157 3347 5214 invenitur.

2102 5237 2240 5296 XCI.
2282 5240 2388 5295 Hic
2413 5244 2668 5300 occiditur
2690 5244 2927 5309 Isboseth
2951 5249 3091 5318 ﬁlius
3123 5248 3279 5306 Saul.

2099 5333 2261 5391 XCII.
2306 5335 2407 5393 Ubi
2436 5339 2680 5411 interﬁcit
2703 5341 2876 5397 David
2905 5344 3156 5400 occisores
3184 5343 3447 5402 lsboseth.

2101 5424 2286 5482 XCIII.
2331 5428 2431 5485 Ubi
2463 5432 2528 5486 ab
2553 5432 2693 5487 omni
2717 5432 2909 5506 populo
2941 5432 3111 5491 Israel
3138 5452 3230 5492 rea:
3258 5437 3470 5510 ungitur
3494 5444 3543 5493 et
3567 5452 3694 5493 con-

2172 5520 2405 5575 stituitur
2431 5522 2624 5578 David.
3140 5525 3143 5527 ’

2099 5608 2286 5665 XCIV.
2331 5610 2429 5667 Ubi
2464 5612 2651 5669 Hiram
2673 5632 2767 5672 rea:
2789 5617 2979 5688 prtebet
3008 5616 3154 5691 ligna
3180 5620 3364 5676 domui
3392 5620 3580 5676 David.

2098 5700 2270 5851 XCVI;
2310 5702 2412 5759 Ubi
2455 5707 2668 5763 nomina
2712 5709 2949 5779 ﬁliorum
2993 5710 3165 5768 David
3213 5712 3278 5770 de
3323 5714 3538 5771 diversis
3584 5730 3697 5770 ma-

2171 5795 2239 5851 tri
2272 5812 2354 5851 us.
2388 5808 2394 5823 ‘

2171 5795 2354 5853 tribus.
2388 5808 2394 5823 ‘
