4144 6364
473 280 569 337 661

1382 256 1937 344 RECAPITULATIO
1979 288 2066 344 ve
2106 287 2312 346 meno
2351 289 2561 347 emno
2599 291 2983 349 MALACIIIM.

3659 293 3769 353 562

473 395 654 453 XCVI.
701 395 802 452 Hic
831 396 1144 467 transfertur
1175 413 1296 453 arca
1331 401 1623 454 testamenti
1651 400 1715 454 de
1745 400 1896 456 domo
1924 400 2066 456 Ami-
2093 406 2142 464 Α
2170 401 2356 458 CXVI.
2401 404 2502 460 Ubi
2527 408 2658 477 fugit
2683 407 2854 462 David
2876 408 3141 463 Absalom.

545 489 737 546 nadab.

473 580 678 639 XCVII.
728 581 830 637 Hic
853 583 1142 638 ostenditur
1179 583 1380 638 Michol
1400 585 1511 656 ﬁlia
1541 585 1674 640 Saul
1703 586 1911 640 sterilis.

2175 494 2379 551 CXVII.
2427 497 2526 551 Hic
2555 498 2708 552 mittit
2742 499 2907 554 David
2931 510 3111 555 contra
3133 499 3400 555 Absalom.

2174 586 2404 643 CXVIII.
2449 589 2549 644 Ubi
2576 590 2745 646 Semei
2770 594 3080 646 convitiatur
3104 592 3294 646 David.

469 675 702 732 XCVIII.
749 674 849 731 Ubi
876 676 1183 731 admonetur
1225 677 1392 731 David
1435 694 1525 748 per
1565 680 1893 750 praphetam,
1934 681 2072 750 quod
2171 679 2358 737 CXIX.
2399 681 2684 736 Consilium
2737 683 3074 756 Architophel
3109 685 3307 750 datum,
3346 692 3401 738 ut
3439 685 3766 759 ingrediatur

541 770 789 842 templum
815 768 1030 824 Domini
1060 771 1173 840 ipse
1197 774 1431 842 [acturus
1460 787 1562 824 non
1590 772 1676 825 sit.

469 863 656 922 XCIX.
702 862 886 918 Oratio
907 862 1080 918 David
1105 873 1218 934 post
1247 863 1615 919 allocutionem
1638 864 1922 937 prOphette.

464 956 530 1013 C.
569 956 964 1012 Consummatio
990 956 1242 1010 orationis
1269 956 1459 1010 David.

467 1048 554 1106 CI.
601 1046 701 1104 Ubi
721 1048 1028 1117 ostenditur,
1051 1048 1191 1120 quod
1211 1049 1372 1103 multa
1392 1050 1560 1121 spolia
1580 1058 1627 1104 et
1649 1066 1863 1105 munera
1877 1051 2068 1106 sancti-

540 1142 770 1210 ﬁcaverit
798 1141 1048 1196 Domino.
2020 1183 2030 1214 ι

464 1231 578 1290 CII.
615 1232 714 1289 Ubi
741 1232 969 1304 refertur
1003 1233 1288 1305 Scriptura
1317 1235 1388 1288 ad
1407 1233 1755 1307 Miphiboseth
1776 1237 1946 1307 ﬁlium
1972 1236 2067 1292 Jo-

539 1325 734 1380 nat/ue.

464 1414 598 1473 CIII.
643 1415 742 1472 Ubi
783 1415 1111 1473 contrahitur
1147 1417 1340 1474 bellum
1370 1419 1615 1476 adversus
1659 1420 1863 1478 Amnon
1894 1422 2065 1494 ﬁlium

541 1511 783 1566 Ammon.

462 1599 600 1657 CIV.
630 1600 882 1675 Ilicvidit
923 1601 1089 1656 David
1116 1599 1370 1659 Bersabee
1396 1621 1610 1660 uxorem
1643 1605 1786 1661 Uria:
1814 1606 2058 1664 Hetthwi.

462 1692 575 1749 CV.
619 1693 838 1749 Nathan
865 1692 1130 1768 PrOpheta
1158 1695 1445 1768 alloquitur
1474 1696 1645 1752 David
1675 1699 1739 1753 de
1769 1717 1933 1757 uxore
1963 1703 2064 1758 viri

541 1787 795 1845 Heu/nati.

461 1879 598 1936 CVI.
644 1880 746 1936 Ubi
766 1881 1000 1958 agnoscit
1026 1891 1292 1954 peccatum
1315 1882 1509 1938 David.

459 1977 619 2035 CVII.
661 1977 841 2035 Filius
864 1981 1035 2036 David
1067 1993 1218 2037 natus
1249 1983 1314 2038 de
1341 1982 1597 2038 Bersabee
1626 1984 1866 2042 moritur.

457 2072 644 2128 CVIII.
689 2073 766 2128 De
786 2072 1037 2130 Bersabee
1060 2076 1297 2130 nascitur
1326 2076 1607 2132 Salomon.

460 2164 600 2222 CIX.
643 2164 746 2220 Hic
772 2165 994 2222 Ammon
1019 2184 1248 2222 sororem
1273 2186 1423 2223 suam
1450 2187 1627 2226 amare
1647 2173 1818 2245 capit.

457 2257 577 2315 CX.
621 2259 724 2314 Ubi
751 2258 982 2314 Thamar
1006 2261 1218 2333 pellitur
1232 2261 1294 2316 ab
1322 2263 1564 2332 Ammon,
1595 2275 1640 2319 et
1668 2267 1953 2340 suscipitur
1994 2269 2059 2323 ab

534 2360 780 2416 Absalom
808 2362 970 2432 fratre
999 2379 1115 2418 suo.

458 2463 600 2520 CXI.
645 2463 746 2520 Hic
777 2465 1031 2520 occiditur
1057 2467 1276 2520 Ammon
1301 2467 1365 2521 ab
1392 2468 1660 2523 Absalom.

459 2565 619 2624 CXII.
668 2566 770 2623 Ubi
795 2566 928 2623 Joab
947 2568 1170 2623 immittit
1203 2571 1471 2626 mulierem
1494 2572 1826 2629 simulantem
1855 2575 2057 2630 luctum

533 2687 627 2743 pro
649 2671 919 2726 Absalom.

464 2771 648 2829 CXIII.
698 2772 797 2828 Hic
823 2773 998 2829 David
1026 2791 1057 2829 a
1085 2773 1301 2831 muliere
1345 2774 1587 2832 Tltecuite
1631 2777 1872 2850 placatur
1905 2796 2060 2852 super

534 2875 800 2930 Absalom.

459 2976 646 3033 CXIV.
691 2976 792 3033 Ubi
813 2987 1030 3050 segetem
1058 2977 1194 3034 Joab
1222 2979 1469 3034 Absalom
1489 2981 1636 3052 jubet
1665 2982 1893 3039 incendi.

462 3083 622 3140 CXV.
659 3083 763 3139 Hic
789 3084 1034 3139 Absalom
1070 3086 1315 3140 mentitur
1343 3095 1517 3141 votum
1547 3087 1815 3158 sacriﬁcii,
1870 3097 1928 3143 ut
1964 3090 2061 3145 iret

531 3184 584 3237 in
613 3181 828 3239 Hebron
849 3192 897 3240 et
920 3200 974 3239 se
1001 3184 1192 3256 faceret
1209 3202 1400 3257 regem.

2242 771 2480 825 Absalom
2507 773 2576 826 ad
2605 776 2915 828 concubinas
2939 776 3105 844 patris
3131 775 3233 830 sui.

2171 861 2335 917 CXX.
2385 863 2482 917 Ubi
2507 863 2840 936 Architophel
2861 883 2914 920 se
2935 877 3323 938 persecuturum
3351 869 3524 923 David
3552 869 3769 940 promit-

2172 958 2251 1021 tit,
2275 957 2415 1027 quod
2442 957 2633 1013 Chusai
2659 959 2940 1031 improbat.

2165 1049 2354 1106 CXXI.
2396 1049 2495 1106 Ubi
2521 1050 2853 1123 Architophel
2872 1053 3052 1124 laqueo
3081 1071 3132 1109 se
3155 1055 3404 1124 interfecit

2168 1140 2376 1196 CXXII.
2419 1141 2687 1197 Prodeunt
2715 1141 2849 1198 Joab
2874 1154 2923 1199 et
2951 1145 3130 1199 Abisai
3151 1147 3402 1202 adversus
3430 1145 3696 1203 Absalom.

2167 1229 2401 1287 CXXIII.
2433 1232 2536 1286 Hic
2562 1233 2806 1288 Absalom
2831 1235 3084 1289 invenitur
3109 1253 3301 1306 quercu
3332 1254 3637 1306 suspensus.

2166 1323 2404 1381 CXXIV.
2437 1325 2539 1381 Ubi
2565 1327 2807 1381 Absalom
2834 1327 3105 1382 nuntiatur
3136 1331 3358 1385 occisus.

2165 1415 2378 1474 CXXV.
2401 1417 2535 1474 Joab
2557 1421 2796 1491 princeps
2817 1420 3020 1476 militiw
3043 1422 3306 1492 irascitur,
3331 1440 3390 1478 eo
3411 1425 3549 1496 quod
3569 1426 3767 1497 lugeret

2244 1511 2410 1564 David
2439 1511 2702 1567 Absalom.

2165 1603 2400 1660 CXXVI.
2431 1605 2530 1661 Ubi
2560 1614 2702 1676 optat
2730 1608 2952 1679 populus
2973 1618 3224 1665 revertere
3255 1610 3323 1662 ad
3347 1609 3541 1664 David.

2165 1698 2424 1754 CXXVII.
2461 1699 2566 1754 Hic
2619 1700 2789 1756 Semei
2817 1701 3009 1755 dimitti
3053 1702 3148 1756 sibi
3196 1711 3348 1773 rogat
3388 1718 3484 1774 pro
3526 1704 3762 1774 irrogata

2093 1802 2143 1862 Β
2239 1792 2459 1864 injuria.

2161 1884 2441 1942 CXXVIII.
2478 1885 2574 1941 Ubi
2618 1887 2774 1941 tradit
2825 1885 3085 1943 Berzellai
3121 1889 3292 1958 ﬁlium
3335 1905 3488 1943 suum
3527 1887 3762 1944 Chaman

2234 1978 2404 2032 David
2428 1980 2559 2049 regi.

2160 2068 2401 2125 CXXIX.
2445 2070 2573 2126 Siba
2601 2070 2854 2143 papulum
2882 2071 3054 2126 Israel
3083 2074 3343 2140 separavit
3376 2088 3408 2125 a
3439 2071 3632 2125 David.

2159 2160 2374 2217 CXXX.
2409 2162 2508 2218 Ubi
2535 2164 2788 2219 occiditur
2813 2165 3046 2219 Amasias
3071 2183 3102 2218 a
3127 2164 3283 2219 Joab.

2159 2251 2400 2309 CXXXI.
2434 2253 2630 2310 Mulier
2655 2255 2944 2328 alloquitur
2974 2255 3130 2326 Joab,
3167 2274 3282 2328 qua:
3326 2265 3374 2311 et
3419 2264 3575 2328 caput
3622 2254 3765 2311 Siba:

2239 2348 2480 2416 protulit.

2163 2436 2423 2494 CXXXII.
2454 2438 2556 2495 Ubi
2581 2439 2889 2496 Gabaonitaa
2905 2451 3097 2512 septem
3118 2457 3184 2496 ea:
3203 2443 3396 2497 semine
3419 2438 3557 2496 Saul
3581 2448 3761 2513 petunt

2232 2531 2286 2585 in
2309 2548 2536 2602 poenam,
2565 2549 2693 2604 quos
2721 2542 2768 2588 et
2794 2535 3077 2606 accipiunt.

2161 2623 2447 2682 CXXXIII.
2482 2626 2580 2683 Ubi
2604 2645 2722 2684 ossa
2748 2628 2903 2696 Saul,
2927 2639 2976 2684 et
2999 2629 3242 2686 lauat/ta:
3269 2630 3469 2702 colligit
3492 2628 3684 2684 David.

2161 2717 2446 2776 CXXXIV.
2478 2721 2582 2775 Hic
2614 2717 2860 2778 Psalinus
2885 2724 3068 2796 incipit
3089 2723 3136 2778 Χ
3147 2723 3228 2801 γι
3236 2721 3286 2778 Ι.

2163 2812 2424 2870 CXXXV.
2455 2815 2622 2870 David
2641 2833 2830 2887 aquam
2852 2817 2951 2873 sibi
2973 2817 3092 2872 dari
3113 2818 3262 2890 jubet
3283 2818 3347 2873 de
3369 2819 3616 2886 cisterna,
3646 2831 3762 2889 qua:

2236 2919 2312 2963 est
2341 2909 2394 2962 in
2420 2907 2580 2964 Beth-
2593 2909 2766 2965 Leem.

2164 2997 2450 3056 CXXXVI.
2485 3000 2585 3056 Ubi
2597 3003 2747 3072 jubet
2773 3003 2942 3058 David
2971 3005 3229 3060 numerari
3252 3005 3524 3075 papulum.

2164 3090 2473 3151 CXXXVII.
2501 3092 2606 3147 Per
2633 3093 2748 3148 Gad
2767 3094 3069 3168 prophetam
3099 3095 3354 3150 Dominus
3382 3097 3436 3150 in
3463 3095 3624 3149 tribus
3648 3108 3762 3147 cor-

2235 3187 2548 3243 rectionibus
2580 3188 2810 3259 loquitur
2833 3189 3026 3244 David.

1141 3453 1166 3482 α
1198 3434 1847 3498 RECAPITULATIO
1887 3436 1992 3497 DE
2037 3435 2277 3498 LIBBO
2320 3435 2572 3498 PRIMO
2615 3393 3075 3499 MALACHIM.

464 3557 501 3612 I.
550 3557 623 3614 De
652 3557 891 3614 Helcana
919 3567 969 3614 et
991 3558 1236 3614 uxoribus
1260 3562 1376 3632 ejus
1402 3568 1449 3614 et
1482 3558 1548 3613 de
1566 3557 1691 3614 Heli
1718 3559 1983 3628 sacerdote
2012 3560 2132 3622 etC
2236 3559 2436 3624 urbem,
2492 3569 2542 3614 et
2598 3559 2662 3614 de
2715 3559 3110 3630 conﬁrmatione
3152 3559 3298 3632 regni
3347 3557 3483 3614 Saul
3526 3558 3580 3614 in
3628 3556 3760 3613 Gal-

533 3651 596 3704 de
630 3651 899 3706 nativitate
923 3649 1212 3707 Samuelis.

465 3743 530 3800 II.
565 3743 641 3798 De
661 3744 860 3799 cantico
886 3746 1074 3814 Annaz,
1103 3752 1152 3798 et
1179 3743 1242 3798 de
1261 3743 1618 3816 iniquitatibus
1648 3743 1877 3812 ﬁliorum
1907 3743 2052 3799 Heli.

466 3833 553 3891 III.
586 3836 664 3892 De
712 3836 954 3893 Samuele
999 3845 1048 3891 et
1097 3837 1440 3907 imputatione
1480 3836 1654 3890 divina
1699 3837 1768 3890 ad
1815 3837 1939 3891 Heli
1965 3854 2057 3910 per

535 3946 652 3984 eum
682 3929 903 3998 directa,
949 3929 1041 3985 ubi
1089 3928 1154 3985 de
1203 3926 1409 3984 Christo
1455 3929 1767 3999 pra-'nuntiat
1797 3929 1905 4002 [AL
1934 3946 2057 4001 pro-

533 4021 780 4094 nuntiat].

467 4113 556 4171 IV.
591 4116 667 4170 De
703 4115 971 4186 Samuele,
1003 4115 1093 4170 ubi
1135 4132 1252 4170 eum
1277 4114 1414 4170 Deus
1455 4124 1637 4183 quarto
1663 4123 1808 4168 vocat
1836 4116 1892 4169 in
1923 4115 2055 4170 visu.

469 4198 481 4204 ‘
536 4210 604 4265 Et
631 4211 694 4264 de
735 4189 1141 4266 Philistinorum
1185 4209 1321 4264 bello
1347 4217 1395 4262 et
1425 4225 1547 4263 arca
1569 4216 1742 4280 capta,
1772 4217 1818 4262 et
1844 4207 1908 4262 de
1941 4206 2060 4263 Heli

532 4313 696 4358 morte
718 4302 828 4375 [AL
857 4301 944 4358 ad.
975 4301 1301 4373 sacerdotis].

464 4397 530 4453 V.
558 4397 635 4450 De
655 4394 754 4450 Dei
785 4396 896 4468 [AL
929 4403 1072 4451 tacet
1102 4392 1219 4465 Dei]
1248 4395 1388 4449 idolo
1422 4392 1607 4464 Dagon
1637 4393 1706 4448 ad
1731 4393 2058 4465 praesentiam

485 4547 494 4556 ,
530 4507 665 4545 arcte
692 4491 980 4562 confracta,
1016 4497 1063 4544 et
1093 4488 1158 4544 de
1189 4489 1358 4560 plagis
1386 4486 1691 4542 Philistinis
1721 4487 1908 4542 illatis.

461 4583 553 4640 VI.
581 4583 655 4638 De
680 4599 816 4638 arca:
843 4583 1016 4638 reditu
1051 4584 1104 4637 in
1145 4581 1461 4649 Bethsamis,
1491 4590 1540 4637 et
1569 4582 1634 4638 de
1660 4583 1818 4654 plaga
1847 4582 1957 4637 illic
1987 4583 2057 4636 ir-

531 4685 739 4748 rogata.

459 4766 576 4823 VII.
609 4768 690 4822 De
730 4783 866 4824 arcte
893 4767 1352 4841 transmigratione
1388 4768 1443 4821 in
1474 4765 1850 4840 Cariathjarim
1879 4768 1932 4820 in
1962 4766 2058 4820 do-

536 4878 674 4916 mum
705 4862 1019 4930 Aminadab,
1051 4872 1100 4916 et
1138 4861 1200 4915 de
1221 4861 1354 4916 bello
1377 4863 1430 4914 in
1456 4878 1559 4933 quo
1586 4859 1910 4916 Philisthiim
1937 4876 2056 4930 per-

531 4959 665 5011 cussi
695 4966 830 5012 sunt.
861 4955 928 5009 Et
956 4957 1020 5011 de
1047 4957 1205 5028 gestis
1238 4956 1476 5012 Samuel.

457 5048 598 5106 VIII.
624 5051 701 5117 De
725 5050 852 5120 ﬁliis
876 5048 1164 5118 Samuelis,
1182 5058 1231 5105 et
1251 5051 1338 5106 ubi
1366 5051 1590 5122 populus
1610 5065 1781 5120 regem
1802 5048 2051 5119 postulat.

531 5142 600 5198 Et
628 5145 694 5199 de
718 5143 884 5200 Saule
911 5154 958 5198 et
979 5145 1244 5200 asinorum
1269 5145 1628 5215 inquisitione.

457 5236 554 5293 IX.
582 5237 662 5293 De
686 5237 851 5294 Saule
877 5248 1032 5292 uncto
1056 5238 1109 5292 in
1142 5254 1334 5309 regem,
1371 5246 1421 5290 et
1469 5237 1601 5291 inter
1629 5235 1909 5306 prophetas
1937 5251 2058 5306 pro-

2319 3670 2383 3707 18.

2319 3670 2383 3707 is.

2157 3653 2356 3801 XIIGDe
2387 3745 2646 3801 Samuelis
2679 3745 2953 3816 prwceptis
2997 3744 3067 3798 ad
3112 3744 3390 3817 papulum,
3431 3752 3478 3798 et
3503 3743 3568 3799 de
3596 3743 3759 3815 signis

2229 3839 2292 3892 de
2317 3838 2441 3892 cwlo
2468 3839 2704 3892 ostensis.

2157 3928 2270 3986 XII.
2301 3930 2376 3982 De
2403 3928 2634 3984 Jonatha
2662 3940 2708 3984 et
2737 3929 2920 3999 Saule,
2976 3929 3237 3998 quomodo
3286 3927 3600 3982 Philistinos
3637 3943 3756 3996 per-

2231 4023 2518 4078 cusserint:
2543 4032 2589 4078 et
2612 4026 2674 4077 de
2696 4022 2880 4090 Saule,
2898 4022 2984 4077 ubi
3010 4021 3314 4078 holocausta
3343 4021 3478 4076 male
3505 4037 3758 4094 praesum-

2231 4117 2331 4188 psit
2357 4114 2568 4183 offerre.

2161 4207 2301 4263 XIII.
2327 4207 2407 4262 De
2432 4207 2689 4274 Jonatha,
2722 4205 2811 4260 ubi
2839 4223 2928 4279 per
2975 4223 3091 4261 eum
3139 4206 3400 4260 Dominus
3445 4204 3762 4259 Philistino-

2231 4318 2350 4355 rum
2376 4311 2544 4355 castra
2574 4300 2850 4372 percussit,
2873 4310 2920 4355 et
2952 4299 3087 4356 Saul
3136 4297 3297 4353 voluit
3340 4313 3454 4352 eum
3484 4312 3580 4368 pro
3605 4305 3757 4368 gusto

2233 4393 2399 4446 mellis
2423 4391 2678 4447 occidere.

2162 4484 2303 4539 XIV.
2331 4485 2408 4538 De
2431 4485 2614 4550 Saule,
2643 4483 2897 4555 quoinodo
2919 4497 3091 4537 omnes
3120 4480 3412 4536 humiliavit
3443 4481 3500 4535 in
3527 4480 3756 4534 circuitu

2233 4579 2490 4644 nationes,
2519 4587 2567 4631 et
2596 4592 2724 4646 quos
2754 4577 2866 4642 ipse
2896 4574 3134 4629 habuerit
3173 4574 3332 4643 ﬁlios,
3363 4572 3443 4627 vel
3467 4572 3752 4643 principes.

2235 4670 2302 4726 Et
2331 4673 2395 4726 de
2424 4672 2637 4725 interitu
2666 4667 2910 4724 Amalech
2955 4670 3010 4722 in
3053 4667 3276 4721 ultiones
3314 4665 3424 4738 [AL
3456 4664 3758 4719 Amalecitaa

2232 4762 2504 4834 ultionem]
2553 4761 2891 4817 Hebraeorum
2941 4762 3002 4815 de
3047 4758 3281 4831 /Egypto
3308 4758 3620 4813 venientium
3641 4757 3752 4830 [AL

2234 4855 2372 4927 Rege
2393 4852 2847 4927 provenientium],
2878 4861 2924 4907 et
2955 4852 3018 4907 de
3049 4852 3197 4922 Agag
3229 4850 3389 4920 Rege.

2083 4967 2138 5028 D
2160 4947 2279 5004 XV.
2305 4948 2382 5002 De
2413 4947 2676 5013 Samuele,
2703 4945 2790 5000 ubi
2815 4946 3029 5001 Saulent
3049 4944 3296 5010 deseruit,
3322 4952 3371 4997 et
3394 4942 3563 4998 David
3583 4943 3757 5008 unxit,

2236 5050 2284 5094 et
2313 5040 2377 5094 de
2405 5039 2595 5110 spiritu
2625 5054 2843 5107 nequam
2871 5037 2960 5107 qui
2985 5035 3200 5092 Saulem
3227 5034 3458 5089 vexabat.

2161 5131 2303 5189 XVI.
2335 5132 2413 5186 De
2440 5131 2570 5185 bello
2601 5129 3002 5184 Philistinorum
3036 5138 3213 5182 contra
3237 5126 3454 5182 Saulem
3481 5140 3502 5180 :
3532 5124 3620 5178 ubi
3647 5123 3758 5179 Da-

2234 5225 2320 5280 vid
2350 5222 2562 5280 Goliath
2585 5221 2860 5291 interfecit,
2895 5229 2940 5274 et
2961 5219 3106 5274 audit
3132 5219 3187 5272 in
3215 5218 3385 5272 decem
3409 5214 3660 5270 millibus.

532 5329 796 5401 phetante,
846 5339 895 5385 et
940 5305 1282 5401 quomodo'in
1319 5327 1546 5401 Maspha
1572 5305 1915 5397 conﬁrmatur
1940 5305 2058 5397 ejus
2163 5319 2327 5377 XVII.
2360 5318 2436 5373 De
2455 5316 2700 5372 Jonatha:
2728 5322 2778 5369 et
2808 5314 2979 5369 David
3001 5305 3197 5379 amd‘re,
3222 5320 3270 5366 et
3301 5311 3364 5365 de
3391 5310 3524 5365 odiis
3553 5309 3690 5364 Saul
3709 5309 3765 5364 in

530 5437 766 5493 regnum.

460 5510 532 5568 X.
566 5513 644 5568 De
673 5511 820 5568 Natis
848 5528 968 5584 rege
995 5511 1238 5582 Ammon,
1268 5511 1529 5583 quomodo
1561 5511 1880 5584 Oppugnavit
1910 5508 2059 5563 labis
2107 5559 2117 5563 ..

533 5675 559 5704 ⁸
588 5667 916 5737 Excepimus
935 5681 966 5721 e
993 5665 1300 5722 Veronensi
1339 5665 1626 5737 antiquiss.
1662 5678 1766 5718 ms.
1794 5663 1859 5717 ad
1884 5676 2044 5737 quem

460 5747 520 5794 et.
562 5733 915 5810 lihros'ipsos
947 5739 1153 5810 Regum
1204 5733 1882 5810 exegiinos._Martialimns
1911 5733 2047 5810 nihil

461 5819 662 5882 praeter
684 5804 870 5870 titulos
894 5809 980 5869 his
1008 5804 1162 5869 libris
1187 5804 1496 5879 praetexuit.
1519 5805 1630 5868 Nos
1658 5807 1804 5879 ipsas
1826 5804 2047 5877 Recapi-

2238 5411 2430 5476 David,
2461 5419 2510 5464 et
2537 5408 2647 5480 [AL
2686 5408 2774 5462 ad.
2803 5405 2912 5478 ubi]
2942 5406 2996 5460 in
3027 5413 3230 5460 centum
3268 5401 3537 5476 prceputiis
3561 5401 3760 5469 accepit

2241 5503 2462 5569 Michol,
2477 5516 2590 5574 quce
2602 5500 2762 5573 patris
2775 5499 2954 5554 dolum
2965 5499 3188 5570 prodens
3208 5495 3408 5550 salvum
3422 5492 3541 5564 fecit
3563 5487 3760 5545 David.

2159 5659 2439 5714 tulationes
2466 5673 2590 5714 cum
2619 5657 2864 5712 editione
2889 5671 3017 5712 ven.
3048 5653 3198 5710 card.
3226 5649 3500 5706 Thomasii
3527 5647 3764 5704 contuli-

2157 5746 2300 5796 mus,
2333 5730 2723 5800 variantesque
2766 5728 3033 5786 lectiones
3059 5725 3126 5783 ad
3152 5724 3360 5796 paginae
3394 5735 3548 5778 oram
3588 5733 3734 5776 anno

2154 5812 2354 5861 tamus.
2649 5845 2652 5847 μ
