4144 6364
407 287 515 344 5‘65

1713 293 1916 356 LIBER
1955 296 1970 351 ι
2011 296 2373 371 δΑΜυβωε.

3583 302 3686 359 566

396 419 575 470 ruam,
601 403 695 470 lilii
721 404 866 470 Eliu,
892 405 1334 472 ﬁliin'l‘hou,lilii
1359 407 1535 478 Soph,
1562 409 1903 482 Ephrataaus,
1932 421 1986 468 et
2014 414 2061 488 Α
2093 413 2238 468 nitus
2289 429 2396 472 non
2446 404 2785 470 audiebatur.
2844 414 3158 472 IEstimavit
3208 414 3370 485 igitur
3407 431 3525 470 eam
3575 417 3691 473 Heli

398 497 586 551 habuit
619 497 755 553 duas
784 512 1000 564 uxores,
1027 513 1221 560 nomon
1252 499 1342 556 ttni
1377 502 1557 569 Anna,
1586 514 1640 556 et
1681 517 1876 562 nomen
1906 519 1992 559 se-

394 591 589 646 cundae
613 590 925 652 Plienenna.
954 591 1306 663 Fueruntque
1323 591 1633 655 Plteuennze
1661 594 1751 648 ﬁlii
1779 614 1791 648 ε
1819 596 1990 650 Amm

392 691 577 738 autem
602 698 709 737 non
739 694 895 739 erant
918 685 1072 744 liberi
1089 685 1167 758 μι.
1188 684 1453 758 Parvuli].
1473 687 1539 741 Et
1558 688 1890 748 ascendebat
1913 690 1992 744 vir

391 774 485 830 ille
514 773 581 830 de
611 776 829 831 civitate
851 791 944 831 sua
972 778 1191 831 statutis
1216 776 1428 847 diebus,
1461 787 1518 833 ut
1543 780 1800 846 adoraret
1821 791 1876 836 et
1905 795 1991 836 sa-

388 866 660 922 criﬁcaret
693 867 1338 924 Dominoexercituumin
1353 871 1488 927 Silo.
1509 871 1678 930 Erant
1707 883 1886 928 autem
1915 873 1987 930 ibi

386 959 496 1016 duo
531 961 619 1014 lilii
653 961 793 1030 Heli,
823 962 998 1032 Ophui
1033 975 1087 1020 et
1116 966 1369 1034 Phinees,
1405 967 1721 1026 sacerdotes
1751 967 1984 1025 Domini.

387 1052 553 1108 Venit
583 1071 711 1126 ergo
734 1056 870 1122 dies,
897 1068 950 1112 et
978 1057 1285 1115 immolavit
1316 1061 1538 1129 Eleaua,
1565 1061 1820 1133 deditque
1849 1062 1985 1120 Phe-

387 1161 580 1208 nennas
619 1149 772 1204 uxori
810 1164 952 1214 suae,
991 1159 1047 1205 et
1089 1152 1300 1207 cunctis
1338 1153 1463 1209 ﬁliis
1505 1155 1656 1223 ejus.
1687 1165 1742 1208 et
1773 1155 1985 1212 ﬁliabus

386 1246 570 1308 partes
602 1256 615 1293 :
652 1242 819 1294 Anum
851 1249 1029 1296 autem
1057 1241 1209 1298 dedit
1234 1254 1440 1314 partem
1472 1261 1630 1302 unam
1665 1245 1740 1317 [h.
1774 1257 1982 1316 partem

385 1344 550 1383 unam
599 1330 895 1404 duplicem]
933 1335 1120 1400 tristis,
1156 1335 1280 1406 quia
1311 1340 1521 1392 Annam
1552 1336 1828 1406 diligebat.
1877 1338 1982 1393 Do-

384 1424 565 1478 minus
605 1435 785 1480 autem
837 1428 1192 1484 concluserat
1242 1431 1454 1485 vulvam
1502 1431 1640 1501 ejus.
1689 1431 1983 1504 Allligebat

383 1531 601 1586 quoque
627 1533 743 1572 eam
774 1520 966 1574 :einula
999 1520 1139 1590 ejus,
1169 1531 1223 1577 et
1256 1522 1610 1579 vehementer
1639 1525 1891 1592 angebat,
1927 1527 1980 1581 in

383 1616 622 1675 tantum,
666 1623 722 1664 ut
755 1612 1116 1681 exprobraret
1158 1615 1300 1686 quod
1331 1616 1692 1672 conclusisset
1724 1618 1980 1674 Dominus

379 1700 600 1754 vulvam
645 1701 761 1771 ejus
795 1722 808 1757 :
840 1705 1024 1773 sicque
1068 1706 1302 1761 faciebat
1355 1723 1451 1778 per
1490 1709 1735 1780 singulos
1778 1725 1984 1780 annos,

2099 505 2477 574 temulentam,
2513 505 2754 574 dixitque
2785 505 2831 560 ei
2867 523 2878 558 :
2911 506 3203 575 Usquequo
3249 506 3397 564 ebria
3426 508 3536 564 eris
3567 525 3581 562 :
3611 507 3693 562 di-

2094 612 2221 666 gere
2251 597 2522 670 paulisper
2544 598 2727 652 vinum
2760 613 2868 668 quo
2893 597 3097 652 mades.
3126 596 3483 670 Respondens
3511 598 3686 668 Anna,

2095 689 2468 761 Nequaquam,
2500 690 2693 759 inquit,
2726 688 2944 745 domine
2976 690 3069 757 mi,
3103 703 3225 744 nam
3272 687 3470 744 mulier
3499 688 3689 747 infelix

2096 781 2256 836 nimis
2305 797 2404 852 ego
2442 798 2584 847 sum,
2622 783 2915 853 vinumque
2950 790 3003 836 et
3043 796 3203 836 omne
3231 781 3372 850 quod
3411 781 3686 838 inebriare

2095 881 2293 944 potest,
2347 889 2453 927 non
2488 871 2633 938 bibi;
2669 872 2764 928 sed
2796 871 2959 927 eﬁudi
2991 873 3225 926 animam
3256 887 3432 928 meam
3464 871 3517 928 in
3547 888 3681 928 con-

2092 976 2276 1038 spectu
2330 965 2568 1021 Domini.
2623 965 2701 1021 Ne
2749 976 2968 1038 reputes
3017 966 3270 1020 ancillam
3325 974 3473 1020 tuam
3529 966 3684 1038 quasi

2093 1078 2254 1118 unam
2296 1060 2363 1114 de
2395 1058 2604 1114 ﬁliabus
2637 1058 2804 1112 Belial
2844 1058 3007 1129 :quia
3037 1073 3106 1112 ex
3138 1056 3490 1112 multitudine
3528 1057 3683 1112 dolo-

2089 1129 2164 1212 ris
2189 1164 2243 1210 et
2273 1152 2522 1210 maeroris
2575 1149 2702 1227 inci,
2733 1151 2916 1204 locuta
2960 1165 3079 1209 sum
3108 1164 3285 1220 usque
3317 1149 3370 1203 in
3419 1163 3682 1218 praesens.

2090 1248 2239 1303 Tunc
2271 1247 2390 1300 Heli
2435 1247 2508 1300 ait
2536 1245 2586 1298 ei
2623 1263 2634 1297 :
2665 1243 2818 1299 Vade
2850 1243 2902 1298 in
2933 1258 3086 1314 pace,
3129 1251 3183 1297 et
3215 1243 3358 1300 Deus
3387 1242 3553 1297 Israel
3587 1241 3679 1298 det

2089 1343 2184 1398 tibi
2229 1341 2545 1413 petitionem
2596 1336 2783 1410 [Vulg.
2828 1337 2996 1390 addit.
3053 1335 3242 1409 tuam],
3276 1352 3440 1406 quam
3473 1335 3679 1408 rogasti

2086 1451 2230 1491 eum.
2269 1435 2331 1488 Et
2360 1433 2447 1487 illa
2479 1432 2615 1485 dixit
2645 1449 2655 1482 :
2688 1429 2912 1485 Utinam
2946 1429 3185 1502 inveniat
3219 1427 3411 1482 ancilla
3432 1436 3520 1482 tua
3551 1442 3676 1500 gra-

2088 1532 2213 1586 tiam
2245 1532 2300 1585 in
2327 1529 2502 1585 oculis
2535 1527 2660 1582 tuis!
2696 1526 2759 1580 Et
2785 1523 2921 1577 abiit
2945 1523 3141 1578 mulier
3168 1523 3220 1576 in
3252 1523 3390 1576 viam
3419 1538 3591 1591 suam,
3623 1530 3680 1580 et

2084 1623 2359 1684 comedit,
2413 1621 2700 1688 vultusque
2735 1617 2880 1672 illius
2913 1632 3022 1670 non
3073 1623 3198 1669 sunt
3227 1615 3460 1684 amplius
3490 1615 3544 1669 in
3595 1613 3682 1668 di-

2084 1728 2240 1769 versa
2287 1712 2499 1766 mutati.
2529 1708 2614 1782 [T.
2654 1708 2738 1780 ιι]
2774 1709 2837 1762 Et
2865 1717 3219 1762 surrexerunt
3253 1723 3429 1775 mane,
3462 1716 3518 1761 et
3539 1706 3678 1761 ado-

380 1805 511 1846 cmn
553 1793 813 1850 redeunte
861 1806 1103 1866 tempore
1145 1799 1514 1855 ascenderunt
1560 1802 1824 1870 templum
1880 1803 1983 1858 Do—
2015 1810 2060 1870 B
2087 1813 2346 1862 raverunt
2385 1817 2566 1857 coram
2617 1800 2866 1865 Domino,
2899 1797 3214 1864 reversique
3258 1807 3404 1863 sunt,
3433 1809 3488 1853 et
3512 1812 3677 1852 vene-

381 1884 549 1950 mini,
575 1895 630 1940 et
668 1887 746 1941 sic
774 1890 1112 1956 provocabat
1139 1905 1282 1946 eam.
1337 1893 1507 1950 Porro
1553 1893 1641 1948 illa
1691 1894 1894 1961 llebat,
1927 1904 1982 1960 et

382 1990 492 2029 non
515 1977 767 2047 capiebat
791 1979 994 2034 cibum.
1045 1982 1194 2037 Dixit
1222 1999 1352 2056 ergo
1377 1985 1425 2039 ei
1458 1986 1653 2041 Elcana
1687 1988 1770 2042 vir
1799 2003 1929 2044 suus
1961 2007 1976 2044 :

385 2068 559 2134 Anna,
590 2083 686 2124 cur
716 2070 846 2124 ﬁes?
872 2080 926 2127 et
957 2089 1125 2142 quare
1154 2089 1259 2130 non
1293 2073 1319 2112 δ
1346 2078 1630 2134 comedis?
1653 2089 1706 2134 et
1728 2096 1886 2150 quam
1911 2081 1980 2138 ob

378 2173 493 2214 rem
525 2158 786 2231 alﬁigitur
839 2177 934 2218 cor
986 2165 1170 2219 tuum?
1199 2166 1469 2240 Numquid
1521 2185 1627 2224 non
1656 2185 1755 2241 ego
1789 2173 1980 2227 melior

376 2266 498 2307 sum
548 2255 642 2308 tibi
689 2271 847 2326 quam
884 2257 1074 2312 decem
1120 2260 1250 2323 ﬁlii?
1304 2261 1558 2318 Surrexit
1595 2273 1772 2318 autem
1821 2265 1976 2320 Anna

375 2357 666 2414 postquam
707 2349 1022 2406 comedet-at
1070 2352 1123 2406 in
1176 2352 1322 2421 Silo,
1369 2365 1422 2409 et
1467 2355 1696 2412 biberat.
1747 2356 1816 2411 Et
1861 2357 1978 2414 lleli

379 2437 664 2494 sacerdote
687 2440 914 2496 sedente
935 2459 1099 2512 super
1117 2444 1306 2499 sellam
1323 2456 1448 2501 ante
1473 2458 1656 2513 postes
1670 2448 1854 2519 templi
1873 2449 1978 2503 Do-

379 2528 530 2593 mini,
553 2546 789 2600 cumque
802 2542 946 2587 esset
969 2549 1155 2588 amaro
1177 2537 1382 2604 animo,
1398 2539 1650 2592 oravitad
1667 2537 1972 2610 Dominum,

376 2618 511 2674 ﬂens
541 2620 782 2692 largiter,
817 2633 873 2678 et
900 2636 1084 2678 vetum
1108 2627 1275 2696 vovit,
1302 2629 1491 2682 dicens
1524 2645 1538 2681 :
1564 2627 1793 2684 Domine
1820 2646 1978 2685 exer-

375 2713 600 2782 cituum,
627 2717 670 2768 si
696 2718 997 2787 respiciens
1018 2717 1218 2774 videris
1237 2718 1581 2776 alﬂictionem
1608 2721 1823 2776 famqu
1847 2733 1972 2796 ture,

373 2814 426 2858 et
449 2805 770 2860 recordatus
825 2809 929 2863 mei
980 2808 1176 2879 lueris,
1212 2827 1312 2866 nec
1366 2811 1573 2868 oblitus
1603 2812 1817 2868 ancilla:
1847 2825 1972 2882 tuae,

377 2898 710 2969 deder-isque
767 2917 938 2956 servae
990 2914 1099 2958 tuae
1148 2920 1337 2960 sexum
1391 2904 1624 2976 virilem,
1680 2907 1821 2960 dabo
1851 2923 1974 2962 eum

379 2990 612 3048 Domino
658 2994 911 3050 omnibus
939 2995 1128 3050 diebus
1163 2998 1287 3051 vitae
1315 2998 1456 3068 ejus,
1485 3007 1541 3055 et
1573 3000 1832 3052 novacula
1866 3014 1974 3054 non

374 3084 635 3140 ascendet
686 3103 851 3156 super
878 3101 1038 3160 caput
1067 3091 1211 3162 ejus.
1247 3089 1468 3146 Factum
1518 3101 1601 3145 est
1649 3107 1800 3162 ergo,
1851 3106 1971 3146 cum

2083 1910 2210 1953 runt
2261 1899 2313 1951 in
2360 1895 2582 1955 domum
2629 1907 2780 1950 suam
2842 1888 3132 1944 Ramatlia.
3184 1885 3450 1960 Cognovit
3491 1899 3672 1943 autem

2085 1990 2279 2044 Eleana
2309 1989 2518 2043 Annam
2551 1998 2779 2039 uxorem
2809 1996 2983 2050 suam,
3017 1991 3072 2035 et
3103 1980 3419 2035 recordatus
3449 1989 3533 2034 est
3561 1980 3678 2050 ejus

2083 2081 2363 2134 Dominus.
2389 2078 2452 2132 Et
2492 2077 2689 2130 factum
2716 2082 2803 2129 est
2841 2081 2958 2143 post
2991 2071 3255 2126 circulum
3284 2072 3517 2139 dierttm,
3548 2086 3676 2140 con-

2080 2173 2226 2241 cepit
2252 2171 2431 2239 Auna,
2455 2179 2508 2224 et
2533 2167 2748 2240 peperit
2768 2165 2962 2230 ﬁlium,
2985 2165 3312 2236 vocavitque
3341 2179 3533 2220 nomen
3558 2166 3674 2232 ejus

2082 2266 2325 2333 Samuel,
2359 2279 2424 2320 eo
2455 2261 2596 2333 quod
2629 2278 2658 2315 a
2677 2259 2911 2315 Domino
2935 2258 3266 2330 postulasset
3295 2273 3439 2312 eum.
3467 2258 3675 2314 Ascen—

2079 2359 2160 2414 dit
2183 2367 2360 2412 autem
2394 2355 2476 2409 vir
2508 2365 2529 2392 ο
2556 2352 2673 2421 ejus
2699 2352 2924 2417 Eleana,
2955 2359 3007 2403 et
3030 2349 3208 2404 omnis
3235 2349 3426 2404 domus
3452 2349 3593 2419 ejus,
3621 2358 3676 2404 ut

2080 2451 2390 2505 immolaret
2441 2446 2673 2500 Domino
2716 2443 2947 2496 hostiam
2990 2441 3289 2496 solemnem
3321 2483 3336 2508 ,
3387 2451 3442 2496 et
3491 2451 3671 2497 votum

2079 2557 2268 2606 suum,
2302 2552 2356 2594 et
2386 2538 2539 2592 Anna
2571 2552 2675 2589 non
2709 2533 2956 2588 ascendit
2990 2551 3002 2586 :
3032 2532 3174 2587 dixit
3216 2533 3359 2586 enim
3384 2532 3501 2587 viro
3529 2548 3666 2588 suo:

2076 2633 2191 2690 Non
2229 2631 2442 2696 vadam,
2469 2629 2641 2682 donec
2666 2624 2970 2679 ablactetur
2993 2622 3192 2692 infans,
3218 2633 3271 2677 et
3292 2623 3484 2678 dueam
3517 2639 3665 2693 eum,

2078 2732 2414 2795 etappareat
2444 2729 2571 2775 ante
2597 2725 2954 2787 conspectum
2983 2715 3223 2781 Domini,
3257 2723 3313 2770 et
3343 2727 3557 2770 maneat
3596 2716 3669 2771 ibi

2071 2818 2294 2888 jugiter.
2341 2814 2412 2868 Et
2449 2813 2523 2866 ait
2554 2811 2600 2865 ei
2640 2807 2828 2880 [γυισ.
2872 2816 3002 2861 tacet
3038 2808 3110 2876 ei]
3145 2807 3343 2861 Eleana
3379 2807 3463 2860 vir
3492 2821 3622 2862 suus
3653 2825 3668 2862 :

2077 2909 2185 2963 Fac
2206 2905 2349 2976 quod
2382 2906 2580 2959 bonum
2621 2899 2714 2955 tibi
2751 2898 2986 2962 videtur,
3033 2907 3088 2952 et
3116 2912 3275 2951 mane
3321 2898 3497 2952 donec
3524 2897 3672 2951 abla-

2077 3012 2192 3057 CIes
2228 3013 2350 3051 eum
2387 3012 2400 3051 :
2432 3007 2738 3063 precorque
2763 3034 2776 3056 ,
2815 3001 2866 3043 ut
2896 2987 3119 3058 impleat
3143 2987 3408 3042 Dominus
3447 2988 3667 3042 verbum

2077 3106 2255 3146 sumn.
2288 3087 2482 3142 Mansit
2514 3099 2644 3155 ergo
2679 3083 2894 3148 mulier,
2945 3089 2998 3136 et
3029 3080 3246 3136 lactavit
3286 3079 3454 3135 ﬁlium
3485 3096 3664 3146 suum,

375 3177 464 3230 illa
516 3180 907 3250 multiplicaret
963 3200 1152 3253 preces
1187 3201 1368 3238 coram
1424 3183 1656 3239 Domino
1683 3225 1699 3250 ,
1755 3197 1810 3239 ut
1856 3184 1971 3240 Heli
2002 3211 2048 3275 Ο
2079 3185 2252 3238 donec
2307 3185 2588 3232 amoveret
2618 3190 2741 3230 eum
2789 3173 3012 3275 a-lacte.
3058 3171 3145 3275 ['l‘.
3184 3171 3416 3275 μηῐῇ
3444 3173 3669 3275 adduxit

373 3267 699 3324 observaret
723 3285 783 3325 os
811 3271 947 3342 ejus.
983 3273 1155 3331 Porro
1183 3277 1334 3330 Anna
1376 3275 1695 3345 loquebatur
1724 3275 1777 3328 in
1804 3275 1971 3329 corde

374 3373 493 3427 suo,
531 3345 1020 3434 tatitumqttedabia
1048 3367 1196 3422 illius
1229 3368 1608 3434 movebantur,
1633 3377 1688 3423 et
1719 3384 1819 3422 vox
1875 3384 1970 3438 pe-

449 3500 667 3578 ¢__E_diti
697 3507 943 3578 nonnulli
965 3518 1020 3561 et
1049 3522 1179 3561 mss.
1210 3509 1559 3577 quamplures
1585 3510 1790 3578 legunt,
1821 3505 1974 3578 Thau

372 3587 439 3627 ex
471 3573 704 3648 Hebraeo
737 3577 946 3648 scilicet
980 3589 1105 3638 mn.
1137 3573 1281 3634 LXX
1322 3573 1387 3640 in'
1423 3573 1796 3648 tnanusc'ripto
1840 3577 1973 3632 Ale-

374 3643 650 3718 xandrino
699 3646 930 3702 retinent
980 3657 1142 3714 eam);
1178 3650 1319 3718 quod
1363 3651 1527 3704 etiam
1566 3643 1853 3704 Chaldaeus
1885 3665 1974 3701 ex-

377 3715 578 3787 pressit
610 3732 731 3770 cum
764 3719 962 3773 bulletn
991 3722 1172 3787 pleno,
1196 3715 1255 3775 ut
1275 3721 1428 3774 aiunt
1449 3721 1821 3786 Grammatici,
1848 3729 1973 3784 ἾΠΠ,

376 3783 581 3847 Thoou,
615 3789 701 3842 vel
736 3787 939 3842 The/tu.
970 3783 1243 3845 Canonem
1276 3791 1412 3848 Heb.
1473 3794 1630 3846 verit.
1659 3805 1713 3846 et
1741 3783 1975 3844 alterum

376 3856 752 3932 ms._codieetn
782 3859 942 3916 Corb.
969 3864 1138 3917 secuti
1161 3878 1371 3930 sumtis,
1393 3864 1554 3918 ambo
1573 3877 1803 3932 namque
1829 3860 1976 3916 Shou

377 3929 678 3986 scribentes
721 3946 914 4006 veram,
959 3933 1253 4006 praeferunt
1293 3933 1605 4006 Hieronymi
1652 3929 1974 4006 lectionem,

381 4006 439 4050 ut
467 4009 807 4068 compertum
833 4001 1096 4058 habemus
1125 4019 1154 4058 e
1185 4005 1327 4058 libro
1369 4001 1643 4059 nominum
1691 4003 1978 4057 llebraico-

377 4084 530 4144 tum,
557 4081 611 4144 et
644 4073 838 4126 iterum
878 4087 909 4126 e
939 4074 1076 4128 libro
1115 4078 1286 4144 primo
1315 4076 1581 4130 adversus
1609 4075 1976 4144 Jovinianum,

379 4138 473 4216 ubi
499 4141 791 4216 S.__Doctor
819 4138 1138 4200 constanter
1177 4147 1386 4216 legebat
1416 4145 1590 4214 Thou,
1637 4147 1754 4202 sive
1797 4138 1980 4200 Thoou

371 4209 531 4279 juxta
561 4212 876 4268 Grzceorum
912 4215 1149 4271 codices.
1192 4209 1366 4272 Μῖυιτ.

455 4281 1073 4362 —Veronens.__at_que
1127 4286 1359 4344 Urbinas
1406 4305 1535 4362 mss.
1588 4305 1710 4346 cum
1748 4289 1979 4362 vulgatis

384 4350 554 4417 Thau,
590 4355 837 4431 quodex
872 4350 1102 4431 l-leli'r_;co
1140 4369 1246 4419 inn
1276 4365 1470 4415 l'ccisse
1502 4361 1725 4415 Hieron.
1750 4350 1926 4431 potuit
1962 4378 1975 4415 :

381 4438 714 4498 quamquam
757 4428 809 4481 in
841 4427 963 4481 aliis
993 4429 1148 4483 libris
1187 4431 1379 4498 legerit
1427 4449 1548 4486 eunt
1576 4427 1778 4488 Grani,
1807 4431 1976 4488 Thou.

459 4491 482 4530 ι’
505 4493 699 4575 Noster
722 4513 824 4554 ms.
859 4500 1112 4568 comedas,
1141 4500 1192 4562 in
1224 4491 1455 4568 liebrmo
1480 4519 1693 4575 quoque
1708 4513 1790 4558 est
1816 4505 1866 4560 in
1899 4504 1977 4556 lu-

384 4595 509 4640 turo
540 4571 733 4652 153m.

461 4669 482 4696 ε
517 4659 670 4740 Ejus,
727 4677 904 4736 neque
937 4663 1196 4719 Hebrmus
1248 4674 1425 4736 textus
1453 4668 1634 4736 habet,
1672 4684 1771 4724 nec
1804 4669 1981 4724 Vero-

383 4745 568 4785 ﬂcllSIS
602 4746 705 4784 IRS.

455 4797 482 4837 ἀ
525 4802 855 4881 Emendath
881 4804 1119 4881 Canonis
1160 4806 1438 4881 Hebraicae
1479 4809 1719 4864 veritatis
1758 4825 1856 4881 pro
1888 4812 1979 4865 tri-

382 4872 475 4924 bus
497 4874 925 4951 modiisjarinie,
965 4878 1313 4934 substituitin
1352 4891 1538 4951 nostro
1577 4872 1894 4951 exemplari,
1929 4894 1975 4936 et

386 4942 579 5018 modio
608 4942 913 5018 furiiuedn
957 4963 1060 5017 qua
1115 4950 1462 5018 permutanda
1514 4942 1756 5008 lectione'
1788 4942 1976 5016 habuit

386 5015 827 5090 astipulatorem,
865 5015 1066 5072 falsum
1116 5015 1533 5090 'Hieronymum
1565 5065 1579 5082 ,
1684 5023 1975 5078 Auctorem

388 5100 584 5149 nempe
628 5087 1002 5152 Quaestionum
1034 5106 1128 5143 seu
1177 5087 1548 5146 'l‘raditionutn
1592 5094 1976 5149 llebraicarum

387 5156 443 5210 in
474 5156 640 5232 libros
673 5157 899 5228 Regum.
948 5159 997 5216 Is
1038 5162 1185 5217 enim
1231 5163 1507 5232 conceptis
1556 5165 1736 5220 verbis
1787 5167 1983 5232 asserit

391 5227 683 5300 mendosos
711 5227 773 5282 ac
801 5241 1088 5298 corrmilos
1120 5247 1239 5290 esse
1281 5227 1590 5287 Latinorum
1623 5236 1858 5300 codices,
1891 5227 1980 5292 tibi

390 5299 585 5354 lectum
618 5309 722 5364 est,
755 5309 813 5372 et
840 5301 1009 5356 tribus
1051 5303 1242 5356 modiis
1276 5304 1461 5358 farina:
1497 5321 1508 5356 :
1541 5306 1591 5358 in
1627 5299 1866 5372 Hebrum,
1897 5308 1978 5361 in-

389 5372 522 5436 quit,
550 5385 651 5422 non
677 5370 836 5448 tribus
861 5373 1047 5448 modiis
1069 5375 1274 5448 furium,
1304 5377 1408 5448 sed,
1427 5375 1597 5428 modio
1630 5380 1818 5448 farina:
1853 5370 1981 5448 legi-

392 5448 478 5490 tur
501 5455 518 5493 :
541 5457 690 5511 quem
718 5442 883 5496 locum
905 5445 1046 5517 apud
1069 5442 1287 5498 Latinos
1311 5442 1758 5517 scriptorum'ritio
1784 5442 1982 5506 constat

394 5517 882 5586 essedepraratum.
910 5514 970 5569 Si
997 5519 1130 5572 enim
1159 5533 1273 5570 cum
1307 5514 1474 5570 vitulis
1515 5519 1697 5586 tribus,
1735 5529 1783 5573 et
1823 5519 1984 5574 tribus

393 5583 577 5661 modiis
620 5583 808 5661 farina:
834 5585 1034 5661 obtulit,
1066 5597 1598 5661 contrahprmccptuin
1643 5583 1766 5661 legis
1812 5593 1932 5661 fecit
1966 5607 1984 5643 :

393 5654 446 5708 in
474 5654 741 5731 legeenim
770 5658 842 5708 ita
865 5659 1164 5731 pra'cipitur
1189 5654 1427 5731 {Mensis
1455 5659 1657 5727 septimi
1679 5654 1844 5731 prima
1875 5661 1984 5714 dies

398 5724 779 5801 venerum/iret
809 5724 993 5801 sancta
1017 5724 1109 5783 erit
1142 5729 1296 5784 vobis.
1333 5724 1649 5801 Omne‘opus
1676 5724 1856 5787 Servile
1880 5749 1985 5788 non

403 5795 601 5863 facietis
623 5811 641 5848 :
664 5795 772 5852 dies
800 5797 1059 5869 clangoris
1081 5811 1152 5854 est
1181 5809 1222 5853 et
1258 5802 1490 5855 tubarum
1512 5818 1528 5857 .'
1552 5795 1872 5873 b/feretisquc
1896 5803 1987 5858 Ito-

2079 3288 2201 3328 eum
2231 3285 2438 3336 secum,
2464 3277 2747 3337 postquam
2770 3265 3157 3331 ablactaverat,
3183 3265 3236 3318 in
3265 3266 3446 3319 vitulis
3473 3265 3668 3332 tribus,

2080 3364 2106 3403 ά
2136 3375 2189 3420 et
2224 3363 2394 3417 tribus
2429 3360 2622 3414 modiis
2653 3356 2859 3421 l'arinze,
2892 3365 2947 3409 et
2992 3356 3254 3426 amphora
3285 3357 3427 3432 vini,
3485 3365 3539 3412 et
3567 3357 3665 3412 ad-

2080 3506 2370 3558 locaustunt
2392 3500 2444 3552 in
2469 3498 2680 3552 odorem
2708 3496 3066 3550 suavissimum
3093 3495 3341 3564 Domino,
3369 3498 3586 3554 vitulum
3608 3503 3671 3557 de

2078 3582 2306 3628 armento
2338 3585 2517 3633 unum,
2548 3568 2761 3620 arietem
2788 3582 2965 3640 unum,
2995 3583 3154 3640 agnos
3195 3568 3462 3640 anniculos
3487 3570 3669 3628 imma-

2080 3646 2276 3699 culatos
2300 3652 2511 3712 septem,
2545 3647 2590 3693 et
2613 3640 2663 3690 in
2683 3638 2967 3712 sacrificiis
2984 3638 3179 3712 eorum,
3207 3639 3389 3712 simin
3410 3640 3520 3712 oleo
3546 3658 3669 3697 con-

2080 3731 2271 3786 spersw
2302 3708 2402 3765 tres
2422 3712 2647 3763 decimus
2666 3725 2768 3786 per
2793 3709 3026 3778 smgulos
3052 3708 3420 3786 vitulos,_duas
3444 3711 3669 3770 decimas

2079 3778 2171 3858 per
2201 3787 2436 3850 arietem,
2462 3797 2618 3834 unam
2641 3779 2889 3858 decimam
2912 3795 3000 3858 per
3025 3795 3233 3858 agnum.
3263 3778 3392 3858 llaec
3420 3797 3537 3858 vero
3565 3785 3664 3858 de-

2081 3849 2248 3923 cima,
2293 3849 2491 3912 decima
2535 3867 2657 3928 pars
2686 3849 2995 3928 erghEp/ti.
3047 3849 3194 3928 Unde
3242 3850 3407 3928 datur
3447 3852 3671 3928 intelligi

2081 3931 2213 3998 quod
2236 3920 2455 3978 ’Elcana
2479 3920 2577 3975 non
2609 3920 2968 3998 obtulerit-tres
3003 3922 3200 3998 modios
3229 3922 3415 3990 farina:
3440 3939 3554 3998 cum
3574 3920 3668 3998 ζῇ-

2081 3991 2171 4052 bus
2202 3998 2397 4058 vitulis,
2427 3999 2514 4048 sed
2545 4008 2721 4046 novem.
2750 3994 3004 4055 decimas;
3034 3991 3239 4061 quibus,
3265 3994 3539 4048 secundum
3561 3995 3673 4050 He-

2081 4073 2308 4124 braicam
2335 4079 2654 4128 mensuram,
2685 4078 2818 4117 unus
2851 4063 3076 4131 efﬁcitur
3101 4063 3240 4133 eplti.
3289 4062 3362 4116 lta
3395 4073 3550 4118 vetus
3578 4069 3670 4125 ille

2083 4145 2333 4207 Scriptor,
2362 4150 2460 4191 nec
2486 4133 2962 4207 indoctequtdem,
2985 4136 3027 4188 si
3055 4135 3389 4207 meminisset
3413 4135 3670 4207 llam-mo-

2084 4203 2203 4266 ι-υηί
2239 4215 2410 4274 nam,
2442 4204 2597 4276 epha,
2637 4204 2807 4259 tribus
2851 4205 3005 4272 satis,
3047 4204 3160 4263 sive
3191 4205 3364 4258 tribus
3411 4203 3668 4263 Romanis

2083 4282 2276 4336 modiis
2305 4281 2564 4348 aequalem
2593 4276 2758 4330 fuisse
2791 4289 3117 4348 mensuram.
3151 4276 3260 4348 lloc
3282 4291 3446 4348 verus
3477 4277 3669 4332 lliero-

2085 4368 2276 4424 uymus
2303 4345 2561 4417 expresse
2589 4350 2754 4424 (locet
2792 4361 2912 4414 cap.
2952 4347 3123 4424 n__lib.
3171 4345 3333 4424 Ruth.
3383 4362 3525 4424 vers.
3577 4349 3665 4415 l7,

2085 4417 2173 4478 ubi
2204 4423 2592 4488 interpretatur
2621 4436 2632 4470 :
2670 4417 2738 4471 Et
2764 4432 2878 4486 qua:
2915 4417 3189 4488 collegerat
3217 4417 3360 4488 virga
3390 4418 3592 4486 credens
3619 4433 3668 4475 et

2083 4486 2363 4556 excutiens,
2406 4492 2598 4543 invenit
2629 4489 2809 4542 hordei
2838 4489 2985 4560 quasi
3015 4486 3131 4558 ephi
3159 4486 3467 4560 mensugam,
3494 4490 3548 4548 id
3569 4505 3666 4558 est,

2085 4579 2183 4622 tres
2208 4564 2426 4617 modios.
2459 4561 2618 4616 Libro
2648 4558 2860 4628 quoque
2880 4560 3087 4612 decimo
3108 4567 3298 4627 quarto
3327 4558 3670 4615 Commenta-

2086 4643 2288 4693 riorum
2334 4637 2386 4687 in
2439 4631 2815 4690 Ezechielem,
2862 4644 3150 4682 mensuras
3201 4639 3310 4683 tam
3363 4632 3416 4682 in
3469 4633 3668 4700 aridis,

2084 4725 2244 4780 quam
2289 4707 2340 4758 in
2374 4704 2591 4780 liquidis
2617 4703 2901 4780 Speciebus
2930 4701 3258 4780 edisserens,
3535 4705 3668 4771 eplm

2086 4770 2444 4836 l'lebrazorum
2469 4772 2739 4826 scribebat
2768 4787 2781 4822 :
2815 4770 3026 4843 Decima
3058 4787 3178 4843 pars
3222 4771 3327 4843 cori
3366 4772 3419 4824 in
3449 4773 3527 4834 Itis
3559 4770 3673 4843 qua:

2004 4840 2060 4900 Β
2084 4851 2256 4904 modio
2298 4851 2680 4905 mensurantur,
2713 4841 3005 4912 appellatur
3037 4841 3190 4911 epha,
3219 4841 3272 4900 id
3300 4850 3394 4908 est,
3429 4852 3529 4896 tres
3562 4840 3671 4897 mo-

2082 4925 2152 4975 dii
2183 4929 2269 4976 :et
2295 4917 2495 4970 decima
2536 4928 2654 4982 pars
2695 4917 2800 4964 cori
2832 4914 2884 4964 in
2911 4915 3172 4982 speciebus
3202 4914 3434 4983 liquidis,
3459 4927 3675 4970 vocatur

2081 4995 2228 5048 batus
2255 4991 2357 5044 sive
2379 4987 2537 5041 vadus
2560 5000 2576 5038 .'
2602 4993 2653 5038 ut
2681 4984 2912 5055 ejusdem
2935 4999 3174 5040 mensura
3195 4984 3258 5040 sit
3280 4983 3415 5054 epha
3433 4997 3479 5039 et
3503 4987 3671 5046 batus.

2082 5064 2258 5121 Unum
2293 5061 2454 5130 igitur
2497 5055 2630 5125 eplta
2663 5055 2870 5130 t'arittte,
2905 5056 3174 5130 tri:i_sata,
3221 5058 3304 5108 vel
3337 5055 3494 5121 quod'
3529 5059 3671 5112 idem

2084 5148 2189 5200 est,
2236 5125 2346 5186 tres
2377 5129 2564 5200 lztl'itttB
2601 5126 2810 5200 modios
2853 5125 3101 5200 capiebat
3133 5141 3144 5176 :
3181 5141 3317 5200 unus
3347 5137 3525 5200 autem
3561 5145 3676 5181 mo-

2087 5197 2208 5260 dius
2237 5217 2348 5257 tres
2374 5199 2612 5254 decimas
2637 5198 2843 5260 habuit,
2889 5211 3022 5264 quas
3052 5197 3106 5249 in
3135 5197 3417 5253 sacriﬁciis
3448 5213 3676 5258 necesse

2087 5285 2205 5333 erat
2248 5273 2429 5329 oll'erri
2475 5285 2573 5340 per
2622 5269 2864 5340 singulos
2909 5267 3129 5340 vitulos.
3187 5267 3326 5322 Hinc
3371 5272 3677 5340 colligimus

2089 5350 2224 5403 falso
2273 5339 2567 5412 ascriptum
2587 5339 2765 5412 luisse
2784 5339 2855 5412 _S.
2886 5339 3100 5412 Ductori
3125 5353 3267 5406 opus
3305 5339 3674 5402 'l‘raditibnutu

2085 5410 2473 5476 llebraiearuin
2498 5411 2551 5465 in
2584 5410 2754 5463 libros
2783 5410 3010 5479 Regum,
3037 5411 3088 5463 in
3115 5426 3222 5478 quo
3250 5417 3356 5465 tam
3385 5415 3676 5467 contraria:

2089 5490 2269 5546 verbis
2311 5487 2481 5554 ipsius
2513 5482 2828 5551 Hieronymi
2861 5483 3208 5535 inveniuntur
3237 5485 3541 5539 sententiae.
3570 5481 3680 5537 Fa-

2088 5575 2262 5618 temnr
2308 5568 2484 5611 tamen
2527 5563 2812 5621 supposito
2853 5561 3057 5606 auctori
3110 5564 3295 5609 nostra
3343 5554 3680 5620 exemplaria

2087 5633 2332 5705 quaedam
2365 5628 2562 5705 scripta
2595 5639 2658 5678 ac
2682 5624 2827 5705 edita
2856 5627 3069 5705 penitus
3100 5638 3222 5705 esse
3259 5633 3628 5705 consentanea
3658 5641 3675 5678 :

2091 5695 2196 5760 non
2223 5703 2366 5756 enim
2393 5695 2595 5767 legunt,
2628 5705 2673 5749 et
2701 5696 2865 5774 tribus
2892 5695 3080 5774 modiis
3108 5695 3324 5774 ferinis;
3355 5696 3451 5774 sed
3485 5709 3535 5747 ut
3565 5695 3678 5774 jam

2091 5775 2426 5836 dicebamus,
2450 5765 2498 5822 et
2528 5784 2631 5821 uno
2659 5766 2834 5826 modio
2879 5767 3081 5836 farinae.
3112 5767 3254 5830 Quin
3282 5775 3340 5820 et
3381 5765 3556 5835 Syrus
3602 5766 3683 5819 itt-
