4144 6364
478 344 583 399 5Ε7

1481 338 1544 395 S.
1585 334 1962 394 HIERONYMI
2000 333 2231 390 DIVINA
2272 332 2751 392 BIBLIOTHECA.

3659 327 3768 383 5(ιῆ

423 500 431 509 .
477 461 636 518 duxit
675 474 802 516 eum
848 459 899 515 iu
946 458 1166 514 domum
1198 456 1409 513 Domini
1458 454 1514 509 in
1546 452 1681 510 Silo.
1720 452 1862 508 Puer
1887 460 2068 507 autem
2096 449 2154 513 A
2175 451 2487 507 nescientes
2515 448 2834 517 Dominum,
2864 462 3042 521 neque
3062 446 3299 504 officium
3332 446 3681 502 sacerdotum
3697 445 3767 502 ad

476 564 599 612 erat
625 553 803 609 adhuc
829 552 1129 608 infantulus
1161 568 1174 605 :
1203 560 1259 606 et
1289 547 1716 605 immolaverunt
1742 546 1995 614 vitulum,
2022 553 2079 602 et

474 640 807 719 Obtulerunt
856 659 1086 717 puerum
1111 641 1255 697 Heli.
1285 638 1351 696 Et
1377 638 1452 694 ait
1477 637 1664 709 [Vulg.
1691 637 1814 692 add.
1847 636 2026 709 Anna]
2060 654 2075 692 :

478 736 757 803 Obsecro,
785 736 857 791 mi
889 734 1133 800 domine,
1155 731 1299 787 vivit
1323 731 1502 786 anima
1533 739 1658 792 tua,
1690 729 1947 786 domine:
1977 743 2078 801 ego

476 842 603 884 sum
627 827 723 884 illa
765 826 970 883 mulier
1001 840 1120 896 quae
1149 824 1275 879 steti
1297 838 1484 880 coram
1514 832 1566 895 te
1587 822 1676 879 hic
1696 837 1862 879 orans
1888 823 2075 879 Domi-

476 936 633 976 num.
679 920 785 974 Pro
815 932 982 989 puero
1013 918 1117 972 isto
1146 915 1320 984 oravi,
1354 923 1410 971 et
1458 914 1610 971 dedit
1656 915 1789 971 mihi
1817 915 2078 972 Dominus

477 1014 803 1086 petitionem
835 1025 1012 1066 meam
1065 1025 1224 1081 quam
1275 1008 1544 1080 postulavi
1595 1023 1743 1064 eum.
1776 1008 1985 1065 Idcirco
2023 1017 2081 1065 et

476 1121 583 1177 ego
609 1103 949 1161 commodavi
980 1118 1103 1157 eum
1131 1098 1384 1166 Domino,
1414 1100 1623 1157 cunctis
1651 1100 1843 1157 diebus
1881 1101 2078 1172 quibus

474 1196 645 1251 fuerit
680 1193 1129 1251 accommodatus
1178 1192 1434 1248 Domino.
1471 1191 1538 1246 Et
1591 1191 1959 1248 adoraverunt
2003 1191 2077 1247 ibi

476 1287 789 1343 Dominum.
826 1287 894 1342 Et
920 1285 1098 1343 oravit
1126 1287 1304 1349 Anna,
1339 1293 1395 1341 et
1426 1283 1566 1339 dixit
1596 1302 1608 1336 :

379 1425 388 1435 .
474 1377 564 1450 [Τ.
595 1377 683 1434 IV.
715 1375 842 1450 Cap.
873 1377 960 1449 ll.]
992 1376 1302 1433 Exsultavit
1326 1391 1425 1432 cor
1453 1390 1632 1430 meum
1663 1374 1716 1428 in
1746 1372 2002 1443 Domino,

551 1481 607 1527 et
632 1470 931 1526 exaltatum
952 1478 1036 1525 est
1058 1477 1086 1507 ι
1108 1482 1286 1525 cornu
1317 1482 1499 1523 meum
1531 1468 1586 1523 in
1613 1467 1725 1522 Deo
1751 1482 1898 1522 meo.

473 1562 772 1618 Dilatatum
801 1572 886 1618 est
914 1577 975 1618 os
1007 1577 1192 1618 meum
1221 1576 1386 1631 super
1418 1560 1670 1617 inimicos
1702 1574 1855 1617 meos
1891 1578 1901 1613 :

550 1654 677 1724 quia
708 1655 888 1710 hetata
920 1656 1111 1709 suntin
1142 1653 1369 1709 salutari
1399 1662 1511 1707 tuo.

476 1747 599 1805 Non
624 1758 708 1804 est
728 1757 972 1816 sanctus,
1003 1757 1065 1803 ut
1094 1756 1180 1803 est
1203 1747 1467 1801 Dominus
1496 1763 1509 1799 :

556 1857 735 1913 neque
757 1840 907 1896 enim
938 1849 1021 1896 est
1043 1840 1181 1895 alius
1206 1849 1360 1893 extra
1402 1846 1475 1904 te,

554 1943 611 1989 et
642 1948 749 1988 non
781 1940 869 1988 est
897 1932 1056 1987 fortis
1087 1931 1227 1987 sicut
1257 1931 1400 1986 Deus
1431 1937 1642 1985 noster.

478 2026 662 2083 Nolite
693 2026 1058 2097 multiplicare
1077 2025 1225 2096 loqui
1248 2024 1524 2090 sublimia,
1550 2022 1871 2095 gloriantes.

480 2118 763 2175 Becedant
784 2126 969 2173 vetera
998 2117 1066 2173 de
1096 2131 1194 2173 ore
1214 2128 1403 2173 vestro
1439 2133 1452 2169 :

550 2213 807 2284 quoniam
831 2211 974 2267 Deus
998 2210 1352 2266 scientiarum
1376 2207 1641 2264 Dominus
1666 2218 1772 2275 est,

551 2314 609 2361 et
632 2303 735 2376 ipsi
764 2312 1142 2376 praeparantur
1170 2302 1559 2372 cogitatiOnes.

478 2399 660 2455 Arcus
690 2396 913 2453 fortium
944 2403 1234 2466 superatus
1263 2392 1370 2461 es‘t,

555 2499 613 2546 et
634 2489 837 2545 infirmi
859 2488 1092 2543 accineti
1120 2496 1248 2543 sunt
1275 2486 1494 2543 robore.

480 2581 720 2639 Saturati
766 2581 940 2653 prius,
973 2594 1075 2650 pro
1108 2594 1247 2650 pane
1302 2577 1379 2649 [ιι.
1436 2576 1678 2636 Saturati
1707 2592 1799 2647 pro
1832 2575 1985 2649 pane]
2016 2590 2077 2633 se

1694 2669 2033 2740 [locaverunt
2060 2687 2072 2723 :

553 2778 611 2826 et
632 2767 863 2825 famelici
885 2765 1112 2823 saturati
1136 2773 1281 2822 sunt.

485 2866 671 2923 Donec
697 2863 897 2919 sterilis
925 2861 1140 2932 peperit
1167 2859 1427 2927 plurimos
1457 2858 1537 2932 [ιι.
1563 2856 1799 2929 septem]
1826 2874 1840 2911 :

508 2970 509 2973 ‘
553 2964 612 3012 et
632 2970 752 3028 qua:
783 2955 982 3010 multos
1006 2952 1239 3009 habebat
1271 2950 1433 3017 filios,
1460 2951 1728 3006 infirmata
1761 2960 1865 3006 est.

477 3048 744 3105 Dominus
773 3045 1065 3102 mortificat
1089 3054 1147 3101 et
1176 3043 1433 3111 vivificat,

551 3139 769 3196 deducit
794 3139 862 3194 ad
891 3137 1253 3205 infernum,et
1275 3136 1506 3193 reducit.

473 3233 741 3291 Dominus
771 3246 1065 3304 pauperem
1099 3230 1249 3298 facit,
1297 3238 1354 3287 et
1377 3229 1539 3296 ditat,

550 3326 804 3382 humiliat
827 3334 882 3382 et
907 3324 1177 3381 sublevat.

474 3416 763 3476 Suscitatb
794 3417 863 3474 de
884 3417 1110 3488 pulvere
1138 3430 1394 3488 egenum,

550 3522 605 3569 et
628 3512 697 3568 de
720 3519 964 3568 stercore
985 3510 1167 3566 elevat
1194 3523 1487 3580 pauperem
1516 3527 1529 3563 :

474 3590 554 3662 .Ut
579 3605 765 3661 sedeat
784 3619 906 3659 cum
936 3601 1297 3673 principibus,

532 3706 607 3777 ,ει
628 3694 823 3752 solium
843 3693 1035 3763 gloria:
1061 3701 1264 3749 teneat.

476 3788 695 3847 Domini
727 3787 874 3843 enim
917 3793 1045 3841 sunt
1069 3784 1323 3841 cardines
1356 3794 1515 3841 terra:
1566 3785 1645 3859 [It.
1682 3784 1891 3842 Domini
1922 3785 2069 3841 enim

666 3952 671 3955 _
1479 3878 1629 3951 [sunt
1653 3877 1835 3935 afflicti
1865 3878 2067 3949 teme],

548 3985 605 4033 et
634 3974 821 4045 posuit
835 3987 1002 4045 super
1029 3987 1124 4029 eos
1149 3966 1360 4028 orbem.

470 4069 645 4127 Pedes
670 4075 980 4125 sanctorum
1002 4080 1224 4123 suorum
1252 4065 1517 4132 servabit,

543 4172 601 4220 et
628 4163 777 4241 impii
809 4163 864 4218 in
893 4148 1137 4218 tenebris
1162 4160 1574 4217 conticescent:

546 4257 674 4328 quia
696 4270 807 4311 non
832 4254 889 4311 in
919 4253 1246 4310 fortitudine
1266 4252 1621 4310 roborabitur
1647 4251 1749 4308 vir.

468 4350 766 4406 Dominum
800 4347 1171 4405 formidabunt
1198 4346 1498 4403 adversarii
1529 4345 1674 4415 ejus,

542 4456 710 4512 super
732 4443 879 4514 ipsos
904 4439 961 4495 in
999 4440 1155 4498 caelis
1194 4439 1423 4498 tonabit.

470 4533 737 4590 Dominus
754 4533 1024 4604 iudicabit
1045 4532 1195 4588 fines-
1214 4540 1396 4601 terrae,

543 4635 600 4682 et
614 4626 767 4682 dabit
792 4626 1079 4695 imperium
1110 4624 1226 4695 regi
1252 4638 1376 4691 suo,

539 4726 594 4774 et
624 4717 943 4775 sublimabit
967 4731 1141 4773 cornu
1170 4713 1375 4772 Christi
1404 4715 1509 4771 sui.

466 4810 540 4865 Et
568 4808 702 4865 abiit
739 4809 942 4866 Eleana
971 4808 1243 4865 Ramatha
1301 4809 1358 4864 in
1398 4807 1618 4864 domum
1662 4821 1816 4865 suam
1870 4826 1886 4864 :
1927 4824 2063 4881 puer

463 4912 645 4959 autem
661 4911 782 4960 erat
809 4903 1058 4959 minister
1080 4905 1135 4959 in
1155 4912 1456 4973 conspectu
1477 4902 1696 4959 Domini
1717 4912 1845 4960 ante
1868 4904 2059 4961 faciem

464 4994 585 5051 Heli
624 4995 953 5053 sacerdotis.
1000 4995 1084 5068 ['l‘.
1111 4994 1200 5066 V.]
1229 4994 1401 5051 Porro
1428 4994 1529 5051 filii
1557 4995 1698 5063 Heli,
1729 4995 1828 5053 filii
1858 4996 2052 5067 Belial,

458 5170 674 5263 terpres
705 5194 811 5251 hoc
849 5196 1025 5263 ipsum
1067 5196 1376 5265 exprimere
1404 5196 1578 5251 voluit
1615 5196 1828 5265 dicens,
1876 5209 2062 5261 unum

458 5276 669 5355 unum
692 5276 827 5349 sim,
851 5266 1070 5322 ousatho
1094 5268 1267 5322 Μιαάο
1299 5267 1605 5335 decamltho,
1644 5268 1697 5323 id
1734 5279 1839 5340 est,
1872 5281 1920 5337 et
1948 5280 2061 5326 sata

457 5352 570 5392 amo
604 5340 828 5407 farina.
859 5334 1131 5395 Caeterum
1163 5338 1414 5394 conferat
1441 5338 1612 5395 lector
1650 5340 1928 5396 studiosus
1971 5350 2055 5396 to-

458 5377 576 5464 ἶιὶἶι
600 5377 1615 5482 ιίιῖηὶῗὸοῐῖἱίιῖιὶἚίένάἱῖἓῖὲέιῖιῖἱῧὶ-
1640 5377 1928 5482 ἐξεῖῐῖῗίἶῖ
1949 5377 2057 5468 θῖιῖ

455 5493 760 5551 mororum,
781 5489 979 5551 etcum
1003 5480 1390 5551 marginalibus
1412 5480 1632 5537 scholiis
1653 5480 1891 5538 Canonis
1916 5482 2054 5541 Heb.

455 5550 755 5624 verit._col.
790 5550 917 5619 183,
949 5560 1009 5605 ut
1031 5550 1139 5607 non
1169 5552 1529 5624 improbabile
1558 5562 1736 5624 sumat
1763 5569 2054 5624 argumen-

2179 545 2467 617 populum;
2501 544 2597 601 sed
2621 544 2953 614 quicumque
2979 542 3320 599 immolasset
3344 540 3649 608 victimam,
3679 555 3775 596 ve-

2177 639 2366 695 niebat
2392 653 2530 707 puer
2558 636 2880 701 sacerdotis,
2912 635 3041 691 dum
3064 642 3435 705 coquerentur
3458 646 3676 700 carnes,
3712 640 3771 689 et

2180 733 2412 790 habebat
2442 732 2767 788 fuscinulam
2798 730 3093 786 tridentem
3123 729 3177 791 in
3208 744 3375 785 manu
3418 743 3537 797 sua,
3566 736 3621 783 et
3650 729 3773 782 mit-

2179 825 2332 882 tebat
2350 840 2469 881 eam
2494 824 2549 880 in
2575 824 2831 890 lebetem,
2856 823 2940 879 vel
2962 822 3016 878 in
3040 821 3364 891 caldariam,
3389 829 3483 875 aut
3507 820 3558 874 in
3580 819 3770 887 ollam,

2179 918 2295 974 sive
2326 917 2383 973 in
2413 916 2675 973 cacabum
2705 933 2720 972 :
2750 926 2807 972 et
2850 930 3014 971 omne
3045 913 3191 985 quod
3238 913 3449 969 levabat
3481 911 3768 977 fuscinula,

2179 1010 2404 1066 tollebat
2438 1009 2698 1065 sacerdos
2721 1008 2849 1064 sibi.
2873 1007 2964 1065 Sic
3000 1006 3273 1063 faciebant
3301 1006 3561 1063 universo
3584 1004 3771 1060 lsraeli

2163 1096 2516 1159 venientium
2548 1105 2601 1158 in
2630 1101 2766 1158 Silo.
2794 1102 2971 1158 Etiam
3003 1109 3296 1172 antequam
3345 1098 3630 1155 adolerent
3658 1096 3776 1152 adi-

2179 1210 2329 1267 pem,
2383 1194 2637 1251 veniebat
2660 1208 2799 1266 puer
2828 1193 3151 1263 sacerdotis,
3198 1202 3256 1249 et
3307 1190 3530 1252 dicebat
3571 1189 3770 1245 immo—

2178 1286 2313 1344 lanti
2343 1303 2357 1341 :
2387 1287 2465 1342 Da
2507 1286 2641 1343 mihi
2673 1301 2920 1354 carnem,
2948 1297 3010 1341 ut
3048 1300 3278 1356 coquam
3309 1283 3581 1341 sacerdoti
3612 1302 3627 1340 :
3659 1297 3772 1339 non

2181 1380 2324 1436 enim
2370 1380 2635 1451 accipiant
2681 1395 2710 1434 a
2757 1388 2808 1434 te
2835 1394 3058 1435 carnem
3105 1387 3340 1445 coctam,
3374 1375 3473 1433 sed
3521 1375 3775 1432 crudam.

2182 1472 2512 1545 Dicebatque
2564 1473 2644 1528 illi
2691 1472 2981 1528 immolatis
3030 1489 3045 1527 :
3090 1470 3416 1527 lncendatur
3461 1478 3485 1509 α
3537 1469 3773 1540 primum

2175 1564 2330 1635 juxta
2381 1579 2591 1621 moretn
2650 1562 2814 1620 hodie
2844 1562 3034 1634 adeps,
3085 1571 3142 1619 et
3172 1562 3301 1618 tolle
3340 1560 3440 1616 tibi
3485 1567 3778 1632 quantum-

2181 1672 2415 1728 cumque
2431 1657 2706 1713 desiderat
2732 1657 2911 1712 anima
2944 1665 3056 1711 tua.
3088 1656 3190 1723 Qui
3218 1654 3561 1725 respondens
3589 1652 3779 1708 aiebat

2181 1749 2232 1804 ei
2264 1766 2278 1802 :
2320 1749 2672 1820 Nequaquam
2707 1767 2721 1804 :
2754 1763 2897 1809 nunc
2928 1749 3073 1804 enim
3102 1747 3281 1814 dabis,
3314 1745 3555 1817 alioquin
3586 1744 3774 1799 tollam

2109 1836 2159 1897 B
2184 1840 2255 1897 vi.
2282 1841 2413 1896 Erat
2436 1856 2569 1913 ergo
2596 1848 2880 1912 peccatum
2905 1855 3201 1912 puerorum
3244 1837 3454 1909 grande
3485 1836 3651 1892 nimis
3675 1851 3775 1891 co-

2180 1948 2298 1991 ram
2319 1932 2589 1989 Domino:
2619 1932 2746 2004 quia
2773 1932 3139 1989 detrahebant
3179 1928 3368 2003 [Vulg.
3401 1927 3775 2000 retrahebant]

2180 2027 2432 2083 homines
2464 2026 2736 2083 sacrificio
2765 2026 3006 2080 Domini.
3037 2023 3256 2081 Samuel
3285 2034 3465 2077 autem
3497 2021 3776 2077 ministra-

2179 2120 2269 2175 bat
2289 2128 2418 2175 ante
2440 2119 2635 2175 faciem
2655 2118 2897 2185 Domini,
2924 2133 3082 2189 puer,
3104 2119 3383 2173 accinctus
3405 2114 3587 2187 ephod
3604 2114 3770 2170 lineo.

2180 2212 2392 2287 [T.Vl.]
2408 2213 2472 2269 Et
2489 2216 2726 2269 tunicam
2744 2226 2963 2283 parvam
2984 2211 3215 2268 faciebat
3226 2211 3275 2267 ei
3292 2219 3468 2266 mater
3479 2224 3597 2277 sua,
3612 2223 3775 2281 quam

2177 2307 2684 2365 afferebatstatutis
2705 2305 3240 2375 diebus,ascendens
3271 2319 3395 2362 cum
3427 2304 3555 2360 viro
3582 2311 3776 2372 suo,ut

2178 2400 2493 2458 immolaret
2541 2401 2780 2458 hostiam
2828 2401 3154 2457 solemnem.
3210 2399 3281 2455 Et
3328 2397 3610 2456 benedixit
3656 2397 3774 2453 Heli

2177 2496 2400 2553 Eleanze
2455 2506 2511 2553 et
2560 2495 2723 2552 uxori
2772 2494 2911 2566 ejus,
2964 2493 3217 2565 dixitque
3262 2493 3452 2567 [Vulg.
3491 2492 3636 2547 addit
3661 2490 3772 2563 ei]:

2176 2587 2389 2645 Reddat
2433 2588 2696 2645 Dominus
2744 2586 2843 2643 tibi
2878 2601 3067 2642 semen
3115 2585 3185 2641 de
3212 2585 3443 2641 muliere
3484 2584 3585 2640 hac
3612 2625 3627 2650 ,
3676 2598 3775 2655 pro

2175 2683 2366 2739 fenore
2414 2684 2555 2752 quod
2604 2681 2962 2737 commodasti
3010 2679 3263 2735 Domino.
3312 2678 3380 2734 Et
3418 2677 3673 2733 abierunt
3716 2677 3773 2732 in

2174 2776 2355 2833 locum
2385 2789 2565 2861 suum.
2593 2773 2849 2830 Visitavit
2875 2787 3006 2843 ergo
3035 2771 3293 2826 Dominus
3318 2770 3532 2828 Annam
3562 2777 3618 2826 et
3644 2784 3776 2825 con-

2175 2866 2342 2938 cepit,
2370 2877 2427 2923 et
2456 2865 2667 2937 peperit
2688 2874 2800 2921 tres
2832 2863 2995 2930 filios,
3020 2872 3076 2919 et
3099 2862 3235 2919 duas
3254 2862 3414 2932 filias,
3443 2872 3498 2918 et
3525 2861 3772 2932 magnifi-

2174 2968 2327 3015 catus
2372 2968 2458 3015 est
2483 2973 2620 3029 puer
2646 2957 2866 3015 Samuel
2906 2956 3051 3028 apud
3080 2956 3390 3012 Dominum.
3443 2954 3559 3011 Heli
3588 2965 3769 3011 autem

2174 3062 2292 3109 erat
2340 3066 2512 3108 senex
2563 3051 2741 3120 valde,
2790 3061 2847 3107 et
2892 3034 3108 3107 audivit,
3132 3052 3315 3106 omnia
3352 3064 3471 3121 qum
3503 3049 3772 3106 faciebant

2180 3145 2277 3201 filii
2330 3146 2413 3201 sui
2454 3143 2709 3200 universo
2755 3143 2938 3200 lsraeli
2974 3160 2987 3198 :
3020 3152 3076 3199 et
3102 3142 3376 3213 quomodo
3430 3141 3771 3198 dormiebant

2176 3253 2301 3295 cum
2332 3238 2675 3305 mulieribus,
2726 3253 2849 3310 qua:
2878 3236 3243 3293 observabant
3271 3235 3339 3291 ad
3365 3235 3564 3292 ostium
3592 3234 3772 3290 taber-

2177 3330 2385 3397 naculi,
2417 3338 2472 3384 et
2517 3328 2652 3385 dixit
2679 3328 2759 3384 eis
2792 3346 2806 3383 :
2837 3326 3021 3395 Quare
3042 3326 3221 3382 facitis
3249 3341 3339 3383 res
3366 3326 3768 3397 hujuscemodi,

2175 3438 2313 3494 quas
2338 3437 2439 3493 ego
2467 3421 2653 3490 audio,
2684 3435 2773 3476 res
2801 3421 3085 3491 pessimas,
3119 3417 3192 3474 ab
3220 3419 3369 3474 omni
3402 3418 3636 3489 populo?
3664 3418 3772 3474 No—

2174 3517 2292 3583 lite,
2341 3516 2435 3572 filii
2467 3518 2572 3572 mei
2602 3534 2616 3571 :
2642 3531 2751 3571 non
2777 3516 2923 3571 enim
2976 3525 3061 3571 est
3088 3515 3228 3571 bona
3255 3514 3431 3581 fama,
3462 3529 3626 3585 quam
3666 3528 3769 3585 ego

2174 3611 2374 3681 audio,
2426 3618 2489 3665 ut
2517 3608 2820 3681 transgredi
2873 3608 3085 3669 faciatis
3114 3608 3371 3679 populum
3429 3606 3664 3663 Domini.
3709 3606 3768 3664 Si

2174 3700 2485 3773 peccaverit
2515 3700 2598 3755 vir
2625 3701 2678 3756 in
2714 3700 2910 3768 virum,
2957 3699 3162 3770 placari
3192 3699 3246 3756 ei
3274 3707 3458 3769 potest
3503 3699 3692 3754 Deus:
3720 3699 3768 3755 si

2173 3803 2355 3852 autem
2384 3794 2438 3850 in
2467 3794 2756 3849 Dominum
2812 3792 3120 3864 peccaverit
3159 3793 3274 3860 vir,
3300 3793 3430 3863 quis
3465 3791 3642 3848 orabit
3671 3806 3769 3862 pro

2172 3888 2275 3945 eo?
2306 3887 2376 3943 Et
2400 3901 2506 3943 non
2536 3886 2828 3941 audierunt
2858 3900 3047 3941 vocem
3080 3884 3252 3956 patris
3282 3886 3364 3940 sui
3391 3901 3406 3940 :
3437 3886 3566 3955 quia
3592 3885 3769 3940 voluit

2172 3978 2438 4034 Dominus
2464 3977 2718 4033 occidere
2739 3992 2857 4033 eos.
2883 3975 3026 4032 Puer
3053 3984 3236 4033 autem
3267 3975 3485 4032 Samuel
3513 3976 3768 4047 proﬁcie-

2170 4070 2289 4138 bat,
2318 4078 2483 4141 atque
2502 4069 2805 4134 crescebat,
2835 4080 2892 4126 et
2916 4068 3165 4140 placebat
3206 4076 3312 4124 tam
3340 4068 3571 4125 Domino
3598 4083 3764 4140 quam

2172 4163 2505 4221 hominibus.
2554 4162 2642 4235 ['l‘.
2663 4161 2804 4236 Ἧι]
2836 4160 2998 4219 Venit
3036 4170 3221 4218 autem
3248 4163 3332 4218 vir
3375 4163 3474 4220 Dei
3510 4162 3577 4219 ad
3610 4163 3764 4232 Heli,

2170 4266 2225 4313 et
2253 4254 2329 4311 ait
2352 4255 2422 4311 ad
2467 4269 2592 4310 eum
2627 4271 2640 4308 :
2676 4254 2803 4310 Haec
2831 4253 2964 4310 dicit
2994 4253 3257 4310 Dominus
3290 4272 3306 4310 :
3337 4253 3609 4327 Numquid
3656 4271 3764 4312 non

2169 4360 2362 4422 aperte
2388 4348 2666 4406 revelatus
2685 4363 2805 4403 sum
2828 4348 3014 4403 domui
3043 4348 3218 4419 patris
3232 4348 3329 4415 tui,
3358 4363 3483 4404 cum
3504 4361 3687 4407 essent
3709 4351 3765 4406 in

2170 4442 2406 4516 Egypto
2436 4444 2492 4498 in
2514 4441 2678 4498 domo
2698 4439 3012 4496 Pharaonis
3028 4442 3054 4496 Ἰ
3081 4440 3149 4496 Et
3175 4439 3316 4512 elegi
3343 4455 3469 4496 eum
3490 4457 3559 4498 ex
3586 4443 3766 4499 omni-

2170 4537 2277 4592 bus
2305 4535 2555 4592 tribubus
2582 4534 2749 4591 Israel
2777 4533 2911 4590 mihi
2940 4535 2993 4589 in
3021 4533 3386 4601 sacerdotem,
3416 4544 3477 4590 ut
3503 4536 3765 4594 ascende-

1988 4669 1994 4679 .
2090 4594 2148 4657 D
2173 4638 2258 4685 ret
2298 4628 2367 4684 ad
2394 4628 2565 4683 altare
2593 4642 2797 4693 meum,
2838 4636 2895 4683 et
2921 4625 3170 4682 adoleret
3191 4627 3324 4682 mihi
3366 4594 3670 4698 incensum,
3707 4640 3764 4687 et

2171 4729 2420 4793 portaret
2454 4720 2638 4792 ephod
2674 4735 2860 4776 coram
2894 4735 3014 4788 me,
3042 4729 3098 4775 et
3122 4718 3248 4775 dedi
3278 4719 3462 4776 domui
3495 4722 3660 4792 patris
3686 4724 3761 4779 tui

2168 4813 2352 4869 omnia
2372 4812 2442 4869 de
2463 4810 2745 4869 sacriﬁciis
2770 4812 3008 4868 filiorum
3030 4810 3217 4868 Israel.
3241 4810 3424 4880 Quare
3447 4813 3605 4869 calce
3625 4812 3764 4886 abji-

2166 4906 2291 4962 citis
2335 4903 2522 4977 [ναις.
2551 4902 2853 4976 abjecistis]
2882 4903 3157 4959 victimam
3210 4917 3413 4974 meam,
3456 4913 3512 4961 et
3536 4920 3761 4962 munera

2165 5012 2287 5055 mea
2311 5011 2433 5067 qum
2452 4995 2711 5070 praecepi,
2736 5003 2795 5050 ut
2818 4994 3148 5052 offerrentur
3168 4995 3226 5052 in
3256 4996 3482 5068 templo,
3511 5006 3569 5054 et
3590 4998 3760 5071 magis

2166 5215 2236 5274 eo
2281 5200 2784 5274 animadvertimus.
2818 5202 2932 5274 _Ad
2975 5202 3093 5259 hazc
3139 5203 3557 5274 antiquissimus
3623 5207 3763 5264 alter

2169 5270 2511 5343 Yeronensis
2558 5287 2662 5328 ms.
2696 5274 2787 5343 qui
2817 5272 3142 5329 Psalterium
3194 5270 3439 5331 continet
3478 5276 3670 5335 Graece
3701 5288 3758 5336 et

2166 5341 2381 5419 [.atine,
2408 5344 2498 5399 ubi
2521 5354 2576 5399 et
2596 5341 2868 5419 canticum
2901 5343 3008 5399 hoc
3038 5345 3093 5399 in
3124 5345 3233 5400 ﬁne
3261 5346 3466 5419 subdit,
3501 5364 3593 5402 cor
3619 5364 3758 5419 prte-

2162 5411 2396 5541 ε’)ξὲἓὲξο
2441 5431 2629 5471 cornu.
2677 5415 2961 5488 Repugnat
2985 5430 3114 5473 vero
3163 5425 3362 5485 textus,
3399 5411 3638 5491 librique
3658 5421 3753 5477 alii

2233 5527 2353 5611 in]:
2361 5527 2514 5633 .aliis
2530 5556 2724 5633 libris,
2777 5559 2994 5615 suscitat
3025 5576 3059 5614 a
3096 5567 3231 5615 terra
3285 5576 3589 5633 pauperem,
3612 5571 3665 5618 et
3692 5564 3758 5620 de

456 5631 572 5701 gum
608 5621 679 5677 de
713 5613 938 5701 auctore
961 5613 1274 5701 earumdem
1316 5623 1668 5701 schoilorum,
1701 5613 1878 5701 deque
1913 5624 2054 5682 falso
2144 5613 2809 5701 stercorecrigitinopcm.

456 5691 812 5765 Hierpnymo,
842 5693 998 5764 cujus
1026 5693 1187 5750 verba
1214 5693 1324 5764 jam
1354 5695 1666 5751 recitamus.
1706 5691 1882 5753 tim.

531 5773 558 5801 ⁸
582 5763 787 5820 Veron.
815 5763 921 5821 ms.
955 5779 1043 5819 cor
1071 5778 1171 5833 pro
1192 5780 1378 5830 cornu,
1409 5766 1554 5834 quod
1586 5782 1656 5822 ne
1686 5766 1899 5834 lapsum
1930 5766 2044 5823 An-

455 5833 670 5907 tiquarii
690 5845 867 5907 putes,
899 5837 975 5893 ita
1002 5844 1057 5893 et
1082 5838 1137 5893 in
1170 5833 1711 5906 Recapitulationibus
1743 5833 1943 5895 lectum
1970 5839 2040 5895 ab

2229 5709 2251 5736 ε
2297 5697 2434 5754 Cod.
2470 5686 2797 5777 Veronensis
2832 5702 3143 5777 proximum
3175 5719 3192 5759 :
3227 5702 3280 5761 in
3313 5703 3546 5762 Hebraeo
3573 5720 3754 5777 neque

2154 5768 2256 5826 hoc
2273 5778 2382 5838 est,
2408 5784 2586 5840 neque
2611 5770 2738 5827 illud
2762 5768 3008 5842 primum.
