4144 6364
368 347 479 401 Ξῖίῖξ)

1660 352 1860 408 LIBER
1900 354 1917 409 I
1960 353 2324 412 SAMUEIJS.

3558 360 3665 419 570

367 459 687 515 honorasﬁs
723 458 863 515 ﬁlios
886 467 1013 516 tuos
1041 468 1201 531 quam
1229 475 1337 531 me,
1368 462 1435 531 utj
1461 465 1821 521 comederetis
1854 466 1963 537 pri-
1992 467 2049 530 Α
2073 469 2156 537 tit,
2213 480 2267 527 et
2314 472 2545 540 vocavit,
2603 472 2745 528 sicut
2784 484 3076 533 vocaverat
3116 476 3383 545 secundo,
3415 476 3660 548 Samuel,

370 554 561 609 mitias
589 554 771 609 omnis
793 555 1047 610 sacrificii
1088 556 1252 613 Israel
1281 558 1464 631 populi
1494 560 1640 615 mei?
1671 560 1965 632 Propterea

369 647 452 701 ait
480 646 744 700 Dominus
758 646 901 703 Deus
918 647 1080 703 Israel
1100 667 1111 702 :
1129 648 1384 720 Loquens
1402 651 1613 707 locutus
1632 667 1775 720 sum,
1791 662 1849 708 ut
1873 654 1971 708 do-

369 754 494 794 mus
526 739 915 805 tua,etdomus
950 742 1211 809 patristui
1240 744 1573 801 ministraret
1600 747 1651 801 in
1675 757 1968 816 conspectu

372 846 521 894 meo,
549 846 723 901 usque
762 833 813 886 in
842 834 1255 903 sempiternum.
1310 836 1462 891 Nunc
1493 850 1671 895 autem
1699 839 1831 895 dicit
1858 841 1967 896 Do-

368 926 555 979 minus
591 943 601 978 :
638 926 795 991 Absit
836 926 940 982 hoc
972 942 998 980 a
1034 943 1158 984 me:
1204 930 1298 985 sed
1330 931 1661 1003 quicumque
1701 935 1969 1004 gloriﬁca-

371 1017 512 1071 verit
544 1030 653 1083 me,
710 1016 1033 1086 gloriﬁeabo
1066 1035 1221 1087 eum;
1257 1024 1348 1092 qui
1391 1033 1570 1079 autem
1610 1037 1968 1082 contemnunt

368 1120 481 1171 me,
511 1118 672 1161 erunt
703 1107 986 1176 ignobiles.
1018 1109 1160 1167 Ecce
1184 1112 1304 1168 dies
1330 1115 1576 1183 veniunt,
1602 1128 1657 1173 et
1678 1121 1964 1189 praecidam

366 1198 654 1253 brachium
712 1208 885 1267 tuum,
939 1212 995 1258 et
1026 1203 1311 1262 brachium
1353 1207 1549 1265 domus
1584 1212 1755 1281 patris
1788 1214 1884 1280 tui,
1908 1224 1969 1269 ut

366 1307 480 1347 non
520 1294 589 1347 sit
634 1308 800 1377 senex
830 1295 884 1351 itt
915 1296 1079 1351 domo
1111 1306 1220 1353 tua.
1278 1301 1343 1356 Et
1398 1302 1609 1359 videbis
1643 1314 1669 1342 α
1701 1307 1963 1361 ωιηυιυηι

368 1394 521 1440 tuum
553 1388 607 1441 in
642 1389 867 1458 templo,
903 1390 953 1445 in
983 1394 1255 1449 universis
1284 1399 1560 1467 prosperis
1581 1398 1744 1455 Israel
1777 1410 1963 1455 etnon

367 1479 475 1533 erit
501 1492 669 1534 senex
712 1480 763 1534 in
794 1480 957 1537 domo
999 1493 1089 1538 tua
1131 1486 1382 1541 omnibus
1413 1486 1627 1545 diebus.
1680 1490 1966 1545 Verumta-

368 1586 494 1625 men
524 1587 631 1626 non
650 1574 888 1628 auferam
916 1576 1132 1644 penitus
1154 1579 1332 1634 virum
1356 1596 1421 1635 ex
1452 1591 1504 1637 te
1522 1584 1589 1637 ab
1613 1584 1770 1639 altari
1801 1600 1922 1641 meo
1946 1604 1961 1643 :

366 1662 463 1718 sed
492 1663 570 1735 [h.
609 1679 715 1719 non
747 1664 931 1738 habet]
965 1676 1022 1722 ut
1053 1668 1310 1725 deﬁciant
1339 1673 1484 1728 oculi
1522 1674 1621 1740 tui,
1648 1686 1701 1730 et
1726 1677 1965 1733 tabescat

367 1756 548 1810 anima
578 1770 689 1822 tua,
724 1768 916 1828 etpars
948 1776 1140 1831 nugna
1164 1763 1358 1820 domus
1381 1775 1485 1822 tuae
1515 1769 1803 1837 morietur,
1837 1786 1960 1826 eum

2072 562 2314 620 Samuel.
2345 565 2411 620 Et
2440 567 2517 620 ait
2559 564 2782 622 Samuel
2817 584 2831 622 :
2874 567 3126 639 Loquere
3157 569 3345 642 [Vulg.
3392 571 3519 626 add.
3566 572 3672 627 Do-

2070 654 2261 727 mine],
2296 658 2419 726 quia
2452 658 2600 712 audit
2630 673 2819 714 servus
2850 671 2991 715 tuus.
3028 661 3095 716 Et
3122 662 3260 716 dixit
3300 662 3559 719 Dominus
3599 664 3667 720 ad

2070 747 2374 805 Samuelem
2412 768 2425 804 :
2462 752 2599 806 Ecce
2629 767 2730 822 ego
2758 752 2899 807 facio
2930 755 3162 809 verbum
3196 755 3251 810 in
3281 755 3448 811 Israel
3476 775 3486 809 :
3519 756 3665 827 quod

2070 843 2399 915 quicumque
2444 845 2695 911 audierit,
2734 846 2967 902 tinnient
2998 848 3172 903 ambae
3222 863 3387 904 aures
3433 848 3573 918 ejus.
3608 847 3665 904 In

2070 935 2157 991 die
2190 938 2283 992 illo
2313 939 2592 993 suscitabo
2612 938 2903 995 adversum
2941 941 3056 996 Heli
3086 941 3269 996 omnia
3295 957 3416 1012 qum
3446 942 3665 997 locutus
3730 982 3744 997 ..

2069 1041 2187 1082 sum
2236 1042 2399 1099 super
2448 1029 2668 1084 domum
2716 1030 2835 1101 ejus
2884 1048 2897 1085 :
2948 1032 3203 1103 incipiam
3253 1044 3306 1088 et
3350 1034 3662 1105 complebo.

2068 1121 2305 1177 Praedixi
2354 1124 2501 1177 enim
2544 1124 2593 1180 ei
2644 1126 2790 1195 quod
2833 1126 3175 1195 judicaturus
3221 1142 3398 1183 essem
3444 1128 3665 1184 domum

2069 1214 2185 1285 ejus
2216 1216 2270 1269 in
2316 1225 2581 1271 aeternum
2632 1226 2853 1288 propter
2882 1219 3246 1289 iniquitatem,
3291 1234 3357 1275 eo
3389 1220 3532 1289 quod
3564 1234 3665 1274 no-

2070 1316 2219 1362 verat
2263 1306 2485 1378 indigne
2535 1324 2698 1380 agere
2746 1309 2886 1365 ﬁlios
2933 1325 3105 1377 suos,
3152 1321 3206 1365 et
3246 1327 3351 1365 non
3398 1313 3667 1382 corripuit

2070 1400 2255 1474 [Vulg.
2287 1403 2647 1475 corripueris]
2689 1419 2805 1459 eos.
2854 1403 3061 1459 Idcirco
3088 1404 3269 1474 juravi
3296 1404 3481 1460 domui
3522 1405 3661 1475 Ileli,

2067 1495 2213 1566 quod
2250 1510 2359 1550 non
2397 1497 2648 1566 expietur
2680 1498 2937 1567 iniquitas
2959 1496 3157 1554 domus
3184 1498 3304 1568 ejus
3345 1498 3581 1553 victimis
3612 1506 3667 1552 et

2067 1588 2381 1643 muneribus
2424 1602 2594 1659 usque
2636 1589 2690 1643 in
2730 1596 3016 1643 aeternum.
3045 1588 3314 1644 Dormivit
3346 1599 3528 1644 autem
3559 1588 3659 1643 Sa-

2068 1682 2212 1737 muel
2258 1697 2431 1752 usque
2462 1697 2648 1750 mane,
2678 1682 3002 1753 aperuitque
3033 1682 3171 1737 ostia
3204 1682 3397 1737 domus
3423 1681 3660 1737 Domini.

2071 1775 2137 1830 Et
2166 1775 2383 1831 Samuel
2420 1775 2645 1831 timebat
2677 1774 2922 1830 indicare
2954 1775 3217 1830 visionem
3259 1775 3399 1830 lleli.
3428 1773 3665 1829 Vocavit

364 1846 436 1901 ad
468 1847 679 1903 virilem
730 1857 946 1905 :etatem
1003 1854 1236 1909 venerit.
1282 1853 1395 1911 Hoc
1419 1868 1599 1913 autem
1630 1860 1736 1914 erit
1766 1861 1863 1915 tibi
1892 1863 1965 1917 si-
1996 1860 2043 1921 Β
2070 1881 2199 1937 ergo
2228 1865 2345 1920 lleli
2372 1864 2708 1931 Samuelem,
2737 1874 2793 1921 et
2821 1865 2963 1919 dixit
2997 1884 3009 1919 :
3044 1864 3286 1930 Samuel,
3337 1864 3406 1917 ﬁli
3438 1864 3533 1918 mi.
3562 1864 3665 1931 Qui

362 1956 552 2013 gnum,
601 1942 743 2013 quod
772 1953 1062 2000 venturum
1092 1956 1177 2002 est
1206 1947 1423 2003 duobus
1452 1950 1579 2006 ﬁliis
1612 1953 1738 2021 tuis,
1784 1953 1965 2024 Ophni

368 2041 423 2087 et
469 2032 707 2089 Phineas
735 2053 747 2089 :
783 2036 837 2089 in
869 2036 957 2092 die
1004 2054 1111 2092 una
1146 2041 1452 2096 morientur
1480 2044 1665 2099 ambo.
1699 2045 1767 2101 Et
1793 2048 1965 2103 susci-

367 2126 499 2179 tabo
525 2126 658 2181 mihi
697 2129 1039 2185 sacerdotem
1068 2130 1308 2203 ﬁdelem,
1339 2136 1428 2204 qui
1454 2137 1610 2206 juxta
1656 2154 1753 2195 cor
1784 2158 1963 2197 meum

367 2226 424 2273 et
461 2220 704 2273 animam
747 2237 922 2277 meam
980 2222 1182 2291 faciat,
1216 2234 1271 2281 et
1316 2227 1597 2285 aediﬁcabo
1643 2232 1693 2286 ei
1741 2233 1961 2292 domum

370 2311 609 2382 fidelem,
635 2323 691 2369 et
711 2316 1007 2373 ambulabit
1027 2318 1103 2391 [h.
1130 2328 1185 2374 et
1207 2321 1517 2396 ambulabo]
1540 2340 1723 2382 coram
1744 2328 1963 2387 Christo

369 2422 491 2462 meo
522 2410 735 2463 cunctis
766 2408 977 2464 diebus.
1023 2410 1285 2467 Futurum
1316 2424 1399 2469 est
1439 2418 1606 2484 enim,
1639 2424 1964 2489 utquicum-

369 2520 476 2577 qne
508 2505 845 2559 remanserit
874 2505 929 2560 in
958 2504 1123 2561 domo
1157 2516 1269 2574 tua,
1320 2509 1501 2565 veniat
1554 2522 1611 2567 ut
1656 2525 1840 2570 oretur
1867 2531 1963 2586 pro

371 2611 458 2661 eo,
493 2604 549 2650 et
578 2594 773 2651 oﬂ‘erat
806 2612 1086 2653 nummum
1115 2607 1459 2670 argenteum,
1492 2612 1546 2658 et
1572 2613 1764 2660 tortam
1807 2607 1961 2678 panis

374 2688 450 2763 [h.
505 2690 690 2745 veniat
723 2698 785 2746 ut
824 2691 1017 2747 adoret
1067 2708 1217 2760 eum,
1248 2703 1302 2750 et
1329 2695 1561 2766 accipiat
1588 2698 1657 2752 ab
1690 2714 1755 2755 eo
1799 2717 1961 2756 num-

372 2800 519 2839 mum
554 2794 899 2856 argenteum,
950 2794 1007 2840 et
1051 2794 1246 2841 tortam
1280 2788 1483 2861 panis],
1545 2789 1799 2862 dicatque
1830 2809 1842 2847 ;
1876 2793 1963 2848 Di-

371 2876 530 2932 mitte
562 2892 665 2945 me,
712 2878 976 2946 obsecro,
1011 2880 1077 2935 ad
1108 2896 1268 2935 unam
1298 2890 1506 2951 partem
1543 2884 1955 2955 sacerdotalem,

371 2979 429 3024 ut
467 2970 756 3025 comedam
784 2972 1085 3028 buccellam
1110 2974 1288 3045 panis.

440 3062 592 3134 [ϐαρ.
636 3063 748 3135 llI.]
794 3064 937 3121 Puer
982 3075 1162 3122 autem
1211 3066 1436 3123 Samuel
1467 3070 1817 3129 ministrabat
1850 3074 1957 3131 Do-

368 3154 519 3209 mino
549 3168 732 3210 coram
762 3155 903 3223 Heli,
935 3168 989 3213 et
1042 3173 1228 3215 sermo
1259 3161 1474 3217 Domini
1525 3173 1642 3219 erat
1691 3167 1960 3235 pretiosus

2068 1957 2441 2029 respondens,
2475 1957 2588 2013 ait:
2616 1956 2825 2012 Praesto
2854 1971 2997 2011 sum.
3028 1957 3091 2011 Et
3121 1956 3477 2026 interrogavit
3498 1971 3619 2011 eum
3648 1974 3660 2008 :

2066 2050 2197 2119 Quis
2224 2061 2307 2105 est
2337 2067 2539 2121 sermo,
2566 2066 2727 2123 quem
2758 2052 2973 2107 locutus
3002 2059 3089 2106 est
3126 2050 3195 2106 ad
3230 2060 3282 2106 te
3314 2049 3497 2123 [Va/9.
3533 2050 3659 2105 add.

2066 2143 2393 2215 Dominus]?
2439 2159 2538 2199 oro
2568 2152 2641 2210 te,
2685 2160 2753 2199 ne
2779 2144 3046 2200 celaveris
3075 2160 3183 2199 me.
3216 2144 3343 2199 liae
3370 2145 3530 2198 faciat
3562 2144 3657 2199 tibi

2067 2235 2233 2301 Deus,
2263 2245 2318 2291 et
2346 2238 2461 2291 haec
2491 2236 2675 2306 addat,
2700 2236 2746 2292 si
2773 2236 3129 2292 absconderis
3153 2251 3183 2292 a
3213 2251 3299 2293 me
3322 2250 3653 2302 sermonem,

2066 2342 2131 2382 ex
2162 2326 2417 2383 omnibus
2448 2327 2630 2383 verbis
2673 2343 2795 2400 quae
2861 2328 3004 2383 dicta
3045 2338 3174 2384 sunt
3227 2328 3347 2383 tibi.
3401 2327 3662 2383 Indicavit

2068 2419 2250 2490 itaque
2297 2420 2347 2475 ei
2400 2420 2622 2477 Samuel
2663 2420 2690 2459 ι)
2743 2420 3031 2477 universos
3079 2436 3389 2489 sermones,
3445 2432 3500 2476 et
3554 2435 3661 2477 non

2064 2510 2353 2566 abscondit
2381 2511 2449 2567 ab
2494 2527 2579 2568 eo.
2631 2512 2698 2568 Et
2730 2514 2821 2569 ille
2866 2514 3150 2584 reSpondit
3184 2533 3197 2567 :
3233 2514 3494 2569 Dominus
3522 2522 3608 2569 est
3642 2531 3654 2568 :

2064 2603 2206 2675 quod
2238 2604 2439 2660 bonum
2473 2614 2556 2660 est
2589 2606 2638 2661 in
2670 2607 2848 2661 oculis
2888 2606 3024 2675 suis,
3058 2606 3235 2662 faciat.
3265 2605 3451 2663 Crevit
3478 2616 3659 2662 autem

2065 2696 2308 2763 Samuel,
2341 2708 2394 2752 et
2423 2698 2684 2753 Dominus
2714 2707 2831 2753 erat
2860 2713 2982 2754 cum
3015 2714 3103 2766 eo,
3141 2708 3196 2755 et
3222 2714 3328 2754 non
3367 2699 3565 2755 cecidit
3592 2714 3660 2755 ex

2066 2790 2320 2844 omnibus
2351 2790 2527 2845 verbis
2553 2789 2670 2861 ejus
2709 2790 2761 2845 in
2796 2799 3016 2846 terram.
3052 2791 3121 2846 Et
3158 2793 3408 2862 cognovit
3442 2794 3661 2848 univer-

2064 2895 2156 2937 sus
2181 2881 2343 2938 Israel
2373 2898 2403 2937 a
2441 2882 2555 2938 Dan
2602 2899 2775 2955 usque
2804 2885 3145 2953 Ber-Sabee,
3175 2885 3318 2955 quod
3353 2885 3530 2941 ﬁdelis
3554 2885 3659 2941 Sa-

2063 2978 2209 3031 muel
2240 2976 2503 3047 propheta
2552 2986 2700 3034 esset
2738 2979 2975 3034 Domini.
3008 2979 3078 3034 Et
3115 2980 3325 3035 addidit
3369 2981 3659 3052 Dominus,

2064 3080 2124 3125 ut
2148 3083 2438 3141 appareret
2479 3074 2533 3127 in
2568 3072 2707 3137 Silo,
2740 3074 2997 3143 quoniam
3042 3075 3317 3129 revelatus
3349 3074 3527 3131 fuerat
3551 3074 3657 3131 Da-

2065 3164 2246 3220 minus
2277 3164 2515 3220 Samueli
2548 3166 2603 3220 in
2649 3164 2788 3230 Silo.
2833 3166 2988 3234 juxta
3029 3167 3259 3222 verbum
3311 3166 3549 3221 Domini.
3595 3167 3662 3222 Et

367 3246 420 3300 in
450 3246 643 3302 diebus
667 3248 798 3315 illis,
824 3264 930 3305 non
960 3261 1078 3306 erat
1108 3253 1244 3307 visio
1273 3254 1582 3310 manifesta.
1621 3257 1844 3313 Factum
1874 3270 1956 3316 est
1985 3247 2030 3311 C
2060 3256 2243 3311 evenit
2294 3270 2479 3311 sermo
2532 3256 2809 3313 Samuelis
2855 3259 3112 3313 universo
3184 3256 3391 3313 Israeli.
3441 3257 3527 3331 [Τ.
3586 3258 3657 3325 Χ,

364 3354 496 3410 ergo
518 3339 572 3394 in
604 3340 692 3396 die
723 3343 952 3412 quadam
978 3344 1095 3399 lleli
1114 3344 1331 3414 jacebat
1355 3346 1407 3401 in
1437 3348 1555 3403 loco
1574 3362 1698 3417 suo,
1732 3359 1786 3405 et
1814 3352 1957 3405 oculi

364 3433 484 3502 ejus
508 3434 896 3505 caligaverant,
937 3452 1041 3492 nec
1082 3446 1294 3507 poterat
1320 3439 1505 3494 videre
1548 3440 1827 3496 lucernam
1859 3443 1956 3500 Dei

364 3535 653 3599 antequam
678 3530 1210 3603 exstinguereturlh.
1230 3541 1283 3586 et
1300 3543 1589 3604 antequam
1614 3534 1841 3591 lucerna
1862 3536 1954 3592 Dei

361 3621 848 3695 exstingueretur].
874 3624 1093 3680 Samuel
1117 3634 1297 3679 autem
1331 3625 1642 3683 dormiebat
1672 3629 1727 3683 in
1756 3631 1957 3699 templo

302 3714 305 3715 ⁷
363 3713 598 3781 Domini,
631 3715 718 3771 ubi
746 3726 866 3771 erat
893 3731 1018 3772 arca
1060 3716 1180 3772 Dei.
1216 3717 1284 3772 Et
1307 3723 1529 3774 vocavit
1560 3720 1824 3776 Dominus
1855 3722 1957 3778 Sa-

362 3809 534 3863 muel.
566 3808 650 3879 [Τ.
683 3809 843 3881 VIII.]
865 3809 965 3877 Qui
1006 3813 1368 3880 respondens,
1420 3813 1535 3867 ait:
1571 3813 1711 3869 Ecce
1735 3830 1857 3886 ego.
1889 3815 1957 3871 Et

360 3906 607 3959 cucurrit
634 3904 700 3959 ad
732 3904 880 3969 Heli,
912 3913 966 3960 et
995 3904 1133 3959 dixit
1165 3923 1178 3960 :
1208 3904 1347 3960 Ecce
1375 3921 1475 3976 ego
1518 3923 1532 3960 :
1568 3908 1773 3963 voeaSti
1808 3909 1953 3964 enim

361 4012 469 4053 me.
520 3997 621 4064 Qui
671 3997 859 4053 dixit:
888 3997 1005 4053 Non
1053 3999 1264 4065 vocavi,
1300 4006 1598 4066 revertere,
1643 4000 1838 4056 dormi.
1892 4002 1956 4055 Et

362 4090 517 4153 abiit,
557 4099 613 4144 et
640 4089 920 4145 dormivit.
954 4089 1021 4144 Et
1052 4088 1251 4159 adjecit
1292 4090 1552 4144 Dominus
1581 4106 1781 4146 vocare
1820 4107 1955 4146 rur-

364 4198 483 4238 sum
529 4184 861 4240 Sztmuelem.
909 4181 1365 4255 Consurgensque
1420 4184 1661 4252 Samuel,
1712 4184 1850 4241 abiit
1887 4185 1954 4241 ad

362 4276 506 4344 Heli,
534 4287 588 4332 et
610 4277 776 4332 dixit.
806 4277 947 4333 Ecce
965 4293 1087 4348 ego,
1119 4279 1211 4349 qui
1235 4279 1442 4333 vocasti
1468 4295 1573 4336 me.
1604 4282 1703 4349 Qui
1726 4296 1954 4350 respon-

361 4370 443 4425 dit
472 4387 484 4423 :
515 4369 635 4424 Non
659 4370 846 4425 vocavi
878 4380 948 4435 te,
981 4370 1057 4426 ﬁli
1088 4372 1158 4425 mi
1188 4390 1198 4425 :
1232 4381 1525 4439 revertere,
1556 4374 1753 4430 dormi.
1782 4374 1953 4430 Porro

360 4463 577 4520 Samuel
620 4464 852 4520 necdum
883 4465 1090 4521 sciebat
1121 4467 1432 4531 Dominum,
1464 4483 1641 4538 neque
1680 4471 1953 4525 revelatus

360 4557 537 4613 fuerat
566 4558 617 4613 ei
647 4572 828 4614 sermo
857 4558 1096 4613 Domini.
1132 4559 1199 4614 Et
1228 4560 1427 4630 adjecit
1457 4561 1739 4627 Dominus,
1770 4572 1825 4617 et
1856 4577 1951 4617 vo-

2061 3347 2193 3417 Cap.
2255 3348 2365 3420 lV.]
2412 3360 2433 3387 ο
2478 3350 2547 3404 Et
2599 3349 2797 3404 factum
2851 3360 2933 3405 est
2997 3350 3049 3404 in
3099 3349 3289 3407 diebus
3329 3349 3468 3419 illis,
3527 3365 3659 3405 con-

2060 3452 2330 3498 venerunt
2399 3442 2709 3499 Philisthim
2780 3444 2833 3499 in
2906 3459 3136 3514 pugnam
3189 3463 3200 3499 :
3258 3458 3510 3515 egressus
3576 3453 3661 3500 est

2060 3551 2294 3607 namque
2337 3536 2502 3593 Israel
2556 3537 2770 3592 obviam
2817 3536 3117 3592 Philisthim
3163 3537 3214 3591 in
3262 3537 3502 3605 praelium
3530 3578 3564 3613 ,ί
3604 3547 3659 3592 et

2058 3638 2474 3686 eastrametatus
2520 3637 2603 3685 est
2633 3630 2787 3700 juxta
2833 3629 3069 3699 lapidem
3130 3628 3430 3698 Adjutorii.
3484 3628 3654 3684 Porro

2059 3722 2366 3778 Philisthim
2392 3734 2663 3779 venerunt
2684 3723 2737 3778 in
2761 3722 2970 3793 Apltec,
3006 3731 3060 3779 et
3086 3723 3463 3778 inStruxerunt
3484 3722 3654 3777 aciem

2059 3826 2246 3872 contra
2287 3816 2470 3872 Israel.
2514 3815 2655 3870 Inito
2699 3823 2883 3871 autem
2916 3816 3245 3884 certamine,
3293 3824 3444 3887 terga
3489 3816 3657 3871 vertit

2058 3908 2226 3963 Israel
2248 3902 2600 3977 Philislltmis,
2631 3917 2684 3962 et
2707 3922 2848 3963 exesa
2867 3918 2994 3961 sunt
3014 3907 3065 3962 in
3092 3907 3187 3961 illo
3210 3909 3509 3961 certamine
3534 3922 3653 3977 pas-

2057 4000 2162 4056 sim
2204 4016 2299 4069 per
2347 4015 2545 4071 agros,
2587 3999 2741 4070 quasi
2781 4006 3014 4069 quatuor
3063 3998 3234 4053 millia
3276 4000 3539 4053 virorum.
3592 3998 3655 4052 Et

2058 4106 2308 4147 reversus
2340 4101 2422 4147 est
2455 4092 2684 4162 populus
2712 4091 2778 4146 ad
2811 4099 2990 4146 castra
3025 4109 3038 4144 :
3082 4090 3440 4162 dixeruntque
3483 4090 3657 4161 majo-

2058 4200 2146 4239 res
2192 4192 2318 4238 natu
2359 4183 2426 4239 de
2465 4183 2631 4239 Israel
2667 4200 2679 4237 :
2724 4198 2896 4254 quare
2942 4185 3208 4252 percussit
3250 4197 3349 4238 nos
3398 4180 3656 4237 Dominus

2057 4276 2220 4333 hodie
2244 4293 2429 4333 coram
2462 4277 2819 4332 Philisthim?
2864 4276 3170 4331 Aﬁeratnus
3201 4276 3268 4330 ad
3301 4291 3399 4330 nos
3428 4275 3498 4329 de
3538 4274 3655 4331 Silo

2056 4386 2240 4426 arcam
2276 4371 2495 4428 fasderis
2526 4371 2761 4439 Domini,
2794 4379 2851 4426 et
2879 4369 3059 4425 veniat
3089 4370 3141 4425 in
3174 4368 3415 4424 medium
3459 4368 3652 4431 nostri,

2057 4474 2116 4520 ut
2141 4464 2312 4520 salvet
2348 4478 2446 4519 nos
2473 4462 2541 4518 de
2568 4460 2595 4499 ἀ
2624 4478 2787 4517 manu
2820 4462 3163 4517 inimicorum
3186 4470 3521 4516 nostrorum.
3553 4460 3657 4515 Mi-

2056 4558 2126 4613 sit
2150 4571 2283 4627 ergo
2312 4556 2547 4627 populus
2570 4556 2622 4610 in
2656 4556 2790 4622 Silo,
2823 4564 2878 4610 et
2906 4554 3144 4609 tulerunt
3176 4553 3301 4608 inde
3331 4567 3516 4609 arcam
3549 4552 3655 4608 fos-

357 4652 504 4705 cavit
557 4650 733 4704 adhuc
780 4650 857 4721 [h.
890 4665 995 4705 non
1051 4649 1231 4723 habet]
1262 4649 1575 4707 Samuelem
1617 4654 1799 4707 tertio.
1848 4653 1947 4720 Qui
1978 4637 2029 4696 D
2054 4649 2201 4705 deris
2231 4649 2447 4704 Domini
2480 4648 2821 4703 exercituum
2864 4646 3106 4702 sedentis
3133 4661 3298 4715 super
3326 4643 3605 4701 cherubim
3640 4663 3651 4700 :

357 4758 722 4814 consurgens,
772 4743 900 4799 abiit
931 4743 996 4797 ad
1023 4743 1169 4808 Heli,
1216 4752 1269 4798 et
1308 4744 1427 4801 ait:
1470 4744 1619 4800 Ecce
1655 4759 1779 4815 ego,
1827 4746 1951 4815 quia

357 4836 557 4889 vocasti
578 4849 689 4891 me.
722 4835 997 4890 Intellexit
1032 4835 1197 4906 igitur
1214 4836 1329 4890 Heli
1349 4839 1471 4906 quia
1507 4838 1767 4891 Dominus
1788 4852 1950 4892 voca-

354 4937 441 4984 ret
459 4944 711 4998 puerum,
742 4936 800 4983 et
828 4918 987 4982 aitad
1021 4927 1331 4983 Samuelem
1360 4946 1371 4980 :
1402 4927 1571 4997 Vade,
1596 4928 1796 4995 dormi,
1827 4938 1881 4984 et
1903 4928 1948 4983 si

353 5024 619 5093 deinceps
666 5024 943 5079 vocaverit
984 5031 1058 5089 te,
1111 5023 1259 5078 dices
1306 5039 1319 5075 :
1381 5021 1651 5093 Loquere,
1694 5022 1940 5091 Domine,

349 5118 478 5189 quia
508 5117 663 5173 audit
695 5132 890 5173 servus
922 5127 1068 5173 tuus.
1102 5117 1251 5172 Abiit
1288 5131 1420 5187 ergo
1445 5116 1687 5186 Samuel,
1733 5127 1788 5173 et
1814 5117 1945 5174 dor-

352 5210 506 5266 mivit
529 5212 583 5265 in
616 5210 739 5266 loco
764 5226 883 5268 suo.
913 5209 997 5282 [T.
1023 5208 1142 5281 HL]
1166 5209 1233 5265 Et
1257 5209 1409 5265 venit
1431 5208 1714 5277 Dominus,
1743 5218 1799 5266 et
1826 5220 1940 5268 ste-

423 5376 450 5405 ι
478 5365 629 5422 Idem
652 5381 754 5422 ms.
784 5384 796 5419 :
826 5366 1036 5422 Videbis
1064 5366 1329 5422 Christum
1354 5366 1596 5420 wmulum
1617 5374 1786 5435 tuum,
1810 5379 1942 5438 etc.,

346 5440 493 5509 quod
524 5439 737 5492 videtur
769 5440 839 5508 pii
869 5439 1182 5509 glossatoris
1206 5438 1651 5493 additamentum.

423 5508 449 5546 δ
488 5509 984 5581 Τθοεῃᾼνβτοηθηε.
1030 5524 1131 5566 ms.
1182 5510 1444 5563 universos
1484 5524 1767 5581 sermones.
1801 5510 1943 5581 quod

346 5590 530 5637 tamen
562 5580 614 5634 in
646 5579 875 5636 Hebraeo
901 5592 1008 5646 est,
1041 5580 1233 5636 Grmco
1260 5594 1421 5647 atque
1449 5580 1569 5633 aliis
1597 5579 1769 5635 libris.

425 5663 446 5689 ε
488 5650 624 5705 Tota
652 5650 764 5703 haec
796 5653 1073 5720 pericope,
1108 5650 1175 5705 Et
1206 5655 1399 5720 factum
1420 5651 1569 5703 estin
1597 5651 1779 5705 diebus
1814 5654 1941 5720 illis,

347 5732 693 5794 rom-eneruat
724 5720 1025 5775 Philisthim
1062 5724 1117 5776 in
1149 5722 1414 5794 Pugnant.
1447 5738 1476 5774 a
1510 5722 1803 5779 Veronensi
1836 5740 1939 5781 ms.

346 5794 525 5857 abest,
544 5792 798 5861 quodque
813 5795 891 5849 rei
904 5808 963 5848 ea
972 5806 1060 5862 put
1083 5804 1188 5861 est,
1210 5792 1262 5849 in
1282 5793 1508 5848 Hebraeo
1522 5809 1735 5863 quoque
1756 5800 1945 5851 arelie-

349 5873 480 5936 typo
508 5863 873 5934 desideratur,
905 5874 965 5921 ut
995 5865 1119 5922 hinc
1148 5866 1393 5936 colligas,
1422 5863 1753 5923 adatnussim
1796 5882 1861 5925 eo
1888 5868 1942 5924 in

2055 4752 2319 4812 erantque
2350 4741 2458 4796 duo
2490 4740 2584 4795 ﬁlii
2617 4740 2735 4795 Heli
2758 4755 2882 4795 cum
2919 4755 3046 4795 arca
3080 4739 3304 4795 foederis
3334 4739 3450 4805 Dei,
3475 4739 3653 4809 Ophni

2053 4845 2109 4891 et
2140 4835 2392 4891 Phinees.
2418 4835 2662 4905 Cumque
2682 4834 2919 4889 venisset
2945 4848 3067 4889 arca
3103 4832 3324 4890 lcederis
3355 4832 3565 4888 Domini
3598 4832 3652 4887 in

2054 4939 2254 4995 castra,
2286 4929 2613 4984 vociferatus
2644 4937 2729 4985 est
2760 4928 2937 4983 omnis
2970 4927 3136 4983 Israel
3164 4926 3403 4982 clamore
3431 4924 3645 4995 grandi,

2053 5032 2107 5079 et
2136 5020 2419 5093 personuit
2444 5029 2609 5091 terra.
2650 5020 2734 5093 [Τ.
2774 5019 2889 5091 XL]
2925 5021 2988 5074 Et
3026 5018 3316 5073 audierunt
3344 5017 3651 5073 Philisthim

2050 5131 2240 5172 vocem
2263 5114 2538 5182 clamoris,
2562 5113 2928 5182 dixeruntque
2956 5130 2969 5167 :
3010 5111 3269 5180 Quaenam
3293 5120 3379 5166 est
3408 5109 3526 5165 haec
3549 5125 3653 5165 vox

2050 5208 2311 5265 clamoris
2339 5207 2521 5278 magni
2548 5205 2602 5262 in
2633 5206 2827 5262 castris
2862 5203 3250 5262 Hebraeorum?
3289 5203 3355 5259 Et
3381 5216 3655 5274 cognove-

2052 5369 2243 5426 codice
2278 5368 2760 5440 Hieronymianam
2793 5382 2858 5422 ex
2899 5366 3128 5440 Hebraeo
3159 5366 3466 5440 versionem
3497 5364 3656 5440 exhi-

2051 5442 2191 5501 beri.
2219 5456 2317 5496 nec
2348 5441 2448 5494 nisi
2473 5435 2535 5495 ex
2560 5439 2753 5495 Graeco
2783 5446 2883 5494 τῶν
2907 5437 3051 5494 LXX
3081 5439 3131 5491 in
3172 5438 3397 5493 Latinos
3436 5435 3655 5492 codices

2050 5528 2113 5568 ea
2138 5513 2299 5568 verba
2330 5512 2634 5578 irrepsisse.
2668 5510 2797 5567 Nam
2827 5520 2881 5565 et
2912 5510 3084 5565 Lucas
3115 5509 3409 5579 Brugensis
3436 5523 3526 5561 sex
3552 5506 3655 5559 La-

2052 5586 2162 5640 tina
2210 5582 2537 5651 exemplaria
2591 5580 2745 5647 citat,
2780 5596 2901 5652 qua:
2951 5597 3015 5637 ea
3063 5591 3251 5637 carent
3304 5579 3579 5652 additione
3636 5593 3649 5629 :

2048 5670 2210 5725 quam
2261 5648 2606 5725 tameuitnm
2660 5648 2888 5722 ipse'ex
2938 5655 3280 5725 antiquarum
3326 5648 3647 5705 Versionum

2047 5740 2317 5780 consensu
2352 5724 2565 5793 prohat,
2606 5738 2727 5779 cum
2761 5725 3173 5793 epanortbotes,
3207 5724 3321 5779 sive
3363 5726 3642 5775 correcto-

2046 5798 2208 5857 rium.
2238 5807 2486 5851 veterum
2515 5796 2913 5865 exemplarium
2936 5810 3060 5852 esse
3090 5803 3343 5850 testatur.

2119 5865 2143 5906 ἀ
2188 5869 2286 5925 Ms.
2312 5866 2618 5926 Veronens.
2656 5883 2671 5923 :
2706 5870 2768 5925 de
2796 5867 2965 5923 medio
3015 5867 3362 5936 inimicorum,
3396 5870 3507 5921 etc.
