4144 6364
325 289 435 344 575

1593 289 1798 354 LIBER
1840 289 1854 342 l
1895 287 2259 362 SAMUELIS.

3503 287 3609 344 ΕΜ

326 406 457 470 bant
482 407 856 482 prominentes
877 405 1084 460 extales
1114 420 1323 470 eorum.
1352 402 1696 473 lnieruntque
1726 402 1752 430 ⁸
1785 403 1906 470 Get-
1940 402 1989 466 Α
2018 412 2071 456 et
2097 417 2221 466 vasa
2241 415 2429 470 aurea,
2466 416 2585 472 qua:
2615 399 2928 455 exsolvistis
2950 399 3076 474 [Ms.
3102 398 3420 472 exsolvetis]
3442 398 3488 453 ei
3513 413 3612 468 pro

325 497 450 552 thtei
503 497 824 568 consilium,
874 509 924 553 et
984 497 1230 561 fecerunt
1283 495 1382 554 sibi
1438 493 1596 550 scdes
1645 495 1915 576 pelliceas.

321 586 589 642 Miserunt
629 604 759 660 ergo
801 603 988 643 arcam
1039 589 1134 644 Dei”
1188 588 1240 642 in
1288 589 1556 644 Accaron.
1611 587 1697 657 (Τ.
1751 585 1918 660 XVI.)

319 677 568 749 Cumque
613 681 851 736 venisset
890 695 1012 735 arca
1048 679 1140 735 Dei
1181 681 1232 734 in
1271 665 1538 748 Accanon,
1581 679 1918 740 exclamave-

319 779 450 826 runt
490 772 856 842 Accaronitae,
890 774 1175 830 dicentes:
1211 773 1570 830 Adduxerunt
1598 773 1663 828 ad
1697 789 1796 828 nos
1824 789 1915 828 ar-

314 880 442 919 cam
476 863 570 930 Dei
600 866 800 938 Israel,
857 878 914 922 ut
961 869 1252 926 interliciat
1296 882 1397 922 nos
1426 879 1479 923 et
1519 865 1775 937 populum
1821 882 1917 921 no-

314 965 510 1012 strum.
544 958 811 1024 Miserum
862 962 1065 1030 itaque,
1126 969 1178 1014 et
1209 969 1671 1030 ctmgregaverunt
1721 973 1914 1014 omnes

310 1060 561 1120 satrapas
602 1052 1033 1123 Philistinorum,
1061 1053 1150 1124 qui
1181 1054 1435 1107 dixerunt
1472 1072 1483 1104 :
1523 1053 1785 1107 Dimittite
1829 1052 1907 1124 lli.

310 1143 533 1216 Mittite]
571 1159 754 1200 arcam
805 1145 899 1214 Dei
949 1145 1131 1210 Israel,
1180 1155 1234 1201 et
1280 1154 1588 1200 revertatur
1633 1143 1686 1198 in
1733 1144 1908 1198 locum

306 1252 469 1304 suum
500 1280 515 1306 ,
563 1249 617 1300 et
652 1255 757 1292 non
808 1239 1099 1293 interliciat
1145 1254 1240 1294 nos
1284 1253 1404 1292 cum
1449 1237 1644 1308 populo
1698 1246 1906 1292 nostro.

306 1329 503 1386 Fiebat
533 1333 682 1386 enim
715 1345 882 1400 pavor
911 1332 1100 1400 lliOl'llS
1137 1332 1187 1386 in
1218 1330 1448 1402 singulis
1478 1330 1700 1384 urbibus
1742 1329 1818 1404 [:h.
1855 1329 1906 1383 in

303 1429 426 1475 tota
453 1422 720 1493 civitate],
769 1433 822 1477 et
849 1422 1168 1493 gravissima
1215 1421 1373 1478 valde
1418 1437 1612 1476 manus
1641 1422 1758 1476 Dei.
1797 1421 1904 1476 Viri

300 1526 550 1591 quoque,
595 1515 684 1592 qui
718 1514 914 1568 mortui
958 1530 1064 1570 non
1095 1514 1329 1582 fuerant,
1365 1515 1805 1585 percutiebantur
1852 1515 1905 1569 in

297 1606 596 1670 secretiori
655 1620 806 1677 parte
873 1609 1120 1676 natium,
1190 1618 1243 1663 et
1287 1608 1612 1676 ascendebat
1665 1608 1905 1663 ululatus

299 1699 731 1779 uniuscujusque
773 1701 1123 1779 civitatis_[h.
1162 1704 1399 1758 ululatus
1427 1702 1670 1776 civitatis]
1701 1702 1752 1756 in
1793 1717 1904 1760 cce-

296 1790 439 1846 lum.
541 1773 550 1779 ”
646 1773 653 1774 ί
997 1773 1031 1801 ⁸

378 1883 525 1958 [ϐιῳ.
551 1884 667 1956 VL]
685 1886 806 1942 Fuit
831 1903 956 1957 ergo
977 1902 1096 1942 arca
1123 1887 1336 1944 Domini
1355 1888 1404 1942 iu
1432 1889 1651 1961 regione
1669 1887 1900 1946 Philisti-

295 1991 499 2031 norum
555 1988 732 2048 eptem
759 1981 1060 2035 mensibus.
1089 1979 1115 2018 ι)
1147 1981 1211 2035 Et
1241 1981 1894 2052 vocaveruntfhilisthim

293 2071 620 2127 sacerdotes
632 2082 685 2126 et
706 2072 939 2142 divinos,
965 2073 1210 2128 dicentes
1229 2091 1240 2126 :
1262 2073 1400 2142 Quid
1419 2074 1676 2128 faciemus
1691 2072 1759 2128 de
1772 2088 1898 2128 arca

295 2163 563 2218 Domini?
595 2164 834 2221 indicate
859 2167 1014 2220 nobis
1041 2166 1311 2237 quomodo
1341 2167 1676 2222 remittemus
1698 2183 1816 2222 eam
1842 2167 1894 2222 in

292 2254 480 2308 locum
515 2272 695 2311 suum.
731 2257 815 2330 [Τ.
854 2257 1042 2331 XVll.]
1074 2259 1172 2330 Qui
1203 2260 1496 2314 dixerunt:
1532 2260 1589 2317 Si
1617 2260 1894 2317 retnittitis

285 2364 480 2404 arcam
510 2349 604 2416 Dei
632 2351 828 2421 Israel,
861 2353 1029 2408 nolite
1059 2355 1334 2410 dimittere
1379 2370 1497 2410 eam
1523 2371 1768 2422 vacuam,
1797 2355 1893 2411 sed

286 2444 439 2514 quod
467 2444 658 2512 debetis
689 2445 766 2516 [ὴ.
794 2463 924 2513 μοι]
959 2446 1138 2519 habet]
1186 2447 1394 2502 reddite
1425 2447 1500 2520 Lh.
1547 2447 1807 2520 reddetis]
1841 2448 1890 2504 ei

285 2548 398 2604 pro
442 2546 686 2605 peccato,
731 2547 785 2593 et
833 2546 957 2600 tunc
993 2539 1354 2604 curabimini,
1403 2549 1457 2594 et
1496 2540 1683 2595 scietis
1725 2556 1890 2610 quare

287 2644 406 2684 non
439 2630 652 2685 recedat
685 2648 878 2696 manus
899 2635 1016 2704 ejus
1037 2649 1063 2687 a
1089 2634 1261 2692 vobis.
1289 2633 1388 2702 Qui
1413 2635 1669 2701 dixerunt
1695 2652 1706 2687 :
1751 2635 1888 2703 Quid

285 2723 539 2793 estquod
559 2740 653 2794 pro
672 2724 870 2790 delicto
890 2726 1119 2794 reddere
1143 2727 1439 2782 debeamus
1458 2727 1504 2782 ci
1528 2727 1887 2798 ?Respoude-

282 2826 523 2886 runlqui:
540 2817 616 2870 illi
637 2816 819 2882 :Juxta
838 2823 1536 2890 numerumprovinciarum
1554 2821 1736 2876 Philis'.
1752 2821 1885 2889 him,

282 2909 528 2980 quinque
545 2923 676 2978 auos
690 2925 882 2979 aureos;
899 2912 1122 2978 facietis,
1142 2913 1443 2984 etquinque
1459 2929 1645 2970 mures
1659 2930 1881 2970 aureos:

281 3002 417 3072 quia
442 3003 592 3075 plaga
623 3018 724 3068 una
755 3004 856 3059 fuit
881 3006 1130 3061 omnibus
1144 3007 1318 3073 vobis,
1345 3020 1395 3061 et
1419 3009 1652 3077 satrapis
1667 3008 1880 3064 vestris.

280 3093 637 3168 Facietisque
665 3108 686 3135 ο
710 3099 1117 3155 similitudinem
1145 3115 1372 3156 auorum
1388 3113 1715 3172 vestrorum,
1741 3103 1883 3170 etsi-

2022 493 2242 563 delicto,
2263 494 2474 564 ponetis
2491 495 2540 560 in
2564 492 2854 564 capsellam
2869 492 2935 546 ad
2949 491 3091 548 latus
3104 491 3224 562 ejus
3241 505 3257 544 :
3275 500 3329 544 et
3352 489 3610 546 dimittite

2021 601 2140 640 eam
2175 595 2231 640 ut
2259 585 2441 639 vadat.
2471 585 2539 652 Et
2568 584 2864 658 aspicietis,
2913 594 2968 639 et
3015 582 3279 655 siquidem
3331 597 3425 653 per
3468 581 3612 654 viam

2022 679 2206 732 ﬁniunt
2254 694 2474 734 suorum
2517 678 2823 732 ascenderit
2852 687 3046 732 contra
3091 659 3468 742 Belli-Salues,
3498 674 3614 743 ipse

2021 771 2152 825 fecit
2182 771 2339 825 nobis
2370 771 2572 825 malum
2597 769 2698 824 hoc
2719 770 2924 842 grande
2951 787 2963 822 :
2991 769 3071 824 sin
3103 777 3310 836 autem,
3349 767 3612 822 minime:

2018 863 2254 919 sciemus
2298 864 2418 933 quia
2469 877 2804 932 nequaquam
2849 875 3042 916 manus
3090 861 3209 928 ejus
3257 859 3431 928 tetigit
3481 873 3608 928 nos,

2016 955 2110 1008 sed
2151 970 2284 1009 casu
2332 953 2549 1008 accidit.
2587 953 2856 1008 Fecerunt
2904 967 3037 1023 ergo
3080 952 3157 1007 illi
3213 951 3314 1006 hoc
3344 950 3528 1020 modo,
3558 957 3615 1006 et

2019 1049 2270 1102 tollentes
2295 1048 2428 1102 duas
2458 1063 2672 1109 vaccas,
2705 1063 2824 1117 qute
2869 1047 3146 1102 lactabant
3173 1046 3392 1108 vitulos,
3415 1044 3614 1118 junxe-

2015 1150 2138 1194 runt
2169 1139 2234 1194 at!
2267 1140 2608 1209 plaustrum,
2645 1141 2949 1210 vitulosque
2986 1153 3175 1193 earum
3224 1135 3614 1200 concluserunt

2013 1233 2184 1290 domi.
2215 1234 2284 1289 Et
2309 1243 2606 1304 p05uerunt
2632 1248 2811 1286 arcam
2844 1231 3060 1286 Domini
3087 1246 3255 1300 super
3285 1229 3605 1300 plaustrum,

2012 1340 2065 1385 et
2082 1332 2395 1402 capsellam,
2413 1347 2530 1402 qum
2553 1330 2789 1385 habebat
2804 1345 2985 1385 mures
3004 1344 3200 1384 aureos
3218 1338 3274 1385 et
3291 1329 3602 1385 similitudi-

2011 1438 2134 1494 nem
2161 1437 2411 1480 auorum.
2454 1421 2605 1478 lliant
2645 1430 2824 1476 autem
2878 1422 2929 1474 in
2974 1421 3238 1476 directum
3271 1436 3474 1490 vacca),
3513 1435 3606 1492 per

2010 1514 2150 1569 viam
2172 1533 2290 1584 qua:
2303 1515 2453 1576 ducit
2478 1514 2858 1582 Belli-Sanies,
2879 1522 2933 1568 et
2950 1513 3146 1569 itinere
3166 1529 3274 1580 uno
3288 1514 3606 1584 gradieban-

2011 1617 2117 1675 tur,
2135 1618 2419 1679 pcrgeutes
2447 1618 2501 1662 et
2529 1606 2864 1676 mugientes:
2892 1615 2947 1662 et
2969 1621 3074 1660 non
3099 1605 3442 1661 declinabant
3468 1604 3598 1678 [Ms.

2008 1699 2436 1772 declinaverunt]
2459 1683 2630 1772 neque
2644 1701 2708 1754 ad
2726 1700 3006 1766 dexteram
3022 1715 3196 1772 neque
3222 1701 3284 1754 ad
3300 1701 3598 1772 sinistram,

1933 1812 1976 1874 Β
2007 1795 2098 1848 sed
2117 1807 2167 1850 et
2183 1807 2416 1862 satrapa:
2431 1793 2739 1848 Philisthim
2756 1794 3124 1864 sequebantur
3141 1809 3313 1860 usque
3343 1792 3407 1846 ad
3425 1792 3602 1848 termi-

2006 1903 2104 1941 nos
2130 1885 2498 1942 Beth-Sames.
2520 1884 2604 1959 [Τ.
2625 1883 2834 1956 XVlll.]
2860 1884 3029 1940 Porro
3059 1885 3406 1940 Bethsamitte
3431 1893 3602 1940 mete-

2006 1981 2135 2034 bant
2155 1981 2386 2036 triticum
2408 1982 2456 2050 iu
2473 1981 2634 2048 valle,
2656 1990 2706 2034 et
2725 1981 3006 2035 elevantes
3020 1980 3229 2047 oculos,
3249 1980 3498 2036 viderunt
3514 1995 3602 2035 ar-

2001 2090 2140 2141 eam,
2165 2084 2219 2129 et
2245 2075 2414 2145 gavisi
2433 2083 2692 2128 suntcum
2711 2072 2990 2140 vidissent.
3021 2073 3088 2126 Et
3115 2074 3411 2144 plaustrum
3445 2073 3598 2129 venit

2002 2170 2054 2222 itt
2084 2184 2267 2239 agrum
2301 2167 2468 2223 .losue
2496 2166 2869 2234 Betltsamita},
2899 2177 2952 2222 et
2980 2169 3132 2222 stetit
3182 2169 3274 2222 ibi.
3325 2168 3454 2222 Erat
3502 2183 3598 2223 au-

1999 2271 2106 2317 tem
2139 2262 2209 2316 ibi
2259 2262 2393 2331 lapis
2443 2277 2692 2333 magnus,
2749 2273 2800 2315 et
2841 2262 3198 2317 conciderunt
3245 2263 3383 2333 ligna
3444 2263 3596 2332 plau-

1997 2355 2123 2420 stri,
2161 2368 2462 2423 vaccasque
2505 2353 2882 2423 imposuerunt
2920 2369 3085 2423 super
3120 2369 3183 2409 ea
3217 2355 3594 2412 holocaustum

2000 2450 2230 2504 Domino
2295 2448 2370 2520 [h.
2444 2463 2750 2518 vaccasque
2812 2449 3170 2520 imposuerunt
3216 2451 3592 2508 holocaustum

1996 2539 2264 2611 Domino].
2299 2541 2496 2598 Levitae
2518 2551 2697 2595 autem
2723 2540 3093 2609 deposuerunt
3116 2557 3297 2598 arcam
3330 2539 3355 2578 ἀ
3390 2542 3504 2607 Dei,
3535 2551 3595 2600 et

1994 2633 2289 2703 capsellam
2342 2650 2461 2704 qua:
2506 2642 2629 2688 erat
2671 2633 2821 2704 juxta
2872 2649 3014 2704 eam,
3047 2635 3098 2690 in
3133 2649 3238 2702 qua
3280 2645 3435 2689 erant
3462 2650 3588 2691 vasa

1993 2744 2178 2796 aurea,
2235 2739 2289 2782 et
2344 2737 2641 2800 posuerunt
2684 2743 2849 2800 super
2893 2727 3123 2800 lapidem
3159 2728 3438 2804 grandem.
3473 2728 3588 2785 Viri

1991 2833 2169 2876 autem
2205 2819 2551 2876 Bethsamita:
2575 2803 2894 2875 obtulerunt
2920 2819 3293 2886 holaucausta,
3318 2829 3374 2875 et
3398 2820 3590 2886 immo-

1992 2915 2242 2970 laverunt
2289 2916 2534 2982 victimas
2577 2917 2627 2968 in
2661 2913 2752 2968 die
2802 2913 2893 2968 illa
2944 2913 3192 2968 Domino.
3245 2912 3307 2966 Et
3351 2913 3589 2984 quinque

1989 3023 2226 3080 satrapte
2262 3010 2677 3066 Philistinorum
2710 3010 2965 3066 viderunt
2990 3052 3003 3078 ,
3038 3017 3092 3064 et
3123 3009 3332 3064 reversi
3378 3020 3500 3062 sunt
3535 3010 3586 3074 in

1988 3102 2230 3158 Accarou
2266 3105 2315 3156 in
2345 3103 2433 3172 die
2487 3105 2602 3160 illo.
2649 3103 2713 3160 lli
2745 3113 2870 3158 sunt
2900 3114 3079 3158 autem
3123 3103 3210 3158 ani
3245 3103 3418 3169 aurei,
3451 3116 3587 3171 quos

281 3187 1885 3263 militudinetnmurium,quidemolitisuntterram.Etdabi-
1909 3205 1954 3268 C
1989 3196 2342 3251 reddiderunt
2384 3196 2694 3253 Philisthim
2740 3211 2836 3267 pro
2875 3195 3105 3263 delicto,
3144 3195 3410 3248 Domino:
3445 3193 3586 3248 Azo-

284 3281 359 3334 tis
383 3281 493 3338 Deo
521 3283 681 3339 Israel
714 3285 968 3355 gloriam,
995 3288 1038 3352 si
1063 3287 1201 3344 forte
1227 3289 1429 3354 relevet
1450 3305 1666 3350 manum
1684 3305 1877 3346 suauia

278 3375 464 3444 vobis,
479 3385 533 3431 et
553 3392 580 3431 a
595 3377 696 3431 diis
716 3380 926 3448 vestris,
957 3391 1006 3446 et
1021 3396 1050 3434 a
1065 3391 1205 3444 terra
1233 3393 1429 3448 vestra.
1447 3382 1624 3450 Quare
1643 3385 1880 3454 gravatis

249 3469 447 3526 .icorda
465 3471 1144 3548 vestra,sicutaggravavit
1167 3475 1524 3547 ngyptus,et
1550 3478 1757 3538 Pharao
1784 3494 1878 3546 cor

275 3560 468 3626 suum?
482 3561 670 3618 Nonne
687 3572 966 3634 postquam
990 3583 1278 3640 percussus
1299 3579 1402 3636 est,
1424 3579 1549 3626 tunc
1565 3551 1878 3647 dimisitcos

274 3652 359 3724 lli.
377 3653 569 3710 Nonne
585 3657 801 3736 quando
817 3658 1234 3728 illusiteis,tunc
1248 3659 1453 3719 dimisit
1467 3661 1652 3733 illos?],
1670 3673 1722 3730 et
1735 3678 1762 3715 a
1775 3662 1879 3720 bie-

274 3745 444 3800 runt?
469 3745 622 3808 Nunc
649 3761 777 3821 ergo
802 3748 1055 3818 arripite,
1085 3759 1139 3814 et
1168 3750 1330 3808 facite
1351 3752 1654 3822 plaustrum
1678 3770 1876 3808 novum

271 3846 335 3894 et
353 3854 540 3910 unum,
568 3839 703 3896 duas
725 3856 917 3910 vaccas
940 3845 1100 3913 fetas,
1116 3846 1312 3916 quibus
1331 3860 1436 3900 non
1459 3855 1542 3902 est
1563 3847 1876 3916 impositum

266 3931 487 4005 jugum,
507 3933 788 4004 jungitein
807 3934 1072 4005 plaustro,
1099 3947 1153 3996 et
1180 3936 1447 4000 recludite
1469 3939 1666 4000 vitulos
1683 3955 1742 3994 ea
1755 3956 1872 3996 rum

269 4022 787 4096 domi.Tolletisque
801 4039 981 4080 arcam
998 4025 1296 4094 Domini,et
1315 4030 1526 4100 ponetis
1541 4031 1592 4084 in
1609 4029 1870 4112 plaustro,

347 4171 374 4200 ι
402 4161 499 4217 Est
521 4163 623 4218 hoc
640 4164 973 4236 amnem-mo;
1001 4163 1444 4236 llieronymiana:
1469 4164 1872 4234 interpretatio-

268 4234 359 4289 nis
385 4249 552 4303 quam
585 4234 688 4291 nis.
727 4234 1061 4294 Veronensis
1091 4235 1336 4299 exhibet,
1367 4250 1498 4291 sane
1526 4237 1873 4305 perspicuum

266 4314 679 4378 argumentum,
706 4306 847 4377 quod
882 4306 981 4362 hac
1012 4307 1511 4378 careatadditione,
1535 4306 1873 4378 lnierunlque

267 4347 320 4358 ...
747 4347 847 4361 ην..
883 4347 981 4362 ..ην
1012 4347 1135 4370 _......
1178 4347 1488 4362 ...μυημιηυ
1812 4347 1871 4362 ..ν

267 4347 488 4429 (Isthmi
515 4347 812 4442 contribam,
841 4386 887 4430 et
919 4347 1170 4447 fecerunt"
1172 4375 1269 4431 sibi
1289 4378 1431 4431 scdcs
1461 4351 1720 4443 pblliceas,
1753 4347 1871 4445 illiue

265 4447 514 4517 neqoeiu
541 4449 806 4503 llebraico’
831 4450 1125 4518 exemplari
1158 4448 1409 4515 habetur,
1433 4450 1526 4502 sed
1548 4452 1870 4506 estomnino

264 4533 334 4575 ex
364 4518 591 4586 Graecis,
620 4524 705 4575 καὶ
728 4522 977 4595 Emineant
1004 4522 1049 4576 οἱ
1068 4524 1267 4595 Γεθαᾼῖοι
1290 4521 1496 4595 ἑαντοῑς
1520 4519 1870 4595 ἕδραςιᾷετί-

1939 3281 1942 3284 ’
1987 3299 2071 3344 tus
2104 3306 2286 3350 unum.
2320 3289 2460 3345 Gaza
2490 3306 2679 3361 unum,
2708 3289 2942 3344 Ascalou
2986 3303 3171 3359 unum,
3217 3287 3355 3352 Getb
3392 3302 3578 3356 unum,

1985 3387 2230 3438 Accaron
2263 3399 2454 3446 untuu,
2501 3392 2556 3437 et
2603 3396 2783 3437 mures
2811 3396 3006 3436 aureos
3049 3379 3347 3434 secundum
3393 3392 3583 3432 nurne-

1985 3491 2100 3529 rum
2131 3475 2342 3530 urbium
2383 3474 2688 3528 Philisthitn
2713 3516 2725 3540 ,
2774 3473 3014 3543 quinque
3057 3467 3480 3544 provinciarum,
3511 3467 3578 3522 ab

1985 3566 2116 3621 urbe
2147 3575 2354 3638 tuurala
2387 3581 2556 3638 usque
2587 3564 2655 3620 ad
2687 3565 2891 3626 villam,
2928 3577 3048 3638 quae
3073 3570 3191 3617 erat
3221 3561 3428 3628 absque
3461 3574 3578 3630 lllllr

1984 3676 2066 3726 ro,
2099 3670 2151 3714 et
2182 3676 2350 3729 usque
2391 3659 2457 3713 ad
2500 3657 2630 3714 Abel
2667 3674 2917 3732 maguum
2947 3701 2960 3724 ,
2996 3672 3161 3725 super
3188 3671 3347 3724 quem
3377 3669 3578 3726 posue-

1986 3762 2106 3808 runt
2133 3767 2312 3822 arcam
2347 3751 2580 3818 Domini,
2614 3769 2736 3820 qua:
2767 3761 2882 3805 erat
2934 3763 3103 3817 usque
3152 3747 3207 3802 in
3241 3747 3388 3801 illum
3432 3745 3578 3800 diem

1981 3848 2032 3901 in
2067 3863 2198 3918 agro
2229 3846 2392 3914 .losue
2419 3843 2792 3901 Bethsamitis.
2829 3841 3106 3898 Percussit
3143 3849 3323 3894 autem
3354 3839 3424 3894 de
3449 3839 3579 3895 viris

1981 3939 2429 4008 Bethsamitibus,
2461 3953 2527 4000 eo
2556 3937 2699 4008 quod
2734 3935 3000 4008 vidissent
3028 3949 3210 3992 arcam
3244 3931 3479 3992 Domini.
3525 3941 3582 3988 et

1983 4031 2246 4101 percussit
2299 4029 2367 4085 de
2411 4031 2614 4100 populo
2661 4027 3001 4098 septuaginta
3051 4027 3196 4080 viros
3242 4024 3318 4096 [h.
3355 4034 3577 4096 septua-

1979 4168 2209 4223 dicatam
2273 4166 2438 4220 fuisse
2492 4165 2722 4220 murium
2753 4164 3123 4218 ehullitionem
3157 4178 3186 4218 e
3221 4171 3386 4226 terra,
3414 4160 3578 4228 siqui-

1978 4240 2099 4293 dem
2133 4237 2317 4308 paucis
2347 4237 2416 4290 ab
2446 4236 2573 4308 hinc
2601 4236 2848 4308 versibus
2878 4251 2996 4289 eam
3024 4248 3179 4308 sacer
3203 4242 3380 4298 textus
3402 4231 3571 4300 signi,-

1978 4310 2104 4364 ﬁcat
2133 4301 2487 4379 praenotasse,
2524 4307 2609 4360 ubi
2643 4305 2985 4362 Philisthmos
3009 4301 3192 4367 tradit,
3220 4312 3277 4356 ut
3305 4317 3362 4379 se
3392 4317 3420 4353 a
3454 4317 3573 4379 tuu—

1977 4373 2495 4435 rium-infes'tatione
2526 4388 2831 4439 tuerentur,
2857 4392 3048 4431 aureas
3085 4389 3273 4429 eorum
3304 4373 3570 4442 imagines

1974 4453 2040 4507 ad
2073 4454 2213 4506 latus
2244 4463 2531 4518 utrumque
2582 4464 2722 4503 arca:
2772 4447 3100 4518 reposuisse.
3155 4445 3221 4500 Ut
3267 4458 3398 4518 vero
3447 4457 3568 4518 cum

1977 4524 2219 4582 historiae
2249 4513 2478 4578 veritate
2524 4535 2679 4588 mque
2708 4513 2849 4578 bene
2875 4526 2969 4576 aut
3006 4517 3120 4588 illo,
3165 4525 3257 4588 aut
3300 4513 3404 4588 hoc
3440 4513 3568 4588 loco

265 4597 414 4654 vata,
441 4583 715 4673 auctaque
740 4595 792 4646 in
822 4591 1016 4648 Latino
1056 4593 1259 4673 verbis,
1297 4592 1522 4673 inierunt
1568 4583 1863 4662 consilium,
1893 4616 1945 4673 υ
1973 4602 2238 4673 congruat
2263 4610 2274 4644 λ
2301 4593 2388 4646 hic
2413 4583 2830 4673 tamen'videtur
2850 4599 2905 4670 et
2935 4585 3311 4673 tnul'to‘aptio'r
3340 4583 3564 4673 atlfa‘c‘ti

264 4670 322 4714 et
365 4660 638 4736 pelliceasi
678 4663 1011 4736 Quamquam
1043 4677 1173 4716 vero
1200 4665 1351 4736 illam
1400 4663 1522 4736 lline
1549 4660 1862 4720 amoveree

264 4733 417 4785 textu
444 4746 550 4785 noo
574 4735 746 4786 ausim
779 4751 790 4786 :
826 4735 929 4787 hoc
960 4744 1137 4788 tamen
1163 4735 1269 4794 aio.
1297 4733 1519 4788 minime
1548 4749 1666 4788 eam
1693 4736 1861 4790 videri

260 4816 330 4856 ex
380 4802 698 4875 Hieronymi
741 4805 951 4859 calamo
1002 4805 1320 4874 profectam,
1368 4805 1462 4860 sed
1516 4807 1655 4860 inter
1703 4821 1861 4861 as.~u-

264 4882 472 4940 menta,
511 4891 631 4944 qua:
662 4877 713 4936 in
744 4875 861 4945 ejus
911 4876 1416 4942 interpretationem
1463 4893 1531 4931 ex
1574 4877 1857 4946 lleliraico,

259 4946 487 5016 sequior
519 4961 709 5001 manus
735 4962 802 5000 ex
831 4946 972 5001 LXX
1012 4947 1242 5016 aliisque
1285 4946 1490 5002 Latinis
1523 4947 1861 5003 versionibus

259 5014 608 5085 importavit,
659 5020 1102 5074 enumerandam.
1150 5014 1417 5074 Caeterum
1461 5019 1646 5074 mirari
1694 5021 1856 5073 etiam

255 5087 424 5157 subit,
460 5102 569 5142 non
599 5089 1047 5144 animadvertisse
1070 5090 1352 5144 Hebrteum
1382 5089 1734 5157 scholiasten,
1769 5105 1859 5146 aut

256 5155 629 5214 Martianaeum
662 5160 800 5215 hanc
827 5161 1135 5229 interpolati
1171 5173 1350 5216 textus
1378 5163 1648 5218 laciniam.

326 5246 354 5284 ιι
395 5248 560 5305 Addit
599 5249 902 5322 \lerouens.
953 5267 1055 5306 ms.
1099 5251 1164 5306 Et
1203 5251 1430 5312 ebulliuit
1467 5262 1606 5308 terra
1642 5253 1853 5322 illorum

253 5334 425 5395 mare:
447 5336 466 5374 :
491 5321 634 5388 quod
659 5322 876 5392 quidem
919 5325 1167 5380 videatur
1210 5335 1450 5379 assutum
1481 5341 1544 5378 ex
1577 5324 1741 5395 LXX,
1768 5321 1851 5384 καὶ

251 5389 479 5466 ἐξέζεσεν
505 5395 536 5452 ἡ
570 5403 636 5466 γῆ
677 5389 845 5466 eam»
874 5402 1011 5465 μῦας
1043 5411 1056 5448 :
1106 5410 1282 5463 neque
1308 5395 1453 5452 enim
1485 5396 1539 5450 in
1585 5389 1848 5452 llehrliico

251 5465 552 5535 exemplari
581 5465 711 5535 quid
741 5467 918 5521 simile
948 5466 1034 5522 hic
1063 5467 1160 5530 loci
1196 5467 1444 5526 invenire
1473 5477 1575 5520 est.
1613 5467 1678 5520 At
1709 5467 1847 5522 dixi-

250 5534 571 5607 muspaulo
601 5545 730 5592 aute
768 5536 836 5592 ad
860 5537 1158 5603 superioris
1185 5538 1399 5606 capitis,
1433 5553 1576 5592 vers.
1610 5540 1662 5602 6,
1696 5539 1843 5607 ejus-

252 5603 402 5683 modi
429 5605 860 5683 additamentum
883 5611 1094 5683 tametsi
1118 5603 1364 5677 pluribus
1389 5620 1706 5680 conceptum
1724 5603 1850 5683 :vcr-

255 5672 366 5739 bis,
411 5675 484 5734 ab
508 5678 786 5744 omnibus,
834 5694 956 5738 cum
1007 5672 1232 5742 Hebraeo
1264 5690 1434 5747 textu,
1473 5672 1582 5738 tum
1612 5679 1851 5738 melioris

254 5756 397 5822 [lotae
422 5762 582 5822 mss,
609 5749 906 5819 detnutniet
935 5751 1136 5806 criticis
1166 5752 1464 5822 repudiari.
1494 5751 1853 5807 NihiloSecius

250 5815 535 5876 latendum
569 5815 573 5816 ⁷
605 5815 735 5893 est,
796 5815 937 5881 hanc
972 5815 1244 5896 oportere
1288 5822 1484 5882 alicubi
1528 5823 1740 5883 tandem
1773 5827 1854 5883 in-

1973 4653 2289 4719 nietboriam
2337 4661 2705 4724 recolendam,
2756 4669 2812 4714 et
2857 4661 2969 4725 ipsa
3020 4653 3202 4711 dictati
3248 4653 3567 4724 simplicitas

1969 4745 2170 4790 tantam
2203 4734 2575 4804 germanitatis
2603 4729 2859 4801 praeferre
2880 4730 3144 4804 speciem,
3167 4737 3222 4780 ut
3243 4737 3429 4804 putare
3451 4741 3566 4779 ma-

1965 4807 2080 4874 lim,
2116 4797 2235 4875 post
2282 4797 2616 4875 Hieronymi
2646 4813 2890 4875 tempora
2911 4797 3249 4875 'pericopem
3298 4797 3458 4875 is_tam
3490 4812 3558 4852 ex

1943 4869 2194 4932 sllebraro
2234 4869 2532 4946 archetypo
2575 4869 2865 4946 decidisse,
2915 4869 3074 4943 quam
3105 4870 3282 4946 luisse
3307 4869 3374 4923 ab
3400 4882 3467 4946 eo
3493 4883 3557 4946 ex

1965 4948 2106 5003 LXX
2139 4939 2526 5016 interpretibus
2564 4947 2668 4999 huc
2699 4939 3066 5016 intportatam.
3197 4955 3324 5016 vero
3355 4941 3472 5016 clatri
3495 4939 3556 5016 _in

1965 5019 2229 5075 llebraicn
2260 5010 2389 5086 legit
2411 5030 2654 5073 veterum
2678 5010 2921 5085 quidam,
2944 5015 3058 5086 sive
3083 5010 3276 5086 Aquila
3306 5011 3350 5065 is
3371 5010 3556 5086 luerit,

1964 5092 2078 5146 sive
2103 5082 2484 5162 Symmachus,
2518 5091 2632 5143 sive
2655 5082 2775 5163 quis
2804 5087 2938 5140 alius
2972 5083 3357 5163 l_lexaplarium
3390 5082 3558 5163 inlcr-

1967 5150 2196 5230 pretutu,
2233 5163 2320 5228 qui
2353 5150 2622 5231 ἐξέϐρασεν
2644 5150 2823 5231 vertit,
2857 5156 3005 5231 quod
3035 5150 3251 5231 proprie
3281 5150 3555 5231 est,.ebul-_

1962 5223 2087 5298 lirit,
2107 5223 2204 5314 pro
2225 5223 2446 5299 ἐξὲξεσέν
2461 5223 2622 5295 LXX,
2639 5229 2782 5314 quod
2807 5223 2910 5295 est,
2927 5223 3183 5312 efferbuit.
3205 5224 3420 5294 Legcrit
3441 5223 3557 5306 pari

1961 5301 2121 5374 pacto
2154 5305 2537 5374 Hieronymus,
2583 5301 2750 5372 quiet
2776 5315 2899 5354 eum
2925 5301 3276 5368 interpretem
3310 5301 3556 5364 pressius

1956 5385 2319 5503 εθῗυιξῗιῗγῗιῗίι
2345 5461 2578 5502 nurnero
2600 5443 2765 5500 habet
2793 5442 3097 5499 Veronens.
3133 5453 3235 5493 ms.
3266 5452 3390 5492 cum
3423 5435 3553 5490 Vtil-

1956 5544 2118 5613 gatis,
2151 5541 2518 5600 similitudines
2548 5556 2566 5594 :
2598 5538 2878 5613 llaabrrcus
2909 5549 3122 5606 quoque
3148 5515 3310 5613 3953-
3338 5601 3349 5613 .
3499 5598 3509 5609 ,

2029 5608 2054 5646 ἀ
2087 5611 2384 5666 Veronens.
2414 5627 2550 5679 ms.,
2586 5608 2796 5664 Domini
2834 5624 2853 5664 :
2908 5603 3098 5679 estque
3150 5603 3238 5658 hic
3275 5603 3448 5670 reipsa
3499 5603 3551 5672 in

1961 5682 2193 5742 Hebrteo
2246 5691 2366 5744 mm
2405 5701 2417 5738 :
2455 5677 2670 5738 tametsi
2726 5679 2868 5739 hanc
2926 5677 3168 5747 regulam
3224 5689 3330 5728 non
3388 5683 3556 5747 usque

1960 5740 2095 5808 adeo
2122 5740 2434 5828 constanter
2455 5763 2564 5828 aut,
2590 5769 2690 5828 ms.
2747 5762 2843 5828 aut
2875 5740 3077 5820 vulgati
3103 5755 3323 5803 servant
3353 5759 3364 5796 :
3401 5740 3544 5810 quod

1960 5826 2137 5903 semel
2163 5827 2442 5885 monuisse
2467 5826 2600 5886 satis
2627 5825 2717 5881 sit.
