3964 6344
582 285 688 345 575

1577 297 1632 356 S.
1678 298 2055 360 HIERONYMI
2098 304 2329 364 DIVINA
2369 307 2856 372 BIBLIOTHECA.

3707 337 3801 404 ⁵ῢῖϐ

576 403 725 474 ginta
754 403 900 462 viros
925 451 939 476 ,
971 415 1029 463 et
1071 408 1457 482 quinquaginta
1499 410 1666 469 millia
1694 415 1894 489 viros],
1928 427 1983 474 et
2011 421 2169 492 quin-
2193 425 2248 484 Α
2273 425 2517 482 venirent
2543 428 2594 482 in
2630 431 2891 486 terminos
2931 431 3117 488 Israel.
3151 432 3312 490 Facta
3340 448 3418 493 est
3451 439 3619 514 itaque
3647 427 3804 508 manus

580 497 839 568 quaginta
889 499 1057 556 millia
1100 501 1293 570 plebis.
1329 502 1594 576 Luxitque
1644 509 1899 579 populus,
1927 527 1994 568 eo
2028 513 2173 583 quod

578 589 944 660 percussisset
995 591 1255 649 Dominus
1285 594 1495 664 plebem
1535 598 1688 672 plaga
1745 617 1938 673 magna
1988 604 2068 677 [h.
2121 607 2174 662 in

580 683 784 752 ponulo
813 683 969 754 plaga
1004 684 1236 758 magna].
1274 687 1338 742 Et
1370 689 1633 746 dixerunt
1660 693 1764 748 viri
1793 694 2172 756 Betltsamitae:

581 773 715 840 Quis
742 776 940 843 poterit
969 788 1114 834 stare
1164 778 1215 833 in
1264 790 1558 851 conspectu
1607 784 1822 840 Domini
1863 789 1959 843 Dei
2003 789 2175 845 sancti

583 865 781 936 hujus?
826 875 882 923 et
922 869 988 924 ad
1029 885 1186 941 quem
1216 873 1475 929 ascendet
1521 889 1549 930 a
1582 877 1771 934 nobis?
1800 879 2174 953 Miserumque

584 961 805 1016 nuntios
831 961 896 1017 ad
924 960 1255 1020 habitatores
1279 963 1721 1037 Cariath-Jarim,
1747 970 1994 1028 dicentes
2025 992 2039 1028 :
2069 974 2178 1031 Re-

583 1052 854 1109 duxerunt
891 1053 1200 1112 Philistbim
1239 1072 1421 1116 arcam
1462 1061 1700 1130 Domini,
1741 1065 2078 1134 descendite,
2123 1077 2178 1124 et

583 1145 763 1202 ducite
787 1146 973 1222 [Vulg.
996 1149 1258 1224 reducite’]
1287 1168 1406 1208 eam
1431 1155 1497 1210 ad
1525 1171 1640 1212 vos.

655 1237 740 1310 [T.
773 1239 915 1307 XIX,
941 1240 1081 1310 Cap.
1115 1243 1250 1316 \'I|.]
1287 1245 1563 1304 Venerunt
1591 1265 1723 1322 ergo
1772 1251 1881 1308 viri
1925 1251 2175 1310 Cariath—

583 1329 776 1396 Jarim,
807 1341 862 1387 et
892 1331 1166 1390 duxerunt
1211 1335 1398 1412 [Vulg.
1444 1341 1799 1416 reduxerunt]
1847 1361 2028 1402 arcam
2071 1347 2178 1403 Do-

585 1423 737 1490 mini,
767 1435 821 1480 et
849 1426 1144 1485 intulerunt
1167 1445 1285 1488 eam
1320 1433 1372 1488 in
1402 1434 1621 1491 domum
1647 1446 1670 1474 ⁸
1691 1438 1978 1497 Abiuadab
1998 1442 2050 1497 in
2072 1442 2177 1499 Ga-

586 1515 682 1570 baa
713 1534 726 1570 :
756 1517 1074 1576 Eleazarum
1103 1531 1282 1578 autem
1304 1524 1484 1581 ‘ﬁlium
1517 1527 1634 1597 ejus
1677 1531 2173 1599 sanctiﬁcaverunt,

585 1620 646 1666 ut
675 1613 975 1670 custodiret
1005 1631 1188 1673 arcam
1220 1619 1452 1677 Domini.
1483 1621 1552 1678 Et
1580 1623 1779 1680 factum
1822 1637 1926 1694 est,
1959 1645 2028 1686 cx
2071 1645 2176 1702 qua

586 1704 675 1762 die
705 1711 905 1764 mansit
937 1709 1118 1766 arcaib
1150 1713 1201 1768 in
1230 1711 1658 1785 Cariath-Jarim,
1687 1720 2023 1792 multiplicati
2048 1735 2176 1781 sunt

2278 517 2493 576 Domini
2524 537 2686 595 super
2714 523 3077 593 Pbilisthzeos,
3110 529 3325 584 cunctis
3354 530 3531 588 diebus
3552 535 3803 600 Samuelis.

2277 611 2346 667 Et
2373 614 2598 671 reddita:
2637 627 2766 684 sunt
2795 620 2981 685 urbes,
3014 635 3149 691 quas
3200 618 3431 679 tulerant
3457 627 3729 689 Philistbim
3752 638 3808 691 ab

2277 700 2471 772 Israel,
2499 706 2705 777 Israeli,
2738 710 2808 766 ab
2837 708 3083 767 Accaron
3117 728 3285 785 usque
3324 715 3483 785 Geth,
3513 729 3563 776 et
3591 725 3814 784 terminos

2277 810 2406 850 suos
2429 813 2455 852 τι
2496 798 2744 856 liberavit
2786 803 2952 860 Israel
2975 804 3046 861 de
3073 820 3234 862 manu
3265 806 3672 881 Pbilistinorum,
3692 830 3812 874 erat-

2277 882 2382 962 que
2443 909 2548 964 pax
2602 896 2744 952 inter
2797 898 2966 954 Israel
3023 910 3077 956 et
3124 902 3514 960 Amorrhzeum.
3573 908 3814 968 Iudicabat

2280 983 2405 1055 [Μσ.
2434 987 2714 1063 judicavit]
2743 1007 2955 1064 quoque
2987 993 3205 1051 Samuel
3233 996 3398 1053 Israel
3437 1002 3632 1057 cunctis
3657 1003 3814 1060 diebus

2278 1081 2404 1134 vita:
2441 1097 2576 1154 suae,
2627 1093 2681 1140 et
2727 1083 2839 1141 ibat
2887 1101 2986 1157 per
3033 1088 3276 1159 singulos
3325 1105 3492 1147 annos
3535 1093 3816 1153 circumiens

2280 1170 2506 1228 Belli-El
2531 1183 2582 1228 ct
2613 1174 2834 1246 Galgala
2863 1186 2918 1233 et
2949 1178 3193 1250 Maspha,
3227 1191 3281 1235 et
3307 1181 3574 1252 judicabat
3601 1184 3817 1244 Israelem

2278 1265 2332 1320 in
2365 1268 2685 1337 supradictis
2731 1271 2886 1327 locis.
2930 1271 3433 1344 Revertebaturque
3471 1278 3521 1331 in
3549 1277 3818 1335 Ramatha:

2277 1355 2350 1411 ibi
2383 1359 2526 1414 enim
2555 1371 2672 1416 erat
2698 1362 2897 1418 domus
2921 1363 3062 1434 ejus,
3087 1375 3140 1419 et
3167 1364 3243 1420 ibi
3265 1366 3533 1436 judicabat
3555 1368 3780 1427 Israelem
3808 1389 3820 1428 :

2277 1451 2562 1506 aediﬁcavit
2592 1453 2755 1510 etiam
2787 1453 2861 1510 ibi
2894 1455 3064 1512 altare
3091 1456 3345 1513 Domino.

2349 1541 2434 1615 [T.
2466 1545 2610 1613 XXI,
2641 1545 2770 1620 Cap.
2815 1547 2976 1622 VIII.]
3020 1550 3242 1606 Factum
3285 1563 3368 1608 est
3412 1563 3584 1610 autem
3619 1570 3726 1611 cum
3750 1571 3822 1613 se.

2276 1638 2485 1693 nuisset
2533 1639 2776 1706 Samuel,
2835 1643 3016 1712 posuit
3066 1643 3206 1700 ﬁlios
3256 1659 3384 1701 suos
3423 1645 3622 1716 judices
3665 1647 3821 1704 Israel.

2277 1730 2511 1802 Fuitque
2539 1748 2737 1789 nomen
2772 1733 2863 1789 lilii
2895 1735 3016 1805 ejus
3046 1737 3390 1808 primogeniti
3422 1737 3558 1806 Joel,
3587 1747 3640 1795 et
3660 1755 3824 1796 nomen

585 1799 705 1856 dies
735 1800 875 1873 (erat
903 1805 1103 1874 quippe
1127 1805 1239 1876 jam
1268 1823 1444 1865 annus
1476 1809 1790 1885 vicesimus)
1821 1823 1871 1870 et
1908 1817 2175 1893 requievit
2203 1819 2253 1882 B
2277 1799 2502 1878 secundi
2533 1823 2692 1890 Abia,
2716 1799 2960 1896 judicum
2995 1799 3417 1888 in-Ber-Sabee.
3451 1832 3518 1888 Et
3544 1799 3646 1888 non
3670 1834 3827 1889 ambu-

585 1893 762 1948 omnis
784 1895 979 1950 domus
1009 1895 1171 1952 Israel
1205 1908 1324 1968 post
1355 1900 1665 1958 Dominum.
1705 1903 1798 1960 Ait
1844 1916 2026 1962 autem
2079 1908 2178 1964 Sa-

584 1986 728 2040 muel
751 1986 818 2041 ad
847 1989 1159 2046 universam
1188 1991 1406 2048 domum
1439 1995 1625 2064 Israel,
1653 1996 1837 2055 dicens
1863 2019 1874 2054 :
1902 1999 1959 2057 Si
1983 2002 2034 2056 in
2065 2010 2177 2058 toto

581 2077 747 2134 corde
781 2089 965 2136 vestro
993 2083 1327 2140 revertimini
1356 2085 1422 2141 ad
1453 2088 1739 2144 Dominum
1760 2135 1774 2159 ,
1806 2091 2017 2149 auferte
2044 2094 2175 2151 deos

579 2171 788 2228 alienos
817 2173 886 2230 de
930 2174 1112 2232 medio
1157 2186 1399 2235 vestrum
1444 2180 1630 2253 [Vulg.
1669 2183 1796 2238 add.
1825 2185 2073 2259 Baalim],
2119 2198 2173 2245 et

581 2267 899 2334 Astharoth,
944 2278 1001 2326 et
1039 2281 1341 2343 praeparate
1385 2276 1551 2332 corda
1597 2290 1775 2336 vestra
1825 2281 2074 2349 Domino,
2121 2290 2176 2351 et

579 2360 782 2415 servite
802 2361 851 2415 ei
877 2362 1005 2432 soli,
1035 2373 1254 2422 eteruet
1272 2382 1370 2424 vos
1389 2368 1459 2425 de
1484 2385 1649 2426 manu
1675 2371 2006 2428 Philistbim.
2032 2375 2171 2430 Abs-

579 2450 819 2508 tulerunt
850 2469 980 2526 ergo
1006 2456 1104 2513 filii
1135 2457 1273 2515 Isael
1305 2461 1509 2518 Baalim
1533 2474 1588 2519 et
1618 2465 1936 2534 Astharoth,
1961 2474 2016 2523 et
2058 2483 2175 2524 ser-

577 2541 792 2600 vierunt
834 2546 1064 2606 Domino
1095 2552 1217 2617 soli.
1254 2553 1404 2609 Dixit
1435 2564 1614 2612 autem
1640 2557 1856 2615 Samuel
1891 2578 1904 2616 :
1937 2562 2172 2632 Congre-

573 2645 698 2708 gate
719 2639 1031 2697 universum
1058 2643 1224 2701 Israel
1249 2647 1302 2701 in
1331 2655 1354 2685 ε
1378 2647 1618 2720 Maspha,
1644 2660 1702 2706 ut
1723 2667 1871 2708 orem
1897 2669 1994 2720 pro
2021 2655 2173 2710 vobis

575 2728 885 2788 Dominum.
920 2733 988 2790 Et
1035 2749 1408 2794 convenerunt
1448 2741 1500 2795 in
1547 2741 1766 2814 Maspha
1796 2763 1809 2799 :
1844 2745 2170 2803 hauserunt-

574 2836 682 2892 que
695 2837 913 2893 aquam,
931 2834 987 2882 et
1000 2825 1303 2885 effuderunt
1319 2831 1372 2886 in
1388 2846 1681 2904 conspectu
1699 2837 1937 2904 Domini,
1961 2851 2017 2894 et
2031 2839 2173 2911 jeju-

576 2927 844 2970 naverunt
872 2917 926 2972 iu
957 2918 1044 2974 die
1068 2920 1158 2974 illa
1186 2964 1200 2989 ,
1228 2930 1285 2976 et
1314 2922 1569 2980 dixerunt
1597 2926 1668 2981 ibi
1715 2943 1729 2981 :
1763 2925 1790 2964 ἀ
1821 2927 2171 2988 Peccavimus

575 3003 830 3062 Domino.
855 3008 1230 3081 Judicavitque
1257 3014 1477 3071 Samuel
1499 3016 1642 3072 ﬁlius
1662 3017 1825 3076 Israel
1849 3021 1903 3076 in
1930 3021 2166 3092 llIaSpha.

574 3097 642 3154 Et
667 3101 956 3158 audierunt
987 3104 1298 3162 Philistbim
1331 3109 1478 3180 quod
1521 3113 1834 3184 congregati
1864 3126 2047 3172 essent
2073 3118 2166 3173 filii

2282 1914 2532 1972 laverunt
2564 1918 2659 1972 lilii
2708 1919 2852 1976 illius
2893 1921 2948 1976 in
2989 1921 3092 1978 viis
3138 1923 3255 1995 ejus
3287 1943 3301 1978 :
3333 1924 3429 1980 sed
3467 1924 3830 1984 declinaverunt

2279 2016 2402 2075 post
2429 2009 2738 2078 avaritiam,
2768 2022 3209 2084 acceperuntque
3241 2031 3494 2086 munera,
3517 2025 3570 2072 et
3594 2026 3830 2088 perverte-

2279 2109 2402 2152 runt
2419 2099 2705 2170 judicium.
2724 2102 3047 2176 Congregati
3067 2121 3202 2178 ergo
3221 2107 3461 2165 universi
3487 2109 3703 2178 majores
3723 2119 3832 2163 natu

2279 2187 2468 2263 Israel,
2494 2204 2760 2250 venerunt
2781 2196 2846 2252 ad
2865 2196 3176 2254 Samuelem
3205 2200 3258 2254 in
3285 2201 3566 2257 liamatlta.
3583 2201 3834 2257 Dixerunt-

2276 2293 2381 2349 que
2397 2282 2446 2337 ei
2469 2301 2480 2336 :
2498 2283 2639 2340 Ecce
2655 2293 2708 2341 tu
2724 2284 2908 2360 [ναις.
2931 2288 3094 2361 nunc]
3109 2289 3362 2359 senuisti,
3379 2291 3540 2348 etlilii
3555 2292 3624 2347 tui
3639 2307 3735 2348 non
3748 2308 3835 2347 am-

2274 2373 2464 2428 hulaut
2487 2376 2540 2430 in
2564 2378 2663 2432 viis
2695 2378 2799 2434 tuis
2825 2396 2835 2432 :
2867 2383 3137 2437 constitue
3167 2382 3328 2437 nobis
3356 2398 3558 2455 regem,
3587 2393 3642 2438 ut
3659 2384 3835 2454 judicet

2277 2478 2398 2530 nos,
2428 2465 2570 2522 sicut
2590 2477 2643 2524 et
2671 2470 2936 2526 universae
2964 2470 3166 2528 habent
3185 2475 3460 2531 nationes.
3491 2475 3839 2546 Displicuitque

2276 2570 2457 2614 sermo
2507 2559 2561 2614 in
2607 2561 2774 2617 oculis
2823 2562 3115 2632 Samuelis,
3166 2580 3234 2621 eo
3263 2566 3408 2637 quod
3448 2567 3700 2623 dixissent
3735 2584 3745 2620 :
3776 2567 3837 2620 Da

2277 2651 2433 2707 nobis
2461 2668 2664 2724 regem,
2700 2664 2757 2710 ut
2777 2655 2986 2726 judicet
3026 2673 3147 2715 nos.
3201 2659 3273 2714 Et
3329 2660 3508 2716 oravit
3554 2660 3753 2716 Samuel
3785 2659 3838 2715 ad

2277 2744 2586 2804 Dominum.
2611 2748 2951 2807 Dixitautem
2977 2753 3238 2809 Dominus
3265 2753 3333 2810 ad
3360 2754 3662 2812 Samuelem
3687 2773 3700 2810 :
3723 2753 3839 2810 Audi

2275 2853 2462 2894 vocem
2516 2842 2699 2913 populi
2752 2843 2806 2898 in
2854 2845 3102 2900 omnibus
3128 2861 3248 2917 quae
3278 2847 3577 2918 loquuntur
3612 2846 3723 2913 tibi,
3752 2861 3842 2900 non

2274 2934 2419 2990 enim
2449 2944 2502 2991 te
2530 2936 2864 3006 abjecerunt,
2899 2937 2994 2994 sed
3025 2953 3133 3006 me,
3179 2955 3251 2996 ne
3289 2955 3516 3010 regnem
3560 2954 3717 3010 super
3742 2952 3838 2993 eos.

2273 3025 2432 3081 Juxta
2462 3028 2641 3082 omnia
2668 3043 2833 3100 opera
2854 3045 2973 3096 sua,
2998 3047 3118 3101 quae
3146 3032 3398 3089 fecerunt
3430 3049 3459 3088 a
3486 3033 3571 3088 die
3586 3049 3682 3104 qua
3707 3030 3843 3088 eduxi

2274 3131 2370 3172 eos
2397 3117 2465 3173 de
2489 3115 2510 3155 τ
2535 3116 2773 3190 Egypto
2803 3134 2974 3191 usque
3002 3123 3069 3178 ad
3101 3121 3246 3179 diem
3279 3124 3442 3179 istum
3468 3141 3481 3177 :
3513 3123 3647 3179 sicut
3673 3123 3846 3178 dereli-

573 3190 739 3248 Israel
772 3194 825 3249 in
858 3195 1112 3266 Maspha,
1151 3209 1207 3254 et
1248 3202 1613 3260 ascenderunt
1651 3215 1882 3277 satrapae
1923 3209 2157 3267 Pltilisti-
2195 3206 2244 3273 C
2273 3221 2628 3279 queruntme,
2650 3212 3022 3270 etservierunt
3043 3214 3146 3270 diis
3167 3215 3484 3283 alienis,sic
3501 3215 3845 3273 faciuntetiam

570 3302 765 3343 norum
815 3290 882 3345 ad
916 3290 1109 3348 Israel.
1156 3294 1312 3360 Quod
1360 3311 1482 3352 cum
1525 3299 1806 3356 audissent
1844 3301 1940 3358 ﬁlii
1979 3303 2168 3375 Israel,

571 3377 869 3436 timuerunt
909 3397 940 3437 a
993 3382 1133 3441 facie
1180 3385 1616 3446 Philistinorum.
1671 3392 1933 3449 Dixerunt
1962 3395 2027 3451 ad
2072 3397 2172 3454 Sa-

571 3476 807 3532 muelem
835 3495 848 3534 :
880 3493 947 3534 ne
991 3495 1175 3538 cesses
1214 3497 1314 3552 pro
1353 3485 1504 3540 nobis
1529 3486 1768 3544 clamare
1789 3488 1854 3542 ad
1881 3489 2168 3547 Dominum

572 3565 742 3622 Deum
793 3580 1041 3629 nostrum
1064 3615 1079 3642 ,
1113 3585 1169 3629 ut
1213 3576 1392 3632 salvet
1421 3593 1520 3633 nos
1563 3579 1633 3636 de
1662 3597 1826 3637 manu
1859 3583 2171 3640 Philistino-

572 3672 714 3713 rum.
753 3661 837 3732 [T.
869 3663 1015 3736 ΧΧ.]
1039 3666 1181 3721 Tulit
1202 3678 1385 3723 autem
1411 3670 1630 3727 Samuel
1657 3688 1852 3743 agnum
1881 3675 2169 3733 lactentem

573 3763 761 3821 unum,
797 3761 852 3808 ct
885 3755 1081 3812 obtulit
1124 3758 1276 3814 illum
1327 3759 1700 3819 holocaustum
1748 3766 2016 3838 integrum
2065 3770 2171 3824 Do-

573 3839 745 3910 mino,
775 3851 831 3898 et
871 3846 1124 3903 clamavit
1155 3850 1378 3908 Samuel
1425 3853 1491 3908 ad
1532 3854 1820 3911 Dominum
1852 3873 1949 3928 pro
1977 3859 2166 3928 Israel,

572 3942 628 3989 et
644 3935 1051 3995 exaudiviteum
1068 3941 1346 4001 Dominus.
1365 3945 1587 4002 Factum
1610 3956 1694 4004 est
1707 3960 1912 4018 autem,
1931 3966 2054 4008 cum
2075 3953 2170 4010 Sa-

571 4030 718 4085 muel
747 4031 973 4090 offerret
1001 4033 1406 4106 holocaustum,
1448 4041 1796 4099 Pliilistbtnos
1833 4045 2001 4101 iniere
2032 4063 2169 4115 pra:-

571 4120 704 4178 lium
731 4135 921 4180 contra
951 4126 1116 4183 Israel
1143 4147 1156 4184 :
1194 4129 1431 4186 intonuit
1457 4144 1642 4189 autem
1665 4135 1925 4191 Dominus
1955 4137 2167 4208 fragore

573 4232 770 4289 magno
798 4220 852 4275 in
883 4221 972 4277 die
1001 4222 1092 4278 illa
1120 4239 1283 4295 super
1306 4224 1614 4282 Philistbim
1636 4270 1650 4294 ,
1680 4237 1735 4284 et
1757 4231 2027 4286 exterruit
2046 4246 2162 4300 eos,

569 4320 624 4365 et
650 4313 777 4368 caesi
799 4323 929 4370 sunt
956 4323 980 4353 ο
1003 4330 1034 4370 a
1060 4316 1198 4373 lacie
1217 4317 1404 4374 Israel.
1433 4319 1761 4392 Egressique
1785 4321 1889 4377 viri
1913 4323 2076 4380 Israel
2100 4327 2167 4382 de

572 4404 816 4476 Maspha,
851 4412 1119 4479 persecuti
1145 4422 1271 4468 sunt
1299 4413 1667 4479 Philisthaeos,
1691 4425 1747 4472 et
1767 4430 2166 4487 percusserunt

571 4511 692 4565 eos,
749 4515 920 4570 usque
949 4501 1034 4557 .ad
1087 4502 1286 4574 locum,
1331 4507 1424 4578 qui
1461 4517 1579 4563 erat
1606 4508 1796 4565 subter
1825 4509 2161 4566 Betti-Char.

2277 3301 2394 3357 tibi.
2433 3301 2588 3358 Nunc
2625 3319 2760 3374 ergo
2786 3379 2788 3382 ν
2812 3303 2938 3360 audi
2985 3321 3180 3383 vocem
3223 3323 3422 3365 eorum
3456 3327 3468 3363 :
3502 3319 3845 3364 verumtamen

2272 3404 2582 3452 contestare
2612 3411 2728 3464 eos,
2751 3406 2807 3453 et
2826 3399 3034 3470 praedic
3063 3400 3143 3455 eis
3167 3402 3259 3470 jus
3291 3403 3463 3473 regis,
3509 3402 3600 3472 qui
3631 3409 3850 3472 regnatu-

2272 3501 2367 3543 rus
2395 3496 2481 3543 est
2510 3504 2674 3558 super
2704 3505 2818 3546 eos.
2871 3491 2956 3562 [T.
2989 3491 3182 3565 XXII.]
3233 3493 3387 3550 Dixit
3436 3496 3615 3565 itaque
3660 3491 3851 3550 Samuel

2271 3582 2450 3637 omnia
2486 3581 2654 3640 verba
2695 3583 2913 3640 Domini
2946 3585 3013 3640 ad
3041 3586 3329 3658 populum,
3373 3589 3466 3660 qui
3500 3589 3724 3660 petierat
3748 3603 3775 3640 a
3801 3599 3851 3640 sc

2271 3689 2476 3744 regem,
2511 3685 2565 3730 et
2587 3676 2661 3730 ait
2692 3693 2706 3729 :
2749 3675 2863 3732 Hoc
2892 3677 2995 3733 erit
3018 3677 3108 3748 jus
3138 3679 3312 3750 regis,
3371 3681 3466 3751 qui
3520 3680 3852 3747 imperaturus

2271 3775 2353 3821 est
2383 3768 2536 3822 vobis
2562 3785 2574 3822 :
2608 3768 2774 3824 Filios
2802 3780 3012 3826 vestros
3038 3771 3214 3842 tollet,
3235 3783 3292 3829 et
3325 3783 3498 3844 ponet
3537 3775 3589 3830 in
3630 3771 3852 3828 curribus

2270 3859 2408 3925 suis,
2435 3857 2700 3930 facietque
2729 3861 2835 3917 sibi
2863 3862 3071 3933 equites
3095 3873 3150 3918 et
3185 3879 3566 3934 praecursores
3595 3863 3852 3936 quadriga-

2271 3967 2389 4006 rum
2421 3966 2662 4020 suarum,
2695 3963 2749 4008 et
2780 3957 3075 4012 constituet
3111 3956 3215 4012 sibi
3252 3959 3538 4026 tribunos,
3593 3969 3648 4015 et
3689 3967 3856 4014 centu-

2269 4043 2472 4107 riones,
2502 4054 2556 4099 οι
2579 4054 2824 4100 aratores
2844 4061 3099 4116 agrorum
3129 4063 3386 4126 suorum,
3422 4061 3478 4107 et
3501 4066 3759 4107 messores
3779 4064 3852 4103 SC-

2267 4141 2472 4204 getum,
2527 4145 2581 4190 et
2623 4136 2808 4192 fabros
2864 4150 3140 4194 armorum
3193 4153 3250 4194 et
3305 4156 3576 4198 curruum
3632 4154 3853 4197 suorum.

2267 4226 2432 4282 Filias
2458 4243 2670 4300 quoque
2698 4241 2909 4285 vestras
2939 4228 3103 4286 faciet
3131 4232 3235 4287 sibi
3263 4235 3688 4306 unguentarias,
3721 4242 3772 4289 et
3793 4232 3862 4286 fo-

2266 4323 2461 4388 carias,
2483 4333 2538 4378 et
2559 4322 2836 4393 panificas.
2864 4324 3041 4396 Agros
3070 4342 3288 4398 quoque
3313 4339 3563 4401 vestros,
3591 4338 3647 4388 et
3671 4329 3859 4392 vineas,

2265 4426 2322 4472 et
2346 4416 2538 4472 oliveta
2570 4416 2776 4485 Optima
2807 4416 2984 4487 tollet,
3012 4425 3070 4473 et
3102 4417 3256 4474 dabit
3287 4422 3476 4477 servis
3502 4424 3640 4478 suis.
3688 4419 3786 4477 Sed
3815 4425 3863 4471 et

2265 4515 2478 4579 segetes
2508 4517 2742 4574 vestras,
2773 4517 2832 4564 et
2867 4509 3146 4565 vinearum
3191 4511 3453 4568 redditus
3485 4509 3860 4573 addecimabit,

568 4591 720 4648 Tulit
750 4601 929 4651 autem
971 4596 1187 4653 Samuel
1215 4598 1451 4668 lapidem
1497 4617 1686 4668 unum,
1732 4610 1788 4658 et
1834 4603 2013 4672 posuit
2039 4617 2160 4658 eum
2185 4587 2242 4650 Ῑ)
2267 4602 2438 4659 ut'det
2463 4602 2727 4659 eunuchis
2748 4611 2804 4658 et
2824 4602 3043 4657 famulis
3065 4603 3199 4658 suis.
3227 4603 3449 4662 Servos
3470 4608 3635 4662 etiam
3652 4611 3864 4663 vestros,

568 4684 712 4742 inter
741 4687 965 4758 Maspha
1011 4699 1068 4746 et
1117 4691 1258 4747 inter
1304 4692 1410 4749 Sen
1443 4693 1570 4766 [Με.
1603 4694 1810 4767 Senei],
1844 4706 1900 4750 et
1947 4697 2160 4752 vocavit

571 4793 770 4834 nomen
798 4781 916 4850 ejus
941 4781 1128 4856 [ναις.
1161 4783 1290 4837 add.
1317 4784 1477 4855 loci],
1507 4786 1645 4856 lapis
1667 4786 1964 4856 Adjutorii.
1995 4787 2164 4843 Dixit-

569 4884 674 4939 que
701 4889 714 4925 :
749 4873 1038 4946 [lucusque
1059 4877 1352 4934 auxiliatus
1375 4885 1461 4934 est
1489 4879 1645 4934 nobis
1662 4880 1943 4937 Dominus.
1977 4881 2044 4936 Et
2065 4880 2165 4936 bu-

573 4961 760 5018 tniliati
791 4976 918 5022 sunt
963 4966 1309 5036 Philistbim,
1367 4983 1467 5026 nec
1513 4981 1882 5041 apposuerunt
1905 4972 2071 5042 ultra,
2107 4983 2164 5028 ut

593 5311 606 5325 ο
643 5241 873 5325 {Vocat
909 5257 1014 5300 ms.
1055 5244 1377 5313 Aminadab,
1421 5245 1651 5302 Hebraeo
1681 5253 1898 5307 mnam;
1936 5243 2153 5302 dissen-

568 5321 757 5368 tiente.

644 5383 672 5423 ι»
703 5384 869 5461 Addit
899 5384 1041 5442 idem
1070 5403 1173 5444 ms.
1205 5384 1451 5458 Domini,
1483 5388 1628 5460 quod
1673 5398 1852 5446 textus
1871 5388 2162 5461 originales

569 5470 767 5512 nomen
793 5455 880 5512 hic
907 5466 1106 5514 tacent.
1440 5455 1446 5458 ⁷
1500 5455 1518 5460 ⁷
1853 5488 1868 5497 -

643 5538 666 5566 ο
697 5525 1240 5603 Constanter_noster
1266 5546 1369 5586 ms.
1399 5547 1520 5586 cum
1548 5531 1791 5603 Vulgatis
1825 5540 1987 5588 vocat
2020 5531 2160 5588 Mas-

559 5600 978 5686 gabae-pressius
1008 5600 1240 5686 Hebraeo
1267 5611 1536 5686 mnam.
1658 5600 1711 5686 '_
1809 5675 1820 5686 _
1899 5674 1957 5686 ﬂ
2075 5675 2086 5686 _

625 5670 651 5709 ἀ
677 5672 772 5727 Ms.
794 5688 810 5747 :_
831 5671 1101 5747 digerunt,
1135 5671 1257 5747 Non
1280 5677 1630 5747 peccavimus,
1664 5673 1884 5732 Domine
1898 5674 2158 5747 Mongius

554 5752 734 5800 tamen
761 5742 831 5797 ab
863 5743 1126 5799 llebraica
1161 5743 1369 5814 phrasi.

616 5848 640 5876 ο
680 5837 806 5906 Pro,
840 5854 872 5895 a
903 5839 1038 5910 facie
1066 5836 1258 5910 Israel,
1289 5853 1421 5897 mss.
1467 5837 1686 5899 codices
1717 5840 1936 5913 legunt,
1971 5857 2001 5898 a
2031 5841 2154 5913 ﬁliis

2267 4701 2323 4750 et
2344 4693 2590 4762 ancillas,
2621 4704 2671 4749 et
2709 4694 2940 4765 juvenes
2965 4696 3228 4766 optimos,
3263 4707 3324 4753 et
3355 4699 3552 4754 asinos
3578 4696 3798 4759 auferet,
3819 4699 3864 4744 ct

2265 4797 2427 4859 ponet
2448 4788 2502 4842 in
2526 4801 2692 4858 opere
2715 4801 2832 4845 suo.
2865 4787 3071 4858 Greges
3088 4799 3306 4846 vestros
3334 4790 3729 4858 addecimabit,
3757 4797 3867 4839 vus-

2263 4894 2369 4950 que
2398 4880 2553 4936 eritis
2582 4881 2634 4935 ei
2666 4881 2830 4936 servi.
2867 4881 2936 4936 Et
2964 4880 3273 4938 clamabitis
3319 4883 3378 4938 in
3424 4883 3519 4939 die
3549 4883 3641 4937 illa
3683 4896 3713 4935 a
3748 4876 3866 4933 facie

2265 4974 2409 5045 regis
2458 4975 2648 5044 vestri,
2701 4990 2863 5046 quem
2893 4975 3138 5047 elegistis
3165 4977 3329 5034 vobis
3357 4995 3371 5032 :
3405 4987 3463 5036 et
3495 4992 3608 5034 non
3636 4969 3868 5032 exaudiet

2270 5246 2458 5322 ζει-(ιρι.
2488 5247 2593 5322 Sed
2621 5248 2675 5304 in
2708 5247 3025 5322 Colgbertino
3051 5248 3364 5322 Aniciensi,
3401 5262 3462 5309 et
3501 5253 3559 5308 in
3608 5251 3778 5306 altero
3817 5247 3870 5303 S.

2270 5319 2524 5406 Germani
2559 5335 2661 5406 ms.
2712 5320 2902 5406 codice
2949 5321 3120 5404 prima
3173 5319 3658 5406 manugscriptum
3690 5331 3877 5406 e_rat,a

2273 5391 2403 5462 facie
2432 5389 2621 5462 Israel.
2654 5390 2798 5460 quod
2840 5389 3125 5462 imperitus
3152 5389 3756 5452 emendator‘mutavit
3783 5393 3874 5447 hoc

2270 5461 2455 5522 modo.
2483 5479 2515 5517 a
2543 5461 2668 5529 ﬁliis
2696 5463 2884 5516 Israel.
2922 5463 3106 5518 MART.‘

2337 5563 2408 5574 —
2434 5532 2614 5589 Nostri
2646 5549 2750 5619 ms:
2781 5543 2838 5619 et
2872 5548 3010 5603 quos
3038 5549 3235 5605 magno
3253 5553 3518 5619 numero
3547 5538 3875 5619 Martianteus

2263 5606 2556 5686 consuluit,
2589 5620 2621 5656 a
2650 5604 2776 5673 ﬁliis
2822 5604 3144 5686 leguntupro
3167 5623 3222 5686 a_
3243 5609 3391 5686 facie
3419 5625 3439 5665 :
3469 5620 3527 5686 e_t
3555 5620 3641 5664 est
3671 5606 3872 5686 quidem

2264 5678 2317 5734 in
2349 5677 2576 5732 Hebraeo
2607 5691 2867 5746 perquam
2895 5676 3093 5732 similis
3119 5677 3358 5748 scriptio
3394 5683 3694 5752 utriusque
3713 5676 3872 5744 vocis,

2261 5781 2320 5832 ut
2340 5771 2507 5848 sumi,
2537 5778 2592 5826 et
2617 5769 2875 5848 confundi
2910 5771 3144 5848 invicem
3170 5757 3296 5848 ’12'7
3329 5776 3519 5848 possit
3549 5790 3654 5848 pro
3683 5755 3819 5836 $55.

2337 5843 2356 5882 τ
2391 5843 2592 5901 Veron.
2623 5855 2728 5901 ms.
2759 5844 2821 5896 de
2845 5849 2980 5900 terra
3000 5842 3241 5918 .Egypti.
