4144 6364
258 300 364 358 577

1572 293 1777 356 LIBER
1815 298 1834 356 I
1874 291 2241 358 SAMUELIS.

3444 297 3549 355 578

260 434 357 475 vos
383 417 647 475 Dominus
674 419 727 474 in
755 417 844 474 die
873 416 963 474 illa
996 426 1042 472 α.
1074 416 1263 474 Noluit
1285 425 1468 475 autem
1496 421 1725 490 populus
1754 436 1852 474 an-
1880 426 1934 487 Α
1958 425 2043 472 est
2090 415 2318 485 populus
2349 412 2521 467 donec
2555 408 2643 466 ille
2681 409 2861 465 veniat
2888 427 2899 463 :
2933 408 3056 480 quia
3081 409 3196 480 ipse
3224 409 3251 447 (ι
3282 410 3553 467 benedicit

264 511 379 565 dire
424 525 619 566 vocem
649 510 941 574 Samuelis,
989 510 1083 567 sed
1133 511 1395 568 dixerunt
1426 529 1438 565 :
1470 511 1813 583 Nequaquam
1844 530 1858 567 :

268 618 365 658 rex
396 604 543 658 enim
574 603 679 659 erit
704 619 870 675 super
900 619 1021 670 nos,
1048 612 1104 660 et
1124 604 1334 662 erimus
1365 619 1465 660 nos
1488 620 1702 676 quoque
1726 605 1864 660 sicut

263 709 455 751 omnes
485 705 679 767 gentes
707 714 719 749 :
753 706 808 752 et
831 695 1100 766 iudicabit
1131 711 1232 753 nos
1257 712 1352 753 rex
1382 706 1593 762 noster,
1628 704 1684 751 et
1706 710 1863 767 egre-

266 788 453 844 dietur
480 797 606 844 ante
630 802 752 855 nos,
796 795 851 843 et
886 788 1143 859 pugnabit
1172 788 1310 845 bella
1349 796 1535 844 nostra
1576 803 1674 857 pro
1708 787 1866 843 nobis

267 882 350 955 [h.
376 898 483 938 non
515 882 704 952 habet,
735 896 834 953 pro
867 881 1071 954 nobis].
1106 883 1174 938 Et
1199 882 1637 939 audivitSamuel
1684 881 1865 936 omnia

263 976 439 1031 verba
468 975 675 1045 pepuli,
723 984 777 1030 et
808 975 1026 1031 locutus
1059 986 1145 1031 est
1180 992 1243 1032 ea
1276 976 1327 1032 in
1366 976 1586 1031 auribus
1628 975 1859 1030 Domini.

263 1067 412 1124 Dixit
464 1078 645 1124 autem
696 1067 959 1123 Dominus
1007 1068 1075 1123 ad
1119 1069 1467 1125 Samuelem:
1503 1067 1645 1123 Audi
1675 1082 1865 1122 vocem

261 1182 481 1232 eorum,
516 1176 571 1221 et
594 1168 873 1223 constitue
899 1181 1063 1238 super
1090 1179 1184 1220 eos
1201 1178 1383 1235 regem
1407 1162 1483 1233 [h.
1511 1161 1619 1216 illis
1639 1158 1863 1231 regem].

262 1261 332 1319 Et
358 1263 434 1317 ait
455 1261 672 1318 Samuel
695 1261 763 1317 ad
796 1262 946 1317 viros
978 1258 1147 1316 Israel
1173 1276 1186 1312 :
1215 1257 1389 1312 Vadat
1415 1255 1789 1326 unusquisque
1812 1253 1865 1307 in

262 1356 553 1411 civitatem
581 1370 759 1411 suam.

338 1447 493 1519 [Cap.
526 1446 643 1520 IX].
678 1447 746 1503 Et
775 1456 894 1505 erat
921 1448 1006 1502 vir
1037 1446 1104 1501 de
1125 1443 1405 1514 Beniamin
1438 1442 1659 1499 nomine
1686 1441 1867 1509 Cis,et

264 1541 411 1597 ﬁlius
441 1542 621 1607 Abiel,
656 1541 747 1596 lilii
780 1540 946 1597 Seror
975 1539 1101 1612 [Μδ.
1129 1537 1309 1609 Seor],
1329 1535 1715 1592 ﬁliiBechorat
1737 1534 1864 1607 [Μσ.

263 1634 551 1707 Beoreth],
584 1634 680 1690 ﬁlii
723 1634 919 1705 Aphia,
950 1633 1047 1689 ﬁlii
1074 1634 1177 1689 viri
1202 1632 1423 1698 Jemini,
1460 1630 1620 1686 fortis
1649 1629 1867 1684 robore.

263 1727 335 1784 Et
362 1736 489 1784 erat
520 1728 573 1783 ei
606 1726 752 1782 ﬁlius
778 1726 1046 1782 vocabulo
1078 1725 1228 1792 Saul,
1268 1724 1473 1779 electus
1504 1730 1558 1778 et
1587 1722 1783 1791 bonus,
1814 1730 1867 1775 et

1965 508 2161 563 hostiae
2192 506 2269 579 [h.
2297 502 2606 575 sacrilicio],
2629 510 2685 558 et
2712 503 2968 571 deinceps
3017 502 3305 557 comedunt
3343 503 3433 574 qui
3466 518 3559 557 vo-

1964 602 2072 658 cati
2093 610 2238 655 sunt.
2263 598 2415 654 Nunc
2436 613 2567 668 ergo
2594 596 2965 662 conscendite,
2988 596 3111 667 quia
3140 595 3300 651 hodie
3320 597 3559 666 reperie-

1966 694 2037 750 tis
2058 708 2198 749 eum.
2224 691 2663 747 Etascenderunt
2684 690 2736 744 in
2753 689 3043 745 civitatem.
3065 688 3148 762 [T.
3168 688 3381 760 XXIII].
3396 689 3558 743 Cum-

1966 801 2073 857 que
2093 785 2170 840 illi
2192 784 2529 840 ambularent
2561 784 2613 838 in
2654 782 3021 849 mediourbis,
3064 784 3318 853 apparuit
3342 782 3559 839 Samuel

1967 877 2250 949 egrediens
2300 876 2514 933 obviam
2555 877 2653 945 eis,
2712 884 2773 930 ut
2819 875 3141 931 ascenderet
3176 876 3229 930 in
3260 876 3556 930 excelsum.

1971 971 2232 1027 Dominus
2262 979 2439 1026 autem
2470 970 2801 1026 revelaverat
2826 970 3123 1025 auriculam
3146 968 3414 1025 Samuelis
3435 976 3561 1022 ante

1968 1079 2133 1118 unam
2164 1062 2308 1117 diem
2342 1078 2502 1132 quam
2534 1060 2746 1116 veniret
2784 1056 2933 1127 Saul,
2992 1060 3180 1115 dicens
3212 1077 3226 1114 :
3279 1060 3389 1116 Hac
3417 1058 3559 1131 ipsa,

1968 1170 2089 1226 quae
2143 1169 2286 1209 nunc
2338 1163 2443 1222 est,
2503 1153 2661 1220 hora,
2720 1166 2842 1208 cras
2874 1154 3076 1206 mittam
3107 1152 3175 1207 ad
3206 1153 3463 1209 tevirum
3493 1152 3563 1207 de

1968 1252 2115 1301 terra
2145 1245 2447 1317 Beniamin,
2477 1254 2532 1301 et
2554 1258 2723 1316 uuges
2749 1259 2869 1300 eum
2894 1242 3083 1299 ducem
3112 1258 3277 1314 super
3304 1243 3560 1314 p0pulum

1968 1354 2149 1395 meum
2200 1339 2367 1394 Israel
2401 1355 2412 1391 :
2460 1347 2515 1394 et
2559 1338 2785 1394 salvabit
2817 1338 3071 1408 populum
3098 1354 3277 1395 meum
3309 1339 3378 1394 de
3401 1353 3563 1393 manu

1971 1433 2374 1488 Philistinorum
2410 1450 2421 1485 :
2453 1432 2576 1502 quia
2608 1431 2821 1501 respexi
2859 1431 3114 1501 papulum
3159 1446 3363 1498 meum,
3416 1431 3565 1486 venit

1970 1527 2114 1583 enim
2145 1528 2353 1583 clamor
2382 1541 2571 1583 eorum
2600 1527 2665 1581 ad
2705 1540 2814 1581 me.
2846 1525 3091 1596 Cumque
3121 1526 3423 1596 aspexisset
3465 1524 3566 1581 Sa-

1971 1620 2115 1675 muel
2143 1619 2389 1686 Saulem,
2412 1617 2672 1673 Dominus
2691 1618 2836 1673 aitei
2874 1636 2883 1671 :
2918 1616 3062 1673 Ecce
3099 1618 3182 1672 vir
3222 1632 3380 1688 quem
3414 1616 3566 1673 dixe-

1970 1728 2086 1769 ram
2146 1712 2261 1778 tibi,
2311 1711 2413 1766 iste
2461 1710 2833 1765 dominabitur
2880 1710 3082 1781 populo
3123 1725 3265 1766 meo.
3321 1710 3569 1766 Accessit

263 1836 374 1877 non
406 1828 530 1875 erat
560 1820 645 1874 vir
674 1816 741 1875 de
772 1819 896 1873 ﬁliis
933 1812 1097 1874 Israel
1132 1817 1327 1873 melior
1358 1817 1472 1871 illo.
1534 1816 1615 1871 Ab
1647 1815 1873 1871 humero
1901 1815 1950 1877 B
1977 1820 2156 1865 autem
2179 1808 2308 1864 Saul
2331 1808 2399 1863 ad
2430 1808 2736 1864 Samuelem
2782 1810 2835 1865 in
2881 1810 3061 1865 medio
3107 1820 3300 1879 portae,
3346 1808 3417 1866 et"
3451 1812 3564 1867 ait:

268 1922 323 1967 et
347 1926 570 1968 sursum
619 1910 894 1966 eminebat
935 1925 1099 1981 super
1124 1925 1340 1964 omnem
1374 1908 1657 1980 populum.
1685 1908 1869 1963 Perie-

270 2015 397 2061 rant
442 2014 626 2060 autem
680 2004 850 2060 asinae
896 2003 989 2058 Cis
1038 2002 1208 2073 patris
1240 2002 1367 2058 Saul
1401 2018 1414 2056 :
1449 2010 1503 2056 et
1526 2000 1661 2055 dixit
1691 1998 1779 2054 Cis
1804 1999 1871 2054 ad

266 2099 396 2156 Saul
428 2098 601 2154 ﬁlium
636 2112 794 2154 suum
829 2114 842 2151 :
874 2097 1029 2152 Tolle
1060 2105 1233 2151 tecum
1262 2111 1428 2149 unmn
1460 2094 1529 2149 de
1574 2091 1780 2163 pueris,
1818 2101 1874 2148 et

270 2205 624 2263 consurgens
642 2192 804 2256 vade,
832 2199 888 2246 et
915 2202 1103 2259 quaere
1132 2188 1332 2244 asinas.
1351 2186 1457 2255 Qui
1485 2201 1607 2241 cum
1643 2185 1872 2240 transis-

272 2293 398 2340 sent
429 2299 528 2354 per
556 2291 795 2339 montem
825 2282 1106 2352 Ephraim,
1146 2290 1202 2336 et
1239 2295 1335 2351 per
1362 2287 1563 2334 terram
1595 2279 1790 2346 Salisa,
1822 2287 1877 2334 et

271 2399 386 2439 non
413 2381 775 2446 invenissent,
798 2380 1136 2435 transierunt
1157 2378 1318 2432 etiam
1337 2392 1434 2448 per
1457 2385 1658 2433 terram
1683 2375 1874 2443 Salim,

276 2485 338 2533 ct
364 2491 472 2531 non
502 2483 663 2531 erant
688 2493 701 2529 :
734 2475 829 2531 sed
859 2482 915 2530 et
945 2489 1041 2545 per
1064 2482 1262 2529 terram
1291 2471 1511 2538 Jemini,
1561 2480 1616 2527 et
1654 2470 1878 2524 minime

282 2577 631 2638 repererunt.
687 2568 819 2624 Cum
846 2575 1029 2622 autem
1061 2567 1339 2621 venissent
1376 2565 1428 2618 in
1470 2572 1672 2619 terram
1705 2561 1876 2633 Suph,

280 2661 425 2717 dixit
466 2660 594 2716 Saul
621 2660 688 2717 ad
723 2676 945 2731 puerum
968 2658 1018 2727 ι),
1061 2659 1155 2731 qui
1184 2668 1303 2715 erat
1330 2673 1452 2714 cum
1484 2672 1548 2713 eo
1579 2674 1593 2711 :
1641 2656 1800 2721 Veni,
1828 2664 1883 2710 et

280 2765 651 2823 revertamur,
674 2769 745 2810 ne
776 2754 915 2810 forte
944 2753 1214 2809 dimiserit
1235 2759 1390 2823 pater
1421 2764 1577 2807 meus
1604 2750 1806 2815 asinas,
1829 2756 1885 2804 et

282 2848 560 2904 sollicitus
586 2848 656 2901 sit
682 2861 781 2917 pro
811 2847 988 2903 nobis.
1017 2846 1123 2914 Qui
1155 2845 1232 2901 ait
1260 2845 1340 2901 ei:
1375 2844 1518 2900 Ecce
1549 2852 1632 2898 est
1664 2841 1746 2896 vir
1788 2840 1895 2923 Dei,

285 2939 345 2995 in
373 2940 593 2995 civitate
622 2939 744 3006 hac,
786 2939 870 2994 vir
895 2938 1097 2994 nobilis
1121 2955 1134 2992 :
1168 2947 1222 2993 et
1259 2952 1421 2993 omne
1449 2935 1594 3007 quod
1620 2934 1880 3004 loquitur,

288 3034 499 3104 absque
521 3032 873 3104 ambiguitate
898 3032 1071 3088 venit.
1097 3031 1252 3087 Nunc
1285 3046 1414 3103 ergo
1444 3044 1631 3084 eamus
1654 3028 1805 3097 illuc,
1840 3026 1885 3081 si

286 3128 436 3183 forte
477 3127 674 3184 indicet
703 3127 861 3183 nobis
888 3127 957 3183 de
978 3126 1065 3181 via
1096 3134 1307 3193 nostra,
1346 3134 1570 3195 propter
1599 3137 1761 3193 quam
1789 3134 1884 3175 ve-

1975 1904 2175 1970 lndica,
2228 1918 2350 1969 oro,
2425 1902 2579 1970 mihi,
2620 1904 2708 1959 ubi
2762 1914 2846 1959 est
2896 1903 3089 1961 domus
3156 1904 3424 1960 Videntis.
3502 1905 3570 1960 Et

1973 1995 2252 2067 I'BSpOIIdII.
2294 1995 2510 2051 Samuel
2554 1996 2702 2051 Sauli
2738 1996 2925 2053 dicens
2960 2013 2972 2049 :
3011 1996 3128 2068 Ego
3165 2011 3285 2051 sum
3323 1996 3520 2053 Videns
3554 2014 3569 2052 :

1973 2088 2206 2145 ascende
2234 2095 2363 2143 ante
2389 2103 2474 2143 me
2500 2089 2550 2142 in
2585 2088 2860 2144 excelsum
2895 2105 2909 2143 :
2945 2098 3001 2143 ut
3028 2088 3326 2145 comedatis
3357 2104 3570 2145 mecum

1976 2182 2159 2249 hodie,
2204 2189 2261 2237 et
2307 2181 2571 2237 dimittam
2614 2181 2694 2255 [h.
2725 2181 2956 2254 mittam]
2990 2192 3041 2239 te
3073 2197 3234 2239 mane
3265 2199 3280 2237 :
3311 2190 3366 2238 et
3391 2183 3570 2238 omnia

1973 2291 2094 2346 qua:
2123 2284 2248 2330 sunt
2290 2275 2344 2329 in
2375 2274 2540 2329 corde
2588 2283 2701 2343 tuo,
2752 2274 3006 2332 indicabo
3035 2275 3152 2331 tibi.
3189 2276 3258 2330 Et
3282 2275 3349 2331 de
3378 2275 3570 2342 asinis,

1977 2381 2110 2438 quas
2141 2366 2422 2436 perdidisti
2454 2366 2875 2435 nudiustertius,
2911 2382 2980 2440 ne
3023 2367 3289 2423 sollicitus
3317 2366 3414 2435 sis,
3445 2367 3571 2438 quia

1980 2462 2214 2517 inventa:
2239 2471 2367 2516 sunt
2390 2460 2516 2534 [Με.
2542 2462 2690 2517 addit
2740 2464 2950 2535 asinae].
2976 2463 3046 2519 Et
3065 2467 3221 2534 cuius
3251 2473 3413 2519 erunt
3438 2465 3577 2536 opti-

1980 2568 2065 2607 ma
2097 2569 2328 2624 qumque
2358 2553 2565 2611 Israel?
2593 2570 2772 2611 nonne
2812 2554 2905 2611 tibi
2948 2565 3001 2611 et
3024 2556 3170 2611 omni
3192 2555 3374 2611 domui
3406 2556 3577 2627 patris

1983 2646 2107 2701 tui?
2154 2646 2452 2716 Respondit
2500 2657 2682 2703 autem
2735 2648 2887 2712 Saul,
2933 2656 2987 2703 et
3013 2647 3120 2703 ait:
3153 2646 3427 2719 Numquid
3467 2662 3576 2703 non

1986 2740 2132 2796 (ilius
2160 2740 2356 2795 Jemini
2387 2755 2486 2810 ego
2514 2757 2654 2808 sum,
2686 2741 2753 2797 de
2780 2740 3003 2796 minima
3028 2741 3167 2797 tribu
3190 2740 3381 2808 Israel,
3406 2751 3458 2797 et
3487 2756 3584 2797 co-

1983 2833 2168 2904 gnatio
2197 2848 2316 2888 mea
2338 2834 2630 2890 novissima
2653 2833 2793 2890 inter
2817 2848 3008 2891 omnes
3034 2843 3057 2872 θ
3088 2833 3322 2888 familias
3346 2834 3415 2889 de
3436 2834 3582 2890 tribu

1984 2928 2306 2998 Beniamin?
2337 2942 2506 2999 quare
2531 2943 2661 2999 ergo
2686 2929 2902 2983 locutus
2919 2942 2979 2983 es
3006 2927 3139 2983 mihi
3166 2942 3476 2984 sermonem
3507 2927 3582 2982 is-

1989 3018 2142 3072 tum?
2177 3018 2473 3074 Assumens
2526 3017 2706 3090 itaque
2734 3020 2950 3075 Samuel
2996 3019 3239 3091 Saulem,
3273 3030 3327 3075 et
3356 3034 3584 3089 puerum

1988 3110 2128 3181 ejus,
2160 3110 2461 3185 introduxit
2490 3126 2585 3166 eos
2629 3113 2682 3166 in
2716 3112 3003 3167 triclinium
3050 3113 3127 3185 [h.
3168 3114 3219 3167 in
3246 3102 3583 3184 cubiculum],

290 3221 494 3276 nimus,
549 3220 798 3289 Dixitque
830 3219 958 3276 Saul
986 3218 1052 3273 ad
1097 3233 1325 3289 puerum
1350 3194 1506 3272 έυιιηι
1536 3232 1550 3269 ε
1601 3214 1744 3269 Ecce
1790 3211 1891 3267 ibi.
1916 3194 1961 3258 C
1994 3212 2047 3258 et
2078 3202 2224 3258 dedit
2248 3202 2327 3258 cis
2358 3203 2540 3258 locum
2564 3205 2615 3258 in
2645 3204 2821 3274 capite
2849 3219 3057 3273 eorum,
3089 3207 3179 3277 qui
3210 3205 3424 3261 fuerant
3450 3206 3589 3261 invi-

290 3328 421 3370 nius
451 3311 619 3383 :qnid
650 3311 889 3368 feremus
916 3311 981 3365 ad
1010 3310 1185 3365 virum
1219 3321 1240 3349 ε
1266 3308 1405 3364 Dei?
1431 3306 1585 3379 panis
1615 3305 1815 3362 defecit
1838 3304 1891 3359 in

293 3408 532 3464 sitarciis
561 3406 763 3462 nostris
792 3422 806 3459 :
837 3404 1223 3475 etsportulam
1252 3416 1361 3457 non
1386 3402 1672 3467 habemus,
1716 3406 1776 3454 ut
1794 3397 1893 3453 de-

295 3514 423 3555 mus
460 3497 665 3554 homini
696 3498 789 3553 Dei
819 3496 897 3569 [h.
931 3497 1051 3552 viro
1081 3494 1223 3567 Dei].
1266 3509 1371 3551 nec
1399 3493 1691 3564 quidquam
1725 3489 1891 3545 aliud.

294 3591 538 3647 Rursum
570 3605 703 3662 puer
728 3590 1011 3661 respondit
1047 3588 1215 3655 Sauli,
1244 3597 1297 3643 et
1322 3586 1439 3642 ait:
1487 3585 1629 3641 Ecce
1676 3584 1895 3639 inventa

297 3694 385 3741 est
414 3685 463 3737 in
489 3697 651 3738 manu
676 3698 793 3739 mea
822 3689 1013 3753 quarta
1044 3695 1169 3751 pars
1196 3680 1413 3735 stateris
1443 3676 1674 3747 argenti,
1705 3676 1895 3731 demus

309 3777 515 3832 homini
548 3776 641 3832 Dei
692 3775 770 3848 [h.
803 3775 921 3830 viro
947 3773 1090 3846 Dei],
1121 3783 1181 3828 ut
1210 3772 1414 3827 indicet
1443 3769 1600 3827 nobis
1628 3771 1771 3825 viam
1801 3783 1898 3823 no-

300 3877 471 3924 stram
504 3868 666 3939 (Olim
689 3868 742 3922 in
772 3866 936 3921 Israel
958 3866 1038 3921 sic
1066 3864 1395 3936 loquebatur
1415 3862 1781 3934 unusquisque
1807 3875 1901 3915 va-

300 3962 441 4017 dens
472 3960 763 4016 consulere
784 3959 955 4015 Deum
990 3977 1001 4011 :
1035 3956 1231 4013 Venite
1255 3956 1378 4029 [Ms.
1418 3954 1595 4027 Veni],
1622 3968 1808 4009 eamus
1830 3953 1898 4008 ad

304 4052 594 4108 Videntem
627 4068 640 4106 :
674 4049 765 4121 qui
805 4050 951 4105 enim
992 4048 1254 4118 pr0pheta
1299 4046 1498 4103 dicitur
1524 4044 1707 4111 hodie,
1739 4059 1902 4100 voca-

305 4146 465 4201 batur
492 4146 618 4201 olim
652 4141 877 4213 Videns)
908 4161 921 4197 :
951 4150 1005 4198 et
1034 4140 1175 4196 dixit
1205 4134 1341 4196 Saul
1360 4138 1428 4194 ad
1454 4154 1679 4209 puerum
1702 4153 1856 4194 suum
1886 4156 1896 4191 :

306 4238 562 4308 Optimus
583 4251 768 4293 sermo
800 4244 944 4291 tuus.
972 4233 1130 4303 Veni,
1160 4245 1373 4288 eamus.
1401 4232 1467 4287 Et
1496 4230 1673 4286 ierunt
1696 4230 1746 4285 in
1768 4229 1905 4286 civi-

310 4339 497 4397 tatem,
534 4331 590 4384 in
616 4344 720 4401 qua
747 4337 866 4384 erat
892 4328 976 4383 vir
1002 4325 1121 4382 Dei.
1151 4328 1393 4397 Cumque
1419 4324 1779 4381 ascenderent
1800 4324 1903 4380 cli-

1996 3296 2114 3350 tati.
2142 3295 2310 3350 Erant
2333 3296 2478 3351 enim
2510 3296 2661 3367 quasi
2695 3296 2909 3368 triginta
2937 3298 3062 3353 viri.
3096 3299 3345 3370 Dixitque
3367 3299 3588 3356 Samuel

1995 3403 2132 3445 coco
2160 3406 2172 3442 :
2216 3388 2289 3443 Da
2318 3397 2547 3459 partem,
2572 3405 2730 3461 quam
2755 3390 2879 3447 dedi
2905 3391 3023 3460 tibi,
3048 3401 3102 3449 et
3126 3395 3379 3465 praecepi,
3411 3404 3471 3451 ut
3500 3410 3589 3451 re-

1998 3494 2232 3551 poneres
2263 3495 2506 3536 seorsum
2537 3482 2679 3551 apud
2711 3490 2783 3538 te.
2826 3483 3048 3539 Levavit
3094 3492 3276 3541 autem
3311 3500 3474 3542 cocus
3501 3501 3591 3542 ar-

1997 3586 2169 3639 tuum,
2216 3581 2271 3627 et
2318 3573 2498 3643 posuit
2528 3582 2653 3629 ante
2677 3574 2827 3630 Saul;
2874 3575 3125 3647 Dixitque
3153 3575 3368 3633 Samuel
3401 3595 3414 3632 :
3448 3577 3593 3635 Ecce

1997 3664 2142 3735 quod
2172 3664 2459 3733 remansit,
2502 3681 2645 3735 pone
2688 3676 2815 3723 ante
2857 3677 2929 3738 te,
2968 3678 3023 3725 et
3058 3671 3323 3727 comede:
3370 3674 3492 3742 quia
3525 3672 3593 3728 de

1999 3757 2263 3813 industria
2295 3764 2568 3813 servatum
2594 3769 2678 3814 est
2706 3760 2824 3827 tibi,
2854 3760 3069 3832 quando
3089 3763 3348 3833 populum
3380 3764 3590 3819 vocavi.

2000 3849 2068 3905 Et
2088 3848 2328 3906 comedit
2352 3849 2479 3906 Saul
2505 3865 2628 3906 cum
2655 3851 2908 3909 Samuele
2936 3854 2991 3909 in
3021 3854 3109 3911 die
3136 3853 3246 3911 illa.
3284 3856 3349 3911 Et
3369 3856 3596 3913 descen-

2001 3945 2201 4000 derunt
2227 3944 2293 3999 de
2324 3943 2544 4000 excelso
2586 3945 2639 4000 in
2682 3946 2960 4017 oppidum,
3010 3958 3066 4005 et
3113 3949 3328 4006 locutus
3356 3959 3441 4007 est
3468 3967 3593 4007 cum

2003 4038 2167 4095 Saule
2188 4036 2239 4091 in
2265 4036 2466 4093 solario
2485 4035 2527 4092 τ.
2553 4036 2795 4111 Cumque
2820 4057 2979 4099 mane
3004 4044 3386 4113 surrexissent,
3417 4046 3596 4117 etiam

2004 4130 2383 4195 dilucesceret,
2412 4131 2624 4201 vocavit
2652 4133 2871 4189 Samuel
2898 4134 3118 4191 Saulem
3167 4138 3221 4192 in
3257 4137 3477 4208 solario,
3511 4137 3597 4194 di-

2004 4229 2399 4301 cens:Surge,
2433 4239 2491 4285 ut
2547 4227 2818 4284 dimittam
2868 4229 2945 4302 [h.
2978 4230 3208 4302 mittam]
3262 4240 3333 4288 te.
3384 4231 3452 4286 Et
3480 4246 3599 4287 sur-

2008 4323 2147 4378 rexit
2180 4324 2306 4378 Saul
2341 4341 2354 4378 :
2387 4323 2702 4396 egressique
2732 4334 2860 4378 sunt
2884 4323 3210 4402 ambq,~ipse
3236 4325 3516 4392 videlicet,
3546 4334 3603 4381 et

307 4437 439 4478 vum
484 4422 745 4487 civitatis,
799 4419 1133 4476 invenerunt
1180 4417 1390 4489 puellas
1438 4417 1782 4489 egredientes
1835 4416 1904 4473 ad
2008 4414 2246 4471 Samuel.
2302 4416 2550 4487 Cumque
2593 4414 2994 4472 descenderent
3051 4415 3105 4471 in
3153 4426 3396 4473 extrema
3449 4427 3603 4489 parte

309 4514 671 4571 hauriendam
704 4529 925 4586 aquam,
969 4522 1024 4568 et
1067 4510 1321 4568 dixerunt
1373 4512 1494 4569 eis:
1547 4511 1683 4567 Num
1714 4511 1799 4567 hic
1820 4520 1907 4567 est
2010 4506 2266 4573 civitatis,
2307 4507 2527 4563 Samuel
2555 4507 2693 4562 dixit
2721 4507 2786 4562 ad
2808 4507 2933 4563 Saul
2964 4524 2977 4561 :
3012 4505 3107 4563 Dic
3151 4524 3324 4578 puero
3360 4519 3417 4563 ut
3453 4519 3605 4566 ante-

312 4606 552 4662 Videns?
596 4606 727 4674 Quae
754 4604 1167 4676 respondentes,
1207 4603 1460 4658 dixerunt
1505 4603 1610 4659 illis
1660 4602 1738 4677 [h.
1800 4617 1905 4659 non
1934 4587 1989 4649 D
2012 4597 2170 4653 cedat
2199 4614 2323 4661 nos,
2357 4607 2414 4655 et
2439 4607 2682 4655 transeat
2713 4618 2724 4653 :
2758 4607 2813 4654 tu
2841 4607 3021 4655 autem
3045 4599 3282 4657 subsiste
3308 4600 3603 4672 paulisper,

312 4696 495 4767 habet]
522 4714 536 4751 :
566 4697 667 4751 Hic
694 4704 782 4753 est
809 4709 825 4750 :
859 4709 985 4751 ecce
1012 4702 1139 4750 ante
1178 4702 1253 4761 te,
1298 4692 1489 4749 festina
1522 4709 1664 4751 nunc
1694 4711 1707 4748 :
1746 4693 1911 4749 hodie
2014 4700 2073 4746 ut
2100 4690 2334 4745 indicem
2363 4690 2460 4745 tibi
2486 4690 2708 4747 verbum
2734 4690 2848 4747 Dei.

315 4789 461 4845 enim
488 4790 642 4845 venit
680 4788 731 4842 in
754 4788 1050 4852 civitatem,
1090 4786 1215 4857 quia
1242 4783 1570 4841 sacrilicium
1620 4793 1707 4841 est
1753 4783 1914 4840 hodie
2092 4782 2178 4853 [T.
2208 4781 2401 4850 XXIV,
2432 4781 2563 4855 Cap.
2584 4782 2675 4855 X.j
2697 4783 3039 4841 Tulitantem
3060 4785 3280 4843 Samuel
3298 4787 3608 4845 lenticulam

317 4881 520 4951 populo
546 4879 605 4935 in
634 4878 873 4935 excelso.
904 4876 1273 4949 lngredieutes
1300 4878 1510 4946 urbem,
1539 4878 1721 4933 statim
1756 4876 1914 4933 inve-
2022 4873 2150 4939 olei,
2178 4884 2235 4930 et
2261 4874 2456 4931 etfudit
2480 4891 2645 4947 super
2670 4886 2833 4948 caput
2878 4877 3027 4949 eius,
3074 4889 3130 4935 et
3158 4879 3504 4936 deosculatus
3532 4890 3616 4937 est

314 4971 482 5027 uictis
509 4986 636 5026 eum
664 4979 951 5041 antequam
974 4967 1230 5025 ascendat
1251 4967 1304 5022 in
1329 4965 1456 5041 [M3,
1490 4975 1538 5022 et
1566 4966 1721 5038 Vulg.
1754 4974 1919 5021 tacent
2025 4980 2172 5035 eum,
2206 4977 2262 5024 et
2293 4968 2370 5022 ait
2401 4983 2417 5024 :
2444 4968 2605 5039 Ecce,
2640 4970 2795 5025 unxit
2825 4977 2878 5026 te
2900 4970 3163 5027 Dominus
3192 4985 3356 5042 super
3385 4972 3617 5028 haeredic

315 5062 401 5135 in]
426 5064 703 5122 excelsum
728 5064 796 5120 ad
818 5062 1185 5147 vescendumt
1217 5062 1402 5133 Neque
1428 5062 1572 5118 enim
1602 5076 1919 5120 comesurus
2026 5068 2193 5118 tatem
2219 5077 2375 5119 suam
2422 5063 2475 5119 in
2517 5064 2840 5136 principem,
2867 5074 2892 5113 ε
2944 5074 2999 5122 et
3045 5065 3303 5123 liberabis
3358 5067 3615 5139 populum

396 5233 423 5263 ⁸
450 5223 912 5305 Addun_t__Vulgati
937 5223 1065 5305 libri
1092 5240 1112 5305 ,ε
1141 5224 1263 5292 quia
1302 5223 1498 5305 petistis
1542 5224 1681 5305 uobis
1721 5240 1914 5305 regem,

317 5296 1042 5378 que_mss._ll_ieronymiani
1090 5295 1363 5378 ignorant,
1399 5298 1679 5378 fueratque
1708 5295 1917 5367 pridem

319 5365 397 5425 aid
426 5367 639 5423 Hebraei
672 5365 855 5423 textus
875 5366 1035 5421 ﬁdem
1060 5365 1220 5421 obelo
1252 5365 1604 5435 praenotata.’
1709 5365 1720 5367 ’

398 5438 427 5477 ιι
458 5438 759 5494 Veronens.
789 5452 890 5493 ms.
920 5436 1069 5493 addit
1089 5452 1243 5491 suum
1262 5439 1412 5507 juxta
1449 5436 1734 5493 ﬂebrreum
1759 5421 1917 5502 113:5.

404 5543 427 5571 ο
456 5530 651 5603 Neque
678 5530 975 5588 Veronens.
1007 5546 1112 5588 ins.
1143 5545 1318 5602 neque
1340 5530 1600 5587 Hebraeus
1628 5539 1808 5588 textus
1834 5533 1929 5589 ad-

326 5603 469 5661 dunt
499 5602 592 5658 hic
617 5602 736 5658 Dei.

405 5673 433 5711 ἀ
463 5674 694 5729 Hebraeo
724 5674 960 5741 pressius
989 5674 1132 5730 idem
1156 5688 1259 5729 ms.
1285 5670 1582 5729 Benedicet.

412 5755 437 5782 θ
468 5743 1173 5829 Antiquariiner-rpreﬁlius
1206 5760 1303 5828 pro
1342 5745 1573 5829 {annilius
1604 5744 1737 5829 legit
1765 5746 1936 5803 Vero-

336 5830 502 5877 nens.
530 5832 635 5872 ms.
668 5817 725 5873 ln
746 5816 854 5875 alio
869 5817 1213 5874 Martianreus
1237 5818 1444 5873 invenit
1474 5816 1824 5889 cognationes.

2100 5222 2142 5301 l_
2164 5224 2375 5297 Vulgati
2418 5226 2625 5301 addunt
2646 5228 2924 5301 stravitque
2950 5230 3084 5287 Saul
3099 5232 3153 5286 in
3184 5231 3377 5287 salario
3411 5242 3459 5288 et
3500 5233 3623 5287 dor-

2024 5297 2188 5365 mivit,
2221 5313 2341 5369 quae
2377 5312 2478 5354 nec
2523 5299 2784 5357 Hebraeus
2813 5297 2980 5358 liabet
3028 5316 3130 5360 nec
3161 5302 3338 5359 Latini
3378 5303 3624 5361 melioris

2025 5376 2168 5423 notae
2195 5368 2430 5425 codices.

2103 5470 2128 5508 ε
2163 5460 2783 5540 Αιιθςυῐῐι-γνησιότητος
2832 5464 3268 5540 Hieronymianae
3319 5468 3622 5540 Versionis,

2032 5547 2191 5610 quam
2234 5532 2403 5610 refert
2426 5532 2724 5610 Veronens.
2759 5551 2888 5604 ms.,
2926 5532 3302 5610 argumentum
3332 5540 3460 5594 hinc
3487 5532 3629 5593 sumi

2034 5604 2222 5670 velim,
2254 5605 2398 5681 quod
2428 5614 2596 5661 totam
2627 5606 2917 5681 hanc,_nec
2941 5604 3074 5666 sa'ne
3105 5625 3396 5681 paucorum
3426 5611 3623 5681 verbo-

2036 5690 2183 5764 rum,
2203 5678 2520 5764 pericopen,
2553 5686 2598 5732 et
2629 5678 2863 5764 liberabis
2885 5678 3134 5764 populum
3159 5682 3366 5764 ejnsde
3393 5679 3631 5764 manibus

2037 5746 2368 5821 inimicorum
2394 5746 2556 5818 *ejua,
2602 5751 2691 5821 qui
2723 5752 2776 5805 in
2801 5746 3019 5806 circuitu
3048 5746 3200 5807 sunt:
3221 5750 3291 5806 Et
3316 5751 3412 5807 hoc
3440 5750 3532 5805 tibi
3561 5750 3633 5805 si-

2043 5833 2224 5890 gnum,
2256 5818 2381 5889 quia
2410 5821 2554 5874 unxit
2585 5818 2633 5877 te
2660 5819 2797 5878 Deus
2827 5823 2881 5876 in
2909 5824 3215 5895 principem,
3244 5824 3459 5897 penitus
3483 5824 3637 5895 igno-
