3964 6344
579 280 687 338 579

1586 279 1644 336 S.
1690 272 2068 335 lllERONYMl
2107 275 2337 337 DIVINA
2379 276 2863 339 BlBLlOTHECA.

576 399 700 467 ejus
738 395 807 453 de
845 394 1095 453 manibus
1134 394 1475 452 inimicorum
1518 394 1658 465 ejus,
1709 394 1799 465 qui
1839 395 1892 450 in
1939 372 2170 451 eir'cuitu
2201 399 2245 456 A
2277 406 2331 454 et
2359 399 2475 455 erui
2509 397 2606 454 vos
2645 398 2715 455 de
2753 411 2916 453 manu
2946 394 3343 468 Egyptiorum,
3373 393 3515 454 etde
3541 408 3684 456 manu
3711 418 3809 458 om.

575 497 723 544 sunt.
755 489 819 544 Et
842 487 944 543 hoc
966 488 1059 544 tibi
1087 488 1323 559 signum,
1354 487 1480 558 quia
1505 485 1662 542 unxit
1689 495 1741 542 te
1764 486 1908 542 Deus
1938 487 1993 542 in
2025 489 2173 559 prin-

574 586 769 656 cipem.
798 584 933 639 Cum
962 583 1165 641 abieris
1198 582 1358 639 hodie
1387 597 1417 639 a
1451 599 1555 648 me,
1589 584 1832 641 invenies
1861 584 1998 641 duos
2028 585 2175 640 viros

569 677 724 750 juxta
748 678 1055 750 sepulcrum
1088 677 1294 733 Rachel
1315 676 1366 731 in
1398 676 1593 733 ﬁnibus
1623 677 1905 749 Benjamin
1927 722 1941 745 ,
1973 679 2027 734 in
2063 688 2175 734 me-

575 771 717 829 ridie
738 771 816 844 [,h.
847 772 898 825 in
919 769 1100 836 Zelza,
1149 768 1292 841 quod
1314 772 1721 840 interpretatur,
1763 771 1814 826 in
1844 770 2074 844 umbra].
2094 770 2174 826 di-

576 873 811 934 centque
834 863 930 919 tibi
958 881 970 918 :
998 860 1238 919 Iuventae
1268 872 1393 918 sunt
1433 864 1695 928 asinm,ad
1723 880 1858 933 quas
1888 865 2029 921 ieras
2051 876 2176 934 pera-

574 953 890 1026 quirendas,
924 961 979 1009 et
1008 952 1337 1009 intermissis
1368 962 1521 1025 pater
1543 963 1667 1011 tuus
1693 955 1879 1022 asinis,
1909 956 2174 1012 sollicitus

574 1056 657 1104 est
691 1061 790 1117 pro
820 1046 995 1112 vobis,
1028 1054 1084 1101 et
1128 1045 1298 1101 dicit:
1340 1045 1478 1113 Quid
1523 1046 1712 1102 faciam
1744 1047 1814 1103 de
1862 1047 1977 1104 ﬁlio
2006 1047 2173 1102 meo?

571 1139 818 1209 Cumque
847 1137 1046 1192 abieris
1077 1137 1237 1201 inde,
1270 1146 1322 1193 et
1352 1138 1492 1193 ultra
1526 1140 1844 1205 transieris,
1881 1148 1934 1194 et
1960 1141 2173 1195 veneris

572 1229 639 1284 ad
692 1243 950 1299 quercum
986 1228 1226 1297 Tltalior,
1274 1229 1549 1285 invenient
1592 1239 1646 1286 te
1674 1230 1769 1285 tibi
1802 1239 1915 1286 tres
1948 1232 2046 1286 viri
2078 1244 2170 1285 as-

572 1320 867 1376 cendentes
909 1320 977 1375 ad
1020 1320 1191 1375 Deum
1240 1323 1297 1375 in
1345 1320 1478 1376 Beth
1512 1321 1594 1387 El,
1638 1335 1779 1376 unus
1811 1331 2034 1390 portans
2061 1330 2173 1378 tres

572 1414 793 1482 haedos,
840 1420 897 1469 et
941 1414 1081 1469 alius
1127 1424 1243 1469 tres'
1275 1422 1446 1470 tortas
1478 1415 1656 1484 panis,
1687 1425 1743 1469 et
1780 1415 1919 1470 alius
1950 1424 2172 1485 portans

570 1504 824 1577 iagenam
856 1506 986 1563 vini.
1012 1506 1258 1573 Cumque
1297 1516 1350 1562 te
1390 1506 1769 1571 salntaverint,
1823 1507 2027 1562 dabunt
2076 1507 2170 1562 tibi

568 1597 708 1654 duos
752 1612 941 1668 panes,
975 1605 1034 1653 et
1070 1599 1305 1668 accipies
1342 1597 1412 1654 de
1443 1611 1603 1653 manu
1634 1612 1846 1654 eorum.
1888 1598 2020 1655 Post
2057 1600 2173 1654 haec

570 1691 764 1746 venies
787 1689 840 1744 in
872 1690 1066 1745 collem
1098 1689 1217 1757 Dei,
1250 1690 1339 1745 ubi
1387 1700 1471 1745 est
1514 1692 1678 1746 statio
1716 1690 2168 1746 Philistinorum:

2278 490 2426 546 nium
2484 506 2674 562 regum
2721 489 2810 560 qni
2860 486 3176 560 afﬂigehant
3212 500 3328 543 vos.
3359 487 3460 544 Vos
3484 499 3644 546 antem
3676 494 3809 552 hodie

2278 582 2587 654 projecistis
2612 582 2782 637 Deum
2809 588 3072 645 vestrum,
3109 579 3203 651 qui
3230 580 3374 635 solus
3416 580 3625 637 salvavit
3646 599 3728 640 vos
3755 587 3811 643 de

2276 676 2543 731 universis
2569 673 2722 728 malis
2746 681 2800 731 et
2819 670 3266 728 tribulationibus
3286 673 3474 727 vestris
3502 691 3513 726 :
3537 682 3587 729 et
3603 674 3808 733 dixistis:

2275 767 2623 839 Nequaquam
2657 785 2672 821 :
2704 766 2797 823 sed
2828 780 3013 838 regem
3062 766 3331 821 constitue
3367 779 3523 834 super
3560 781 3651 822 nos
3675 767 3742 841 [b.
3768 777 3813 826 et

2275 859 2490 915 dixistis
2508 860 2555 914 ei
2577 859 2699 929 quia
2720 874 2889 931 regem
2907 858 3209 913 constitues
3220 868 3379 927 super
3395 857 3530 930 nos].
3551 857 3688 923 Nunc
3705 872 3811 931 ergo

2275 959 2416 1006 state
2435 965 2615 1006 coram
2637 949 2862 1006 Domino
2877 964 2973 1019 per
2995 949 3164 1004 tribus
3177 958 3404 1015 vestras,
3420 958 3472 1004 et
3488 962 3577 1019 per
3599 949 3808 1007 familias.

2276 1045 2342 1100 Et
2359 1045 2619 1114 applicuit
2636 1044 2853 1100 Samuel
2866 1056 3058 1099 omnes
3076 1043 3247 1098 tribus
3266 1040 3449 1099 κηρὶ
3466 1051 3514 1097 et
3527 1043 3701 1097 cecidit
3715 1056 3812 1101 sors
3892 1056 3895 1061 ‘

2277 1135 2450 1192 tribus
2482 1135 2779 1206 Beniamin.
2808 1135 3143 1204 Etapplicuit
3171 1135 3370 1189 tribum
3394 1133 3715 1204 Bouiaminet
3740 1148 3815 1190 co—

2274 1231 2559 1300 gnatlones
2579 1228 2696 1299 ejus
2712 1238 2763 1283 et
2777 1227 2975 1283 cecidit
2991 1227 3239 1300 cognatio
3255 1225 3427 1294 Metri,
3444 1237 3498 1282 et
3510 1225 3814 1295 pervenitus—

2275 1336 2379 1391 que
2396 1321 2460 1375 ad
2483 1320 2608 1376 Saul
2626 1320 2791 1376 lilium
2808 1324 2827 1369 ί
2832 1322 2916 1375 Iis.
2934 1320 3279 1387 Quaesierunt
3298 1326 3738 1389 ergoeum,etnon
3749 1325 3817 1372 est

2275 1413 2547 1469 inventus.
2576 1414 2642 1468 Et
2654 1414 3042 1468 consuluerunt
3060 1423 3181 1482 posu
3196 1412 3313 1467 haec
3325 1410 3617 1477 Doniinum,
3640 1419 3813 1465 utrum.

2277 1519 2402 1560 nam
2452 1513 2710 1561 venturus
2761 1515 2905 1561 esset
2964 1505 3091 1560 illuc
3139 1504 3219 1578 [b.
3270 1502 3396 1558 illuc
3436 1499 3561 1573 vir].
3606 1500 3815 1571 Respon-

2274 1594 2460 1665 ditque
2512 1595 2808 1650 Dominus:
2864 1597 3005 1650 Ecce
3053 1592 3405 1649 absconditus
3442 1599 3524 1648 est
3580 1591 3652 1665 [b.
3701 1593 3815 1646 inter

2274 1689 2604 1761 vasa]domi.
2627 1690 3000 1747 Cucurrerunt
3027 1690 3210 1761 itaque
3230 1698 3285 1745 et
3311 1690 3543 1743 tulerunt
3558 1686 3813 1742 euminde:

568 1794 626 1841 et
663 1799 786 1840 cum
834 1785 1112 1855 ingressus
1136 1783 1305 1840 fueris
1335 1786 1407 1840 ibi
1439 1786 1652 1854 urbem,
1680 1786 1899 1841 obvium
1944 1787 2168 1843 habebis
2198 1788 2243 1849 Β
2272 1784 2533 1855 stetitque
2561 1783 2615 1839 in
2649 1783 2827 1839 medio
2856 1783 3060 1854 populi,
3094 1790 3150 1837 et
3175 1781 3335 1837 altior
3361 1780 3461 1835 fuit
3485 1779 3815 1848 universopo-

567 1891 786 1949 gregem
827 1876 1213 1947 prophetarum
1253 1876 1701 1933 descendentium
1743 1878 1813 1934 de
1837 1879 2084 1947 excelso,
2116 1887 2169 1935 ct

570 1978 698 2025 ante
720 1983 819 2026 eos
851 1969 1174 2040 psalterium
1207 1979 1265 2025 et
1287 1981 1624 2042 tympanum,
1655 1981 1713 2027 et
1754 1971 1963 2037 tibiam,
1994 1981 2051 2027 et
2091 1973 2170 2027 ci—

570 2061 803 2131 tbaram,
865 2063 1117 2132 ipsosque
1156 2062 1566 2133 prophetantes.
1630 2063 1696 2119 Et
1753 2064 1953 2119 insiliet
2004 2065 2057 2119 in
2117 2073 2170 2120 te

569 2156 803 2226 Spiritus
834 2157 1066 2223 Domini,
1093 2167 1147 2211 et
1180 2158 1533 2228 prophetabis
1554 2174 1678 2212 cum
1703 2160 1807 2227 eis,
1833 2169 1887 2215 et
1923 2161 2169 2215 mutabe-

566 2250 644 2305 ris
674 2249 728 2304 in
752 2250 927 2303 virum
957 2248 1140 2303 alium.
1168 2249 1395 2318 Quando
1426 2265 1558 2320 ergo
1591 2252 1840 2306 venerint
1868 2252 2019 2321 signa
2051 2251 2167 2307 haec

566 2341 748 2396 omnia
772 2341 887 2406 tibi,
912 2342 993 2396 lac
1016 2356 1368 2413 quaecumque
1397 2344 1667 2399 invenerit
1690 2358 1881 2399 manus
1908 2351 2018 2413 tua,
2041 2346 2165 2416 quia

569 2431 831 2488 Dominus
862 2442 1041 2488 tecum
1069 2445 1172 2489 est.
1203 2435 1265 2489 Et
1285 2435 1584 2492 descendes
1609 2444 1839 2493 anteme
1862 2438 1913 2493 in
1946 2437 2166 2509 Galgala

569 2529 695 2595 (ego
720 2525 920 2596 quippe
945 2524 1271 2581 descendam
1299 2526 1367 2581 ad
1390 2529 1485 2598 te),
1511 2536 1566 2583 ut
1591 2527 1786 2585 offeras
1809 2530 2165 2597 oblationem,

564 2627 622 2673 et
667 2619 921 2674 immoles
964 2620 1210 2675 victimas
1261 2621 1510 2691 pacificas
1557 2623 1635 2695 [b.
1668 2622 1735 2678 ad
1779 2623 2084 2680 olferendas
2112 2632 2167 2681 et

562 2709 927 2766 immolandas
954 2713 1205 2767 victimas
1228 2712 1504 2785 pacificos]
1536 2730 1550 2768 :
1581 2725 1790 2787 septem
1828 2717 2019 2772 diebus
2071 2732 2167 2772 ex-

562 2802 861 2872 spectabis,
887 2803 1062 2858 donec
1091 2804 1306 2858 veniam
1335 2806 1402 2859 ad
1426 2816 1497 2870 te,
1527 2815 1585 2861 et
1611 2808 1896 2862 ostendam
1921 2809 2015 2864 tibi
2046 2825 2165 2879 quae

565 2895 755 2951 facias.
797 2894 884 2967 [T.
918 2894 1107 2967 XXV]
1153 2895 1339 2968 itaque
1387 2913 1511 2952 cum
1555 2901 1845 2955 avertisset
1883 2901 2163 2957 humerum

562 3001 747 3056 suum,
785 2996 848 3043 ut
875 2989 1047 3045 abiret
1090 3005 1120 3045 a
1167 2990 1440 3058 Samuele,
1471 2992 1776 3049 immutavit
1802 2996 1849 3050 ei
1896 2996 2041 3052 Deus
2070 3011 2167 3052 cnr

562 3082 732 3150 aliud,
756 3091 813 3137 et
838 3092 1107 3140 venerunt
1132 3086 1312 3140 omnia
1342 3086 1492 3156 signa
1525 3091 1638 3142 haec
1666 3088 1832 3143 indie
1862 3089 2166 3145 illa.Vene—

2272 1879 2400 1949 pulo
2422 1879 2493 1932 ab
2514 1877 2741 1933 humero
2770 1886 2823 1932 et
2852 1890 3086 1932 sursum.
3104 1875 3189 1949 [T.
3213 1870 3431 1946 XXVI]
3458 1874 3521 1928 Et
3537 1872 3609 1928 ait
3626 1869 3816 1927 Samuel

2267 1971 2336 2026 ad
2378 1984 2597 2027 omnem
2650 1972 2956 2043 populum:
3003 1968 3166 2026 Certe
3196 1968 3393 2024 videtis
3439 1980 3596 2039 quem
3627 1966 3817 2034 elegerit

2270 2064 2612 2131 Dominus,-
2641 2065 2894 2136 quoniam
2952 2078 3060 2118 non
3111 2063 3181 2118 sit
3264 2060 3458 2117 similis
3493 2061 3543 2117 ei
3593 2060 3643 2116 in
3691 2056 3817 2114 omni

2269 2157 2487 2229 populo.
2539 2157 2605 2212 Et
2632 2156 2885 2212 clamavit
2912 2156 3090 2211 omnis
3147 2153 3397 2225 popuius,
3442 2162 3497 2209 et
3534 2153 3642 2211 ait:
3685 2151 3816 2206 Vivat

2267 2262 2363 2304 rex
2412 2249 2425 2302 l
2487 2248 2725 2304 Locutus
2800 2255 2886 2302 est
2941 2256 3119 2302 autem
3177 2244 3420 2306 Samuel
3468 2243 3531 2298 ad
3594 2240 3815 2314 populum

2265 2341 2443 2411 legem
2491 2341 2568 2415 [b.
2616 2339 2899 2412 judicium]
2955 2338 3128 2410 regni,
3182 2348 3239 2393 et
3311 2336 3525 2407 scripsit
3581 2335 3631 2389 in
3681 2334 3813 2397 libro,

2266 2440 2324 2487 et
2344 2433 2584 2501 reposuit
2603 2446 2789 2486 coram
2812 2431 3068 2485 Domino:
3098 2440 3157 2485 et
3178 2429 3387 2486 dimisit
3404 2426 3613 2483 Samuel
3631 2438 3816 2479 omnem

2267 2524 2548 2593 populum,
2576 2523 2823 2593 singulos
2847 2524 2900 2578 in
2919 2523 3143 2578 domum
3162 2537 3340 2578 suam.
3365 2520 3469 2577 Setl
3492 2528 3547 2574 et
3569 2518 3684 2574 Saul
3708 2515 3817 2572 abiit

2265 2618 2320 2674 in
2370 2619 2590 2673 domum
2644 2634 2795 2672 suam
2845 2618 2900 2673 in
2928 2616 3196 2682 Gabaath,
3227 2625 3287 2671 et
3321 2615 3454 2671 abiit
3484 2628 3600 2669 cum
3629 2626 3688 2666 eo
3713 2623 3819 2680 pars

2266 2711 2557 2778 exercitus,
2610 2725 2842 2780 quorum
2894 2707 3150 2779 tetigerat
3183 2708 3328 2764 Deus
3351 2706 3535 2762 corda.
3578 2701 3690 2759 Filii
3712 2714 3821 2757 vero

2267 2805 2437 2863 Belial
2465 2808 2720 2860 dixerunt
2751 2823 2764 2859 :
2799 2806 2933 2858 Num
2979 2805 3191 2859 salvare
3239 2817 3341 2857 nos
3381 2799 3570 2871 poterit
3616 2795 3745 2852 iste?
3769 2793 3822 2847 Et

2254 2882 2641 2969 despexerunt
2667 2902 2813 2964 eum,
2845 2905 2901 2952 et
2931 2911 3035 2950 non
3063 2895 3367 2950 attulerunt
3392 2892 3446 2949 ei
3466 2902 3679 2947 munera
3706 2903 3720 2941 :
3748 2883 3823 2938 ille

2268 3006 2399 3049 vero
2428 2991 2813 3063 dissimulabat
2828 3005 2889 3046 se
2915 2989 3125 3045 audire.

2341 3086 2491 3159 [ϐαρ.
2526 3085 2643 3158 XL]
2675 3094 2703 3123 ι
2747 3083 3013 3139 Ascendit
3034 3093 3219 3137 autem
3245 3080 3391 3136 Naas
3412 3074 3752 3139 Ammonites,
3778 3078 3825 3125 et

561 3186 794 3246 runtque
820 3175 888 3231 ad
920 3178 1239 3247 praedictum
1269 3179 1487 3246 collem,
1538 3187 1599 3234 et
1635 3194 1764 3235 ecce
1790 3195 1998 3236 cnne-ts
2028 3197 2157 3251 pro—
2185 3179 2229 3241 C
2265 3196 2505 3253 pugnare
2533 3182 2698 3251 coepit
2723 3179 3011 3233 adversum
3035 3177 3197 3233 Jabes
3227 3173 3435 3230 Galaad
3463 3172 3548 3244 [b.
3570 3178 3623 3223 et
3644 3174 3821 3221 eastra-

559 3270 846 3338 pltetarum
894 3268 1091 3324 obvius
1138 3270 1186 3324 ei
1238 3287 1251 3323 :
1292 3270 1501 3326 insiluit
1545 3286 1709 3340 super
1760 3287 1883 3327 eum
1929 3272 2161 3344 Spiritus

561 3360 680 3431 Dei,
704 3370 760 3417 et
784 3360 1133 3432 praphetavit
1158 3363 1213 3417 in
1247 3364 1426 3419 medio
1455 3378 1665 3420 eorum.
1694 3363 1949 3420 Videntes
1979 3377 2159 3421 autem

559 3468 754 3509 omnes
799 3454 892 3523 qui
941 3463 1210 3509 noverunt
1257 3470 1380 3509 eum
1408 3457 1478 3511 ab
1510 3455 1624 3512 heri
1656 3463 1711 3511 et
1741 3455 2158 3523 nudiustertius,

558 3545 705 3615 quod
738 3556 888 3602 esset
914 3560 1038 3602 cum
1070 3547 1376 3618 prapltetis,
1414 3557 1470 3604 et
1501 3548 1873 3619 propltetaret,
1907 3550 2159 3606 dixerunt

559 3636 626 3691 ad
660 3636 891 3694 invicem
921 3654 935 3691 :
984 3640 1245 3706 Quaenam
1281 3654 1370 3695 res
1397 3639 1595 3695 accidit
1626 3640 1737 3695 tilio
1764 3639 1893 3695 Cls?
1940 3657 2065 3697 mtm
2105 3650 2161 3697 et

559 3731 690 3787 Sani
718 3733 859 3787 inter
886 3732 1215 3804 prophetas?
1235 3733 1649 3804 Responditque
1674 3735 1811 3790 alter
1834 3734 1961 3807 [Μδ.
1996 3735 2156 3807 alius]

557 3822 625 3877 ad
648 3823 908 3892 alterum,
935 3824 1159 3880 dicens:
1192 3827 1257 3879 Et
1281 3826 1402 3897 quis
1435 3836 1587 3895 pater
1614 3826 1844 3882 eorum?
1869 3836 2155 3896 propterea

556 3929 775 3971 versum
795 3925 879 3971 est
905 3915 960 3971 in
992 3919 1376 3986 proverbium:
1406 3917 1545 3973 Num
1595 3927 1651 3975 et
1695 3920 1824 3977 Saul
1855 3918 1999 3976 inter
2030 3937 2159 3990 pro-

552 4006 783 4077 phetas?
803 4008 1048 4064 Cessavit
1068 4017 1248 4066 autem
1272 4009 1622 4080 prophetare,
1651 4020 1706 4067 et
1722 4013 1869 4067 venit
1891 4012 1957 4067 ad
1979 4014 2158 4069 excel-

551 4110 691 4153 sum.
731 4098 990 4177 Dixitque
1018 4110 1243 4169 patruus
1282 4101 1412 4157 Saul
1440 4103 1506 4157 ad
1542 4118 1692 4169 eum,
1749 4112 1804 4160 et
1833 4104 1901 4161 ad
1929 4122 2152 4176 puerum

552 4189 672 4260 ejus
702 4206 718 4248 :
748 4190 868 4265 Quo
896 4192 1126 4248 abistis?
1151 4193 1253 4262 Qui
1284 4196 1725 4265 responderunt:
1753 4198 2012 4267 Quaerere
2047 4202 2156 4257 asi-

552 4297 653 4339 nas
678 4299 816 4356 quas
832 4300 956 4341 cum
981 4301 1087 4341 non
1111 4287 1529 4356 reperissemus,
1554 4292 1805 4346 venimus
1831 4292 1897 4348 ad
1927 4293 2158 4349 Samue-

552 4374 684 4433 lem.
737 4376 808 4433 Et
850 4377 987 4434 dixit
1036 4380 1087 4435 ei
1143 4389 1370 4451 patruus
1425 4398 1599 4438 suus:
1640 4384 1820 4441 indica
1850 4386 1981 4442 mihi
2023 4387 2153 4458 quid

551 4468 756 4526 dixerit
792 4470 885 4528 tibi
909 4470 1145 4529 Samuel.
1197 4473 1268 4529 Et
1296 4475 1374 4530 ait
1404 4475 1532 4532 Saul
1561 4480 1627 4533 ad
1659 4488 1909 4548 patruum
1947 4497 2147 4537 suum:

2265 3286 2499 3332 metatus
2518 3285 2605 3331 est
2618 3288 2782 3345 super
2808 3272 2971 3329 Jabes
2992 3268 3241 3342 Galaad].
3276 3266 3640 3333 Dixeroutique
3661 3272 3824 3317 omnes

2266 3371 2371 3424 viri
2408 3369 2571 3426 labes
2601 3369 2669 3423 ad
2704 3367 2848 3422 Naas
2880 3382 2894 3422 :
2929 3366 3139 3420 Habeto
3168 3377 3271 3418 nes
3300 3360 3612 3422 mactatos,
3636 3362 3689 3409 et
3721 3365 3824 3407 ser-

2262 3463 2473 3519 viemus
2493 3461 2611 3517 tibi.
2633 3461 2705 3516 Et
2725 3456 3083 3531 responditad
3106 3469 3206 3513 eos
3237 3454 3383 3510 Naas
3410 3447 3759 3507 Annmonites:
3777 3442 3824 3498 lu

2263 3554 2366 3609 hoc
2387 3553 2577 3609 feriam
2595 3550 2724 3625 μισ.
2751 3549 3030 3621 feriamus]
3054 3548 3343 3603 vobiscum
3363 3544 3561 3611 imitus,
3588 3551 3642 3595 ut
3659 3549 3823 3594 eruam

2259 3650 2505 3702 omnium
2534 3657 2776 3702 vestrum
2802 3646 2993 3699 oculos
3019 3646 3267 3705 dextros,
3303 3652 3608 3712 panemque
3632 3646 3720 3688 vos
3741 3645 3825 3699 οι)⁴

2259 3739 2541 3810 probrium
2587 3738 2640 3792 in
2690 3738 2946 3793 universo
2988 3735 3175 3791 Israel.
3222 3734 3292 3790 Et
3332 3733 3588 3788 dixerunt
3631 3725 3693 3781 ad
3719 3734 3823 3779 eum

2258 3833 2507 3888 seniores
2536 3831 2700 3887 labes
2733 3848 2745 3884 :
2776 3829 3029 3886 Concede
3052 3828 3210 3883 nobis
3233 3836 3449 3897 septem
3481 3823 3615 3888 dies,
3643 3828 3698 3874 ut
3720 3814 3827 3871 mit-

2258 3932 2435 3980 tamus
2476 3925 2697 3978 nuntios
2742 3922 2799 3977 in
2842 3921 3125 3976 universos
3172 3918 3445 3974 terminos
3479 3912 3753 3971 lsrael:et
3791 3902 3826 3956 si

2257 4033 2363 4075 non
2391 4016 2551 4072 fuerit
2576 4016 2665 4087 qui
2710 4012 2971 4087 defendat
2995 4012 3075 4084 [b.
3117 4009 3315 4081 solvet]
3349 4022 3473 4075 nes,
3519 4001 3829 4075 egrediantur

2255 4111 2323 4166 ad
2370 4119 2444 4166 te.
2477 4086 2752 4163 Venerunt
2789 4086 2922 4175 ergo
2967 4103 3144 4159 nuntii
3176 4102 3228 4157 in
3260 4100 3507 4158 Gahath
3550 4094 3758 4152 Saulis:
3783 4093 3829 4140 et

2255 4204 2421 4261 locuti
2447 4210 2578 4257 sunt
2614 4200 2782 4256 verba
2823 4198 3012 4271 [ναις.
3033 4196 3207 4250 addit.
3257 4192 3433 4264 haec],
3457 4191 3703 4247 audiente
3743 4196 3827 4252 po-

2253 4298 2423 4369 pulo:
2453 4306 2506 4352 et
2539 4294 2741 4350 levavit
2758 4292 3178 4361 omnispopulus
3198 4304 3390 4345 vocem
3423 4276 3825 4348 suam,ctllevit.

2255 4391 2323 4446 Et
2344 4405 2471 4447 ecce
2492 4390 2619 4448 Saul
2656 4387 2928 4452 veniebat,
2955 4399 3191 4457 sequens
3212 4384 3385 4440 boves
3410 4382 3478 4439 de
3499 4393 3649 4451 agro,
3673 4384 3723 4431 et
3739 4372 3827 4427 ait:

2251 4482 2391 4551 Quid
2436 4482 2600 4537 habet
2628 4482 2854 4551 populus
2883 4478 3033 4550 quod
3061 4478 3276 4549 plorat?
3304 4477 3371 4533 Et
3417 4474 3762 4530 narravertmt
3785 4462 3828 4518 ei

554 4559 819 4619 lndicavit
847 4564 1007 4621 nobis
1033 4565 1157 4636 quia
1185 4565 1426 4623 inventae
1455 4577 1637 4624 essent
1663 4573 1850 4628 asinae.
1908 4574 1984 4630 De
2027 4589 2145 4630 ser—
2178 4572 2230 4634 D
2256 4579 2421 4634 verba
2452 4578 2691 4633 virorum
2714 4576 2894 4632 labes.
2922 4574 2994 4629 Et
3017 4573 3223 4629 insiluit
3249 4572 3499 4643 Spiritus
3515 4567 3609 4624 Dei
3628 4566 3679 4620 in
3698 4554 3828 4619 Sed.

552 4667 713 4708 mone
740 4662 921 4710 autem
952 4658 1101 4726 regni
1126 4672 1233 4711 non
1276 4659 1532 4714 indicavit
1553 4662 1602 4715 ei
1631 4676 1793 4733 quem
1822 4663 2031 4720 locutus
2061 4666 2145 4721 illi

548 4743 729 4803 fuerat
781 4745 1020 4803 Samuel.
1072 4749 1139 4804 Et
1172 4751 1497 4806 convocavit
1526 4750 1747 4810 Samuel
1785 4757 2040 4827 populum
2078 4760 2145 4814 ad

552 4834 841 4894 Dominum
870 4839 925 4895 in
974 4839 1197 4910 Maspha
1227 4858 1241 4895 :
1282 4850 1339 4897 et
1381 4843 1461 4897 ait
1506 4843 1573 4899 ad
1606 4845 1746 4901 ﬁlios
1776 4846 1940 4905 Israel
1975 4867 1988 4903 :
2022 4851 2147 4908 limo

547 4926 954 4989 dicitDominus
968 4933 1108 4990 Deus
1121 4934 1284 4991 lsrael
1300 4950 1315 4989 :
1330 4935 1445 5007 Ego
1456 4936 1619 4992 eduxi
1632 4938 1797 4996 lsrael
1815 4941 1881 4997 de
1892 4940 2145 5015 Egypto,

548 5140 653 5191 rat.
667 5132 869 5207 Nempe
883 5135 1142 5212 Hebrteus
1156 5151 1370 5212 quoque
1392 5146 1573 5195 textus
1586 5148 1648 5195 e‘a
1666 5157 1889 5212 prorsus
1906 5153 2075 5212 caret;
2091 5154 2147 5201 et

548 5217 859 5277 quanquam
900 5208 1071 5262 videri
1107 5210 1277 5288 possit
1308 5210 1376 5264 ab
1414 5212 1534 5281 ipso
1576 5208 1705 5269 olim
1738 5221 2032 5288 archetypo
2063 5208 2146 5272 'ob

551 5294 794 5379 Ejusdem
824 5297 995 5379 vocis.
1016 5282 1171 5379 191:5
1198 5304 1503 5379 (scut-Sum,
1559 5306 1786 5379 solemni
1813 5282 2147 5379 antiquario-

548 5381 671 5444 rum
701 5367 855 5444 lapsu
881 5368 1149 5444 excidisse
1178 5371 1328 5444 ;_h:ec
1356 5367 1533 5428 tamen
1563 5376 1677 5444 ipsa
1710 5378 1913 5433 Latinae
1935 5367 2149 5435 versio-

547 5437 638 5493 nis
665 5452 789 5493 cum
818 5439 1117 5508 exemplari
1170 5442 1308 5498 Heli.
1359 5452 1506 5498 tanta
1554 5437 1905 5506 conformitas
1948 5449 2151 5505 evincit

551 5523 615 5590 se
659 5511 729 5564 ab
766 5511 1307 5590 _eo_fonte_reiigiose
1333 5513 1590 5590 derivari,
1636 5519 1876 5590 nihilque
1903 5521 2024 5588 plus
2055 5523 2149 5574 ha-

548 5579 781 5665 bere.ch
800 5581 999 5665 minus.
1026 5579 1190 5653 quue
1209 5597 1276 5639 eo
1298 5586 1488 5665 magis,
1513 5579 1733 5665 quodin
1744 5579 1992 5665 promptu
2008 5598 2147 5665 erat,

552 5652 603 5706 si
625 5651 886 5733 fuissetis
907 5651 1145 5721 animus,
1154 5651 1615 5733 propositumque
1641 5661 1698 5717 s.
1716 5651 2039 5733 nitet-piens
2066 5651 2144 5719 toi

554 5734 681 5799 cum
718 5725 977 5799 supplere
1030 5740 1099 5780 ex
1147 5724 1359 5799 Graeco,
1419 5725 1472 5780 in
1512 5724 1622 5799 quo
1669 5724 1919 5798 habetur,
1978 5739 2149 5791 καὶσὺ

552 5795 741 5857 σώσεις
769 5792 918 5853 αὐῖτὸω
949 5796 1003 5853 ἐκ
1031 5797 1207 5875 χειρὸς
1233 5792 1439 5870 ιχθρῶν
1464 5792 1617 5856 uibrat}
1637 5803 1890 5873 κυκλόθεν,
1908 5792 2005 5863 ’καὶ
2032 5813 2150 5863 τοῦ·

2257 4684 2380 4726 cum
2423 4670 2665 4725 audisset
2694 4668 2865 4723 verba
2915 4666 3052 4731 hac,
3082 4672 3140 4721 et
3188 4667 3367 4720 iratus
3412 4672 3505 4719 est]
3546 4651 3829 4752 hﬂirneif'

2255 4764 2438 4819 nimis.
2488 4763 2556 4817 Et
2603 4772 2888 4817 assumens
2921 4766 3211 4829 utrumque
3251 4758 3475 4820 bovem,
3521 4745 3750 4807 concidit
3784 4745 3829 4794 in

2253 4855 2452 4921 frusta,
2477 4853 2734 4922 misitque
2757 4853 2809 4907 in
2831 4864 3023 4908 omnes
3044 4849 3313 4905 terminos
3330 4844 3505 4902 lmel
3525 4850 3619 4912 per
3639 4840 3829 4892 manum

2251 4949 2595 5014 nuntiorum,
2628 4943 2819 5001 dicens
2851 4959 2866 4998 :
2908 4943 3256 5013 Quicumque
3297 4954 3411 4994 non
3455 4933 3667 4998 exierit,
3697 4936 3832 4983 secl-

2248 5146 2308 5235 rd
2332 5168 2416 5202 σοι
2441 5148 2500 5237 “ni
2521 5152 2756 5237 σημεῖσν,
2785 5143 2863 5204 ὅτι
2890 5144 3089 5237 ξχΡξσέ.
3104 5165 3165 5202 σί
3191 5141 3509 5237 κύρξθςμὲπέ

2250 5220 2404 5293 ει)τῴ
2457 5221 2527 5279 είς
2574 5204 2834 5293 ἂρχονὶτα.
2890 5204 3183 5293 Y'é'i-issime
3232 5204 3416 5269 a'ntem
3446 5204 3832 5293 “praelatusch

2249 5266 2533 5363 ίβιηὲῖ,
2575 5266 3180 5363 "siu'ztftiscitia‘aagf
3213 5266 3649 5363 εξεὲξίμῑίᾶρίίιιιῖ
3669 5289 3726 5363 se
3744 5266 3831 5363 ge

2250 5338 2533 5416 magis;
2562 5338 3104 5415 νξιξληῖεῆιςίίίέέςε.
3127 5338 3583 5424 sessum-et
3630 5348 3712 5425 sic
3740 5338 3830 5425 tar-

2255 5433 2364 5484 rari
2419 5432 2584 5494 subit,
2631 5444 2733 5486 nec
2763 5429 3046 5485 Hebraeum
3088 5415 3463 5488 scholiasmm’,
3497 5428 3597 5478 nec
3638 5415 3831 5494 Martia-

2258 5481 2437 5556 est";
2456 5481 2606 5558 satis};
2633 5481 2947 5557 Lassae
2973 5481 3221 5555 esset...
3244 5481 3585 5552 auditionem
3607 5481 3832 5546 animad-

2252 5574 2501 5629 vertisse.

2328 5673 2355 5701 ιι
2387 5665 2714 5736 Praeponunt
2736 5659 3064 5736 Vulgati,Et
3087 5663 3276 5735 {actum
3302 5664 3376 5714 est
3398 5655 3555 5736 quasi
3573 5662 3684 5736 ροξι
3701 5662 3828 5736 ’Ee’lj

2255 5750 2361 5790 sem
2408 5723 2793 5807 :Vqtiazgneque
2818 5723 2871 5807 in
2896 5723 3124 5788 llebrzeo
3145 5740 3289 5791 sunt,
3322 5723 3501 5800 neque
3542 5730 3593 5781 in
3639 5723 3830 5779 Latinis

2256 5805 2718 5863 emenda’tinribus'
2754 5805 2926 5862 libris.

3680 286 3923 351 Ἤρ,
