4144 6364
309 317 413 375 581

1621 319 1829 382 LIBER
1870 317 1886 372 l
1925 316 2288 374 S.\MUELIS.

3500 319 3606 376 589

312 441 512 503 tusque
557 431 717 488 fuerit
762 431 892 488 Saul
937 441 991 488 ct
1045 433 1285 502 Samuel,
1317 436 1394 489 sic
1423 435 1516 490 [let
1555 434 1726 490 bobus
1773 434 1908 504 ejus.
1941 438 1988 494 Λ
2020 441 2145 487 runt
2180 432 2471 487 adversum
2505 443 2621 488 eos.
2675 429 2860 484 Postea
2895 440 3070 485 autem
3122 433 3493 488 clamaverunt
3544 433 3608 487 ad

310 525 512 582 Invasit
544 540 675 596 ergo
711 527 875 581 timor
917 524 996 597 [h.
1038 525 1254 597 pavor],
1291 527 1505 582 Domini
1553 527 1829 597 populum,
1860 537 1914 581 et

307 616 518 689 egressi
546 625 672 672 sunt
692 619 849 688 quasi
874 616 956 672 vir
973 626 1130 672 unus.
1163 616 1250 690 [T.
1279 618 1521 690 XXVIH
1549 620 1613 674 Et
1639 619 1914 674 recensuit

313 726 408 766 eos
451 709 504 763 in
556 710 725 765 Bezec
759 725 773 763 :
807 709 1136 781 fueruntque
1184 709 1418 766 filiorum
1459 710 1625 766 Israel
1672 721 1911 766 trecenta

305 801 475 858 millia
508 821 519 855 :
553 802 793 856 virorum
825 811 1006 858 autem
1029 801 1167 858 Juda
1200 803 1414 875 triginta
1453 792 1736 859 milliaJEt
1763 804 1910 859 dixe-

305 902 431 949 runt
475 893 703 959 nuntiis,
742 895 831 964 qui
881 902 1147 950 venerant
1191 912 1202 948 :
1250 895 1340 951 Sic
1393 897 1588 951 dicetis
1639 897 1787 960 viris,
1821 897 1912 967 qui

303 995 430 1042 sunt
458 984 622 1042 Iabes
667 985 870 1042 Galaad
904 1004 918 1042 :
951 985 1085 1042 Cras
1127 988 1232 1044 erit
1263 989 1418 1044 vobis
1459 990 1629 1056 salus,
1662 1004 1782 1044 cum
1831 992 1912 1045 in-

301 1080 540 1136 caluerit
564 1080 667 1136 sol.
694 1079 976 1136 Venerunt
998 1096 1129 1152 ergo
1155 1082 1354 1149 nuntii,
1380 1094 1431 1137 et
1459 1084 1912 1138 annuntinverunt

301 1172 437 1226 viris
489 1170 676 1240 Iabes,
711 1173 800 1244 qui
859 1172 1028 1228 laetati
1094 1184 1239 1229 Sunt.
1291 1175 1356 1228 Et
1401 1174 1658 1230 dixerunt
1702 1192 1713 1228 :
1755 1169 1909 1234 Mane

303 1264 575 1319 exibimus
622 1266 690 1320 ad
726 1281 820 1321 vos
854 1283 867 1320 :
904 1274 957 1321 et
989 1266 1205 1322 facietis
1236 1269 1393 1323 nobis
1424 1285 1584 1324 omne
1613 1271 1757 1340 quod
1789 1271 1908 1341 pla-

299 1359 473 1413 cuerit
508 1359 682 1414 vobis.
733 1359 800 1414 Et
839 1359 1039 1416 factum
1069 1370 1172 1424 est,
1204 1376 1326 1417 cum
1365 1363 1607 1418 venisset
1645 1363 1765 1419 dies
1793 1379 1911 1418 cra-

298 1451 497 1519 Stinus,
543 1452 824 1507 constituit
873 1454 1001 1510 Sani
1057 1453 1314 1524 populum
1356 1457 1407 1510 in
1440 1465 1552 1511 tres
1598 1465 1777 1526 partes
1813 1475 1824 1509 :
1858 1467 1912 1513 et

297 1543 586 1613 ingressus
633 1555 716 1600 est
757 1545 933 1600 media
979 1556 1156 1603 castra
1211 1548 1262 1602 in
1316 1547 1489 1619 vigilia
1543 1550 1826 1616 matutina,
1857 1560 1911 1605 et

296 1641 576 1710 percussit
596 1644 828 1696 Ammon
859 1655 1029 1712 usque
1053 1642 1177 1697 dum
1203 1643 1562 1699 incalesceret
1586 1643 1703 1698 dies
1733 1661 1746 1696 :
1777 1644 1908 1698 reli-

295 1732 386 1802 qui
419 1739 600 1788 autem
637 1732 868 1804 dispersi
913 1742 1060 1803 sunt,
1094 1736 1164 1788 ita
1218 1745 1272 1788 ut
1317 1745 1422 1790 non
1473 1737 1909 1806 relinquerentur

2016 525 2334 591 Dominum,
2376 523 2717 580 etdixerunt
2766 541 2778 578 :
2830 523 3207 589 Peccavimus,
3242 526 3364 594 quia
3412 526 3611 580 deteli~

2007 617 2230 687 quimus
2248 616 2558 680 Dominum,
2579 625 2632 669 et
2652 631 2727 669 set
2743 615 2975 670 vivimus
2993 615 3198 669 Baalitn
3219 627 3270 670 et
3291 616 3608 671 Astharoth:

2014 722 2158 764 nunc
2177 724 2307 778 ergo
2333 724 2464 764 erue
2486 721 2584 763 nos
2611 707 2680 763 de
2709 721 2865 762 manu
2902 707 3244 763 inimicorum
3273 715 3612 776 nostrorum,

2015 809 2068 854 ct
2093 800 2394 856 serviemus
2443 799 2557 854 tibi.
2603 801 2668 853 Et
2707 799 2854 854 misit
2908 798 3166 854 Dominus
3215 799 3507 863 Jerobaal,
3559 809 3614 854 et

2015 893 2218 961 Bedan,
2250 904 2304 949 et
2342 893 2535 963 Jephta
2557 935 2570 960 ,
2616 902 2671 949 et
2699 892 2944 960 Samuel,
2975 901 3028 948 et
3054 894 3196 949 eruit
3226 908 3321 949 vos
3347 893 3415 949 de
3449 904 3610 948 manu

2014 989 2355 1044 inimicorum
2391 995 2692 1043 vestrorum
2736 1003 2829 1059 per
2870 989 3185 1053 circuitum,
3237 999 3289 1043 et
3329 987 3613 1042 habitastis

2013 1081 2366 1136 conﬁdenter.
2402 1080 2658 1137 Videntes
2686 1089 2863 1134 autem
2904 1080 3045 1150 quod
3087 1080 3226 1135 Naas
3259 1093 3351 1135 rex
3376 1079 3609 1134 ﬁliorum

2015 1177 2244 1229 Ammon
2275 1174 2515 1232 venisset
2541 1173 2826 1230 adversum
2875 1187 2974 1230 vos
2995 1219 3008 1242 ,
3062 1175 3273 1230 dixistis
3304 1175 3432 1229 mihi
3469 1192 3480 1228 :
3510 1174 3614 1230 Ne-

2012 1279 2281 1336 quaquam
2304 1310 2317 1332 ,
2369 1267 2464 1322 sed
2498 1281 2589 1320 rex
2627 1266 2913 1336 imperabit
2937 1265 3093 1321 nobis
3120 1280 3146 1332 ,’
3180 1281 3300 1320 cum
3350 1266 3610 1320 Dominus

2016 1360 2156 1415 Dens
2184 1369 2362 1416 vester
2393 1369 2643 1430 regnaret
2675 1361 2725 1413 in
2757 1360 2928 1413 vobis.
2962 1357 3116 1415 Nunc
3140 1376 3268 1432 ergo
3298 1367 3495 1429 prtesto
3527 1368 3613 1414 est

2010 1467 2109 1506 rex
2157 1462 2364 1518 vester,
2410 1467 2567 1521 quem
2618 1451 2852 1520 elegistis
2898 1459 2951 1503 et
2983 1450 3236 1520 petistis:
3283 1465 3410 1506 ecce
3462 1451 3611 1505 dedit

2011 1543 2168 1600 vobis
2199 1545 2462 1600 Dominus
2505 1559 2706 1614 regem.
2741 1543 2796 1599 Si
2837 1543 3126 1597 timueritis
3173 1543 3501 1608 Dominum,
3555 1552 3611 1599 et

2011 1637 2313 1694 servieritis
2334 1639 2404 1702 ci,
2440 1650 2492 1691 et
2531 1637 2810 1691 audieritis
2840 1649 3026 1691 vocem
3059 1636 3197 1704 ejus,
3232 1645 3285 1691 et
3315 1649 3420 1690 non
3451 1651 3608 1689 exas—

2013 1734 2331 1802 pcravcritis
2360 1747 2420 1785 os
2451 1731 2659 1785 Domini
2693 1749 2705 1784 :
2739 1731 2894 1787 eritis
2925 1741 2978 1784 et
3009 1745 3102 1784 vos
3140 1739 3194 1784 et
3245 1744 3341 1784 rex
3384 1729 3473 1800 qui
3505 1730 3600 1783 im-

295 1823 349 1877 in
393 1823 474 1878 eis
518 1823 630 1879 duo
666 1827 890 1894 pariter.
944 1825 1008 1880 Et
1060 1825 1135 1880 ait
1179 1827 1408 1894 populus
1449 1826 1514 1880 ad
1560 1827 1903 1883 Samuclem:
1942 1817 1985 1875 Β
2017 1838 2171 1895 perat
2213 1824 2393 1889 vobis,
2425 1835 2715 1894 sequentes
2750 1824 3030 1878 Dominum
3061 1824 3222 1876 Deum
3257 1833 3520 1877 vestrum.
3551 1822 3604 1875 Si

294 1916 428 1984 Quis
461 1926 546 1972 est
589 1917 690 1973 iste
717 1920 804 1989 qui
847 1919 984 1974 dixit
1015 1936 1029 1974 :
1075 1920 1203 1975 Sani
1233 1921 1257 1949 ⁸
1292 1922 1537 1990 regnabit
1575 1937 1737 1988 super
1768 1923 1904 1976 nos?

296 2008 433 2065 Date
477 2011 649 2077 viros,
685 2023 738 2067 et
792 2014 1182 2069 interiicietnus
1214 2032 1332 2070 cos.
1372 2015 1439 2070 Et
1472 2018 1545 2071 ait
1587 2017 1712 2073 Saul
1748 2018 1905 2072 :Non

294 2101 583 2157 occidetur
609 2105 892 2175 quisquam
932 2107 983 2161 in
1016 2107 1106 2163 die
1139 2105 1256 2169 hac.
1291 2107 1415 2179 quia
1461 2107 1618 2164 hodie
1650 2108 1770 2164 fecit
1804 2110 1907 2164 Do-

291 2194 476 2249 minus
505 2195 736 2250 salutem
766 2198 819 2251 in
856 2197 1042 2252 Israel.
1076 2198 1216 2253 Dixit
1251 2210 1432 2253 autem
1465 2199 1685 2255 Samuel
1710 2200 1776 2254 ad
1807 2215 1903 2270 po-

293 2288 484 2357 pulum
517 2305 532 2341 :
574 2289 785 2357 Venite,
815 2298 870 2346 et
907 2307 1093 2346 eamus
1141 2292 1193 2347 in
1224 2294 1463 2363 Galgala,
1494 2301 1546 2348 et
1584 2293 1906 2348 innovemus

294 2380 371 2434 ibi
422 2395 672 2450 regnum.
707 2382 774 2437 Et
809 2383 1048 2452 perrexit
1079 2387 1254 2441 omnis
1289 2388 1516 2456 populus
1558 2387 1610 2440 in
1659 2387 1900 2458 Galgala,

294 2485 350 2530 et
379 2475 624 2530 fecerunt
651 2479 722 2530 ibi
750 2493 934 2547 regem
964 2479 1089 2534 Sanl
1116 2495 1298 2535 coram
1327 2482 1561 2535 Domino
1585 2482 1635 2535 in
1662 2481 1901 2550 Galgnla,

292 2576 351 2624 et
393 2569 820 2626 immolaverunt
871 2573 942 2628 ibi
985 2575 1234 2630 victimas
1277 2577 1532 2644 paciﬁcus
1564 2593 1743 2631 coram
1794 2577 1904 2632 Do—

293 2665 467 2715 mlno.
499 2661 564 2716 Et
609 2663 822 2718 hetatus
847 2673 930 2720 est
967 2667 1040 2722 ibi
1087 2666 1238 2738 Sanl,
1274 2677 1328 2724 et
1364 2670 1546 2725 cuncti
1593 2669 1692 2724 ‘viri
1739 2670 1906 2727 Israel

370 2845 454 2916 [T.
498 2844 740 2914 XXVIII,
793 2847 921 2915 Cap.
955 2849 1097 2921 IUL]
1147 2851 1295 2906 Dixit
1339 2859 1521 2909 autem
1569 2852 1786 2907 Samuel
1837 2851 1904 2908 ad

294 2939 609 2994 universum
634 2941 798 2995 Israel
833 2958 846 2996 :
880 2941 1019 2997 Ecce
1051 2943 1232 2998 audivi
1254 2957 1439 2999 vocem
1469 2957 1730 3008 vestram,
1753 2946 1908 3013 jmta

293 3031 483 3085 omnia
505 3047 627 3102 quae
659 3032 822 3088 locuti
852 3036 989 3089 estis
1017 3034 1083 3090 ad
1111 3052 1215 3103 me,
1249 3047 1303 3091 et
1329 3039 1587 3093 constitui
1621 3053 1786 3109 super
1812 3054 1907 3094 vos

295 3138 501 3194 regem.
536 3124 602 3179 Et
645 3141 787 3182 nunc
829 3143 929 3182 rex
963 3129 1208 3199 graditur
1235 3141 1363 3186 ante
1405 3148 1522 3187 vos.
1573 3133 1686 3201 Ego
1726 3144 1903 3186 autem

2010 1926 2190 1972 autem
2221 1933 2326 1972 non
2372 1915 2653 1970 audieritis
2685 1931 2870 1970 vocem
2906 1913 3141 1976 Domini,
3178 1914 3274 1968 sed
3309 1927 3608 1982 exaspera-

2010 2011 2201 2066 veritis
2232 2024 2541 2066 sermonem
2575 2007 2650 2080 [h.
2676 2008 2756 2078 os]
2789 2008 3022 2071 Domini,
3053 2009 3159 2062 erit
3183 2022 3373 2061 manus
3396 2006 3606 2058 Domini

2007 2112 2170 2174 Super
2195 2117 2332 2169 vos,
2379 2116 2430 2158 et
2477 2117 2638 2172 super
2690 2112 2872 2172 patres
2914 2111 3142 2156 vestros.
3184 2100 3288 2156 Sed
3335 2106 3391 2155 et
3443 2115 3604 2166 nunc,

2009 2209 2174 2265 state,
2207 2209 2259 2253 cl
2291 2197 2469 2252 videte
2501 2212 2610 2252 rem
2641 2197 2796 2251 istam
2829 2195 3091 2267 grande
3120 2240 3132 2258 ,
3176 2211 3334 2263 (piam
3368 2193 3607 2248 facturus

2008 2300 2089 2344 est
2125 2290 2381 2343 Dominus
2411 2289 2462 2342 in
2490 2298 2783 2357 conspectu
2812 2295 3012 2341 vestro.
3039 2286 3307 2357 Numquid
3336 2303 3442 2340 non
3470 2301 3608 2340 tues-

2008 2385 2081 2434 sis
2130 2363 2293 2434 tritici
2325 2390 2408 2435 cst
2445 2377 2640 2433 hodie?
2683 2379 2942 2433 invocabo
2988 2377 3315 2447 Dominum,
3367 2387 3420 2431 et
3458 2375 3622 2447 dabit

2008 2489 2168 2529 voces
2198 2485 2246 2528 et
2273 2475 2480 2542 pluvias
2510 2489 2522 2526 :
2552 2483 2604 2528 et
2633 2473 2836 2540 scietis,
2867 2482 2919 2527 et
2950 2471 3226 2539 videbitis,
3256 2472 3376 2543 quia
3401 2473 3606 2542 grande

2009 2566 2205 2620 malum
2235 2565 2466 2620 feceritis
2487 2563 2642 2620 vobis
2675 2564 2724 2617 in
2753 2573 3046 2633 conspectu
3078 2563 3321 2628 Domini,
3353 2573 3602 2632 petentes

2007 2673 2170 2729 Super
2203 2673 2294 2711 vos
2327 2657 2640 2728 regem.'[T.
2669 2655 2890 2727 XXIX]
2923 2657 2990 2710 Et
3018 2657 3270 2710 clamavit
3293 2656 3509 2712 Samuel
3537 2657 3602 2710 ad

2011 2751 2318 2814 Dominmu,
2353 2759 2404 2804 et
2436 2749 2586 2803 dedit
2614 2749 2877 2802 Dominus
2911 2764 3068 2802 voces
3100 2760 3148 2802 et
3185 2747 3391 2817 pluvias
3425 2749 3476 2801 in
3511 2748 3603 2802 illa

2009 2843 2116 2897 die.
2146 2842 2215 2896 Et
2247 2843 2420 2896 timuit
2453 2842 2629 2896 omnis
2669 2840 2896 2909 populus
2925 2840 3084 2894 nimis
3116 2839 3394 2894 Dominum
3425 2850 3476 2894 et
3508 2839 3609 2893 Sa-

2009 2935 2279 3004 muelem,
2311 2944 2364 2988 et
2389 2933 2523 2988 dixit
2551 2935 2840 2988 universus
2872 2933 3105 3002 populus
3148 2930 3213 2986 ad
3247 2932 3554 2986 Samuelcm
3592 2949 3602 2983 τ

2009 3028 2114 3082 Ora
2146 3043 2243 3096 pro
2273 3028 2443 3082 servis
2471 3027 2579 3081 tuis
2606 3025 2671 3080 ad
2695 3026 2989 3088 Dominum
3017 3025 3184 3080 Demn
3214 3034 3382 3094 tuum,
3416 3035 3472 3080 ut
3499 3039 3609 3079 non

2011 3120 2327 3174 moriamur.
2367 3118 2688 3174 Addidimus
2725 3119 2865 3172 enim
2923 3117 3187 3173 universis
3231 3118 3467 3186 peccatis
3514 3133 3610 3170 no-

295 3217 480 3284 senui,
515 3228 568 3272 et
618 3219 835 3274 incanui
865 3238 880 3276 :
914 3235 1078 3290 porro
1122 3223 1216 3277 lilii
1250 3223 1352 3279 mei
1397 3214 1675 3278 vobiscum
1723 3234 1849 3277 Sinti.
1879 3239 1893 3278 :
1925 3203 1969 3265 C
2002 3214 2128 3266 διΐίδ
2160 3213 2378 3274 malum.
2404 3221 2461 3264 ιη
2494 3219 2800 3280 Peterem!Is
2830 3210 2982 3262 "0mg
3015 3225 3218 3278 "939'"-
3253 3209 3395 3263 DIX"
3429 3217 3606 3264 θυινθιη

296 3310 482 3380 itaque
509 3319 874 3368 conversatus
903 3329 1086 3369 coram
1115 3316 1274 3370 vobis
1296 3319 1362 3370 ab
1386 3317 1754 3372 adolescentia
1779 3334 1895 3372 mea

299 3415 477 3473 usque
507 3402 574 3456 ad
603 3402 746 3457 diem
782 3404 940 3472 banc,
959 3421 1085 3460 ecce
1107 3416 1308 3477 praesto
1326 3422 1466 3462 sum.
1492 3408 1798 3478 Loquimini
1828 3409 1894 3464 de

298 3509 389 3549 me
412 3508 600 3549 coram
619 3494 854 3551 Domino
869 3504 923 3550 et
939 3512 1120 3552 coram
1137 3497 1353 3553 Christo
1367 3499 1502 3569 ejus.
1521 3510 1696 3554 utrum
1719 3501 1906 3555 bovem

299 3585 619 3654 cujusquam
656 3588 891 3654 tulerim,
921 3603 987 3642 an
1013 3590 1226 3644 asinum
1259 3591 1341 3645 :si
1369 3590 1675 3662 quempiam
1699 3593 1906 3646 calum-

299 3677 480 3731 niatus
499 3692 642 3742 sum,
669 3680 711 3733 si
734 3681 977 3748 Oppressi
994 3681 1248 3750 aliquem,
1264 3683 1307 3736 si
1328 3681 1394 3735 de
1419 3697 1578 3736 manu
1593 3684 1907 3753 ('uthsquam

299 3784 498 3826 munus
509 3771 694 3842 accepi
709 3789 722 3827 :
739 3781 1145 3828 etcontemnam
1167 3774 1297 3829 illud
1315 3775 1496 3841 hodie,
1519 3777 1910 3846 restituamque

299 3861 478 3916 vobis.
514 3861 577 3916 Et
607 3862 865 3919 dixerunt
898 3884 911 3924 :
945 3864 1061 3920 Non
1102 3880 1161 3920 es
1186 3868 1548 3921 calumniatus
1578 3883 1700 3933 nos,
1738 3883 1913 3938 neque

303 3955 664 4021 Oppressisti',
719 3971 894 4024 neque
938 3955 1108 4011 tulisti
1153 3958 1222 4012 de
1275 3974 1434 4012 manu
1479 3961 1705 4029 alicujus
1751 3961 1905 4028 quid-

304 4045 472 4114 piam.
500 4045 750 4117 Dixitqne
775 4048 842 4100 ad
870 4063 964 4102 eos
989 4066 1000 4100 :
1032 4049 1208 4104 Testis
1232 4058 1316 4105 est
1336 4051 1602 4107 Dominus
1625 4054 1908 4109 adversum

305 4153 403 4192 Vos
423 4181 438 4204 ,
468 4149 522 4192 et
557 4139 711 4194 testis
740 4139 990 4196 Christus
1019 4140 1140 4210 ejus
1171 4142 1222 4197 in
1253 4141 1342 4198 die
1377 4143 1502 4210 hac,
1535 4145 1656 4214 quia
1690 4162 1794 4200 non
1831 4147 1911 4201 iu-

305 4233 566 4288 veneritis
589 4234 640 4288 in
655 4249 816 4289 manu
839 4251 956 4290 mea
975 4237 1270 4307 quidpiam.
1297 4239 1630 4294 E’tdixeruut
1653 4255 1666 4293 :
1691 4240 1870 4295 Testis
1897 4259 1910 4294 :

306 4323 379 4382 Et
405 4329 481 4381 ait
510 4327 727 4384 Samuel
770 4329 835 4383 ad
866 4330 1120 4400 populum
1156 4349 1169 4384 :
1204 4329 1467 4386 Dominus
1492 4331 1572 4404 [h.
1606 4333 1670 4387 Et
1707 4333 1847 4387 dixit
1897 4351 1909 4388 :

307 4417 534 4475 Testis:
581 4422 925 4486 subauditur,
972 4422 1274 4495 Dominus],
1325 4427 1416 4494 qui
1458 4423 1583 4480 fecit
1629 4425 1812 4481 Mosen
1860 4436 1915 4483 et

307 4515 495 4566 Aaron
521 4556 533 4579 ,
587 4524 643 4568 et
672 4514 857 4568 eduxit
888 4524 1067 4584 patres
1111 4523 1327 4570 nostros
1372 4517 1437 4569 de
1473 4525 1617 4570 terra
1666 4516 1908 4588 Egypti.

306 4605 473 4672 Nunc
491 4621 620 4678 ergo
663 4615 802 4662 state
828 4651 842 4676 ,
889 4607 917 4646 δ
946 4619 1000 4663 et
1023 4608 1227 4678 judicio
1265 4612 1585 4665 contendam
1623 4610 1908 4666 adversum
1936 4595 1990 4655 D

307 4714 410 4754 VOS
431 4711 612 4755 coram
638 4698 889 4766 Domino,
908 4699 976 4756 de
998 4700 1249 4756 omnibus
1269 4701 1654 4757 misericordiis
1673 4701 1910 4770 Domini,

305 4807 451 4863 quas
479 4791 611 4848 fecit
641 4793 920 4849 vobiscum
961 4804 1017 4848 et
1051 4809 1173 4848 cum
1211 4794 1449 4862 patribus
1479 4796 1677 4849 vestris
1718 4813 1730 4848 :
1781 4810 1913 4862 quo-

306 4885 475 4940 modo
517 4886 793 4956 ingressus
818 4896 900 4942 est
931 4885 1104 4942 Jacob
1128 4886 1180 4940 in
1211 4886 1524 4959 Egyptum,
1567 4896 1622 4943 et
1650 4887 1916 4944 clamave-

306 4987 438 5032 runt
469 4987 649 5046 patres
687 4976 855 5034 vestri
896 4976 961 5032 ad
1002 4975 1287 5034 Dominum
1324 4997 1335 5031 :
1384 4987 1439 5034 et
1469 4978 1614 5034 misit
1656 4977 1916 5035 Dominus

308 5070 501 5127 Mosen
525 5081 579 5126 et
604 5071 807 5139 Aaron,
832 5069 1090 5126 etednxit
1110 5080 1292 5140 patres
1315 5081 1524 5126 vestros
1547 5075 1613 5125 de
1639 5072 1874 5144 Egypto
1901 5091 1914 5127 :

309 5171 368 5218 et
388 5163 680 5217 collocavit
704 5179 799 5218 eos
828 5163 879 5216 in
912 5163 1033 5216 Ioco
1064 5161 1188 5216 hoc.
1225 5163 1324 5229 Qui
1354 5162 1508 5216 obliti
1537 5171 1664 5216 sunt
1707 5149 1919 5218 Domini

311 5255 411 5311 DEI
453 5257 558 5324 sui,
591 5264 643 5312 et
673 5256 893 5311 tradidit
924 5271 1017 5312 eos
1046 5256 1122 5329 [h.
1152 5266 1208 5312 et
1241 5257 1486 5312 vendidit
1515 5257 1632 5328 eos]
1673 5257 1726 5311 in
1762 5273 1920 5312 manu

312 5347 514 5404 Sisarze
531 5348 780 5419 magistri
801 5347 878 5421 [h.
903 5347 1182 5420 principis]
1203 5345 1408 5404 militiae
1429 5345 1590 5419 Aser,
1610 5358 1665 5404 et
1684 5347 1738 5404 in
1761 5365 1921 5404 manu

309 5440 724 5496 Pbilistinorum
750 5484 765 5508 ,
818 5451 872 5498 et
901 5444 950 5497 in
991 5458 1153 5499 manu
1186 5442 1328 5511 regis
1355 5441 1540 5508 Moab,
1567 5452 1622 5498 et
1650 5457 1924 5513 pugnave-

391 5585 416 5613 τι
443 5575 687 5646 Negandi
705 5577 1026 5648 particulam
1048 5577 1312 5648 prazponit
1344 5596 1447 5636 ms.
1481 5579 1783 5633 Veronens.
1813 5593 1913 5632 non

315 5650 586 5723 regnabit,
606 5647 756 5716 juxta
785 5647 1064 5723 Quocum,
1093 5647 1477 5723 assumtum
1506 5669 1516 5702 :
1548 5665 1668 5716 cpite
1688 5658 1742 5705 ct
1767 5663 1924 5723 com:

316 5719 535 5775 modiOr
567 5721 795 5772 fortasse
819 5719 980 5774 lectio
1003 5732 1103 5776 est.
1137 5719 1458 5778 IIeluaicom
1485 5733 1668 5776 tanien
1697 5720 1918 5775 hodier-

317 5823 448 5866 num
487 5809 773 5878 exetnplar
826 5795 898 5869 ΝΒ
929 5815 1249 5882 particulam
1303 5828 1407 5869 non
1465 5813 1644 5869 habet.
1699 5811 1915 5884 Vulgari

2013 3307 2232 3361 Samaei
2284 3306 2348 3359 ad
2399 3306 2652 3375 pepulum
2691 3322 2703 3356 :
2753 3303 2928 3358 Nolite
2972 3304 3165 3358 timere
3196 3347 3210 3371 ,
3262 3317 3359 3357 vos
3405 3302 3610 3358 fecist’s

2012 3399 2322 3453 universum
2350 3397 2550 3452 malum
2579 3396 2683 3452 hoc
2715 3413 2726 3447 :
2754 3403 3125 3450 verumtamen
3160 3397 3327 3450 nolite
3351 3394 3610 3450 recedere

2010 3506 2038 3544 a
2072 3499 2223 3560 tergo
2252 3489 2489 3554 Domini,
2542 3497 2597 3544 et
2625 3490 2826 3544 servite
2875 3489 3105 3542 Domino
3153 3489 3203 3542 in
3251 3489 3396 3542 omni
3445 3490 3607 3544 corde

2013 3592 2196 3638 vestro
2227 3600 2242 3635 :
2276 3594 2330 3637 et
2362 3583 2528 3638 nolite
2557 3583 2832 3638 declinare
2863 3592 2986 3652 post
3010 3596 3165 3644 vana,
3196 3597 3314 3652 qua:
3344 3597 3450 3636 non
3483 3597 3609 3651 pro-

2013 3675 2213 3731 derunt
2242 3676 2415 3743 vobis,
2459 3689 2636 3744 neque
2665 3685 2856 3730 eruent
2887 3691 3005 3741 vos,
3044 3676 3165 3744 quia
3199 3688 3334 3729 vana
3364 3682 3508 3729 sunt.
3544 3673 3609 3727 Et

2014 3784 2120 3823 non
2154 3768 2492 3839 derelinquet
2548 3768 2806 3822 Dominus
2852 3767 3108 3837 populant
3138 3783 3292 3823 suum
3322 3810 3334 3833 ,
3390 3775 3611 3838 propter

2014 3877 2211 3917 nomen
2238 3877 2392 3915 suum
2429 3876 2702 3932 magnum,
2733 3862 2858 3930 quia
2878 3860 3083 3931 juravit
3132 3863 3391 3915 Dominus
3433 3862 3611 3916 facere

2015 3970 2112 4008 vos
2140 3953 2245 4009 sibi
2269 3953 2544 4023 populmn.
2572 3953 2729 4008 Absit
2755 3963 2934 4007 autem
2963 3968 2992 4006 a
3015 3968 3101 4008 me
3129 3953 3230 4006 hac
3257 3965 3531 4020 peccatum
3556 3954 3608 4007 in

2015 4047 2324 4115 Dominum,
2359 4056 2416 4100 ut
2443 4061 2652 4101 cessem
2680 4060 2837 4100 orare
2861 4060 2957 4114 pro
2987 4045 3139 4099 vobis
3167 4063 3178 4098 :
3206 4055 3255 4100 et
3282 4045 3490 4100 docebo
3518 4062 3612 4100 vos

2017 4141 2158 4195 viam
2191 4140 2382 4194 bonam
2415 4151 2468 4194 et
2499 4149 2722 4194 rcctam.
2760 4137 2927 4208 Igitur
2961 4141 3146 4193 timete
3181 4137 3470 4192 Dominum
3499 4180 3513 4206 ,
3558 4147 3614 4193 et

2015 4231 2214 4290 servite
2243 4230 2293 4285 ei
2318 4232 2369 4285 iu
2401 4231 2651 4294 veritate,
2674 4241 2726 4285 et
2749 4246 2813 4284 ex
2841 4241 2954 4284 tcto
2971 4229 3135 4284 corde
3163 4240 3364 4284 vestro.
3390 4229 3614 4285 Vidistis

2016 4328 2159 4379 enim
2213 4324 2492 4395 magniﬁca
2553 4338 2671 4394 qua?
2728 4323 2778 4376 in
2833 4323 2985 4377 vobis
3044 4323 3299 4393 gesserit.
3360 4321 3517 4389 Quod
3568 4323 3614 4377 si

2017 4417 2493 4485 perseveraVeritis
2523 4417 2574 4470 in
2606 4413 2805 4470 malitia
2844 4433 2857 4471 :
2894 4427 2946 4471 et
2974 4431 3071 4470 vos
3100 4424 3152 4476 et
3176 4432 3277 4471 rex
3311 4425 3493 4471 vester
3521 4429 3614 4486 pa-

2016 4507 2151 4562 riter
2178 4507 2441 4576 peribitis.

2085 4602 2237 4674 [ϐιῳ.
2268 4601 2429 4672 ΧΙΙΙ.]
2453 4601 2620 4656 Filius
2645 4601 2802 4655 unius
2825 4598 3237 4664 anniSaulerat,
3255 4613 3374 4652 cum
3387 4613 3617 4668 regnare

2015 4696 2290 4766 coepisset,
2323 4695 2534 4750 duobus
2563 4703 2743 4748 autem
2775 4692 2930 4745 annis
2965 4690 3207 4762 regnavit
3236 4705 3398 4760 super
3425 4690 3610 4746 Israel.

2017 4788 2086 4842 Et
2112 4787 2272 4856 elegit
2294 4787 2396 4840 sibi
2425 4786 2551 4843 Sani
2582 4785 2682 4839 tria
2707 4784 2876 4838 millia
2903 4783 2971 4838 de
2997 4781 3162 4836 Israel
3197 4801 3207 4836 :
3238 4792 3290 4836 ct
3313 4794 3469 4837 erant
3492 4799 3614 4838 cum

2017 4877 2145 4935 Saul
2169 4879 2276 4933 duo
2305 4879 2470 4932 millia
2505 4879 2556 4931 in
2587 4875 2888 4942 Macbmas,
2940 4883 2998 4930 et
3028 4875 3081 4928 in
3113 4884 3300 4929 tnonte
3329 4874 3564 4930 Both-EI
3599 4891 3615 4930 :

2020 4971 2170 5027 mille
2192 4982 2370 5027 autem
2390 4986 2510 5026 cum
2530 4969 2764 5027 Jonatha
2786 4971 2836 5024 in
2852 4969 3096 5025 Gabaath
3115 4969 3420 5035 Benjamin.
3447 4969 3616 5025 Porro

2021 5075 2274 5122 caeterum
2302 5066 2556 5136 populum
2585 5060 2797 5120 remisit
2821 5079 3257 5134 unumquemque
3286 5065 3337 5117 in
3370 5063 3619 5118 taberna-

2023 5160 2141 5215 cula
2175 5175 2289 5213 Sll-l.
2327 5158 2390 5212 Et
2421 5157 2692 5228 percussit
2717 5155 2986 5212 Jonatban
3037 5155 3324 5209 stationem
3382 5155 3625 5210 Philisti-

2024 5270 2217 5308 norum
2244 5295 2258 5317 ,
2304 5268 2423 5322 quae
2475 5261 2591 5307 erat
2635 5251 2687 5305 in
2729 5249 2931 5304 Gabaa.
2966 5248 3121 5316 Quod
3167 5263 3289 5303 cum
3340 5247 3620 5304 audissent

2026 5345 2367 5410 Philislhim,
2415 5344 2544 5397 Saul
2573 5324 2771 5398 cecinit
2801 5339 3022 5397 buccina
3057 5339 3111 5394 iu
3143 5340 3292 5418 enini
3336 5349 3510 5404 terra,
3541 5339 3623 5394 di-

2026 5453 2155 5493 cens
2191 5455 2203 5490 :
2244 5436 2482 5492 Audiant
2512 5436 2746 5492 IIebraai.
2789 5435 2857 5489 Et
2887 5436 3174 5489 universus
3202 5433 3369 5490 Israel
3412 5432 3624 5487 audivit

2027 5593 2169 5634 nutu.
2203 5573 2304 5630 sub
2327 5573 2695 5637 interrogandi
2731 5571 3030 5639 praeferunt
3059 5580 3208 5624 nota.

2094 5646 2120 5685 ι’
2152 5647 2249 5702 Mi.
2290 5647 2584 5700 Veronens.
2614 5655 2670 5697 ut
2693 5643 2898 5715 judicio
2927 5641 3234 5715 contendam
3263 5655 3360 5707 pro
3383 5648 3476 5715 __et,
3510 5649 3615 5715 etc.

2025 5719 2185 5774 Hebr.
2212 5727 2233 5775 Ἰ
2266 5735 2338 5780 re.
2373 5727 2656 5785 utramque
2683 5710 3323 5785 recipitiexpositiouem.
3380 5710 3624 5765 Pra‘tulit

2026 5805 2156 5845 vero
2187 5801 2242 5845 et
2273 5784 2634 5859 Symmachus
2658 5796 2734 5855 ut,
2760 5787 2844 5844 ἵνα
2875 5784 3138 5854 διακριθῶ.
