3964 6344
520 255 628 312 585

1527 253 1588 313 S.
1629 250 2006 312 IIIERONYMI
2047 253 2278 314 DIVINA
2321 253 2802 315 BIBLIOTIIECA.

3629 215 3755 322 ἐει

520 367 895 437 hujuscemodi
924 368 1122 424 famam
1157 384 1171 422 :
1200 366 1477 425 Percussit
1501 367 1629 424 Saul
1660 370 1951 424 stationem
1991 369 2118 424 Phi-
2143 377 2191 434 Λ
2224 371 2438 430 fuerant
2467 388 2590 428 cum
2639 387 2706 428 eo
2727 413 2741 438 ,
2775 369 2930 440 quasi
2968 374 3257 425 sexcentos
3290 367 3456 429 viros.
3488 370 3552 427 Et
3582 372 3692 430 Saul
3716 387 3762 433 et

519 462 824 519 listinorum
888 482 899 516 :
959 472 1015 520 et
1057 462 1235 519 erexit
1279 477 1339 517 se
1394 462 1561 519 Israel
1608 453 2123 520 adversum'l‘hili-

517 557 706 612 sthim.
735 557 1002 612 Clamavit
1044 557 1121 630 [h.
1152 556 1509 628 Exclamavit]
1531 565 1710 612 autem
1744 558 1972 628 populus
2003 567 2123 628 post

521 649 650 706 Saul
697 648 750 703 in
802 648 1044 720 Galgala.
1089 649 1156 703 Et
1199 647 1511 703 Philisthim
1544 649 1856 719 congregati
1890 659 2015 704 sunt
2053 650 2120 705 ad

519 742 876 814 proeliandum
909 752 1094 800 contra
1132 741 1323 809 Israel,
1359 741 1575 812 triginta
1625 741 1790 797 millia
1827 758 2117 808 curruum,

519 845 578 892 et
619 852 714 893 sex
744 837 910 892 millia
955 836 1230 907 equitum,
1283 843 1341 891 et
1390 835 1659 906 reliquum
1702 836 1931 908 vulgus,
1984 836 2122 892 sicut

520 943 717 992 arena,
751 943 872 999 qua:
898 936 984 984 est
1024 927 1078 982 in
1110 927 1292 982 littore
1338 927 1504 982 maris
1535 927 1786 995 plurima.
1821 927 1891 981 Et
1932 941 2120 982 ascen-

516 1022 711 1079 dentes
753 1021 1121 1077 castrametati
1162 1029 1290 1075 sunt
1335 1020 1388 1076 in
1418 1020 1690 1076 Machmas
1734 1019 1801 1075 ad
1847 1020 2118 1076 orientem

517 1113 836 1170 Beth-Aven
890 1112 1022 1185 [Με.
1082 1111 1406 1185 Bathaven].
1468 1113 1623 1182 Quod
1673 1128 1793 1170 cum
1854 1113 2120 1170 vidissent

517 1207 619 1262 viri
657 1206 826 1263 Israel
873 1222 933 1262 se
979 1206 1034 1261 in
1065 1215 1216 1261 arcto
1247 1206 1454 1277 positos
1498 1205 1755 1276 (afﬂictus
1806 1215 1925 1261 erat
1973 1207 2118 1262 enim

518 1300 798 1373 populus),
829 1299 1238 1356 absconderunt
1263 1315 1321 1356 se
1349 1301 1403 1356 in
1435 1299 1712 1372 speluncis
1736 1343 1750 1366 ,
1783 1309 1838 1355 et
1866 1299 1919 1354 in
1967 1299 2121 1356 abdi-

516 1395 584 1449 tis
610 1434 626 1460 ,
659 1395 710 1448 in
757 1393 926 1464 petris
956 1407 1172 1464 quoque
1201 1403 1256 1448 et
1305 1393 1358 1448 in
1388 1393 1582 1459 antris,
1634 1401 1688 1449 et
1732 1394 1788 1448 in
1837 1392 2114 1448 cisternis.

518 1486 736 1542 llebrasi
767 1495 949 1541 autem
979 1485 1319 1542 transierunt
1345 1484 1662 1552 Iordanem,
1695 1494 1896 1542 terram
1919 1484 2036 1542 Gad
2063 1494 2120 1542 et

515 1578 744 1636 Galaad.
795 1579 1036 1651 Cumque
1063 1579 1240 1636 adhuc
1270 1589 1417 1636 esset
1441 1579 1570 1636 Saul
1602 1581 1653 1634 in
1687 1581 1908 1652 Galgala
1934 1626 1949 1650 ,
1992 1583 2116 1637 uni-

516 1687 710 1729 versus
738 1673 972 1743 populus
993 1674 1317 1743 perterritus
1345 1684 1450 1740 est,
1482 1675 1574 1746 qui
1607 1674 1936 1745 sequebatur
1965 1691 2112 1730 eum.

2224 466 2492 522 Jonathsn
2524 463 2662 520 filius
2690 464 2844 531 ejus,
2874 461 3214 534 pupulusque
3243 460 3334 532 qui
3361 462 3591 519 inventus
3614 465 3762 522 fuerat

2224 575 2344 616 cum
2373 559 2474 628 eis,
2503 568 2622 614 erat
2654 558 2707 612 in
2753 557 2930 612 Gabaa
2957 555 3237 625 Benjamin
3265 571 3280 610 ε
3309 553 3469 609 Porro
3491 555 3762 614 Philisthim
3810 610 3816 615 .

2223 652 2585 708 consederant
2609 651 2661 705 in
2683 649 2978 706 Macbmas.
3001 648 3067 704 Et
3087 647 3293 720 egressi
3319 657 3437 703 sunt
3459 649 3523 704 ad
3551 651 3764 717 prazdan-

2222 744 2349 798 dum
2373 743 2440 799 de
2477 739 2670 798 castris
2700 740 3007 796 Philisthim
3040 748 3152 795 tres
3197 739 3374 793 cunei.
3406 738 3547 808 Unus
3592 757 3767 798 cuneus

2225 836 2484 906 pergebat
2511 845 2698 889 contra
2729 834 2868 888 viam
2901 833 3083 902 Apbra
3113 831 3240 904 [51s.
3289 831 3486 905 Ephra]
3515 835 3574 887 ad
3596 843 3766 892 terram

2223 928 2372 983 Saul.
2401 928 2574 983 Porro
2595 929 2732 982 alius
2758 925 3163 997 ingrediebatur
3184 940 3282 995 per
3302 925 3439 980 viam
3466 925 3589 981 Beth
3615 927 3767 984 Oron:

2222 1021 2418 1075 tertius
2449 1029 2632 1076 autem
2657 1028 2899 1076 verterat
2927 1034 2987 1074 se
3009 1019 3075 1072 ad
3109 1019 3210 1074 iter
3241 1019 3448 1073 termini
3480 1019 3770 1076 imminentis

2220 1110 2349 1167 valli
2378 1111 2601 1169 Seboim
2625 1121 2816 1168 contra
2846 1111 3149 1167 desertum.
3178 1109 3348 1165 Porro
3385 1109 3528 1166 faber
3556 1112 3774 1182 ferrarius

2222 1206 2310 1278 [Ιι.
2365 1220 2473 1260 non
2530 1203 2720 1276 habet]
2772 1218 2877 1259 non
2940 1203 3322 1259 inveniebatur
3373 1203 3423 1257 in
3466 1204 3603 1258 omni
3650 1213 3773 1260 terra

2223 1302 2406 1357 Israel.
2438 1299 2710 1356 Caverant
2743 1299 2888 1355 enim
2915 1297 3226 1354 Philisthim
3250 1338 3264 1362 ,
3299 1311 3367 1352 ne
3401 1295 3534 1352 forte
3559 1296 3778 1353 facerent

2222 1397 2436 1452 llebrzci
2467 1396 2703 1467 gladium
2729 1405 2822 1450 aut
2844 1395 3111 1450 lanceam.
3140 1391 3513 1449 Descendebat
3533 1407 3652 1465 ergo
3677 1409 3778 1449 om-

2221 1490 2304 1545 nis
2332 1489 2496 1544 Israel
2537 1488 2604 1544 ad
2645 1487 2985 1553 Philisthim,
3023 1498 3080 1542 ut
3121 1495 3413 1542 exaeueret
3445 1488 3779 1557 unusquisque

2219 1595 2496 1636 vomerem
2535 1595 2721 1645 suum,
2754 1590 2804 1636 et
2847 1579 3080 1650 ligonem
3107 1621 3120 1643 ,
3151 1586 3209 1633 et
3243 1577 3473 1634 securim
3495 1620 3509 1646 ,
3536 1587 3588 1634 ct
3621 1593 3780 1634 sarcu-

2221 1674 2352 1728 lum.
2385 1674 2604 1729 Rctusze
2641 1675 2826 1744 itaque
2853 1683 3012 1729 erant
3052 1672 3198 1728 acies
3231 1687 3550 1739 vomerum,
3586 1683 3636 1728 et
3665 1671 3783 1741 ligo-

517 1765 584 1822 Et
613 1765 953 1836 exspectavit
973 1776 1184 1836 septem
1204 1765 1396 1822 diebus
1417 1767 1572 1837 juxta
1605 1767 1863 1838 placitum
1893 1767 2117 1825 Samue-
2146 1765 2194 1827 B
2222 1782 2382 1832 num,
2410 1777 2464 1822 et
2499 1765 2811 1822 tridentium
2831 1807 2845 1834 ,
2877 1773 2939 1821 et
2974 1767 3278 1832 securium,
3309 1780 3480 1835 usque
3519 1764 3582 1819 ad
3615 1765 3781 1819 stimu-

514 1857 604 1924 lis,
634 1866 691 1913 et
716 1872 823 1914 non
855 1858 1008 1915 venit
1037 1858 1254 1916 Samuel
1287 1859 1342 1914 in
1365 1859 1617 1931 Galgala,
1646 1859 1999 1931 dilapsusque
2029 1873 2114 1917 est

515 1951 748 2022 populus
792 1951 862 2007 ab
885 1967 970 2007 eo.
999 1953 1240 2024 Aitergo
1263 1951 1392 2008 Saul
1425 1970 1438 2006 :
1469 1952 1671 2009 Alferte
1703 1953 1832 2008 mihi
1859 1953 2117 2009 holocau-

512 2053 678 2109 stum,
701 2053 757 2099 et
786 2041 1029 2114 pacifica.
1064 2043 1135 2098 Et
1159 2042 1352 2100 obtulit
1382 2043 1784 2100 holocaustum.
1806 2044 1892 2116 [Τ.
1921 2043 2115 2117 XXX]

511 2133 757 2206 Cumque
821 2135 1156 2206 complesset
1211 2134 1448 2192 oli‘erens
1496 2135 1875 2192 holocaustum
1909 2177 1924 2203 ,
1985 2149 2118 2192 ecce

509 2226 731 2284 Samuel
759 2227 1016 2283 veniebat
1051 2247 1062 2282 :
1097 2238 1152 2284 et
1182 2243 1435 2300 egressus
1465 2237 1550 2285 est
1573 2229 1703 2287 Saul
1728 2229 1943 2285 obviam
1976 2230 2027 2284 ei
2057 2237 2119 2284 ut

515 2320 782 2376 salutaret
824 2335 971 2375 eum.
1034 2320 1384 2391 Locutusque
1433 2331 1518 2377 est
1560 2321 1627 2377 ad
1658 2336 1783 2377 eum
1828 2321 2047 2378 Samuel
2100 2338 2113 2374 :

515 2412 654 2481 Quid
683 2412 895 2469 fecisti?
923 2412 1226 2484 Respondit
1265 2413 1396 2468 Saul
1426 2429 1446 2468 :
1476 2413 1614 2482 Quia
1644 2413 1753 2469 vidi
1786 2413 1930 2484 quod
1978 2411 2116 2468 dila-

516 2507 738 2564 beretur
758 2508 993 2580 populus
1022 2521 1052 2562 a
1085 2521 1172 2564 me
1197 2547 1212 2572 ,
1256 2515 1312 2562 et
1339 2516 1396 2562 tu
1422 2522 1532 2562 non
1557 2521 1788 2562 veneras
1812 2506 1970 2577 juxta
1999 2506 2117 2576 pla-

511 2603 654 2659 citos
699 2602 852 2672 dies,
887 2617 1052 2672 porro
1087 2601 1399 2657 Philisthim
1445 2601 1758 2672 congregati
1809 2599 2024 2655 fuerant
2061 2600 2112 2654 in

505 2695 781 2752 Maehmas
812 2711 826 2748 :
858 2693 971 2750 dixi
1005 2711 1020 2748 :
1051 2693 1208 2750 Nunc
1235 2693 1570 2750 descendent
1593 2692 1660 2748 ad
1689 2707 1778 2748 me
1804 2691 2113 2747 Philisthim

509 2787 565 2842 in
587 2786 836 2860 Galgala,
857 2794 915 2842 et
937 2785 1131 2841 faciem
1156 2785 1367 2840 Domini
1393 2801 1500 2840 non
1523 2785 1753 2855 placavi.
1780 2783 2116 2839 Necessitate

506 2883 844 2952 compulsus,
878 2881 1054 2937 obtuli
1082 2881 1477 2937 holocaustum.
1511 2881 1766 2950 Dixitque
1798 2880 2020 2937 Samuel
2047 2881 2114 2936 ad

509 2973 640 3032 Saul
677 2992 691 3029 :
739 2975 918 3034 Stulte
947 2976 1132 3046 egisti,
1166 2991 1267 3031 nec
1294 2973 1582 3045 custodisti
1607 2975 1859 3030 mandata
1900 2975 2115 3030 Domini

513 3067 608 3124 Dei
642 3067 719 3124 tui
753 3067 880 3141 [Ms.
925 3077 1058 3123 tacet
1091 3068 1232 3139 Dei],
1263 3084 1382 3139 quae
1415 3069 1674 3139 praecepit
1713 3068 1827 3123 tibi.
1871 3069 2025 3135 Quod
2068 3068 2114 3123 si

2221 1859 2334 1914 lum
2364 1857 2768 1928 corrigendum.
2793 1859 3038 1930 Cumque
3069 1859 3307 1914 venisset
3336 1857 3453 1913 dies
3479 1857 3669 1928 przelii,
3690 1871 3783 1912 non

2218 1961 2303 2006 est
2344 1951 2600 2010 inventus
2631 1955 2778 2008 ensis
2805 1961 2864 2007 et
2892 1953 3082 2010 lancea
3112 1953 3167 2007 in
3205 1966 3367 2006 manu
3407 1951 3565 2004 totius
3593 1949 3780 2020 populi,

2219 2045 2309 2116 qui
2337 2054 2602 2102 eratcum
2637 2045 2801 2102 Saule
2829 2053 3028 2103 etcum
3058 2043 3289 2102 Jonatha
3313 2087 3329 2113 ,
3356 2052 3584 2113 excepto
3607 2041 3723 2098 Saul
3741 2049 3788 2096 et

2218 2139 2455 2195 Jonatha
2487 2139 2600 2195 tilio
2627 2140 2765 2210 ejus.
2816 2140 3046 2210 Egressa
3083 2149 3166 2195 est
3210 2148 3394 2196 autem
3431 2137 3590 2193 statio
3642 2135 3790 2190 Phili-

2218 2230 2407 2299 sthim,
2426 2239 2489 2286 ut
2519 2229 2928 2286 transcenderet
2957 2231 3010 2286 in
3041 2230 3339 2287 Machmas.

2291 2322 2442 2394 l‘Cap.
2469 2322 2636 2395 XIV.]
2667 2324 2730 2378 Et
2752 2323 2954 2379 accidit
2974 2322 3206 2394 quadam
3232 2321 3324 2378 die
3348 2331 3407 2376 ut
3431 2320 3630 2376 diceret
3652 2317 3793 2374 Jona-

2220 2414 2348 2469 than
2379 2415 2522 2471 ﬁlius
2554 2415 2688 2471 Saul
2716 2415 2784 2471 ad
2812 2415 3221 2472 adolescentem
3257 2414 3587 2484 armigerum
3617 2427 3790 2468 suum:

2223 2506 2355 2562 Veni
2377 2547 2391 2571 ,
2428 2515 2485 2562 et
2519 2517 2860 2565 transeamus
2890 2507 2956 2563 ad
2989 2508 3282 2563 stationem
3321 2505 3662 2571 Philisthim,
3690 2517 3796 2574 quze

2216 2608 2299 2654 est
2331 2609 2480 2654 trans
2521 2598 2703 2655 locum
2736 2601 2885 2656 illum
2920 2620 2932 2654 :
2968 2601 3121 2656 Patri
3158 2611 3346 2656 autem
3388 2615 3489 2656 suo
3518 2599 3613 2654 hoc
3646 2597 3796 2668 ipsum

2219 2692 2297 2765 [In
2322 2708 2428 2747 non
2463 2694 2647 2765 habet]
2681 2709 2788 2749 non
2819 2693 3099 2750 indicavit.
3132 2694 3307 2750 Porro
3339 2694 3471 2750 Saul
3509 2692 3798 2748 morabatur

2218 2786 2270 2842 in
2307 2796 2552 2843 extrema
2599 2797 2749 2858 parte
2789 2786 2817 2827 ι’
2853 2787 3036 2844 Gabaa
3059 2834 3072 2858 ,
3118 2789 3219 2843 sub
3256 2789 3658 2859 malogranato,
3692 2799 3799 2855 qua:

2217 2890 2336 2938 erat
2373 2882 2426 2936 in
2464 2881 2684 2952 Magron
2723 2899 2737 2934 :
2771 2890 2827 2937 et
2857 2892 2974 2938 erat
3009 2883 3242 2953 populus
3269 2897 3399 2937 cum
3428 2896 3496 2938 eo
3522 2879 3666 2950 quasi
3694 2893 3801 2932 sex-

2217 2984 2500 3030 centorum
2546 2977 2809 3031 virorum.
2857 2975 2928 3030 Et
2973 2975 3142 3032 Ahias
3197 2976 3349 3031 ﬁlius
3399 2973 3601 3051 Altitob
3639 2970 3801 3027 fratris

2217 3065 2448 3124 Ichabod
2481 3067 2574 3122 filii
2597 3068 2834 3124 Phinees
2856 3111 2872 3136 ,
2895 3069 2988 3140 qui
3011 3077 3163 3124 ortus
3191 3068 3374 3124 fuerat
3407 3084 3476 3124 ex
3507 3067 3621 3122 Ileli
3643 3080 3801 3120 sacer-

509 3175 619 3215 uon
641 3159 886 3225 fecisses,
907 3161 1018 3229 jam
1047 3175 1189 3217 nunc
1213 3169 1578 3232 praeparasset
1600 3161 2100 3233 Dominusregnum
2131 3174 2177 3238 ρ
2208 3159 2336 3215 dote
2382 3160 2595 3216 Domini
2660 3161 2713 3216 in
2763 3159 2876 3218 Silo
2925 3161 3004 3234 [h.
3063 3161 3163 3217 filii
3223 3161 3494 3228 Phinees,
3555 3159 3646 3214 lilii
3700 3155 3804 3212 Heli

509 3262 662 3310 tuutn
689 3269 855 3326 super
882 3253 1047 3311 Israel
1089 3255 1140 3309 in
1170 3256 1560 3324 sempiternum
1597 3274 1612 3309 :
1640 3255 1735 3312 sed
1765 3270 2104 3326 nequaquam

508 3363 737 3419 regnum
765 3357 912 3402 tuum
939 3348 1078 3403 ultra
1092 3357 1406 3419 consurget.
1434 3349 1695 3417 Quaesivit
1715 3348 1977 3406 Dominus
2000 3347 2103 3404 sibi

507 3439 850 3510 virumjuxta
873 3455 970 3496 cor
985 3455 1140 3496 suum
1170 3459 1181 3495 :
1211 3451 1263 3496 et
1292 3441 1554 3511 prmcepit
1573 3442 1620 3497 ei
1639 3441 2000 3508 Dominus,ut
2019 3456 2106 3496 es-

504 3539 592 3587 set
617 3530 724 3586 dux
750 3546 916 3600 super
937 3531 1202 3601 populum
1227 3545 1409 3599 suum,
1444 3547 1511 3588 eo
1535 3531 1680 3604 quod
1709 3547 1814 3587 non
1845 3546 2106 3588 servave-

506 3627 585 3683 ris
602 3642 721 3698 qua:
741 3627 1002 3697 praecepit
1028 3626 1154 3699 [Με.
1179 3628 1519 3699 praeceperit]
1550 3629 1829 3684 Dominus.
1855 3629 2104 3685 Surrexit

503 3729 685 3776 autem
703 3720 941 3787 Samuel,
959 3729 1012 3777 et
1027 3721 1272 3777 ascendit
1289 3721 1358 3778 de
1379 3721 1619 3794 Galgalis
1641 3723 1694 3777 in
1709 3721 1892 3779 Gabaa
1909 3723 2104 3793 Benja-

503 3809 636 3867 min.
689 3819 716 3850 ι
767 3809 834 3867 Et
881 3811 1162 3868 recensuit
1213 3809 1345 3868 Saul
1406 3812 1694 3884 pupulum,
1743 3815 1833 3886 qui
1891 3815 2103 3871 inventi

577 4065 602 4094 ⁸
643 4052 806 4111 Multa
833 4067 1048 4123 quoque
1079 4051 1182 4108 hoc
1209 4051 1332 4108 loco
1368 4051 1551 4109 addita
1591 4054 1895 4122 reperimus
1928 4055 1980 4110 in
2011 4070 2104 4110 co-

501 4125 712 4184 dicibus
758 4124 967 4180 Latinis
1011 4125 1387 4180 translationis
1426 4125 1796 4196 illigeroinymi,
1850 4142 1994 4196 qum,
2047 4139 2105 4182 ut

499 4199 611 4282 jam
641 4196 1179 4282 diximu.s,_.derivata
1207 4204 1339 4282 sunt
1358 4211 1396 4282 e
1599 4194 2008 4282 Interpretibus,
2039 4213 2105 4254 ac

503 4266 558 4325 in
587 4267 972 4336 manuscriptis
1005 4267 1181 4335 posita
1216 4266 1376 4336 juxta
1415 4267 1633 4321 modum
1665 4266 1908 4322 notatum
1941 4283 2101 4338 supra

505 4341 630 4466 Scal.
649 4341 776 4403 571,
794 4346 902 4392 not.
925 4341 996 4407 ο).
1016 4338 1113 4392 llic
1132 4347 1315 4393 tamen
1330 4339 1604 4408 peculiare
1617 4338 2104 4409 estoptimofcodici

537 4411 831 4466 'orbeiensi
856 4425 1004 4463 num.
1033 4410 1122 4466 ll.
1155 4418 1284 4463 ante
1329 4409 1672 4466 octintzentos
1702 4425 1875 4464 annos
1901 4409 2104 4464 descri-

537 4411 831 4493 Iorbeietisi
856 4410 1284 4497 nuruultnante
1329 4409 1672 4497 octingentos
1702 4425 1875 4497 annos
1901 4409 2107 4497 descri-
2132 4435 2186 4497 Β

500 4491 616 4556 pto,
648 4492 706 4536 ut
745 4480 976 4550 singulis
1015 4479 1296 4556 lineisseu
1324 4481 1633 4556 versiculis,
1661 4480 2103 4556 quibusgaddita-

504 4549 746 4609 iuentutn
777 4549 1016 4617 constat,
1066 4551 1292 4605 totidem
1319 4551 1509 4606 obclos
1557 4549 1934 4620 prmposuerit,
1968 4552 2108 4607 indi-

503 4633 692 4680 cantes
722 4626 840 4677 hznc
865 4636 992 4678 esse
1033 4623 1208 4678 aliena
1239 4629 1295 4677 et
1344 4621 1564 4677 aliunde
1591 4631 1856 4678 mutuata.
1889 4622 1946 4676 Id
1971 4637 2104 4678 vero

504 4695 680 4750 oculis
705 4695 948 4750 omnium
992 4703 1390 4763 repraesentare
1442 4708 1548 4748 non
1575 4694 1680 4748 erit
1711 4694 1949 4748 otiosum
1983 4703 2101 4749 stu-

505 4765 678 4821 diosis
703 4764 1041 4827 hominibus,
1073 4765 1166 4833 qui
1192 4765 1260 4818 ab
1288 4778 1397 4819 uno
1417 4763 1682 4832 judicium
1727 4765 2008 4821 habebunt
2037 4765 2109 4820 de

506 4835 629 4908 aliis
650 4835 923 4908 similibus
948 4833 1351 4890 additamentis.
1384 4835 1477 4892 Sic
1512 4836 1676 4908 igitur
1714 4851 1804 4893 res
1840 4851 1899 4892 se
1941 4836 2111 4891 habet

509 4904 564 4960 in
596 4921 699 4962 ms.
733 4905 921 4963 codice
953 4922 967 4959 :

875 4992 936 5032 σε-
979 4975 1278 5050 Benjamin.
1319 4974 1389 5050 Et
1429 4977 1613 5049 reliqui

878 5063 940 5102 σιξ-
982 5048 1162 5120 populi
1191 5049 1528 5120 ascenderunt

873 5133 934 5174 +
980 5117 1092 5190 post
1112 5117 1250 5190 Saul
1274 5117 1472 5172 obviam
1495 5134 1588 5190 po-

873 5203 934 5244 +
977 5189 1124 5261 pulo,
1147 5189 1234 5259 qui
1264 5189 1533 5260 expugno-

875 5274 935 5314 -ε-
980 5260 1100 5312 bant
1129 5276 1213 5315 eos
1248 5263 1500 5316 uenientes
1523 5276 1586 5315 ea:

877 5343 939 5384 ~:—
978 5328 1200 5400 Galgala
1224 5330 1280 5384 in
1305 5328 1508 5399 Gabaa,

872 5415 936 5473 τε
974 5401 1030 5473 in
1053 5402 1183 5455 colle
1206 5400 1508 5473 Benjamin.

516 5472 644 5529 Ilaec
666 5471 816 5543 signa
841 5471 886 5528 si
909 5469 1044 5525 locis
1064 5473 1178 5543 suis
1204 5469 1581 5543 invenirentur
1603 5472 1802 5542 positi,
1830 5473 1960 5542 quid
1995 5473 2116 5530 Ilie-

515 5541 918 5616 ronymi'anugm,
938 5541 1153 5616 quidve
1176 5557 1208 5596 a
1240 5541 1386 5616 LXX
1415 5541 1862 5616 Translaturibus
1887 5554 2115 5601 mutua-

515 5613 634 5670 tum
651 5615 723 5672 sit
750 5617 807 5696 in
833 5613 1042 5696 Latinis
1071 5613 1494 5696 exemplaribus,
1527 5615 1711 5696 statim
1741 5617 2116 5696 omnibusin-

512 5695 836 5743 notescerct.
865 5685 971 5742 Sed
998 5684 1204 5739 incuria
1223 5683 1567 5757 librariorum
1595 5687 1890 5742 subtractis
1923 5687 2115 5757 hujus-

511 5758 655 5814 tnodi
685 5758 875 5830 signis,
909 5757 1027 5813 licri
1059 5770 1168 5813 non
1198 5756 1372 5828 potuit
1389 5757 1519 5828 quin
1547 5759 1854 5829 promiscue
1883 5756 2116 5831 utraque

2206 3252 2511 3309 sacerdotis
2544 3254 2760 3308 Domini
2801 3257 2853 3308 in
2894 3254 3053 3325 Silo],
3093 3255 3355 3326 portabat
3383 3253 3589 3326 ephod.
3629 3250 3730 3308 Sed
3760 3258 3810 3305 et

2206 3345 2437 3414 populus
2461 3346 2748 3415 ignorabat
2775 3349 2799 3378 θ
2823 3361 2932 3417 quo
2960 3347 3091 3402 isset
3115 3345 3417 3402 Jonathan.
3444 3346 3613 3401 Erant
3632 3352 3798 3398 autem

2205 3436 2348 3494 inter
2371 3453 2661 3506 ascensus,
2689 3455 2788 3510 per
2810 3455 2948 3511 quos
2976 3439 3254 3496 nitebatur
3281 3439 3566 3497 Jonathan
3590 3437 3807 3494 transire

2205 3537 2272 3592 ad
2326 3537 2617 3594 stationem
2680 3537 3121 3605 Philistinorum,
3184 3537 3506 3593 eminentes
3544 3544 3705 3604 petra:
3744 3546 3808 3586 ex

2208 3640 2439 3700 utraque
2477 3642 2664 3700 parte,
2697 3643 2751 3688 et
2780 3631 2934 3702 quasi
2968 3630 3023 3685 in
3056 3629 3281 3685 modum
3324 3629 3577 3685 dentium
3615 3620 3812 3694 scopuli

2215 3725 2346 3782 hinc
2379 3735 2434 3782 et
2465 3723 2593 3782 inde
2624 3723 2920 3795 praerupti,
2948 3736 3147 3778 nomen
3175 3719 3271 3775 uni
3303 3720 3512 3785 Boses,
3543 3727 3599 3801 et
3627 3726 3810 3770 nomen

2210 3820 2369 3877 alteri
2395 3821 2576 3878 Sene:
2611 3833 2754 3874 unus
2777 3816 3037 3888 scopulus
3062 3815 3392 3888 prominens
3421 3813 3494 3870 ad
3520 3809 3812 3884 aquilonem

2213 4058 2454 4114 editione
2480 4065 2760 4113 uterentur
2787 4055 2984 4125 Latini,
3010 4066 3066 4113 et
3086 4055 3227 4127 quod
3259 4056 3629 4127 Septuaginta
3649 4050 3817 4127 Inter-

2213 4141 2428 4200 pretum
2476 4129 2598 4193 fuit,
2631 4129 2806 4198 ipsum
2859 4123 3188 4200 Hieronymo
3229 4123 3598 4200 ascriberent.
3648 4123 3818 4200 Itaque

2212 4195 2319 4255 non
2346 4201 2616 4255 immerito
2639 4195 2995 4270 conqueritur
3024 4195 3092 4254 de
3124 4200 3205 4253 his
3239 4201 3295 4253 in
3327 4199 3568 4269 epistola
3598 4198 3664 4252 ad
3692 4195 3822 4270 Sun:

2213 4272 2357 4326 niam
2391 4283 2442 4326 et
2473 4262 2792 4326 Fretelam':
2825 4269 2888 4343 Et
2913 4269 3056 4334 hinc,
3090 4273 3288 4343 inquit,
3314 4262 3467 4343 apud
3507 4262 3665 4343 voset
3690 4262 3819 4343 apud

2213 4343 2483 4412 plerosque
2522 4356 2667 4395 error
2691 4342 2945 4403 exoritur,
2973 4342 3111 4410 quod
3133 4337 3460 4410 scriptorum
3491 4337 3816 4412 negligentia,

2211 4414 2428 4484 virgulis
2455 4423 2503 4467 et
2536 4413 2793 4468 asteriscis
2823 4413 3118 4480 subtractis,
3142 4412 3418 4468 distinctio
3450 4413 3688 4466 universa
3709 4424 3821 4462 con-

2212 4485 2470 4554 funditur.
2511 4484 2691 4539 Mur.

2286 4555 2802 4629 —Addtint_Vu|gati
2824 4553 2972 4629 libri,
2989 4565 3036 4610 et
3058 4553 3247 4629 reliqui
3263 4556 3458 4629 populi
3475 4551 3823 4629 ascenderunt

2210 4626 2500 4708 postisaul
2545 4624 2743 4708 obuiam
2788 4624 3014 4708 papula,
3075 4624 3598 4708 qui'egpu'g‘nalfant.
3627 4639 3712 4679 eos
3747 4637 3823 4708 tu:

2211 4695 2408 4750 nientes
2437 4712 2502 4751 ea:
2539 4695 2763 4764 Galgala
2789 4695 3054 4751 in‘Gabaa
3082 4695 3136 4751 in
3175 4695 3315 4752 colle
3344 4695 3634 4768 Benjamin
3664 4710 3681 4748 :
3710 4703 3821 4762 qua:

2211 4770 2433 4837 quidem
2465 4768 2721 4836 periodus
2737 4769 2810 4822 ob
2837 4768 3080 4837 ejusdem
3105 4769 3353 4824 nominis
3376 4768 3698 4838 Benjamin,
3726 4775 3826 4830 quo

2211 4838 2589 4904 concluditur,
2646 4852 2968 4905 recursum,
3011 4839 3182 4910 videri
3229 4842 3416 4910 possit
3478 4837 3822 4910 librariorum

2213 4913 2414 4980 passim
2449 4910 2609 4980 obvio
2633 4923 2822 4980 errore
2847 4910 2915 4964 ab
2943 4911 3064 4979 ipso
3093 4907 3372 4967 Hebraico
3399 4907 3709 4979 exemplari
3733 4919 3823 4980 ex-

2212 4977 2432 5036 cidisse.
2491 4979 2841 5052 Desideratur
2891 4977 3111 5050 tamen,
3143 4981 3290 5050 quod
3344 4983 3490 5038 satis
3549 4977 3825 5052 proposito

2215 5062 2407 5124 nostro
2437 5062 2553 5124 est,
2586 5051 2781 5124 nedum
2821 5051 2874 5106 in
2906 5046 3582 5124 llebraeo,'Cbaldaeoque
3603 5091 3622 5118 ,
3653 5046 3746 5104 sed
3775 5053 3825 5099 et

2165 5121 2174 5128 ’
2214 5123 2266 5178 in
2291 5122 2575 5178 Versionis
2609 5121 3049 5194 Hieronymianm
3091 5124 3376 5192 plerisque
3403 5121 3670 5194 omnibus
3701 5130 3826 5194 mss.

2214 5194 2304 5262 qui
2339 5208 2475 5249 vero
2501 5187 2895 5264 eamgretinént
2929 5187 3136 5264 Vulga'ti
3177 5187 3346 5262 libri,
3384 5211 3456 5252 ex
3487 5193 3698 5251 ϐαρεῖς
3733 5187 3828 5264 ali-

2214 5257 2348 5335 quot
2369 5272 2468 5320 τῶν
2494 5263 2639 5319 LXX
2661 5263 2941 5319 codicibus
2964 5257 3190 5320 mutuati
3215 5257 3372 5320 sunt.
3407 5265 3758 5335 Martianteus
3776 5257 3826 5312 in

2215 5332 2338 5390 cod.
2390 5335 2703 5391 Corbeiensi
2725 5379 2741 5405 ,
2771 5336 2945 5390 obelis
2990 5336 3231 5406 singulos
3253 5337 3580 5394 versiculos
3614 5332 3830 5404 hujusce

2216 5405 2515 5461 additinnis
2547 5413 2878 5475 praenotatos
2903 5405 3126 5475 reperit.

2288 5476 2314 5515 ι’
2345 5477 2511 5550 Tacet
2546 5476 2635 5533 hic
2663 5493 2764 5533 ms.
2793 5476 3321 5550 VeronensaCabaa
3343 5517 3363 5546 ,
3390 5481 3553 5550 juxta
3583 5477 3828 5536 Graecum

2218 5549 2552 5623 exemplar;
2579 5563 2704 5604 mox
2734 5559 2914 5604 autem
2948 5564 3048 5618 pro
3091 5548 3326 5623 Magron
3367 5548 3511 5623 legit
3553 5551 3611 5605 in
3654 5557 3832 5619 agrum

2218 5618 2399 5674 Gabao
2415 5661 2430 5684 ,
2457 5619 2691 5676 Hebraeo
2719 5629 2870 5676 textu
2895 5635 3007 5676 non
3029 5618 3400 5678 assentiente.

2295 5701 2317 5729 ι
2355 5690 2579 5764 Rectius
2609 5690 2913 5764 Veronens.
2946 5705 3100 5764 mss._,
3129 5691 3272 5761 quod
3307 5692 3471 5764 isset,
3511 5702 3620 5752 etc.
3673 5687 3830 5746 llebr.

2219 5775 2433 5834 quoque
2461 5768 2516 5822 τ)
2545 5761 2739 5834 habet,
2769 5770 2824 5819 et
2855 5761 3029 5821 Graec.
3063 5760 3164 5819 δτι.
