4144 6364
307 309 407 370 585

1594 300 1806 360 LIBER
1842 297 1865 358 I
1905 293 2089 359 SAM!)
2103 297 2273 356 ELIS.

3506 295 3614 356 386

307 443 369 482 ex
402 423 640 482 adverso
669 421 973 490 Macbmas,
1007 430 1062 480 et
1085 419 1228 478 alter
1257 431 1283 461 ⁸
1314 418 1382 478 ad
1415 422 1695 480 meridiem
1727 433 1912 479 contra
1941 424 1988 484 Λ
2019 423 2169 477 eisin
2195 419 2391 476 castris
2413 461 2427 485 ,
2463 417 2668 476 reversi
2691 425 2815 474 sunt
2847 425 2902 472 ut
2929 425 3112 474 essent
3142 432 3262 473 eum
3295 416 3460 474 Israel
3481 461 3496 482 .
3525 423 3616 491 qui

307 518 509 575 Gabaa.
549 516 636 590 [Τ.
669 513 890 586 XXXI]
940 516 1087 569 Dixit
1130 525 1313 570 autem
1356 513 1630 570 Jonatban
1673 515 1736 568 ad
1779 515 1908 568 ado-

307 612 606 668 lescentem
661 609 743 682 [ιι.
789 607 1040 679 puerum]
1093 607 1421 680 armigerum
1477 623 1689 663 suum:
1742 606 1910 671 Veni,

308 713 652 758 transeamus
690 701 758 756 ad
800 703 1098 755 StatiOnem
1142 699 1648 755 incircumcisornm
1682 699 1909 764 hortnn,

310 797 352 854 si
385 796 529 852 forte
561 795 724 852 faciat
755 795 1015 850 Dominus
1051 809 1148 864 pro
1181 793 1260 865 [h.
1287 809 1395 848 non
1438 792 1637 858 habet,
1666 789 1783 863 pro]
1811 805 1914 846 no-

311 892 394 948 bis
419 908 434 949 :
463 891 589 961 quia
628 907 737 945 non
782 899 870 945 est
907 889 1138 944 Domino
1175 887 1400 944 difﬁcile
1445 887 1694 954 salvare,
1732 887 1818 940 vel
1861 885 1914 940 in

313 983 696 1047 multitudine,
751 981 838 1037 vel
888 981 942 1036 in
997 981 1205 1050 paucis.
1267 978 1526 1050 Dixitque
1581 979 1629 1034 ei
1680 975 1917 1048 armiger

313 1091 442 1131 suus
475 1091 492 1132 :
529 1073 638 1130 Fac
677 1073 858 1129 omnia
899 1089 1022 1144 quae
1069 1073 1289 1145 placent
1328 1073 1514 1127 animo
1565 1082 1656 1127 tuo
1690 1090 1702 1125 :
1752 1085 1917 1141 perge

313 1182 420 1239 quo
450 1166 634 1236 enpis,
656 1181 758 1236 ego
788 1164 918 1238 [Με.
955 1175 1091 1220 tacet
1112 1165 1234 1237 ego]
1264 1181 1362 1220 ero
1391 1173 1566 1220 tecum
1591 1163 1920 1234 ubicumque

314 1261 583 1317 volueris.
627 1259 696 1314 Et
726 1260 803 1314 ait
846 1257 1118 1314 .Ionathan
1150 1277 1163 1312 :
1213 1259 1354 1314 Ecce
1397 1273 1496 1313 nos
1528 1256 1822 1312 transimus
1851 1255 1918 1310 ad

314 1355 463 1410 viros
491 1353 648 1409 istos.
690 1343 936 1422 Cumque
967 1351 1378 1422 apparuerimus
1406 1351 1520 1420 eis,
1548 1351 1593 1404 si
1624 1349 1804 1404 taliter
1833 1347 1916 1402 lo-

317 1448 426 1502 cuti
477 1446 678 1501 fuerint
725 1445 793 1501 ad
847 1460 993 1504 nos:
1038 1444 1284 1513 Manete,
1316 1444 1494 1500 donec
1534 1444 1813 1500 veniamus
1853 1440 1921 1496 ad

317 1555 417 1595 γυε
444 1558 454 1591 ;
481 1550 694 1594 Stemus
722 1539 773 1592 in
799 1539 922 1593 loco
950 1547 1173 1608 nostro,
1208 1553 1307 1593 nec
1334 1536 1695 1592 ascendamus
1715 1533 1781 1589 ad
1804 1547 1918 1589 eos.

317 1630 373 1688 Si
406 1642 590 1686 autem
621 1630 860 1684 dixerint
890 1647 903 1683 :
936 1627 1232 1685 Ascendite
1260 1629 1326 1684 ad
1361 1643 1499 1684 nos:
1530 1625 1920 1694 aseendamus,

318 1725 445 1797 quia
477 1724 702 1779 tradidit
740 1740 834 1780 eos
873 1724 1140 1779 Deniinus
1173 1725 1225 1780 in
1259 1724 1510 1778 manibus
1539 1722 1743 1777 nostris
1771 1738 1782 1774 :
1817 1719 1924 1774 hoc

2016 523 2175 571 erant
2199 530 2322 569 cum
2355 513 2483 568 Saul
2523 521 2577 568 et
2605 511 2902 569 Jonatban.
2930 511 3134 566 Omnes
3162 527 3378 582 quoque
3408 511 3615 568 Israeli-

2017 618 2084 663 ta:
2109 608 2204 678 qui
2225 622 2284 662 se
2303 607 2707 663 absc0uderant
2731 607 2783 662 in
2807 615 2992 660 monte
3017 605 3274 676 Ephraim
3295 647 3307 670 ,
3335 603 3617 661 audientes

2017 702 2163 771 quod
2197 701 2463 772 fugissent
2503 699 2846 765 Pbilisthim,
2878 699 3224 754 sociaverunt
3259 714 3316 754 se
3352 714 3475 754 cum
3506 699 3618 755 suis

2018 795 2073 851 in
2117 794 2326 867 prtelio.
2362 805 2383 834 σ
2429 795 2498 850 Ει
2536 793 2770 848 salvavit
2799 791 3060 847 Dominus
3101 791 3154 847 in
3182 791 3270 847 die
3312 793 3400 847 illa
3435 791 3620 847 Israel.

2018 888 2208 957 Pugna
2244 895 2424 943 autem
2457 886 2712 958 pervenit
2747 899 2920 955 usque
2954 883 3306 939 Bcth-Aven.
3347 883 3415 939 Et
3442 884 3523 938 vir
3549 881 3625 938 Is-

2020 981 2138 1038 rael
2162 981 2401 1035 sociatus
2420 991 2503 1034 est
2525 979 2628 1034 sibi
2663 980 2716 1033 in
2743 979 2832 1034 die
2857 978 2966 1033 illa.
2995 977 3078 1049 [Τ.
3114 976 3362 1048 XXXII.]
3384 976 3621 1048 Adjura-

2023 1077 2101 1128 vit
2145 1081 2326 1129 autem
2369 1073 2500 1128 Saul
2544 1073 2832 1142 populum,
2867 1069 3099 1128 dicens:
3140 1070 3460 1127 Maledictus
3504 1070 3625 1138 vir,

2022 1168 2113 1239 qui
2159 1167 2459 1224 comederit
2507 1182 2698 1238 panem
2751 1181 2925 1237 usque
2970 1165 3036 1221 ad
3089 1180 3408 1236 vesperum,
3453 1165 3629 1221 donec

2027 1260 2262 1316 ulciscar
2291 1260 2359 1315 de
2386 1259 2623 1315 inimicis
2653 1259 2811 1314 meis.
2849 1259 2915 1314 Et
2934 1275 3042 1314 non
3076 1258 3425 1314 manducavit
3454 1256 3530 1331 [b.
3561 1258 3630 1313 Et

2027 1369 2134 1408 non
2180 1352 2423 1425 gustavit]
2465 1352 2756 1408 universus
2799 1351 3032 1424 populus
3081 1368 3275 1421 panem
3311 1369 3324 1406 :
3363 1368 3631 1421 omneque

2029 1455 2188 1501 terras
2212 1446 2404 1516 Vulgus
2429 1446 2577 1501 venit
2610 1446 2663 1501 in
2693 1446 2886 1500 saltum
2907 1485 2921 1508 ,
2953 1445 3006 1499 in
3037 1461 3146 1514 quo
3174 1455 3292 1501 crat
3327 1445 3434 1501 mel
3465 1461 3633 1516 super

2029 1537 2221 1595 faciem
2252 1539 2388 1608 agri.
2420 1539 2701 1610 Ingressus
2727 1549 2810 1595 est
2840 1540 3021 1610 itaque
3053 1541 3286 1610 populus
3315 1541 3550 1611 saltum,
3581 1556 3636 1600 et

2027 1631 2282 1701 apparuit
2315 1631 2491 1687 ﬂuens
2521 1633 2658 1697 mel,
2694 1633 2990 1702 nullusque
3018 1633 3283 1704 applicuit
3320 1651 3538 1690 manum
3569 1637 3636 1692 ad

2030 1738 2094 1779 os
2115 1739 2298 1779 suum.
2329 1723 2581 1780 Timebat
2605 1724 2750 1780 enim
2779 1725 3013 1795 populus
3041 1726 3433 1796 juramentutn.
3469 1728 3639 1784 Porro

320 1821 428 1874 erit
460 1816 620 1872 nobis
651 1816 890 1887 signum.
928 1817 1200 1886 Apparuit
1229 1815 1395 1887 igitur
1437 1825 1666 1885 uterque
1704 1809 1924 1867 stationi
1957 1829 2006 1890 Β
2031 1817 2303 1873 Jonatban
2336 1834 2441 1873 non
2471 1819 2725 1875 audierat
2754 1834 2877 1874 eum
2908 1819 3184 1890 adjuraret
3213 1830 3366 1891 pater
3395 1822 3514 1893 ejus
3545 1839 3639 1892 ρο⁸

323 1907 782 1964 Pbilistbinorttm
816 1923 830 1962 :
877 1907 1240 1978 dixi-rumque
1295 1904 1606 1961 Philisthim
1645 1923 1656 1956 :
1696 1903 1774 1958 En
1820 1902 1926 1958 lle-

318 2005 454 2061 brzei
483 2005 844 2077 egrediuntur
875 2004 944 2058 de
974 2002 1257 2066 cavernis,
1295 2003 1346 2056 in
1387 1999 1589 2072 quibus
1620 1997 1929 2054 absconditi

323 2097 566 2154 fuerant.
601 2098 668 2153 Et
697 2098 859 2153 locuti
893 2107 1020 2151 sunt
1042 2095 1140 2150 viri
1175 2095 1241 2149 de
1271 2095 1505 2149 statione
1531 2093 1599 2148 ad
1629 2090 1930 2156 Jonatban,

321 2200 375 2245 et
420 2192 487 2246 ad
520 2191 854 2261 armigerum
882 2190 1035 2258 ejus,
1070 2189 1431 2256 dixeruntque
1472 2205 1484 2240 :
1529 2185 1819 2241 Ascendite
1862 2182 1930 2238 ad

322 2301 428 2342 nos
451 2327 464 2348 .
495 2284 848 2341 ostendemus
877 2283 1030 2338 vobis
1063 2299 1200 2338 rem.
1238 2281 1305 2337 Et
1335 2282 1410 2336 ait
1439 2280 1712 2336 Jonatban
1745 2278 1812 2333 ad
1845 2293 1932 2334 ar-

324 2382 596 2450 migerum
640 2393 798 2434 suum
847 2395 860 2433 :
894 2376 1296 2439 Ascendamus,
1335 2389 1567 2445 sequere
1605 2389 1691 2428 me
1731 2371 1808 2443 lib.
1859 2373 1934 2427 A-

323 2472 530 2528 seende
548 2481 662 2542 post
683 2468 827 2543 ine];
856 2469 1080 2525 tradidit
1105 2470 1246 2523 enim
1272 2482 1366 2523 eos
1394 2467 1658 2522 Dominus
1685 2467 1737 2520 in
1770 2480 1932 2519 manu

323 2564 525 2620 Israel.
553 2563 817 2620 Ascendit
851 2571 1030 2618 autem
1060 2559 1332 2616 .Ionatban
1368 2557 1395 2597 δ
1431 2558 1681 2614 manibus
1705 2567 1757 2611 et
1786 2555 1936 2624 pedi-

327 2656 435 2710 bus
455 2696 470 2722 ,
495 2665 548 2709 et
575 2655 820 2725 armiger
839 2653 957 2722 ejus
987 2659 1109 2722 post
1147 2666 1293 2706 eum.
1328 2650 1514 2720 Itaque
1541 2649 1637 2703 alii
1669 2647 1937 2703 cadebant

324 2759 459 2803 ante
494 2747 804 2813 Jonathan,
841 2744 980 2800 alios
1017 2744 1254 2814 armiger
1290 2743 1408 2814 ejus
1448 2741 1815 2797 interliciebat
1853 2755 1938 2796 se-

323 2855 506 2912 quens
540 2857 664 2896 eum
697 2839 774 2911 [b.
824 2839 890 2894 Et
932 2838 1198 2894 cadebant
1234 2849 1361 2893 ante
1396 2838 1591 2892 faciem
1633 2836 1936 2903 Jonatban,

326 2943 386 2987 et
422 2934 658 3003 armiger
681 2933 800 3001 ejus
838 2945 1076 3002 sequens
1110 2947 1268 2994 eum,
1297 2929 1663 2985 interliciebat
1699 2926 1836 3000 eos].
1873 2928 1942 2983 Et

325 3025 472 3079 laeta
495 3033 580 3080 est
609 3025 762 3094 plaga
799 3025 972 3092 prima
993 3064 1008 3088 ,
1038 3039 1138 3092 qua
1167 3021 1439 3092 percussit
1469 3021 1743 3077 .Ionatban
1766 3030 1822 3077 et
1848 3035 1939 3075 ar-

328 3120 512 3190 miger
550 3118 705 3189 ejus,
739 3117 895 3187 quasi
927 3117 1110 3187 viginti
1154 3117 1430 3182 virorum,
1469 3117 1523 3170 in
1571 3114 1749 3172 media
1790 3125 1942 3182 parte

2032 1908 2221 1980 pulum
2249 1927 2263 1964 :
2293 1909 2647 1980 extenditque
2670 1910 3038 1965 summitatem
3063 1910 3232 1982 virgae
3249 1953 3263 1976 ,
3288 1927 3450 1982 quam
3476 1913 3640 1968 babe-

2031 2000 2127 2055 bat
2161 2001 2214 2056 in
2251 2017 2446 2072 manu,
2490 2009 2547 2056 et
2585 2001 2811 2057 intinxit
2851 2003 2902 2057 in
2952 2001 3135 2058 favum
3181 2004 3388 2071 mellis,
3421 2016 3474 2061 et
3505 2020 3640 2060 eon-

2031 2094 2198 2148 vertit
2244 2109 2464 2148 manum
2504 2109 2657 2149 suam
2690 2094 2754 2148 ad
2786 2108 2847 2148 os
2875 2110 3066 2164 suum,
3098 2105 3152 2152 et
3183 2097 3466 2153 illuminati
3511 2109 3644 2154 sunt

2033 2186 2178 2242 oeuli
2228 2186 2369 2256 ejus.
2425 2186 2890 2258 Itcsliondensque
2940 2204 3080 2244 unus
3125 2188 3192 2245 de
3239 2189 3479 2260 populo,
3525 2191 3638 2246 ait:

2031 2279 2396 2350 Jurejurando
2422 2281 2749 2336 COﬂslI‘ll’lel
2776 2293 2930 2352 piter
2957 2294 3082 2337 tuus
3109 2284 3384 2353 populum,
3413 2282 3600 2338 dicens
3627 2302 3640 2338 :

2035 2372 2355 2429 Maledictus
2388 2374 2499 2440 vir,
2527 2374 2616 2443 qui
2640 2374 2943 2430 comederit
2973 2389 3168 2445 panem
3198 2375 3359 2432 hodie
3387 2375 3644 2448 (defece-

2039 2475 2125 2522 rat
2157 2475 2338 2522 autem
2393 2467 2678 2538 populus).
2730 2468 2986 2539 Dixitque
3028 2468 3343 2525 .Ionatban:
3389 2470 3652 2526 Turbavit

2039 2571 2197 2630 pater
2227 2575 2380 2614 meus
2405 2567 2607 2615 terram
2636 2559 2886 2618 :vidistis
2910 2560 3012 2632 ipsi
3042 2563 3166 2633 quia
3198 2562 3484 2624 illuminati
3511 2573 3644 2618 sunt

2039 2650 2186 2707 oeuli
2232 2650 2372 2719 mei,
2407 2666 2474 2706 eo
2501 2651 2642 2722 quod
2676 2655 3008 2721 gustaverim
3051 2653 3329 2722 paululum
3377 2655 3444 2709 de
3484 2655 3652 2710 melle

2044 2744 2148 2798 isto
2177 2761 2192 2800 :
2219 2752 2426 2813 quanto
2457 2745 2630 2814 magis
2659 2745 2704 2799 si
2735 2745 3072 2800 comedisset
3109 2746 3341 2817 populus
3370 2747 3436 2802 de
3465 2744 3646 2818 praeda

2045 2835 2390 2890 inimicorum
2434 2851 2690 2901 suorum,
2738 2853 2898 2908 quam
2951 2838 3192 2908 reperit!
3249 2855 3427 2895 nonne
3478 2842 3654 2911 major

2045 2927 2189 2983 facta
2221 2930 2408 2984 luisset
2442 2929 2594 3000 plaga
2628 2930 2681 2984 in
2713 2929 3062 2986 Philisthim?
3096 2932 3494 2990 Percusserunt
3523 2951 3655 3005 ergo

2047 3023 2103 3077 in
2149 3022 2237 3077 die
2284 3023 2372 3077 illa
2399 3021 2732 3077 Pbilistheos
2771 3039 2803 3077 a
2846 3024 3108 3090 Macbmis
3140 3040 3313 3096 usque
3360 3027 3411 3081 in
3463 3027 3657 3096 Ajalon

2049 3111 2179 3184 [Μδ.
2224 3113 2465 3185 Abilou].
2499 3115 2589 3186 [Τ.
2635 3113 2902 3186 XXXIII.]
2946 3115 3290 3188 Defatigatus
3333 3127 3415 3172 est
3468 3127 3654 3176 autem

323 3211 545 3282 iugeri,
576 3226 736 3280 quam
782 3226 877 3280 par
918 3210 1079 3264 boum
1113 3211 1162 3264 in
1203 3209 1293 3265 die
1337 3224 1494 3264 arare
1523 3210 1826 3265 consuevit.
1877 3209 1944 3263 Et
1971 3221 2018 3284 ρ
2052 3206 2282 3276 pepulus
2314 3207 2512 3274 nimis,
2549 3215 2604 3260 et
2630 3221 2816 3262 versus
2845 3207 2911 3261 ad
2942 3208 3214 3278 praedam,
3249 3211 3376 3264 tulit
3415 3225 3576 3276 oves,
3603 3224 3659 3269 et

331 3304 538 3359 factum
578 3314 659 3358 est
692 3303 1010 3358 miraculum
1043 3304 1096 3358 in
1123 3304 1348 3368 castris,
1393 3318 1489 3374 per
1519 3318 1712 3373 agros;
1753 3303 1849 3357 sed
1891 3310 1948 3356 et

331 3400 519 3452 omnis
564 3398 798 3468 populus
837 3397 1086 3452 stationis
1113 3413 1299 3454 eorum
1322 3441 1336 3465 ,
1370 3399 1458 3469 qui
1505 3399 1676 3453 ierant
1705 3398 1771 3452 ad
1809 3413 1948 3468 pra:-

331 3488 576 3544 dandum
598 3529 612 3551 .
643 3489 953 3558 obstupuit,
979 3501 1032 3544 et
1059 3491 1388 3545 conturbata
1417 3498 1501 3545 est
1528 3498 1699 3557 terra,
1726 3499 1782 3545 et
1806 3491 1948 3546 acci-

331 3581 424 3636 dit
462 3581 619 3652 quasi
661 3580 986 3636 miraculum
1019 3597 1047 3634 a
1076 3581 1223 3637 >Deo.
1259 3581 1326 3636 Et
1363 3591 1724 3652 respexerunt
1772 3581 1848 3654 [lt.
1881 3582 1950 3636 Et

335 3672 520 3729 Iactus
541 3681 628 3728 est
655 3681 862 3737 terror,
899 3672 951 3727 in
982 3672 1177 3728 castris
1204 3689 1299 3742 per
1326 3689 1487 3743 agros
1515 3690 1528 3727 :
1561 3673 1655 3728 sed
1686 3682 1740 3729 et
1770 3674 1949 3730 omnis

334 3765 580 3836 populus
614 3765 864 3820 stationis
891 3780 1106 3833 eorum,
1129 3773 1184 3820 et
1213 3763 1267 3820 hi
1295 3766 1384 3836 qui
1419 3765 1672 3820 ierantad
1707 3765 1951 3836 pra-dan-

336 3857 474 3911 dum
508 3857 918 3925 obstupuerunt
941 3895 955 3918 ,
985 3867 1039 3911 et
1073 3855 1400 3912 conturbata
1433 3867 1520 3912 est
1561 3865 1702 3912 terra
1744 3868 1952 3914 terrore

338 3947 468 4003 Dei.
501 3948 567 4002 Et
599 3946 990 4019 respexerunt]
1019 3947 1394 4016 speculatores
1429 3947 1640 4016 Saulis,
1671 3947 1763 4017 qui
1793 3957 1952 4004 erant

339 4040 399 4096 in
431 4039 620 4096 Gabaa
646 4038 959 4110 Benjamin,
994 4047 1052 4096 et
1078 4055 1208 4096 ecce
1238 4039 1528 4096 multitudo
1559 4050 1826 4112 prostrata
1851 4083 1866 4108 ,
1897 4050 1953 4097 et

342 4134 459 4190 buc
512 4133 755 4206 illucque
800 4132 1110 4204 diffugiens.
1162 4135 1230 4189 Et
1272 4134 1346 4188 ait
1398 4133 1527 4190 Saul
1579 4133 1810 4206 populo,
1858 4136 1950 4205 qui

341 4238 468 4284 erat
495 4243 621 4284 cum
653 4242 720 4282 eo
752 4245 766 4282 :
811 4226 1096 4298 Ilequirite
1119 4270 1134 4295 ,
1182 4236 1238 4282 et
1278 4226 1457 4282 videte
1499 4227 1623 4297 quis
1652 4227 1848 4284 abierit
1883 4243 1950 4284 ex

344 4323 526 4377 nobis.
594 4319 838 4391 Cumque
909 4321 1298 4390 requisissent,
1357 4329 1634 4392 repertum
1683 4333 1766 4378 est
1845 4338 1952 4378 non

345 4415 542 4469 adesse
566 4413 874 4480 .Innathan,
897 4422 951 4470 et
979 4414 1312 4481 armigerum
1344 4413 1482 4483 ejus.
1518 4414 1582 4468 Et
1610 4414 1686 4467 ait
1723 4413 1851 4470 Saul
1885 4415 1953 4470 ad

348 4509 545 4562 Alliam
577 4525 590 4560 :
626 4507 852 4576 Appliea
881 4521 1063 4560 arcam
1091 4505 1208 4560 Dei.
1238 4505 1402 4576 (Erat
1426 4506 1568 4560 enim
1603 4505 1671 4561 ibi
1703 4522 1824 4562 arca
1857 4506 1954 4562 Dei

349 4599 408 4653 in
439 4600 525 4653 die
553 4599 645 4652 illa
674 4613 797 4653 cum
821 4598 948 4654 liliis
973 4597 1192 4670 Israel.)
1211 4598 1457 4667 Cumque
1485 4598 1796 4668 loqueretur
1824 4601 1952 4656 Saul

353 4695 424 4748 ad
447 4694 788 4751 sacerdotem
807 4736 823 4761 ,
849 4694 1115 4749 tumultus
1146 4708 1375 4762 magnus
1397 4703 1622 4749 exortus
1652 4705 1736 4750 est
1775 4695 1831 4748 in
1866 4707 1958 4749 ca-

351 4787 487 4843 etris
514 4786 974 4843 Philisthinorum
1002 4803 1015 4838 :
1048 4785 1439 4855 crescebalque
1467 4786 1747 4855 paulatim,
1767 4795 1820 4840 et
1845 4786 1958 4840 ela-

351 4879 471 4932 rius
497 4877 783 4934 reboabat.
811 4878 874 4931 Et
910 4878 980 4930 ait
1017 4877 1144 4932 Saul
1177 4876 1243 4931 ad
1274 4877 1614 4934 sacerdotem
1641 4895 1655 4932 :
1685 4876 1958 4934 Contrahe

355 4987 575 5026 manum
613 4981 782 5025 tuam.
813 4968 1187 5024 Conclamavit
1219 4985 1350 5040 ergo
1378 4969 1510 5025 Saul
1533 5011 1547 5034 ,
1572 4983 1625 5025 et
1657 4971 1830 5026 omnis
1863 4986 1959 5040 po-

355 5065 518 5134 pulns
538 5065 635 5136 qui
661 5074 778 5118 erat
817 5078 940 5119 eum
968 5079 1036 5119 eo
1055 5105 1070 5124 .
1101 5072 1157 5117 et
1197 5073 1464 5117 venerunt
1492 5078 1662 5132 usque
1687 5064 1752 5116 ad
1785 5065 1961 5118 Ineunt

355 5158 711 5222 certaminis,
743 5167 800 5212 et
841 5171 970 5212 ecce
1013 5171 1214 5210 versus
1248 5154 1425 5210 fuerat
1461 5156 1669 5223 gladius
1709 5157 1966 5211 uniuscu-

350 5249 555 5320 jusque
586 5248 655 5303 ad
698 5249 1006 5319 proximum
1054 5263 1246 5314 suum,
1290 5257 1338 5301 et
1381 5246 1516 5318 [Non
1562 5247 1747 5318 habet]
1788 5250 1966 5303 cazdes

362 5357 562 5414 magna
591 5343 777 5399 nimis.
809 5342 915 5398 Sed
945 5349 1000 5398 et
1031 5341 1274 5408 IIebrrei,
1309 5342 1404 5411 qui
1433 5341 1650 5398 fuerant
1681 5359 1802 5399 cum
1833 5343 1964 5399 Phi-

360 5433 570 5491 listbim
619 5435 736 5492 heri
778 5445 833 5492 et
876 5434 1300 5502 nudiustertius,
1330 5435 1799 5508 ascenderantque
1839 5453 1964 5496 cum

438 5623 464 5652 α
495 5614 646 5671 Idem
678 5630 806 5682 ms.,
838 5633 868 5670 a
898 5618 1148 5674 meridie:
1180 5620 1276 5676 sed
1306 5631 1356 5675 et
1391 5620 1558 5676 Ilehr.
1592 5631 1759 5684 uin.

439 5684 468 5766 ξ’
499 5685 637 5742 Fere
667 5703 791 5766 cum
823 5689 1069 5766 Vulgatis
1091 5690 1400 5766 Veronens.
1433 5708 1591 5766 mss,
1623 5707 1833 5766 reptans
1864 5713 1975 5751 ma-

369 5757 537 5841 nibus
556 5769 603 5812 et
644 5759 882 5841 pedibus.
913 5757 1170 5841 Hebraeus
1212 5764 1375 5841 habet
1412 5764 1479 5820 ad
1513 5757 1781 5838 litteram,
1819 5785 1977 5841 super

371 5829 614 5886 manibus
635 5829 743 5886 auis
774 5841 824 5886 et
847 5850 1000 5906 super
1025 5835 1236 5902 pedibus
1263 5837 1394 5892 suis.

617 5925 896 5990 PATROL.
946 5927 1242 5992 XXVIII.

2049 3299 2222 3353 boves
2245 3339 2259 3366 ,
2302 3307 2355 3354 et
2385 3297 2620 3364 vitulos,
2657 3306 2712 3354 et
2753 3310 3126 3355 mactaverunt
3159 3301 3214 3356 in
3249 3311 3396 3358 terra
3427 3319 3440 3357 :
3474 3317 3657 3360 eome-

2049 3395 2237 3465 ditque
2269 3394 2498 3465 populus
2528 3410 2653 3449 cum
2697 3395 2981 3466 sanguine.
3028 3394 3431 3453 Nuntiaverunt
3471 3410 3657 3456 autem

2052 3487 2201 3544 Sauli
2255 3486 2534 3557 dicentes,
2577 3487 2719 3558 quod
2774 3489 3006 3559 populus
3054 3500 3335 3561 peccasset
3392 3493 3658 3560 Domino,

2049 3579 2340 3638 comedens
2368 3595 2490 3636 enm
2517 3581 2802 3650 sanguine.
2833 3581 2935 3647 Qui
2963 3583 3041 3636 ait
3072 3600 3085 3636 :
3115 3583 3462 3640 Praevaricati
3486 3587 3653 3655 estis,

2051 3674 2377 3730 volvite'ad
2427 3691 2514 3729 me
2541 3674 2652 3744 jam
2697 3689 2838 3729 nunc
2887 3691 3078 3730 saxum
3131 3678 3357 3747 grande.
3415 3679 3482 3735 Et
3523 3681 3661 3738 dixit

2053 3767 2180 3823 Saul
2217 3787 2228 3821 :
2262 3765 2640 3838 Dispergimini
2675 3769 2729 3823 in
2765 3770 2992 3840 vulgus,
3027 3780 3080 3827 et
3119 3773 3288 3828 dicite
3323 3774 3434 3844 eis,
3475 3785 3534 3832 ut
3560 3777 3657 3833 ad-

2054 3860 2216 3916 ducat
2251 3860 2317 3914 ad
2351 3876 2437 3916 me
2469 3859 2842 3932 unusquisque
2871 3863 3067 3919 bovem
3105 3880 3263 3921 suum
3306 3877 3358 3924 et
3391 3868 3618 3928 arietem
3639 3917 3655 3942 ,

2055 3965 2109 4010 et
2140 3951 2373 4009 occidite
2401 3967 2566 4024 super
2595 3953 2735 4009 istud
2757 3999 2770 4022 ,
2801 3964 2857 4010 et
2884 3957 3162 4013 vesrimiui
3187 4001 3201 4025 ,
3226 3967 3281 4015 et
3310 3976 3416 4016 non
3459 3978 3659 4034 pecca.

2055 4047 2185 4103 bitis
2238 4047 2468 4102 Domino
2514 4046 2864 4104 comedentes
2912 4064 3035 4106 eum
3092 4051 3373 4123 sanguine.
3423 4057 3664 4114 Adduxit

2054 4139 2238 4211 itaque
2269 4142 2447 4198 omnis
2485 4143 2721 4213 populus
2747 4146 3124 4216 unusquisque
3164 4146 3358 4204 bovem
3404 4151 3456 4205 in
3495 4167 3660 4208 manu

2057 4253 2155 4293 sua
2187 4254 2350 4307 usque
2375 4236 2515 4310 [Non
2547 4237 2731 4308 habet]
2764 4238 2828 4292 ad
2859 4248 3073 4294 noctem
3095 4281 3110 4307 ,
3141 4250 3196 4296 et
3216 4243 3532 4299 occiderunt
3561 4245 3655 4300 ibi.

2057 4328 2376 4386 IEdiIicavit
2403 4339 2586 4385 autem
2627 4329 2753 4385 Saul
2787 4329 2960 4387 altare
3001 4331 3248 4395 Domino.
3285 4343 3517 4405 tuncque
3553 4339 3662 4406 pri-

2058 4439 2201 4477 mum
2229 4422 2306 4495 [In
2342 4421 2460 4477 Non
2493 4421 2674 4493 habet]
2700 4423 3161 4492 caepitaediticare
3195 4427 3366 4482 altare
3407 4428 3657 4487 Domino.

2061 4519 2125 4574 Et
2147 4514 2283 4573 dixit
2313 4517 2439 4573 Saul
2477 4535 2490 4572 :
2523 4516 2800 4572 Irruamus
2838 4532 3007 4587 super
3038 4519 3348 4574 Pbilislhim
3391 4531 3574 4589 nocte,
3607 4537 3666 4582 et

1989 4635 2036 4698 υ
2060 4617 2338 4665 vastemus
2361 4623 2456 4664 eos
2483 4623 2658 4678 usque
2681 4608 2810 4662 dum
2838 4607 3122 4664 illucescat
3151 4626 3340 4674 mane,
3369 4628 3468 4669 nec
3497 4616 3664 4672 relin-

2061 4716 2292 4774 quamus
2313 4701 2379 4755 de
2402 4700 2481 4755 eis
2506 4699 2704 4754 virum.
2737 4699 2990 4770 Dixitque
3020 4704 3252 4771 populus
3276 4722 3288 4757 :
3319 4703 3493 4762 Omne
3515 4710 3661 4776 quod

2062 4795 2267 4850 bonum
2295 4791 2510 4847 videtur
2535 4791 2592 4845 in
2623 4793 2797 4846 oculis
2826 4791 2970 4860 tuis,
3003 4791 3108 4850 fac.
3146 4795 3212 4850 Et
3247 4798 3325 4852 ait
3360 4799 3616 4856 sacerdos
3649 4821 3663 4858 :

2067 4886 2404 4942 Aceedamus
2434 4885 2538 4939 huc
2568 4883 2634 4938 ad
2668 4885 2856 4939 Deum.
2890 4885 2955 4940 Et
2982 4889 3256 4943 consuluit
3287 4889 3417 4946 Saul
3453 4893 3618 4949 Deum
3652 4915 3665 4950 :

2067 4979 2204 5034 Num
2239 4991 2542 5048 persequar
2573 4976 2918 5031 I’bilistbim?
2955 4978 2999 5032 si
3051 4979 3232 5036 trades
3261 4997 3357 5037 eos
3401 4985 3456 5038 in
3503 5003 3665 5041 manu

2067 5071 2274 5128 Israel?
2300 5077 2355 5125 et
2383 5085 2487 5124 non
2523 5071 2806 5140 reSpondit
2835 5070 2884 5124 ei
2917 5070 2968 5125 in
3009 5071 3096 5126 die
3131 5074 3242 5127 illa.
3276 5076 3362 5146 [Τ.
3397 5076 3664 5152 XXXI\’.]

2069 5165 2326 5233 Dixitque
2379 5163 2509 5219 Snul
2545 5181 2557 5215 :
2599 5162 2882 5234 Applicate
2934 5163 3040 5219 bne
3100 5167 3381 5225 universos
3438 5173 3670 5242 angulos

2071 5256 2290 5329 pepuli,
2347 5263 2404 5312 et
2442 5256 2674 5320 scitote,
2716 5269 2770 5311 et
2811 5257 3025 5325 videte,
3071 5274 3169 5328 per
3209 5277 3374 5332 quem
3416 5267 3676 5322 acciderit

2073 5359 2360 5422 peccatum
2390 5349 2494 5404 hoc
2525 5348 2706 5404 hodie.
2739 5349 2882 5405 Vivit
2915 5351 3176 5410 Dominus
3206 5357 3449 5414 salvator
3477 5357 3676 5428 Israel,

2074 5442 2202 5513 quia
2231 5441 2278 5497 si
2317 5457 2412 5513 per
2442 5441 2714 5498 Jonathan
2761 5443 2935 5500 lilium
2975 5461 3158 5504 meum
3203 5450 3405 5507 laetum
3445 5461 3532 5508 est
3573 5453 3676 5509 hoc

2161 5639 2198 5701 0A
2219 5627 2439 5683 Addunt
2477 5627 2724 5697 Vulgati,
2759 5639 2806 5684 et
2842 5639 2986 5685 erant
3016 5647 3133 5686 rum
3167 5633 3300 5687 Saul
3325 5635 3473 5701 quasi
3503 5635 3680 5691 decem

2085 5699 2252 5754 millia
2284 5702 2506 5754 virorum
2534 5717 2552 5756 :
2585 5703 2727 5768 quod
2758 5717 2967 5757 comma
2999 5705 3100 5758 soli
3134 5705 3274 5760 LXX
3311 5699 3510 5762 habent
3535 5748 3548 5770 ,
3576 5724 3680 5764 nec

2086 5779 2271 5829 tamen
2301 5772 2388 5829 hic
2409 5771 2512 5829 loci
2534 5817 2547 5840 ,
2575 5773 2670 5830 sed
2699 5772 2837 5830 inl‘ra
2867 5777 3029 5831 tertio
3054 5776 3119 5832 ab
3147 5779 3248 5832 hoc
3281 5793 3459 5832 versu.

3217 5941 3293 6003 19
