4144 6364
528 257 636 317 387

1535 244 1596 303 S.
1641 240 2027 302 HIERONYMI
2068 238 2302 307 DIVINA
2328 234 2830 305 ‘BIBLIOTHECA.

3726 239 3835 307 588

524 372 658 449 [λιιι.
685 376 734 427 et
768 366 926 442 Vulg.
964 371 1131 425 tacent
1171 362 1323 439 hoe],
1349 362 1559 437 absque
1584 362 1982 420 retractatione
2019 377 2135 416 mo-
2161 362 2209 422 Α
2240 359 2401 416 Israel
2429 361 2495 415 de
2522 374 2681 423 manu
2716 367 3049 421 vastatorum
3083 358 3223 433 ejus.
3258 358 3501 417 Fuerunt
3534 365 3710 419 autem
3738 362 3832 418 lilii

519 471 716 525 rietnr.
738 464 818 522 Ad
841 463 985 538 quod
1013 463 1193 520 nullus
1215 460 1546 519 contradixit
1566 457 1616 514 ei
1639 457 1706 513 de
1728 455 1876 513 omni
1901 453 2124 528 populo.

529 561 597 617 Et
628 560 703 616 ait
726 557 794 615 ad
827 557 1140 614 universum
1178 552 1384 611 Israel:
1420 548 1764 621 Separamini
1798 562 1893 603 vos
1924 564 1976 602 tn
2007 562 2129 618 par-

2231 453 2361 509 Saul
2388 470 2400 508 :
2431 450 2705 513 Jonathan
2749 465 2805 510 et
2834 452 3019 522 Jesui,
3052 461 3111 511 et
3155 453 3488 522 Melehisua,
3518 461 3576 515 et
3618 457 3833 511 nomina

2230 546 2458 603 duarum
2483 548 2716 603 filiarum
2741 547 2891 619 ejns,
2911 562 3112 605 nomen
3142 547 3520 621 primogenitae
3547 546 3758 616 Merab,
3783 558 3838 607 et

525 663 638 710 tem
669 667 829 706 unam
850 693 864 718 ,
888 661 945 706 et
996 665 1097 720 ego
1141 662 1263 704 cun:
1308 642 1580 702 Ionatltan
1614 642 1727 698 lilio
1777 656 1898 696 meo
1926 655 2021 696 ero
2073 640 2127 694 itt
2228 648 2429 697 nomen
2459 643 2695 698 tninoris
2729 643 2944 699 Michal.
2975 644 3043 699 Et
3071 659 3274 700 nomen
3303 647 3492 699 uxoris
3515 642 3645 700 Saul
3666 684 3682 712 ,
3708 643 3840 700 Alti-

529 754 688 812 parte
715 751 743 781 “
773 744 967 799 altera.
1015 739 1315 809 Respondit
1360 736 1597 808 populus
1648 735 1716 790 ad
1765 734 1897 790 Sanl
1931 750 1943 788 :
1974 733 2129 802 Quod

531 838 735 894 bonum
765 835 982 892 videtur
1008 835 1062 889 lu
1101 832 1276 888 oculis
1313 831 1452 899 tuis,
1484 829 1585 885 fac.
1623 829 1689 884 Et
1718 829 1855 883 dixit
1893 828 2021 885 Sanl
2063 826 2129 882 ad

531 930 819 988 Dominum
858 927 933 1001 [h.
962 925 1030 981 ad
1059 925 1345 980 Dominum
1382 922 1552 978 Deum
1587 920 1770 994 Israel]
1794 919 1821 960 δ
1858 938 1872 976 :
1908 920 2132 975 Domine

529 1022 677 1079 Deus
713 1021 877 1077 Israel
910 1018 991 1091 [h.
1029 1018 1169 1073 Deus
1209 1016 1437 1071 Domine
1468 1014 1612 1069 Deus
1654 1012 1872 1086 Israel],
1897 1013 1963 1068 da
1997 1012 2134 1067 indi-

527 1115 697 1170 cium.
732 1111 796 1167 Et
822 1107 1199 1179 deprehensus
1223 1117 1306 1162 est
1335 1105 1604 1162 .Ionathan
1627 1112 1681 1160 et
1707 1104 1869 1170 Saul,
1903 1103 2134 1175 populus

526 1215 705 1261 autem
733 1202 923 1260 exivit.
971 1202 1037 1257 Et
1065 1203 1144 1255 ait
1182 1197 1310 1256 Saul
1338 1216 1352 1254 :
1396 1198 1591 1254 Mittite
1617 1206 1822 1252 sortem
1853 1196 1994 1252 inter
2023 1210 2132 1261 me,

530 1309 586 1355 et
628 1295 901 1354 Jonathan
946 1294 1116 1349 lilium
1150 1308 1354 1349 meum.
1384 1290 1450 1346 Et
1476 1299 1669 1360 captus
1708 1297 1792 1345 est
1834 1286 2132 1344 Ionathan.

529 1391 681 1447 Dixit
705 1396 884 1444 autem
911 1387 1042 1443 Saul
1070 1385 1137 1441 ad
1169 1384 1443 1441 .Ionathan
1476 1402 1489 1439 :
1523 1381 1704 1437 Indica
1735 1380 1862 1436 mihi
1894 1378 2022 1451 quid
2055 1379 2131 1434 fe-

523 1484 689 1541 ceris.
726 1481 791 1537 Et
824 1479 1080 1536 indicavit
1110 1480 1159 1534 ei
1192 1476 1463 1533 Jonathan
1486 1518 1501 1544 ,
1531 1483 1589 1531 et
1624 1474 1698 1530 ait
1734 1473 2010 1531 :Gustans
2038 1487 2137 1543 gu-

535 1574 676 1632 stavi
706 1575 763 1630 in
792 1572 1104 1629 summitate
1129 1571 1329 1642 virgae,
1359 1584 1481 1639 quae
1512 1576 1630 1623 erat
1668 1567 1723 1622 in
1766 1579 1928 1621 manu
1971 1579 2095 1621 mea
2119 1603 2134 1630 ,

527 1668 811 1738 paululum
849 1664 1027 1721 mellis
1049 1706 1064 1730 ,
1100 1676 1155 1720 et
1183 1677 1314 1720 ecce
1344 1676 1472 1732 ergo
1511 1659 1739 1715 morior.
1765 1658 1831 1714 Et
1854 1658 1931 1713 ait
1962 1657 2087 1713 Saul
2120 1674 2132 1712 :

2233 752 2393 791 noem
2419 736 2528 791 tilia
2558 735 2852 802 Altimaas,
2886 745 2943 793 et.
2972 753 3174 793 nomen
3210 735 3471 809 principis
3496 735 3702 791 militiae
3721 735 3835 804 ejus

2234 832 2419 886 Almer
2449 830 2530 903 [h.
2580 830 2925 887 solummodo
2967 831 3020 886 in
3060 832 3164 888 hoc
3199 831 3318 887 loco
3356 829 3565 886 Abiner
3601 828 3835 902 habet],

2237 923 2378 979 filius
2422 923 2565 988 Ner,
2601 924 2867 994 patruelis
2910 923 3063 981 Saul.
3112 924 3286 980 Porro
3325 924 3417 991 Cis
3460 922 3639 978 fuerat
3684 932 3840 993 pater

2223 1012 2397 1092 ‘Saul,
2427 1023 2479 1069 et
2516 1011 2625 1070 Ner
2655 1022 2813 1086 pater
2846 1016 3063 1082 Abner,
3094 1015 3235 1071 filius
3270 1015 3452 1071 Abiel.
3489 1014 3618 1081 Erat
3657 1022 3840 1069 autem

2237 1105 2437 1160 bellum
2463 1113 2655 1181 potens
2683 1106 2972 1162 adversum
3003 1106 3348 1173 I’ltilisthmns
3373 1106 3630 1163 omnibus
3653 1104 3843 1161 diebus

2236 1198 2384 1254 Saul.
2424 1198 2557 1254 Nam
2582 1214 2987 1272 quemcumque
3013 1200 3226 1267 viderat
3258 1199 3384 1271 Saol
3413 1200 3589 1261 virum
3621 1198 3840 1266 fortem,

2238 1299 2294 1344 et
2324 1300 2508 1360 aptum
2531 1291 2597 1345 ad
2632 1292 2875 1360 praelium
2896 1334 2910 1361 ,
2941 1293 3189 1347 soeiabat
3214 1308 3337 1348 eum
3360 1289 3490 1347 sibi.

2313 1382 2397 1453 ['l‘.
2443 1380 2666 1450 XXXV,
2713 1380 2842 1455 Cap.
2874 1381 3019 1459 XV.]
3052 1384 3120 1439 Et
3150 1382 3289 1439 dixit
3320 1381 3541 1439 Samuel
3569 1381 3637 1438 ad
3667 1381 3798 1439 Saul
3830 1402 3844 1440 :

2239 1474 2324 1530 Me
2354 1475 2503 1537 misit
2551 1475 2833 1542 Dominus,
2869 1486 3220 1553 utnugerem
3271 1487 3323 1531 te
3372 1474 3425 1531 in
3474 1489 3657 1547 regem
3687 1490 3850 1548 super

2240 1568 2497 1643 populum
2522 1569 2643 1639 ejus
2666 1570 2828 1624 Israel
2853 1587 2865 1623 :
2902 1585 3045 1626 nunc
3067 1586 3197 1640 ergo
3225 1568 3349 1639 audi
3380 1585 3575 1626 vocem
3600 1570 3848 1637 Domini:

2242 1660 2371 1717 Ilaec
2400 1660 2530 1716 dicit
2561 1660 2831 1717 Dominus
2859 1663 3199 1721 exercituum
3233 1662 3546 1721 :Reeensui
3574 1677 3850 1737 qum-cum-

524 1760 658 1817 IIu-c
701 1757 863 1815 faciat
904 1756 1036 1813 mihi
1067 1755 1247 1821 Deus,
1295 1761 1351 1809 et
1402 1752 1517 1808 haec
1561 1750 1758 1817 addat,
1792 1749 1915 1820 quia
1962 1755 2135 1803 morte
2166 1761 2216 1825 Β
2242 1768 2345 1823 quc
2375 1751 2506 1807 fecit
2535 1754 2763 1808 Amalec
2788 1754 2999 1819 Israeli,
3033 1753 3308 1820 quomodo
3339 1754 3543 1811 restitit
3569 1754 3619 1813 ei
3665 1756 3720 1810 in
3769 1756 3850 1811 via

528 1851 813 1919 morieris,
838 1847 1133 1905 Jonathan.
1175 1844 1438 1915 Dixitque
1474 1842 1705 1914 pepnlus
1740 1838 1809 1895 ad
1838 1838 1998 1894 Saul:
2034 1837 2135 1892 Er-

523 1962 667 2019 gone
716 1943 988 2002 Jonatban
1040 1941 1329 2007 morietur,
1383 1937 1474 2007 qui
1530 1934 1657 1991 fecit
1707 1933 1942 1999 salutem
1996 1933 2136 1985 hanc

514 2048 781 2110 ‘magnam
824 2038 877 2093 in
928 2034 1138 2092 Israel?
1181 2033 1284 2087 hoc
1330 2030 1484 2086 nefas
1526 2039 1608 2088 est
1653 2027 1731 2100 [h.
1762 2024 1924 2097 absit]
1957 2043 1970 2080 :
2002 2024 2138 2079 vivit

530 2132 794 2188 Dominus
815 2172 829 2198 ,
865 2130 909 2185 si
947 2126 1210 2185 ceciderit
1236 2124 1470 2195 capillus
1501 2121 1569 2178 de
1598 2122 1773 2192 capite
1802 2119 1919 2190 ejus
1945 2118 1998 2172 in
2030 2127 2137 2173 ter-

526 2242 683 2292 ram,
712 2225 838 2297 quia
882 2238 1003 2279 cum
1054 2223 1165 2277 Deo
1203 2228 1463 2290 operatus
1498 2224 1584 2272 est
1630 2214 1815 2269 hodie.
1860 2211 2138 2268 Liberavit
2204 2215 2206 2218 ’

525 2334 659 2392 ergo
682 2318 915 2391 populus
928 2316 1222 2380 .Ionathan,
1242 2324 1300 2368 ut
1315 2328 1420 2368 non
1437 2318 1763 2365 moreretur.
1785 2305 2135 2377 Recessitque

529 2414 680 2480 Saul,
734 2427 835 2469 nec
877 2419 1196 2483 persecutus
1248 2415 1334 2463 est
1373 2404 1683 2461 Pliilisthim
1716 2421 1727 2457 :
1762 2418 1928 2474 porro
1966 2399 2136 2457 Phili-

533 2506 700 2563 sthim
723 2506 965 2562 abierunt
994 2503 1046 2558 in
1063 2503 1181 2558 loca
1208 2516 1326 2557 sua.
1353 2497 1425 2555 At
1445 2498 1597 2564 Saul,
1616 2496 1941 2553 confirmato
1963 2510 2133 2566 regno

533 2614 701 2671 super
726 2597 889 2653 Israel
914 2638 929 2663 ,
956 2595 1234 2668 pugnabat
1267 2607 1365 2665 per
1385 2590 1671 2646 circuitum
1699 2587 1987 2644 adversum
2011 2603 2131 2643 om-

527 2705 626 2747 nes
655 2687 909 2745 inimicos
948 2686 1098 2757 ejus,
1134 2693 1324 2740 contra
1362 2681 1521 2738 Moab
1543 2723 1558 2747 ,
1590 2689 1647 2737 et
1687 2680 1828 2735 lilios
1859 2683 2092 2735 Ammon
2114 2720 2131 2748 ,

524 2792 580 2841 et
610 2781 817 2850 Edom,
849 2788 902 2836 et
928 2792 1088 2850 reges
1116 2776 1259 2832 Saba
1290 2774 1420 2848 [Ms.
1450 2770 1648 2843 suba]‘,
1678 2783 1735 2827 et
1762 2768 2129 2827 Philistbmos.

524 2886 585 2934 et
610 2888 954 2948 quocumque
978 2886 1039 2928 se
1065 2879 1308 2926 verteret
1337 2866 1465 2940 [Ms.
1497 2867 1755 2937 verterat]
1779 2908 1793 2932 ,
1818 2865 2130 2938 superabat.

516 2971 970 3040 Congregatoque
997 2962 1247 3019 exercitu
1269 3006 1283 3031 ,
1326 2960 1596 3032 percussit
1628 2957 1850 3013 Amalec
1872 3001 1887 3027 ,
1914 2966 1971 3014 et
1992 2959 2135 3013 eruit

2237 1845 2702 1909 cumascenderet
2735 1846 2805 1902 de
2824 1845 3084 1919 Egypto.
3113 1845 3270 1903 Nunc
3296 1862 3430 1918 ergo
3457 1845 3616 1912 vade,
3648 1855 3708 1902 et
3734 1862 3829 1921 per

2236 1951 2361 1997 cute
2393 1940 2640 2010 Amalec,
2672 1953 2725 1999 et
2758 1941 3025 1997 demolire
3053 1941 3313 1999 universa
3338 1942 3479 2013 ejus,
3524 1958 3630 1997 non
3661 1957 3851 2025 parcas

2238 2037 2287 2091 ei
2326 2055 2339 2092 :
2375 2048 2396 2076 ο
2428 2036 2522 2093 sed
2558 2035 2805 2092 interfice
2845 2051 2874 2090 a
2924 2037 3045 2091 viro
3094 2051 3266 2115 usque
3309 2034 3376 2091 ad
3430 2035 3757 2105 mulierem,
3802 2048 3853 2101 et

2238 2131 2524 2205 parvulum
2555 2143 2720 2201 atque
2743 2132 3058 2197 lactentem,
3089 2129 3285 2186 bovem
3306 2140 3358 2185 et
3382 2143 3561 2197 ovem,
3583 2128 3850 2209 catnelqm

2241 2235 2298 2281 et
2319 2226 2558 2281 asinum.
2591 2224 2862 2295 Praecepit
2884 2225 3070 2299 itaque
3091 2224 3226 2280 Saul
3256 2223 3481 2297 populo,
3504 2231 3561 2279 ct
3581 2227 3856 2283 recensuit

2239 2331 2335 2373 eos
2366 2316 2523 2388 quasi
2569 2332 2758 2388 agnos,
2790 2316 3025 2373 ducenta
3074 2317 3244 2373 millia
3278 2317 3545 2388 peditum,
3574 2326 3635 2372 et
3662 2317 3852 2374 decem

2241 2410 2413 2464 millia
2436 2411 2677 2465 virorum
2707 2410 2866 2466 Juda.
2902 2412 3144 2481 Cumque
3166 2410 3409 2479 venisset
3431 2411 3562 2466 Saul
3595 2425 3770 2484 usque
3790 2411 3855 2471 ad

2238 2504 2517 2560 civitatem
2568 2502 2853 2573 Amalec“
2894 2504 3124 2560 tetendit
3183 2502 3409 2563 insidias
3468 2503 3520 2559 in
3582 2511 3852 2569 torrente.

2237 2595 2491 2667 Dixitque
2527 2597 2659 2654 Saul
2709 2597 2894 2665 Cinaeo
2928 2614 2945 2652 :
2974 2597 3171 2666 Abite,
3205 2595 3478 2665 recedite,
3511 2606 3677 2668 atque
3705 2594 3734 2636 ἀ
3764 2598 3856 2659 de-

2240 2690 2489 2746 scendite
2521 2691 2590 2746 ab
2616 2690 2867 2756 Amalec,
2908 2706 2978 2759 ne
3016 2690 3160 2747 forte
3190 2690 3463 2751 inrelvam
3514 2700 3568 2747 te
3607 2706 3735 2753 cum
3767 2706 3853 2751 eo.

2234 2779 2316 2837 Tu
2362 2782 2513 2837 enim
2563 2782 2738 2838 fecisti
2787 2781 3223 2841 misericordiam
3274 2798 3396 2843 cum
3427 2781 3685 2851 omnibus
3735 2783 3855 2841 filiis

2232 2874 2429 2941 Israel,
2472 2889 2595 2941 cum
2625 2875 2986 2932 ascenderent
3012 2875 3080 2931 de
3118 2874 3377 2949 :Egypto.
3413 2872 3481 2941 Et
3528 2884 3741 2949 recesst
3769 2872 3857 2931 Ci-

2238 2983 2389 3024 uazus
2422 2958 2491 3024 de
2521 2968 2707 3041 medio
2737 2970 2985 3025 Amalec.
3018 2968 3403 3051 Percussitque
3446 2967 3577 3025 Saul
3608 2970 3854 3039 Amalec,

609 3137 639 3173 ι
673 3126 865 3183 Canou
895 3122 1044 3179 solus
1072 3120 1271 3186 habet,
1290 3118 1345 3174 in
1361 3125 1508 3191 parte
1537 3115 1837 3188 una;quod
1861 3117 2129 3176 Hebraicc
2160 3122 2206 3188 C
2241 3126 2474 3192 scholio,
2508 3127 2561 3183 in
2593 3128 2824 3184 Hebra‘o
2852 3128 3042 3185 haberi
3078 3146 3090 3183 :
3124 3125 3194 3182 Et
3232 3127 3369 3183 dixit
3398 3126 3533 3182 Saul
3568 3128 3640 3182 ad
3673 3127 3830 3184 Domi
3843 3159 3853 3169 -

530 3220 786 3279 scribitur
810 3227 927 3277 ἠ’-ιιι
952 3197 1104 3279 pars
1144 3213 1303 3268 leever
1335 3210 1525 3278 ehlrad,
1566 3210 1622 3264 id
1651 3220 1757 3276 est,
1806 3211 1862 3264 in
1908 3213 2127 3268 transitu

532 3311 659 3358 uno,
686 3289 777 3345 vel
791 3289 943 3360 juxta
971 3286 1222 3360 eumdem
1253 3299 1499 3349 sensum,
1533 3282 1587 3335 in
1623 3290 1771 3354 parte
1799 3281 1981 3350 altera,
2008 3301 2036 3343 ο
2058 3283 2138 3339 la-

536 3356 849 3423 terealtero,
879 3368 987 3414 etc.
1030 3356 1208 3411 Mam.

610 3421 1110 3488 —bIs.Veronens.
1141 3441 1262 3480 cum
1293 3439 1360 3480 eo
1387 3439 1546 3495 quem
1574 3421 1851 3479 Canonem
1881 3425 2132 3484 Martian.

536 3535 721 3590 vocat,
745 3525 799 3578 in
821 3528 967 3595 parte
986 3514 1804 3595 una,_pressius_ad_llebrmut_n,
1824 3528 1942 3595 ’τηε
1962 3504 2133 3586 ways.

486 3612 493 3617 ν
607 3598 637 3641 b
674 3588 920 3659 ﬂagtium
943 3589 1174 3646 subinde
1196 3588 1655 3659 perturbationem
1679 3588 1910 3644 aﬂerttut
1931 3592 1983 3645 in
2003 3606 2135 3648 mss.

538 3668 747 3729 Latinis
768 3661 1214 3735 Ilieronymiana:
1238 3661 1527 3735 versionis,
1574 3661 1845 3735 inserti_iu
1887 3676 1950 3715 ea
1993 3678 2130 3719 non-

544 3728 678 3807 nulli
721 3728 1026 3807 versusue'x
1065 3731 1312 3807 editione
1346 3728 1712 3807 Interpr‘ctum
1761 3731 2133 3804 Septuaginta.

540 3800 694 3867 Adeo
719 3807 862 3864 enim
891 3804 1123 3860 diversus
1163 3802 1348 3863 multis
1385 3800 1438 3857 in
1468 3802 1599 3856 locis
1627 3815 1918 3871 occurrunt
1951 3800 2139 3863 lectio-

541 3897 639 3939 nes
667 3878 910 3950 ejusdem
941 3883 1275 3950 contextus,
1316 3880 1372 3927 ut
1408 3872 1515 3950 six,
1563 3887 1630 3950 ac
1668 3887 1739 3928 ne
1777 3876 1890 3950 vix_
1918 3876 2134 3950 quidem

546 3943 714 4025 possii
734 3947 978 4025 agnosci,
1006 3944 1507 4025 qumoantgenuina
1533 3943 1604 4025 sit
1623 3958 1688 4025 ac
1710 3943 2014 4025 proprias.
2042 3949 2139 4004 Do-

543 4014 704 4079 ctori.
734 4020 789 4076 Id
832 4014 1063 4089 probarit
1094 4014 1540 4089 rtnanifestissime
1572 4014 1731 4086 hujus
1760 4018 2014 4089 versiculi
2047 4036 2137 4072 νη-

545 4095 747 4149 riantes
773 4086 1063 4159 sequentes
1090 4086 1563 4159 lgetionesJiorb.
1589 4102 1689 4159 mg.
1718 4087 1890 4156 major
1917 4106 2065 4144 num.
2095 4107 2135 4156 l,

544 4168 652 4221 hoc
688 4153 867 4217 modo'
890 4159 1021 4226 legit
1047 4176 1059 4211 :
1086 4156 1154 4211 Et
1179 4158 1311 4212 dixit
1358 4157 1490 4211 Saul
1533 4158 1603 4209 ad
1630 4153 1913 4212 Dominum
1945 4176 1962 4213 :
1998 4153 2137 4218 Dens

544 4233 739 4298 Israel,
766 4234 836 4288 da
866 4231 1133 4291 indicium.
1163 4232 1311 4282 Alter
1342 4244 1491 4282 num.
1526 4229 1626 4285 l5:
1653 4226 1717 4281 Et
1752 4228 1884 4284 diuit
1911 4232 2043 4287 Sanl
2066 4234 2137 4287 ad

545 4297 825 4362 Dominum
854 4301 1021 4357 Deum
1050 4297 1218 4354 Israel
1240 4317 1257 4352 .°
1278 4299 1346 4352 da
1388 4300 1660 4354 indicium.
1712 4302 1883 4365 Quam
1912 4314 2136 4359 semen-

546 4379 674 4433 tiam
698 4374 932 4431 secunda
961 4388 1153 4426 manus
1182 4372 1406 4424 mutavit
1442 4385 1564 4424 cum
1600 4370 1681 4422 his
1706 4385 1721 4426 :
1748 4368 1814 4426 Et
1843 4374 1974 4426 dixit
2004 4374 2139 4430 Sanl

545 4451 617 4503 ad
645 4446 923 4501 Dominum
950 4459 967 4497 :
991 4440 1209 4495 Domine
1257 4439 1393 4494 Deus
1440 4439 1630 4503 Israel,
1673 4442 1740 4493 da
1774 4442 2041 4499 indicium.
2078 4446 2133 4501 In

548 4518 716 4591 Regio
737 4527 920 4591 autem
943 4514 1131 4591 codice
1338 4510 1658 4591 Colbertino
1675 4513 1797 4591 ιξξι,
1824 4514 2137 4591 βυιξιιςὶεηεί

550 4578 704 4647 Μ”ει
730 4588 789 4646 S.
815 4585 1068 4643 Germani
1100 4583 1133 4637 5
1162 4585 1418 4649 legimus:
1450 4581 1517 4637 Et
1548 4584 1680 4638 dixit
1706 4578 1838 4639 smn
1865 4586 1933 4640 ad
1960 4586 2143 4643 Domi-
2170 4578 2223 4649 Ι)

552 4677 677 4716 num
724 4658 888 4713 Deum
936 4655 1144 4709 Israel:
1181 4655 1398 4708 Domine
1446 4653 1602 4723 Deus,
1648 4655 1717 4708 da
1760 4656 2031 4712 indicium.
2068 4658 2143 4714 Ita

548 4735 754 4787 habent
782 4734 943 4785 etiam
987 4726 1115 4781 editi
1155 4735 1207 4780 et
1241 4741 1344 4780 IIIS.
1392 4735 1577 4796 noster
1623 4742 1677 4780 n.
1712 4725 1837 4796 164,
1882 4728 2144 4787 addentes

551 4800 894 4859 solummodo
923 4812 1120 4853 nomen
1153 4796 1316 4851 Israel
1348 4806 1469 4864 post
1500 4795 1716 4851 Domine
1737 4795 1895 4852 Deus.
1932 4800 2139 4858 Discre-

555 4874 791 4939 pautiam
838 4867 1145 4937 ltujusmodi
1205 4869 1490 4923 lectionum
1545 4870 1751 4936 peperit
1797 4886 1900 4926 una
1946 4876 2141 4930 vocula

555 4944 767 4999 Ilebrazi
810 4939 1120 5005 contextus,
1151 4954 1214 4994 ac
1243 4939 1494 5009 repetitio
1523 4942 1799 4995 nominum
1832 4942 1925 4997 Dei
1972 4960 1985 4996 :
2017 4960 2137 5000 nam

554 5037 610 5090 in
639 5033 737 5090 Hel
760 5048 872 5090 raro
905 5032 1118 5102 legitur,
1139 5015 1327 5090 Sit-un
1360 5014 1491 5093 ’ὡκ
1527 5016 1768 5092 rma-im
1792 5016 1942 5094 θείμην
1966 5046 2146 5098 -ηεκη

544 5137 706 5187 ωηέπ
754 5137 870 5185 nan
905 5124 1170 5198 Vaijomer
1205 5124 1419 5179 scltaoul
1463 5126 1509 5180 el
1540 5125 1747 5181 Adonei
1775 5128 1926 5184 elolte
1966 5128 2137 5188 Israel

551 5200 683 5253 nava
707 5197 1114 5273 IIIatIIIIII.,t}IIO(I
1134 5199 1519 5273 interpretatur
1545 5198 1801 5273 pluribus
1816 5201 1990 5273 modis
2013 5219 2141 5273 prn-

548 5251 671 5338 pter
698 5268 923 5326 verbum
949 5251 1023 5327 Si:
1066 5268 1134 5335 el,
1162 5251 1394 5338 positum
1427 5251 1560 5324 ante
1580 5251 1741 5335 mni,
1765 5251 1989 5334 Adonei:
2013 5251 2137 5332 Eii-'9,

545 5339 744 5397 lenone
765 5355 783 5394 :
805 5340 853 5394 el
878 5354 1107 5411 namque
1132 5350 1217 5394 est
1242 5355 1403 5394 unum
1431 5355 1465 5411 e
1490 5341 1797 5399 nominibus
1830 5341 1950 5409 Dei;
1970 5353 2135 5404 etest

546 5411 859 5482 praepositio
885 5410 1067 5477 etiam,
1096 5425 1215 5482 qum
1240 5410 1531 5482 respondet
1567 5423 1774 5482 nostrae
1800 5412 2007 5473 Latina:
2037 5419 2127 5475 ad.

546 5480 704 5540 Unde
732 5482 835 5548 legi
868 5488 1047 5553 potest
1072 5499 1086 5537 :
1117 5481 1185 5553 Et
1213 5480 1345 5535 dixit
1376 5481 1512 5536 Saul
1536 5483 1605 5537 ad
1634 5480 1915 5539 Dominum
1948 5504 1959 5539 :
1988 5486 2129 5545 Dens

546 5554 740 5620 Israel,
782 5557 850 5609 da
874 5552 1111 5623 signum.
1152 5552 1257 5623 Aut
1300 5562 1520 5623 sumpto
1543 5556 1593 5608 el
1619 5569 1716 5623 pro
1742 5554 1835 5609 Dei
1869 5562 2089 5616 nomine
2118 5580 2132 5618 :

546 5627 616 5685 Et
653 5627 786 5683 dixit
826 5622 957 5681 Saul
987 5642 1000 5679 :
1034 5624 1172 5679 Deus
1213 5622 1457 5691 Domine,
1500 5622 1642 5681 Deus
1672 5624 1863 5693 Israel,
1895 5631 1964 5685 da
1992 5633 2134 5687 indi-

547 5700 707 5756 cium.
743 5698 927 5767 quue
955 5695 1117 5751 modo
1149 5694 1335 5752 Latine
1364 5697 1528 5752 vertit
1548 5695 1872 5755 scholiastes
1900 5703 2136 5760 (Iunonis

542 5769 823 5830 Hebraicae
866 5767 1139 5839 verituis;
1189 5782 1312 5825 Ctltti
1362 5774 1543 5827 tamen
1597 5769 1902 5835 monuisset
1960 5775 2134 5845 altero

2234 5424 2486 5497 scendite.
2530 5424 2637 5497 _His
2668 5440 2798 5481 vero
2826 5427 3068 5497 concinit
3101 5424 3307 5482 Auctor
3325 5440 3395 5497 qq

2245 3212 2372 3255 num
2414 3197 2585 3257 Deum
2625 3199 2819 3265 Israel,
2857 3210 2963 3256 etc.
3016 3199 3125 3255 Nos
3170 3198 3315 3255 hunc
3356 3200 3531 3257 locum
3580 3199 3854 3256 edidimus

2232 3267 2396 3343 juxta
2427 3286 2491 3326 ea
2516 3287 2638 3342 qua:
2668 3272 3004 3343 leguntnrin
3036 3274 3164 3343 ipso,
3184 3279 3445 3337 contextu
3487 3269 3730 3343 Cononis
3761 3288 3856 3327 no-

2243 3341 2363 3407 stri,
2397 3341 2560 3411 atque
2586 3343 2637 3396 in
2658 3344 2793 3414 aliis
2817 3342 3030 3414 duobus
3056 3342 3579 3414 antiquissimisms.
3622 3342 3853 3401 Colher-

2244 3417 2358 3466 tino
2393 3413 2691 3475 Aniciensi,
2726 3422 2779 3467 et
2808 3412 3309 3470 Sari-Gertttatietisi
3333 3412 3571 3470 maxime
3604 3429 3762 3470 num.
3794 3417 3849 3471 5.

2242 3481 2355 3538 Ειςὶ
2379 3497 2487 3538 non
2510 3485 2844 3540 difﬁteamur
2866 3486 3255 3541 redundantem
3278 3498 3400 3541 esse
3428 3484 3482 3538 in
3506 3485 3630 3539 aliis
3656 3498 3847 3541 vocem

2243 3554 2466 3626 Domine
2514 3556 2567 3611 in
2612 3556 2822 3623 medio;
2855 3558 2983 3626 quia
3029 3557 3164 3617 nihil
3218 3556 3461 3614 occurrit
3504 3555 3558 3610 in
3604 3554 3853 3612 Hebra-is

2241 3625 2606 3691 voluminibus
2639 3626 2762 3683 huic
2794 3625 2998 3682 nomini
3032 3628 3393 3693 respondens.
3427 3628 3699 3698 [ntegrum
3743 3627 3847 3695 ita-

2240 3712 2347 3767 que
2380 3699 2519 3752 inter
2543 3709 2621 3752 tot
2641 3704 2917 3769 variantes
2935 3715 3054 3755 eam
3077 3698 3308 3754 dicimus
3334 3700 3643 3769 lectionem,
3676 3715 3842 3769 quam

2238 3778 2596 3837 repraesentat
2639 3785 2742 3824 ms.
2794 3768 3141 3826 Corheieusis
3195 3771 3371 3839 major
3418 3768 3597 3840 primo
3648 3768 3778 3825 loco
3819 3785 3849 3825 a

2241 3840 2399 3912 nobis
2430 3856 2590 3909 supra
2622 3842 2820 3896 citatus
2848 3842 2933 3896 :in
2954 3843 3058 3897 hoc
3090 3841 3477 3912 enimpoptimo
3504 3841 3851 3912 exemplaria

2238 3910 2374 3971 nihil
2408 3912 2859 3981 prtetermittitur,
2895 3912 3030 3979 nihil
3056 3911 3343 3981 redundat,
3377 3924 3436 3971 ut
3462 3912 3623 3969 facile
3648 3910 3852 3977 conce-

2240 3926 2374 3971 Inmt
2399 3926 2859 4035 prmtermtttttur,
2895 3926 3030 3979 nutu
3056 3926 3339 3981 renuntiat,

2240 3982 2373 4036 dent
2418 3981 2676 4038 Iebraica:
2704 3985 2899 4055 lingua:
2930 3984 3113 4057 periti.
3158 3984 3339 4049 ΜΑιιτ.

2311 4105 2384 4117 -
2409 4074 2721 4141 Redumlat,
2776 4080 2896 4146 ipso
2937 4078 3164 4141 minime
3187 4077 3457 4139 difﬁtente
3491 4078 3845 4143 Martianaeo,

2239 4147 2332 4214 qui
2365 4148 2502 4202 hanc
2536 4149 2828 4204 lectionem
2864 4146 3181 4208 substituit.
3209 4163 3312 4204 vos
3350 4146 3595 4204 Domine.
3623 4151 3849 4216 Optime

2238 4234 2371 4275 .vero
2395 4218 2559 4275 habet
2585 4219 2887 4275 Veronens.
2910 4221 3130 4275 liberad
3151 4218 3431 4274 Dominum
3455 4217 3628 4275 Deum
3651 4219 3846 4283 Israel,

2247 4288 2347 4355 da,
2380 4302 2514 4356 etc.,
2547 4291 3010 4362 quemadmodum
3050 4300 3108 4347 et
3142 4292 3341 4351 lectum
3380 4292 3511 4353 olim
3546 4308 3577 4347 a
3615 4292 3674 4347 S.
3705 4291 3847 4348 Gre-

2234 4384 2416 4535 goria,
2441 4382 2614 4438 Lucas
2643 4383 2938 4457 Brugensis
2956 4385 3234 4450 observat,
3256 4384 3424 4442 Hebr.
3456 4369 3843 4446 sabariam-'33

2238 4484 2446 4535 ηδε-Ἢν.
2496 4474 2707 4535 Volusii
2766 4477 2888 4532 libri
2932 4478 3155 4535 longum
3195 4477 3285 4533 hic
3329 4477 3567 4534 subdunt
3631 4478 3843 4535 addita-

2272 4484 2446 4535 una”.
2496 4474 2707 4549 vulgati
2748 4477 2888 4549 ilihri
2932 4478 3155 4549 longum
3195 4477 3567 4549 hicisubduot
3631 4478 3847 4535 addita-

2250 4559 2488 4601 mentum
2508 4588 2523 4614 ,
2561 4548 2700 4602 Dixit
2733 4548 2866 4605 Saul
2896 4550 2963 4602 ad
2989 4545 3267 4605 Dominum
3289 4548 3456 4604 Deum
3486 4545 3659 4605 Israel
3687 4567 3705 4603 .'
3738 4549 3848 4604 Do-

2252 4620 2390 4672 mine
2421 4617 2557 4691 Deus
2591 4617 2791 4686 Israel,
2836 4620 2909 4691 da
2946 4620 3197 4674 indicium
3221 4638 3239 4674 :
3268 4621 3393 4691 quid
3423 4628 3530 4686 est,
3568 4620 3705 4691 quod
3743 4638 3846 4675 non

2246 4690 2575 4758 responderis
2602 4706 2747 4745 seruo
2776 4701 2866 4745 tuo
2893 4690 3084 4746 hodie?
3109 4690 3172 4747 Si
3194 4692 3250 4745 in
3279 4690 3385 4756 tne,
3413 4701 3503 4745 aut
3532 4694 3585 4745 in
3609 4690 3845 4746 lonatlra

2250 4760 2362 4833 (ilio
2397 4778 2507 4819 meo
2550 4772 2622 4819 est
2666 4762 2915 4833 iniquitas
2942 4761 3090 4826 lues,
3120 4763 3187 4816 da
3227 4763 3569 4817 ostensione»:
3594 4780 3613 4817 :
3652 4771 3748 4817 aut
3795 4767 3841 4817 si

2248 4828 2358 4905 {tam
2386 4832 2631 4904 iniquitas
2659 4843 2731 4905 est
2754 4828 2812 4889 in
2851 4834 3047 4905 papula
3074 4844 3161 4905 tuo
3180 4875 3195 4897 ,
3234 4833 3302 4888 da
3332 4834 3677 4905 sanctitatem.
3711 4833 3843 4902 Qua:

2246 4900 2645 4977 Hebrzcn'snon
2681 4900 2873 4969 habet,
2908 4900 3083 4973 neque
3108 4903 3549 4977 Hieronymiana:
3572 4900 3843 4961 versionis

2248 4986 2350 5028 ms.
2385 4972 2481 5028 Mai
2498 4976 2728 5031 tianteus
2749 4991 2878 5031 vero
2906 4972 3013 5031 nou
3038 4972 3442 5031 animadvertit.

2323 5077 2346 5106 ο
2376 5065 2596 5143 Addunt
2620 5068 2855 5143 Vulgati,
2886 5079 3057 5125 etnon
3081 5070 3413 5143 concupiscas
3428 5086 3493 5125 ea:
3508 5068 3666 5143 rebus
3679 5070 3844 5143 ipsius

2240 5138 2445 5212 aliquid
2476 5156 2494 5194 :
2522 5138 2853 5212 quatinullus
2894 5142 3173 5211 originalis
3224 5138 3423 5209 textus,
3454 5141 3552 5197 sed
3588 5140 3695 5197 soli
3722 5141 3843 5212 qui-

2242 5209 2366 5284 dam
2397 5209 2575 5266 Latini
2604 5211 2733 5267 libri
2765 5209 3004 5273 babenti
3027 5221 3156 5270 sunt
3182 5228 3312 5270 vero
3338 5213 3545 5284 pridem
3574 5209 3838 5284 obelo'jn-

2232 5278 2444 5350 gulata.

2311 5349 2338 5389 ά
2378 5352 2730 5424 Manuseripti
2771 5354 3022 5411 undecim
3077 5354 3263 5425 legunt
3308 5354 3557 5411 discedite
3603 5367 3702 5425 pro
3742 5354 3838 5408 de-

3400 5466 3416 5482 .
3444 5425 3835 5481 Hebraicarum

2241 5494 2293 5548 in
2325 5496 2494 5550 libros
2530 5494 2740 5566 Regum
2766 5537 2781 5563 ,
2814 5507 2869 5552 et
2899 5496 3192 5555 Chaldaeus
3228 5494 3394 5553 etiam
3422 5497 3834 5565 Paraphrastes,

2238 5566 2379 5632 apud
2398 5582 2567 5639 quem
2595 5570 2823 5639 legimus
2851 5588 2862 5622 :
2898 5569 3065 5636 Vade,
3088 5575 3289 5635 recede,
3320 5585 3562 5638 separare
3586 5570 3651 5639 tle
3677 5569 3832 5629 inter.

2239 5646 2344 5693 etc.
2383 5636 2667 5711 filebrteus'
2701 5639 2866 5696 habet
2902 5650 2997 5701 'lT'i
3020 5687 3033 5711 ,
3057 5642 3227 5707 radu,
3258 5636 3401 5710 quod
3428 5636 3693 5709 signiﬁcat
3735 5638 3832 5711 de-

2236 5708 2498 5767 scendite:
2526 5722 2576 5765 el
2603 5719 2757 5781 certe
2782 5708 3045 5781 proclivis
3072 5723 3155 5768 est
3186 5708 3534 5771 librariorum
3563 5712 3742 5780 lapsus
3772 5710 3828 5771 ill

2237 5782 2508 5840 mutandis
2535 5778 2719 5841 verbis
2749 5778 2997 5843 discedite
3025 5791 3082 5844 et
3108 5783 3415 5845 descendite.
3449 5778 3630 5843 Mauri
