4144 6364
330 183 431 245 589

1633 173 1844 236 LIBER
1881 175 1906 235 ι
1941 170 2307 256 SAMUELIS.

3521 179 3630 240 590

329 302 394 359 ab
414 299 593 369 Evila,
623 300 801 358 donec
822 299 1010 357 venias
1033 295 1162 366 Sur,
1184 311 1304 371 qua:
1330 304 1414 353 est
1439 310 1471 354 e
1499 297 1725 369 regione
1756 298 1926 369 Egy-
1956 298 2003 357 A
2035 305 2328 350 conversus
2358 295 2440 346 est
2468 285 2686 347 Samuel
2718 294 2775 345 ut
2801 285 2975 346 abiret
3021 306 3035 345 :
3085 283 3176 348 ille
3222 299 3400 350 autem
3442 308 3639 366 appre-

326 397 424 468 pti.
471 397 538 451 Et
587 395 989 468 appprehendit
1028 394 1177 464 Agag
1229 409 1410 463 regem
1460 393 1683 448 Amalec
1725 394 1931 460 vivum,

328 507 490 546 omne
519 502 702 546 autem
736 491 926 561 vulgus
965 488 1239 546 interfecit
1272 478 1324 543 in
1357 503 1452 543 ore
1491 487 1678 558 gladii.
1729 487 1794 543 Et
1843 501 1937 556 pe-

332 585 508 655 percit
552 583 704 643 Saul.
739 592 796 640 et
829 583 1084 654 pepulus,
1129 582 1299 652 Agag,
1335 594 1387 635 et
1419 581 1638 652 optimis
1683 581 1937 650 gregibus

329 667 511 732 Oviutn
559 687 616 732 et
663 685 1060 739 armentorum,
1090 685 1144 730 et
1176 675 1418 742 vestibus
1468 684 1521 728 et
1570 673 1851 737 arietibus,
1884 681 1939 726 et

331 768 622 832 universis,
656 785 778 839 quae
808 767 1034 840 pulchra
1069 776 1248 833 erant,
1281 782 1383 822 nec
1413 766 1703 821 voluerunt
1729 765 1939 835 disper-

330 867 464 922 dere
493 879 560 921 ea
589 884 602 920 :
635 864 897 936 quidquid
927 877 1057 918 vero
1102 863 1209 917 vile
1252 861 1353 917 fuit
1399 871 1453 916 et
1480 859 1802 930 reprobnm,
1836 858 1941 914 hoc

331 958 576 1014 demoliti
607 967 755 1012 sunt.
793 957 880 1030 [’I‘.
924 954 1194 1027 XXXV|.]
1242 953 1466 1010 Factum
1497 965 1583 1009 est
1610 962 1791 1010 autem
1821 969 1943 1008 ver-

331 1052 459 1106 bum
491 1050 706 1106 Domini
755 1051 820 1105 ad
855 1050 1101 1116 Samuel,
1135 1050 1324 1104 dicens
1354 1067 1368 1104 :
1398 1047 1636 1104 Paenitet
1679 1063 1767 1103 me
1797 1046 1940 1117 quod

335 1146 718 1201 constituerim
770 1145 896 1199 Saul
940 1159 1126 1215 regem
1159 1162 1173 1199 :
1206 1143 1328 1213 quia
1379 1143 1667 1209 dereliquit
1717 1155 1836 1205 me,
1890 1149 1944 1195 et

334 1239 500 1294 verba
534 1254 655 1294 mea
687 1253 852 1308 opere
903 1253 1007 1292 non
1053 1237 1316 1305 implevit.
1363 1234 1831 1304 Contristatusquc
1862 1244 1946 1289 est

337 1333 580 1396 Samuel,
623 1342 679 1388 et
713 1332 968 1388 clamavit
999 1330 1063 1385 ad
1111 1331 1397 1386 Dominum
1429 1340 1534 1384 tnta
1571 1338 1748 1384 nocte.
1783 1327 1946 1383 Cum-

336 1441 441 1495 que
472 1425 541 1481 de
571 1434 731 1480 nocte
784 1425 1110 1480 surrexisset
1164 1423 1413 1487 Samuel,
1464 1431 1524 1476 ut
1566 1422 1672 1476 iret
1703 1421 1767 1474 ad
1817 1419 1944 1475 Saul

341 1536 524 1585 mane,
559 1520 866 1574 nuntiatum
891 1526 975 1573 est
1003 1516 1268 1580 Samneli,
1299 1531 1363 1570 eo
1391 1514 1536 1585 quod
1563 1512 1805 1569 venisset
1819 1512 1946 1567 Saul

341 1613 394 1667 in
424 1613 763 1677 Carmelum,
795 1619 847 1666 et
889 1611 1154 1665 erexisset
1184 1608 1286 1663 sibi
1335 1608 1596 1662 fornicem
1651 1604 1948 1674 triumpha-

2039 386 2227 442 hendit
2255 385 2624 441 summitatem
2655 383 2803 454 pallii
2834 383 2974 453 ejus,
3008 399 3129 454 qum
3159 393 3214 440 et
3241 386 3407 442 scissa
3443 398 3545 444 cst.
3575 392 3640 446 Et

2039 484 2112 536 ait
2140 481 2205 535 ad
2236 497 2358 536 eum
2387 479 2600 536 Samuel
2629 498 2640 532 :
2666 479 2836 534 Scidit
2865 478 3129 534 Dominus
3161 496 3385 553 regnum
3420 483 3583 539 Israel
3612 502 3641 540 a

2041 589 2093 635 te
2141 579 2324 641 hodie,
2355 589 2405 632 et
2444 576 2671 632 tradidit
2720 576 2850 631 illud
2889 581 3136 647 proximo
3182 589 3272 632 tuo
3305 580 3518 636 meliori
3569 592 3643 639 te.

2043 673 2210 728 Porro
2241 672 2604 740 triumphator
2636 672 2686 724 in
2737 669 2814 741 [ιι.
2849 685 2954 724 non
3005 669 3188 736 habet,
3223 671 3300 744 in]
3332 673 3494 730 Israel
3533 693 3638 732 nrn

2042 777 2227 838 parcet
2262 767 2336 837 μι.
2361 765 2535 820 Porro
2577 763 2941 833 triumphator
2969 764 3136 819 Israel
3167 781 3276 820 non
3308 770 3644 837 mentictttrl,

2045 871 2099 917 et
2145 860 2478 931 paenitudine
2507 873 2613 912 non
2647 858 2931 913 ﬂectetur:
2965 874 3141 929 neque
3173 859 3318 914 enim
3370 860 3534 916 homo
3566 877 3650 918 est

2046 964 2101 1010 ttt
2130 965 2251 1025 agat
2279 951 2675 1024 ptenitentiam.
2709 953 2778 1004 At
2818 951 2908 1005 ille
2939 951 3016 1006 ait
3048 968 3060 1004 :
3095 950 3345 1016 Peccavi,
3380 954 3474 1009 sed
3504 971 3647 1010 nunc

2048 1046 2252 1099 honora
2283 1061 2369 1100 me
2399 1058 2583 1098 coram
2633 1042 2942 1098 senioribus
2989 1044 3167 1113 populi
3215 1047 3344 1111 mei,
3384 1054 3438 1101 et
3465 1062 3648 1102 coram

2048 1138 2231 1198 Israel.
2281 1147 2335 1192 et
2391 1146 2668 1191 revertere
2723 1151 2968 1202 mecum,
3023 1147 3079 1191 ttt
3109 1137 3330 1192 adorem
3367 1139 3649 1196 Dominum

2051 1233 2217 1286 Deum
2243 1239 2412 1286 tuum.
2437 1229 2712 1286 Reversus
2739 1246 2870 1298 ergo
2892 1230 3108 1284 Samuel
3136 1242 3352 1286 secutus
3373 1247 3451 1288 est
3472 1231 3496 1270 (1
3519 1234 3657 1290 Satt-

2052 1326 2182 1394 lctn,
2213 1335 2262 1379 el
2295 1323 2682 1379 adoravitSaul
2707 1323 3012 1378 Dominum.
3035 1324 3116 1397 [_'I‘.
3141 1324 3457 1397 XXX\’III.]
3485 1328 3653 1383 Dixit-

2051 1436 2155 1490 que
2201 1419 2421 1476 Samnel
2458 1437 2470 1474 :
2500 1419 2767 1473 Addueitc
2787 1421 2851 1472 ad
2887 1435 2972 1474 me
3004 1420 3152 1489 Agag
3187 1436 3364 1490 regem
3405 1422 3653 1480 Amalec.

2054 1514 2121 1569 Et
2144 1515 2357 1568 oblatus
2390 1524 2471 1568 est
2505 1514 2553 1568 ei
2580 1515 2723 1583 Agag
2749 1513 3140 1584 pinguissimus
3165 1514 3348 1586 [Vulg
3377 1515 3586 1573 addunt
3612 1528 3658 1572 et

2055 1607 2314 1679 tremens].
2345 1609 2409 1662 Et
2436 1607 2571 1662 dixit
2597 1609 2742 1676 Agag
2770 1626 2781 1658 :
2807 1607 3020 1663 Sict-ine
3041 1619 3257 1679 separat
3283 1625 3464 1666 amara
3490 1614 3662 1668 mors?

339 1706 474 1769 lem,
517 1713 572 1758 et
599 1717 852 1758 reversus
885 1702 1195 1766 transisset,
1225 1700 1710 1766 descendissetque
1740 1697 1794 1750 itt
1826 1695 1952 1750 Gal-
1986 1707 2026 1764 Β
2059 1701 2127 1757 Et
2155 1703 2223 1756 ait
2259 1702 2477 1758 Samuel
2510 1719 2521 1756 ε
2556 1702 2704 1755 Sicut
2753 1702 2871 1757 fecit
2929 1702 3132 1773 absque
3177 1705 3366 1760 liberis
3405 1707 3665 1764 mulieres

344 1797 491 1867 gala.
525 1795 684 1850 Venit
716 1808 846 1865 ergo
873 1794 1092 1850 Samuel
1124 1794 1188 1845 ad
1213 1792 1364 1857 Saul,
1400 1799 1427 1827 ιι
1457 1801 1508 1844 ct
1535 1789 1672 1844 dixit
1699 1789 1746 1842 ei
1776 1787 1904 1841 Saul
1942 1805 1952 1840 :

345 1887 679 1944 Benedictus
727 1896 784 1942 ttt
841 1889 1102 1952 Domino,
1157 1886 1378 1957 implevi
1433 1884 1657 1939 verbum
1721 1881 1957 1937 Domini.

353 1984 611 2054 Dixitque
633 1981 852 2037 Samuel
884 1999 898 2035 ε
935 1981 999 2036 Et
1021 1997 1142 2052 qua:
1171 1989 1253 2034 est
1284 1979 1400 2035 haec.
1424 1995 1527 2033 vox
1557 1993 1805 2049 gregum,
1837 1992 1960 2047 qua:

353 2085 579 2130 resonat
611 2075 663 2128 in
693 2074 916 2129 auribus
949 2073 1118 2139 meis,
1162 2083 1217 2128 et
1243 2083 1634 2137 armentorum,
1669 2085 1830 2140 quam
1862 2084 1962 2139 ego

352 2170 553 2225 audio?
583 2170 647 2224 Et
691 2171 766 2223 ait
790 2167 918 2223 Saul
955 2187 965 2222 :
999 2167 1075 2222 De
1102 2166 1327 2222 Amalec
1357 2165 1702 2220 adduxerunt
1732 2179 1793 2218 ea
1827 2182 1838 2216 :
1873 2179 1962 2233 re-

357 2266 531 2335 pereit
572 2265 714 2320 enim
750 2265 978 2332 popu'us
1021 2261 1338 2315 melioribus
1374 2259 1566 2314 ovibus
1598 2269 1650 2314 et
1678 2259 1963 2324 armentis,

358 2367 416 2412 ttt
448 2358 868 2412 immolarentur
900 2353 1130 2408 Domino
1160 2353 1267 2407 Deo
1300 2361 1392 2406 tun
1427 2370 1437 2405 :
1473 2351 1682 2419 reliqua
1715 2365 1845 2403 vero
1875 2363 1967 2403 oc-

358 2451 597 2505 cidimus
623 2449 703 2522 [h.
735 2448 982 2504 demoliti
1014 2444 1243 2516 suntne].
1273 2444 1416 2499 Dixit
1438 2452 1616 2498 autem
1650 2441 1866 2496 Samuel
1899 2441 1966 2494 ad

361 2544 490 2598 Saul
531 2561 543 2596 :
574 2541 706 2598 Sine
745 2556 853 2602 me,
887 2549 942 2595 et
968 2538 1217 2594 indicabo
1245 2538 1341 2591 tibi
1369 2552 1487 2606 qum
1515 2537 1730 2590 locutus
1770 2533 1840 2588 sit
1869 2534 1970 2588 Do-

364 2639 549 2691 minus
581 2635 646 2690 ad
680 2649 766 2687 mc
814 2643 993 2687 nocte.
1051 2631 1306 2698 Dixitque
1354 2631 1402 2684 ei
1439 2645 1451 2682 :
1489 2628 1758 2696 Loquere.
1795 2628 1856 2679 lit
1897 2627 1972 2678 ait

361 2731 583 2784 Samuel
630 2747 642 2782 :
685 2727 880 2782 Nonne
930 2740 1052 2780 cum
1083 2725 1338 2793 parvulus
1367 2736 1521 2776 esses
1553 2722 1604 2774 in
1635 2719 1808 2774 oculis
1841 2719 1968 2783 tuis,

365 2831 530 2891 eaput
559 2823 612 2875 in
639 2819 888 2874 tribubus
915 2816 1078 2871 Israel
1113 2816 1284 2871 factus
1304 2815 1398 2869 es?
1428 2814 1686 2881 unxitque
1711 2823 1761 2866 te
1793 2809 1974 2864 Domi-

365 2932 469 2971 nus
518 2915 573 2970 in
609 2929 789 2980 regem
821 2926 986 2981 super
1017 2909 1222 2974 Israel,
1263 2917 1317 2962 et
1365 2907 1513 2961 misit
1543 2915 1591 2958 tc
1618 2904 1879 2958 Dominus
1919 2903 1972 2956 in

364 3009 536 3072 viam,
571 3017 626 3062 et
651 3008 726 3061 ait
757 3024 767 3058 ;
798 3005 970 3068 Vade,
999 3014 1051 3057 et
1081 3003 1327 3057 intertice
1357 2999 1434 3071 [lt.
1468 2995 1753 3068 demolire]
1782 3011 1974 3068 pecca-

2060 1795 2273 1865 gladins
2307 1805 2453 1859 lnns,
2485 1794 2563 1848 sic
2593 1793 2797 1864 absque
2847 1795 3030 1850 liberis
3079 1797 3183 1850 erit
3234 1798 3375 1853 inter
3409 1801 3668 1859 mulieres

2064 1897 2240 1941 mater
2271 1896 2377 1940 tua.
2412 1886 2476 1938 Et
2503 1885 2556 1940 in
2591 1886 2754 1939 frusta
2785 1887 3027 1940 concidit
3063 1888 3280 1943 Samuel
3305 1892 3455 1962 Agag
3479 1908 3668 1954 coram

2066 1977 2294 2033 Domino
2337 1977 2388 2030 itt
2435 1975 2697 2045 Calgalis.
2733 1977 2878 2031 Abiit
2909 1989 3086 2033 autem
3120 1979 3336 2035 Samuel
3387 1983 3436 2036 in
3471 1983 3670 2040 Rama-

2065 2072 2154 2126 tha
2186 2090 2198 2125 :
2231 2071 2356 2127 Saul
2390 2085 2519 2125 vero
2546 2069 2801 2125 ascendit
2835 2071 2885 2124 in
2921 2071 3140 2126 domum
3172 2087 3323 2126 suam
3352 2074 3402 2128 in
3428 2074 3672 2132 Gahaath

2065 2165 2192 2221 Saul
2225 2164 2408 2236 [Vulg].
2445 2174 2577 2220 tacet
2623 2164 2798 2236 Saul].
2848 2165 2911 2218 Et
2959 2182 3063 2219 tton
3116 2165 3247 2220 vidit
3280 2169 3501 2224 Samuel
3537 2170 3674 2224 ultra

2069 2259 2195 2314 Saul
2227 2275 2397 2328 usque
2421 2260 2470 2312 in
2501 2259 2644 2313 diem
2678 2259 2872 2312 mortis
2897 2275 3006 2312 sum
3032 2279 3043 2313 :
3071 2272 3442 2316 verumtamen
3463 2265 3682 2334 lugebat

2069 2353 2290 2407 Samuel
2329 2352 2572 2416 Saulcm,
2603 2353 2856 2419 quoniam
2888 2352 3174 2407 Dominum
3208 2354 3505 2423 paenitebat
3532 2358 3676 2432 quod

2071 2447 2442 2500 constituisset
2464 2447 2592 2501 Saul
2619 2462 2798 2516 regem
2830 2463 2992 2516 super
3024 2450 3214 2504 Israel.

2146 2538 2230 2610 [T.
2265 2537 2512 2603 XXXIX,
2552 2537 2682 2609 Cap.
2720 2539 2882 2611 XV|.]
2908 2541 3158 2612 Dixitque
3192 2545 3452 2602 Dominus
3479 2549 3544 2604 ad
3579 2551 3682 2605 Sa-

2075 2633 2309 2688 mueletn
2345 2653 2356 2686 :
2389 2632 2683 2702 Usqucqtto
2712 2642 2766 2687 ttt
2801 2634 2972 2703 luges,
3019 2636 3170 2703 Saul,
3218 2653 3339 2694 cum
3373 2657 3474 2710 ego
3505 2645 3682 2713 proje-

2075 2727 2239 2781 eerim
2265 2742 2386 2780 eum
2423 2743 2489 2780 ne
2515 2736 2699 2794 regnet
2725 2742 2888 2796 super
2919 2727 3120 2783 Israel?
3150 2729 3316 2800 Imple
3338 2748 3505 2788 cornu
3533 2745 3681 2792 tuum

2076 2819 2222 2886 oleo,
2256 2829 2308 2874 et
2341 2819 2484 2886 veni,
2516 2820 2728 2872 mittam
2754 2829 2804 2874 te
2836 2819 2900 2874 ad
2934 2821 3034 2875 Isai
3063 2823 3474 2881 Dethleemitem
3509 2847 3521 2882 :
3560 2847 3687 2898 pto-

2078 2909 2184 2964 vidi
2218 2911 2361 2966 enim
2397 2911 2446 2964 in
2484 2911 2605 2964 Iiliis
2637 2911 2753 2978 ejus
2785 2911 2912 2966 tuibi
2947 2929 3149 2983 regem.
3200 2917 3262 2970 Et
3313 2919 3387 2971 ait
3417 2922 3633 2978 Samuel
3671 2942 3683 2978 :

2079 3005 2364 3074 Quomodo
2388 3005 2615 3058 vadatn?
2639 3006 2824 3059 audiet
2851 3008 2994 3061 enim
3015 3009 3164 3071 Saul,
3190 3022 3237 3062 et
3268 3012 3549 3069 interﬁciat
3579 3033 3690 3072 me,

368 3114 518 3158 tores
541 3101 789 3165 AIIIaICC,
821 3109 873 3152 Cl
899 3096 926 3135 δ
958 3111 1137 3166 pugna
1167 3103 1359 3150 contra
1387 3107 1481 3148 €05
1513 3106 1686 3161 usque
1714 3090 1779 3143 ad
1811 3090 1974 3142 ίιιῐεν·
2003 3100 2048 3163 C
2083 3099 2142 3153 Et
2171 3099 2242 3152 ait
2269 3098 2569 3153 Dentinus:
2605 3098 2841 3152 Vitultttu
2869 3099 2943 3172 [h.
2969 3101 3202 3174 vitulam]
3227 3103 3294 3158 de
3315 3119 3562 3163 armento
3586 3112 3690 3165 tol-

369 3196 665 3252 necionem
695 3192 918 3248 eorum?
941 3191 1120 3259 Quare
1147 3203 1278 3258 ergo
1305 3203 1413 3242 non
1444 3185 1640 3240 audisti
1663 3199 1854 3238 vocem
1878 3184 1978 3236 Do-

371 3291 503 3344 mini
534 3305 547 3342 :
577 3289 670 3342 sed
704 3299 903 3340 versus
929 3283 993 3337 ad
1024 3281 1261 3352 prtcdam
1287 3295 1377 3346 es,
1411 3287 1468 3333 et
1496 3277 1669 3333 fecisti
1703 3276 1900 3330 malum
1927 3275 1978 3328 in

375 3382 552 3437 oculis
583 3377 835 3434 Domini?
867 3377 932 3432 Et
961 3377 1036 3430 ait
1065 3374 1194 3430 Saul
1221 3374 1286 3429 ad
1315 3371 1626 3429 Samuelent
1657 3387 1670 3424 :
1696 3369 1865 3424 Immo
1887 3384 1983 3421 an-

373 3479 485 3532 divi
509 3491 698 3530 voeem
727 3471 964 3540 Domini,
992 3482 1045 3526 et
1069 3469 1337 3524 ambulavi
1362 3468 1414 3522 in
1443 3465 1551 3531 via,
1581 3479 1675 3535 per
1701 3477 1860 3533 quam
1884 3461 1984 3515 mi-

375 3573 447 3627 sit
473 3587 564 3625 mc
599 3569 884 3632 Dominus,
913 3577 967 3619 et
996 3564 1194 3618 adduxi
1240 3562 1386 3630 Agag
1429 3573 1609 3628 regem
1643 3556 1885 3623 Amalec,
1932 3562 1985 3608 et

378 3664 602 3719 Amalec
630 3659 898 3715 interfeci.
928 3657 1073 3713 Tulit
1096 3666 1274 3711 autem
1311 3653 1534 3723 populus
1556 3651 1623 3705 de
1651 3648 1831 3720 praeda
1854 3663 1984 3703 oves

375 3769 432 3814 et
478 3758 673 3823 boves,
707 3752 976 3823 primitias
1026 3763 1251 3811 eorum,
1300 3761 1418 3814 qua:
1449 3759 1586 3799 caesa
1620 3753 1764 3808 sunt,
1800 3752 1858 3795 ιιι
1887 3741 1986 3795 im-

379 3852 546 3906 molet
574 3845 806 3903 Domino
832 3847 942 3900 Deo
969 3855 988 3882 ο
1015 3852 1107 3898 tuo
1125 3841 1179 3896 in
1205 3838 1461 3911 Galgalis.
1489 3837 1573 3910 [Τ.
1598 3833 1893 3906 XXXVII]
1924 3834 1985 3889 Et

379 3947 453 3999 ait
481 3924 706 4000 Samuel
745 3937 1055 4007 :Numquid
1089 3935 1197 3988 vult
1250 3931 1510 3988 Dominus
1551 3932 1858 3985 holocausta
1897 3936 1988 3981 aut

378 4037 655 4100 victimas,
705 4044 757 4089 et
792 4048 896 4088 non
927 4032 1108 4103 potius
1155 4036 1216 4084 ut
1250 4027 1537 4082 obediatur
1568 4023 1691 4079 voci
1739 4021 1990 4078 Domini?

381 4132 573 4188 Melior
600 4138 684 4184 est
714 4127 858 4183 enim
884 4123 1193 4180 obedientia
1220 4135 1380 4192 quam
1406 4117 1662 4183 victimae,
1697 4124 1754 4171 et
1780 4114 1990 4169 auscul-

382 4232 504 4280 tare
535 4221 709 4291 magis
749 4235 907 4290 quam
955 4215 1159 4270 oﬂ‘erre
1194 4211 1408 4280 adipem
1438 4211 1690 4265 arietum.
1723 4206 1989 4274 Quoniam

382 4317 534 4389 quasi
593 4323 872 4385 peccatum
923 4305 1226 4364 hariolandi
1273 4315 1390 4368 est,
1442 4317 1798 4374 repugnare:
1841 4301 1991 4371 quasi

386 4409 565 4463 scelus
616 4404 962 4464 idololatria),
1015 4399 1162 4454 nolle
1207 4397 1576 4467 acquiescere.
1611 4394 1716 4449 Pro
1756 4409 1820 4448 eo
1864 4407 1994 4462 ergo

2084 3193 2162 3247 les
2191 3193 2242 3247 in
2278 3208 2437 3246 manu
2473 3200 2580 3252 tua,
2611 3203 2666 3246 et
2695 3192 2846 3248 dices
2884 3213 2894 3246 :
2929 3194 3006 3248 Ad
3044 3197 3429 3254 immolandum
3464 3202 3692 3258 Domino

2083 3284 2227 3338 veni.
2262 3284 2322 3338 Et
2349 3284 2570 3346 vocabis
2601 3282 2702 3337 Isai
2753 3283 2818 3338 ad
2868 3286 3165 3355 victimam,
3197 3299 3252 3344 et
3279 3307 3377 3362 ego
3405 3296 3688 3352 ostendam

2086 3376 2179 3430 tibi
2226 3375 2352 3446 quid
2389 3374 2573 3436 facias.
2607 3385 2659 3429 ct
2692 3391 2859 3447 unch
2883 3393 3284 3448 quemcumque
3315 3394 3694 3450 monstrarem

2085 3467 2161 3541 lli.
2194 3466 2412 3540 dixero]
2438 3467 2555 3523 tibi.
2590 3467 2738 3524 Fecit
2768 3486 2896 3540 ergo
2931 3469 3173 3538 Samuel,
3205 3474 3346 3529 sicut
3374 3477 3586 3536 loeutus
3611 3491 3694 3536 est

2089 3573 2112 3599 υ
2142 3563 2188 3616 ei
2217 3562 2296 3634 Iph.
2332 3576 2438 3616 non
2473 3561 2663 3634 habet]
2699 3562 2980 3618 Dominus.
3006 3564 3278 3634 Venitque
3309 3569 3360 3622 in
3386 3570 3690 3640 Bethleem,

2084 3663 2139 3710 et
2168 3654 2421 3709 admirati
2463 3662 2592 3708 sunt
2629 3653 2706 3725 [1).
2757 3655 3092 3727 expunet-unt]
3138 3659 3385 3714 seniores
3433 3661 3694 3730 civitatis,

2086 3754 2440 3802 occurrentes
2483 3748 2556 3815 ei,
2591 3747 2958 3819 dixeruntque
2993 3765 3004 3800 :
3036 3747 3372 3807 Paeiﬁcusne
3419 3753 3700 3823 ingressus

2088 3839 2250 3894 tuus?
2283 3839 2350 3892 Et
2379 3839 2499 3894 ait:
2553 3838 2860 3906 Pacilicus,
2912 3841 2978 3895 ad
3031 3844 3420 3902 immolandum
3467 3851 3699 3910 Domino

2091 3932 2214 3988 veni
2247 3951 2258 3986 :
2290 3933 2726 3998 sanctilieamini,
2755 3943 2808 3988 et
2831 3935 3016 3991 venite
3049 3953 3260 3994 mecum
3294 3951 3352 3996 ut
3396 3926 3696 4002 immolent.

2089 4025 2455 4082 Sanctiﬁcavit
2479 4041 2609 4097 ergo
2638 4025 2738 4082 Isai
2769 4037 2823 4082 et
2847 4028 2987 4084 Iilios
3016 4031 3156 4100 ejus,
3185 4041 3241 4088 et
3263 4038 3479 4091 vocavit
3508 4055 3601 4095 eos
3627 4042 3694 4095 ad

2092 4119 2438 4176 sacrificium.
2475 4118 2559 4191 [T.
2589 4118 2728 4192 XL]
2760 4121 3004 4193 Cumque
3037 4123 3265 4195 ingressi
3315 4141 3520 4196 essent,
3562 4134 3700 4187 vidit.

2094 4213 2268 4278 Eliab,
2307 4223 2358 4268 et
2381 4214 2492 4266 ait:
2518 4211 2657 4268 Num
2688 4229 2871 4268 coram
2901 4215 3134 4272 Domino
3159 4227 3243 4274 est
3264 4220 3511 4278 Christus
3541 4226 3701 4294 ejus?

2096 4307 2161 4364 Et
2192 4308 2331 4364 dixit
2377 4307 2641 4365 Dominus
2687 4310 2750 4364 ad
2783 4309 3089 4366 Samuclem
3127 4331 3138 4367 :
3169 4313 3246 4369 Ne
3295 4318 3554 4386 respicias
3581 4323 3698 4376 vnl-

2098 4409 2208 4455 tnm
2241 4402 2384 4469 ejus,
2410 4417 2586 4472 neque
2622 4402 2966 4458 altitudinem
2997 4413 3218 4460 staturae
3245 4407 3361 4476 ejus
3391 4427 3402 4462 :
3436 4415 3698 4479 quoniam

389 4499 531 4568 ηυσνᾱ
576 4496 823 4565 θιύεοῖειῖ
860 4506 1168 4549 εθτῐηοηεῐη
1203 4488 1440 4554 Domini,
1477 4487 1678 4558 al'jCCil
1710 4497 1784 4552 ιο,
1816 4501 1884 4541 ne
1921 4485 2075 4547 εἰςῙ)
2101 4493 2272 4566 altjeci
2300 4510 2444 4560 eum,
2471 4494 2740 4564 nccjuxta
2765 4495 3016 4550 intuitum
3048 4497 3510 4569 hominisjudico:
3539 4506 3699 4562 homo

387 4610 502 4650 rex.
541 4592 796 4661 Dixitque
841 4588 970 4645 Saul
1019 4588 1084 4642 ad
1137 4583 1448 4643 Samuelem
1502 4581 1811 4648 :Peccavi,
1871 4580 1994 4649 quia

389 4686 782 4760 przevaricatus
809 4700 927 4740 sum
957 4697 1263 4739 sermonem
1295 4679 1530 4744 Domini,
1578 4688 1631 4734 et
1664 4677 1828 4732 verba
1881 4683 1992 4741 tua,

391 4783 591 4837 timens
619 4776 899 4849 p0pulum,
931 4785 984 4830 et
1011 4772 1274 4829 obediens
1314 4771 1434 4826 voci
1479 4785 1690 4825 eorum.
1720 4767 1824 4824 Sed
1854 4781 1995 4820 nunc

394 4885 572 4947 porta,
607 4887 814 4944 (ιιιιιιεο,
841 4879 1123 4940 peccatum
1154 4881 1354 4928 meum,
1379 4873 1435 4919 ει
1460 4871 1733 4918 I‘CVCI‘ICI‘C
1758 4874 1992 4926 mecum,

394 4979 451 5024 ttt
479 4968 704 5024 adorem
747 4965 1058 5039 Dominum.
1094 4962 1161 5016 Et
1200 4961 1276 5015 ait
1316 4957 1536 5016 Samuel
1579 4958 1644 5012 ad
1673 4955 1797 5012 Saul
1832 4973 1845 5010 :
1878 4954 1996 5010 Non

396 5072 641 5118 revertar
674 5069 873 5124 tecum,
905 5057 1030 5127 quia
1077 5053 1352 5126 projeeisti
1401 5066 1712 5108 sermonem
1757 5048 1996 5117 Domini,

396 5165 449 5210 et
475 5153 709 5226 projceit
746 5161 796 5206 te
843 5149 1128 5215 Dominus,
1159 5163 1228 5203 ne
1261 5147 1336 5202 sis
1375 5161 1470 5202 rex
1503 5160 1669 5215 super
1713 5142 1901 5198 Israel.
1937 5139 2002 5198 Et

469 5302 497 5330 α
529 5291 657 5346 Ilaec
693 5303 909 5358 quoque
953 5285 1164 5357 Vulgati
1193 5284 1588 5358 addunt,_qnaa
1619 5283 1763 5358 i_nter_
1789 5290 2002 5358 utrum-

399 5379 504 5427 quc
533 5360 670 5418 Saul
693 5352 888 5416 nomen
913 5352 1284 5422 continentur,
1325 5364 1374 5409 et
1419 5352 1550 5409 Saul
1580 5353 1828 5422 o/Terebat
1856 5352 2006 5406 holo-

401 5445 638 5489 caustum
667 5432 886 5486 Domino
912 5429 976 5483 de
1008 5430 1169 5482 initiis
1198 5427 1490 5501 prtrdartmt
1519 5442 1634 5501 qua?
1661 5427 1906 5501 attulerat
1942 5439 2007 5478 ea:

402 5506 634 5559 Amalec.
669 5503 734 5557 Et
785 5518 899 5555 cum
944 5501 1160 5556 venisset
1199 5496 1426 5554 Samuel
1472 5496 1540 5551 ad
1584 5497 1735 5551 Saul.
1766 5497 1896 5563 Qua:
1941 5510 2007 5550 cx

402 5579 594 5633 Crteco
623 5581 721 5633 τῶν
754 5573 896 5630 LXX
924 5573 1257 5627 dt-rivantur.

440 5624 1037 5773 "Yt't'eét‘iusE'd’itéui-l
1061 5624 1265 5700 auum
1296 5624 1513 5708 maxim
1540 5639 1845 5699 Veronens.
1877 5650 2011 5708 ms.,

477 5735 650 5773 mtana
687 5733 751 5772 ta.

406 5733 454 5777 et
477 5733 751 5793 pugnante.

2097 4586 2239 4642 cnim
2270 4587 2416 4642 videt
2449 4603 2510 4643 ea
2547 4603 2666 4658 qua)
2697 4597 2911 4657 parent,
2949 4590 3209 4647 Dominus
3240 4601 3418 4647 autem
3463 4597 3699 4654 intuetur

2095 4696 2207 4738 cor.
2241 4679 2307 4734 Et
2336 4681 2549 4734 vocavit
2573 4680 2676 4735 Isai
2703 4680 3002 4746 Abinadah,
3033 4692 3087 4738 et
3118 4683 3337 4740 adduxit
3369 4703 3490 4743 enm
3515 4705 3698 4750 coram

2097 4769 2373 4838 Satnttele,
2407 4771 2506 4838 Qui
2538 4771 2674 4824 dixit
2703 4789 2714 4824 :
2742 4771 2855 4827 Nec
2887 4774 3028 4828 hunc
3075 4775 3237 4844 elegit
3269 4777 3554 4838 Dominus.
3584 4784 3698 4842 Ad-

2098 4863 2250 4919 duxit
2273 4872 2452 4917 autem
2481 4862 2582 4917 Isai
2611 4863 2828 4918 Samma
2862 4865 2989 4938 [Μδ.
3025 4866 3290 4941 Summa],
3325 4872 3394 4928 de
3437 4892 3544 4945 quo
3577 4882 3655 4935 ait
3687 4901 3700 4938 :

2104 4956 2279 5013 Etiam
2308 4956 2450 5010 hunc
2474 4955 2553 5028 [h.
2595 4956 2650 5011 In
2681 4957 2864 5032 istum]
2902 4975 3006 5016 non
3053 4960 3217 5033 elegit
3265 4965 3547 5026 Dominus.
3596 4975 3707 5029 Atl-

2107 5050 2259 5105 dnxit
2292 5050 2472 5120 itaque
2507 5050 2608 5106 Isai
2635 5064 2842 5120 septem
2888 5054 3028 5110 Iilios
3057 5071 3184 5114 suos
3213 5074 3398 5118 coram
3431 5064 3705 5135 Samuele,

2109 5154 2163 5201 et
2192 5144 2264 5198 ait
2299 5142 2517 5198 Samuel
2544 5143 2610 5198 ad
2641 5145 2779 5199 Isai:
2813 5145 2930 5201 Non
2973 5148 3140 5220 elegit
3171 5151 3435 5211 Dominus
3463 5172 3532 5214 ex
3569 5162 3710 5219 istis.

2191 5289 2213 5316 σε
2241 5277 2374 5334 Cum
2409 5277 2644 5362 vulgatis
2674 5298 2776 5338 ms.
2803 5283 3132 5357 Veronens.,
3157 5306 3269 5347 suo.
3295 5293 3398 5352 Sed
3425 5306 3512 5354 tuo
3539 5303 3688 5362 Ilehr

2114 5365 2330 5422 quoque
2359 5348 2598 5421 prtelert.
3119 5348 3131 5357 ’
3309 5348 3322 5350 ”
3427 5348 3505 5354 ’“⁷
3539 5348 3708 5363 ’“”’¹¹⁶

2190 5421 2217 5460 ἀ
2252 5423 2346 5501 Hic
2371 5438 2505 5501 vero
2559 5423 2769 5490 longius
2799 5425 2866 5480 ab
2895 5428 3121 5486 Hebraeo
3150 5447 3374 5499 vagatur
3405 5441 3710 5501 Veronens,

2117 5511 2224 5573 rus.
2255 5497 2341 5573 qnni
2371 5495 2517 5562 legit,
2551 5508 2594 5549 (ι
2621 5509 2823 5573 secutus
2863 5513 2935 5573 est
2970 5519 3082 5554 cum
3115 5495 3267 5563 Sani,
3301 5495 3564 5568 uel",

2118 5565 2274 5642 bunt1
2293 5565 2640 5642 Ret'crsus_es_l
2665 5567 2878 5642 Samuel
2905 5583 3016 5642 post
3050 5574 3203 5631 Saul.

2195 5646 2216 5674 ε
2239 5635 2389 5720 Quod
2407 5653 2522 5719 non.
2542 5636 2728 5720 haberi
2760 5639 2812 5694 in
2842 5635 3131 5717 IIébraieo,
3160 5651 3229 5720 ei,
3254 5653 3588 5715 Scholiasles
3612 5673 3717 5717 no-

2117 5715 2217 5776 tat,
2252 5715 2391 5766 tacet
2422 5723 2481 5765 re
2512 5709 2621 5781 ipsa
2649 5709 2952 5772 Veroncns.
2981 5732 3082 5774 ms.

3480 5782 3503 5804 ι
