3964 6344
458 235 564 305 891

1466 239 1527 299 s.
1571 236 1955 302 tllERONYMl
1992 239 2225 301 DIVINA
2266 200 2747 298 BlBLiOTtlECA.

3618 254 3711 316 b9!

459 365 719 433 Dixitque
738 359 957 420 Samuel
977 358 1046 417 ad
1072 359 1177 419 lsai
1207 356 1511 432 :Numquid
1531 361 1642 432 jam
1670 362 1924 434 completi
1946 371 2070 420 sunt
2097 363 2147 424 Α
2177 360 2501 418 texentium.
2534 342 2923 431 Ipsumautem
2952 358 3150 441 ferrum
3175 361 3338 423 hastae
3364 365 3495 440 ejus,
3522 385 3722 435 sexcen-

462 456 601 513 ﬁlii‘i
626 455 728 523 Qui
758 453 1078 526 respondit:
1108 451 1301 510 Adhuc
1330 453 1573 524 reliquus
1596 465 1675 509 est
1698 454 1983 526 parvulus,
2014 462 2070 511 et

461 549 642 624 pascit
666 562 820 605 oves.
855 546 924 603 Et
965 546 1045 602 ait
1072 545 1289 603 Samuel
1335 545 1400 600 ad
1430 544 1540 601 lsai
1569 564 1582 600 :
1612 546 1782 614 Mitte,
1810 555 1866 603 et
1894 546 2072 603 adduc

462 660 621 711 eum,
672 657 774 699 nec
819 641 965 698 enim
997 639 1401 696 discumbemus
1443 639 1529 712 [b.
1564 639 2069 712 circumsedebimus]

461 738 617 809 prius
661 749 823 806 quam
852 733 947 789 ille
977 732 1084 787 huc
1113 730 1318 787 veniat.
1352 732 1498 787 Misit
1547 749 1698 804 ergo,
1745 742 1802 790 et
1847 732 2072 790 abduxit

460 844 610 885 cum.
642 829 772 884 Erat
801 835 981 882 autem
1018 822 1194 891 ruins,
1226 834 1281 879 et
1311 824 1541 893 pulchrr
1566 833 1807 895 aspectu,
1842 824 2072 882 decora-

465 937 576 993 que
603 919 763 986 facie,
796 926 852 973 et
870 917 945 971 ait
967 917 1267 971 Dominus:
1298 915 1491 986 Surge,
1522 925 1574 971 et
1604 931 1745 987 unge
1775 934 1923 987 eum,
1957 917 2071 987 ipse

459 1020 546 1069 est
569 1011 735 1067 enim.
782 1009 869 1081 [Τ.
912 1007 1078 1079 XLl.]
1106 1007 1253 1062 Tulit
1294 1007 1456 1078 igitur
1490 1008 1710 1064 Samuel
1739 1026 1908 1064 cornu
1940 1008 2069 1073 olei,

460 1115 517 1161 et
546 1104 702 1160 unxit
728 1118 853 1159 eum
897 1102 950 1157 in
994 1099 1175 1156 medio
1215 1100 1442 1156 fratrum
1471 1100 1610 1172 ejus,
1644 1110 1698 1155 et
1722 1099 1962 1157 directus
1989 1110 2072 1157 est

458 1198 694 1267 Spiritus
719 1196 933 1252 Domini
966 1195 1022 1250 in
1058 1193 1223 1250 David
1254 1206 1279 1231 υ
1302 1210 1332 1249 a
1357 1194 1443 1249 die
1470 1196 1564 1250 illa
1597 1195 1726 1249 etin
1759 1193 2029 1265 reliquum
2055 1210 2068 1247 :

457 1306 798 1363 surgcusque
828 1288 1047 1346 Samuel
1078 1287 1210 1345 abiit
1232 1287 1285 1344 in
1316 1288 1603 1344 Ramatha.
1631 1288 1714 1361 [Τ.
1747 1288 1930 1360 χιιι]
1953 1289 2072 1358 Spi-

455 1386 594 1440 ritus
621 1394 800 1440 autetn
830 1381 1046 1439 Domini
1096 1382 1327 1438 receSsit
1370 1397 1401 1436 a
1452 1384 1617 1449 Saul,
1663 1394 1719 1439 ct
1764 1381 2074 1453 exagitabat

455 1491 580 1533 eum
610 1476 837 1547 spiritus
881 1489 1116 1542 nequam
1164 1490 1194 1529 a
1229 1474 1478 1529 Domino.
1523 1473 1896 1545 Dixcrontque
1930 1476 2071 1530 servi

455 1571 585 1628 Saul
616 1572 682 1627 ad
717 1587 842 1627 eum
888 1586 902 1624 :
934 1570 1079 1626 Ecce
1125 1569 1352 1641 spiritus
1396 1570 1489 1625 Dei
1523 1570 1701 1624 malus
1731 1568 1970 1639 exagitat
1999 1578 2071 1624 te.

456 1666 658 1723 Juheat
706 1664 959 1719 dominus
992 1673 1197 1729 noster,
1229 1671 1283 1716 et
1314 1663 1458 1717 servi
1510 1661 1608 1728 tui,
1647 1653 1739 1732 qui
1785 1676 1971 1718 COl'alli
2025 1671 2074 1715 te

2174 464 2259 511 tos
2284 455 2448 511 siclos
2469 452 2703 509 habebat
2736 452 2886 521 l‘erri,
2915 463 2971 510 et
2999 456 3236 527 armiger
3267 458 3382 530 ejus
3410 466 3725 526 antecedebat

2171 561 2319 604 eum.
2347 546 2617 617 Stansque
2645 545 2921 602 clamabat
2941 546 3227 606 adversum
3257 551 3537 627 phalangas
3560 556 3724 629 Israel,

2170 648 2223 695 et
2252 637 2569 694 dicebateis
2603 655 2616 691 :
2648 636 2830 705 Quare
2878 640 3106 695 venistis
3154 642 3325 712 parati
3369 644 3432 700 ad
3471 650 3728 717 pretium!

2171 730 2449 802 Numquid
2479 746 2585 786 non
2616 745 2734 786 sum
2767 746 2866 803 ego
2888 731 3222 801 Pbilistteus,
3253 745 3305 791 et
3325 751 3416 792 vos
3437 740 3569 796 servi
3587 740 3732 798 Saul?

2173 822 2373 895 Eligite
2400 839 2465 879 ex
2514 823 2673 880 vobis
2703 825 2909 893 virum,
2941 836 2995 881 et
3041 825 3334 884 descendat
3380 830 3444 886 ad
3487 831 3733 904 singuiare

2172 928 2471 971 certamen.
2496 915 2553 972 Si
2581 916 2846 987 quieverit
2877 933 3118 989 pugnare
3141 935 3375 990 meeum,
3403 932 3458 979 et
3482 939 3737 995 percusse-

2170 1009 2241 1065 rit
2266 1025 2373 1080 me,
2397 1012 2603 1066 erimus
2626 1010 2781 1068 vobis
2802 1013 2950 1068 servi
2967 1029 2988 1067 -:
3012 1014 3056 1069 si
3082 996 3264 1071 autem
3288 996 3386 1088 ego
3406 1019 3735 1089 prmvaluero,

2173 1112 2226 1158 ct
2256 1118 2582 1174 percussero
2609 1119 2756 1171 eum,
2783 1120 2878 1161 vos
2896 1109 3038 1162 servi
3058 1107 3235 1173 eritis,
3253 1118 3303 1164 et
3329 1109 3569 1167 servietis
3583 1112 3738 1170 nobis.

2174 1194 2242 1251 Et
2256 1196 2433 1252 aiebat
2446 1196 2788 1252 l’hilistha-us
2803 1214 2817 1253 :
2831 1197 2947 1269 Ego
2959 1200 3284 1269 exprobravi
3296 1201 3584 1273 agminibus
3596 1202 3739 1262 lsrael

2174 1289 2338 1345 hodie
2356 1307 2370 1344 :
2388 1290 2523 1346 Date
2545 1291 2675 1345 mibi
2692 1290 2886 1361 virum,
2908 1290 3123 1347 etineat
3139 1306 3351 1350 mecum
3368 1294 3630 1366 singulare
3642 1310 3745 1353 cer-

2176 1389 2381 1436 tamen.
2418 1380 2661 1437 Audiens
2683 1380 3037 1451 antemSaul,
3057 1393 3114 1440 et
3140 1400 3334 1441 omnes
3354 1386 3457 1443 viri
3487 1387 3742 1456 Israelita,
3787 1377 3795 1385 “

2174 1490 2459 1532 sermones
2506 1476 2810 1533 Philistba-i
2858 1476 3236 1549 hujuscemodi
3265 1520 3279 1545 ,
3331 1481 3655 1552 stupebant,
3698 1492 3748 1538 et

2177 1571 2489 1627 metuebant
2517 1572 2698 1628 nimis.
2730 1570 2896 1627 David
2924 1580 3106 1629 autem
3130 1583 3254 1629 erat
3277 1573 3414 1631 [ilius
3438 1575 3533 1631 viri
3557 1575 3747 1644 Ephra-

2178 1664 2330 1731 thmi,
2361 1665 2430 1721 de
2459 1682 2566 1736 quo
2603 1681 2765 1738 supra
2806 1667 3010 1723 dictum
3064 1677 3148 1724 est
3196 1669 3276 1741 th.
3326 1685 3433 1725 non
3474 1669 3665 1739 habet,
3691 1675 3752 1730 de

459 1770 611 1827 sunt,
639 1755 1034 1829 (ιυωτωιιμιε.
1059 1754 1330 1827 quaerunt]
1350 1755 1626 1809 hominem
1650 1754 1910 1810 scientem
1935 1754 2073 1824 psal-
2102 1763 2149 1824 Β
2176 1774 2283 1829 quo
2312 1772 2479 1829 supra
2510 1758 2716 1815 dictum
2749 1759 2876 1832 est],
2912 1761 2981 1816 de
3011 1759 3296 1817 Bethleem
3326 1760 3486 1829 Juda,
3525 1765 3606 1821 cui
3648 1774 3752 1820 erat

456 1852 575 1907 lere
595 1850 828 1914 cithara,
858 1861 915 1903 ut
940 1849 1161 1920 quando
1189 1849 1489 1919 arripuerit
1509 1858 1559 1903 te
1581 1847 1807 1918 spiritus
1833 1846 1927 1901 Dei
1953 1862 2071 1902 ma-

461 1946 570 2011 lus,
607 1943 803 2015 psallat
830 1957 994 1997 manu
1020 1956 1141 2010 sua,
1173 1954 1226 1997 et
1260 1943 1437 1997 levius
1464 1943 1622 1997 teras.
1653 1941 1717 1997 Et
1747 1941 1823 1997 ait
1849 1939 1975 1995 Saul
2006 1939 2074 1994 ad

460 2054 652 2096 servos
690 2053 819 2094 suos
848 2056 860 2093 :
895 2037 1188 2092 Providete
1238 2037 1374 2092 mihi
1404 2038 1639 2107 aliquem
1671 2038 1812 2093 bene
1843 2036 2078 2108 psallen-

455 2142 590 2199 tem,
618 2140 667 2185 et
702 2129 952 2185 adducite
984 2145 1107 2184 eum
1141 2129 1206 2182 ad
1238 2144 1345 2184 me.
1380 2128 1443 2183 Et
1474 2130 1820 2199 respondens
1843 2146 1982 2184 unus
2007 2127 2074 2183 de

457 2223 679 2294 pueris,
730 2222 852 2277 ait:
888 2222 1032 2277 Ecce
1082 2221 1193 2276 vidi
1245 2222 1413 2277 tilium
1465 2221 1568 2277 lsai
1621 2222 2070 2289 Bethlectnitem,

457 2317 722 2372 scientem
752 2314 1024 2386 ipsallere.
1058 2323 1115 2369 et
1144 2315 1502 2369 fortissimum
1550 2314 1769 2380 robore,
1812 2325 1869 2370 ct
1899 2314 2072 2369 virum

462 2407 813 2473 bellicosum,
859 2417 915 2461 et
947 2406 1275 2475 prudentem
1306 2406 1359 2461 in
1393 2407 1594 2470 verbis,
1628 2416 1683 2462 et
1727 2404 1900 2461 virum
1952 2407 2075 2477 pul-

459 2499 652 2556 chrum
679 2517 691 2553 :
717 2511 768 2555 et
801 2498 1060 2553 Dominus
1081 2506 1166 2553 est
1186 2512 1307 2553 cum
1330 2513 1415 2553 co.
1447 2498 1535 2571 [Τ.
1555 2497 1766 2571 XLlll.]
1784 2498 1925 2553 Misit
1943 2514 2073 2569 ergo

459 2591 590 2648 Saul
614 2592 834 2647 nuntios
856 2590 920 2644 ad
942 2589 1070 2658 lsai,
1092 2588 1317 2645 dicens:
1345 2590 1495 2645 Mitte
1521 2590 1588 2644 ad
1608 2607 1695 2645 nte
1715 2590 1880 2644 David
1902 2589 2071 2645 lilium

458 2695 636 2753 tuutn,
657 2685 748 2756 qui
779 2694 863 2739 est
890 2684 943 2738 iu
970 2683 1210 2750 pascuis.
1228 2682 1483 2752 'i‘ulitquc
1505 2683 1605 2737 lsai
1626 2683 1835 2738 asinum
1857 2683 2072 2754 plenum

458 2779 710 2849 panibus,
740 2790 792 2833 et
826 2764 1071 2847 lagonam
1094 2776 1170 2848 [Ιι.
1194 2775 1392 2847 utrem]
1423 2777 1554 2841 vini,
1581 2786 1634 2830 ct
1654 2776 1864 2831 bardum
1894 2777 1962 2832 de
1984 2793 2076 2831 ca-

458 2872 578 2941 pris
605 2887 801 2937 unum,
830 2878 884 2924 et
914 2870 1061 2925 misit
1093 2885 1191 2939 per
1214 2886 1431 2924 manum
1466 2869 1635 2924 David
1671 2870 1763 2923 lilii
1788 2872 1868 2924 sui
1901 2871 2073 2927 Sauli.

458 2964 532 3019 Et
557 2963 700 3019 venit
729 2962 895 3017 David
919 2961 985 3017 ad
1005 2962 1159 3028 Saul,
1195 2973 1243 3015 ct
1273 2963 1424 3018 stetit
1447 2978 1631 3017 coram
1660 2978 1765 3018 eo:
1795 2974 1848 3018 at
1872 2965 1965 3020 ille
1994 2965 2076 3020 di-

458 3053 594 3109 lexit
618 3069 744 3109 eum
780 3054 966 3120 nimis,
998 3062 1054 3107 et
1082 3052 1254 3108 tactus
1276 3064 1363 3107 est
1389 3053 1509 3124 ejus
1535 3055 1793 3125 armiger.
1824 3056 2076 3123 Misitpte

2178 1864 2377 1906 nomen
2430 1850 2555 1920 lsai,
2590 1852 2681 1922 qui
2712 1850 2950 1908 habebat
2979 1864 3104 1908 octo
3135 1852 3302 1922 ﬁlios,
3354 1864 3410 1911 et
3455 1865 3572 1911 erat
3601 1856 3679 1911 vir
3705 1855 3753 1912 in

2176 1941 2368 1998 diebus
2398 1943 2530 1999 Saul
2568 1959 2759 2012 senex,
2802 1954 2860 2000 et
2896 1945 3225 2015 grandazvus
3255 1948 3403 2002 inter
3430 1947 3573 2003 viros
3598 1947 3668 2020 [b.
3695 1945 3757 2003 Et

2177 2038 2494 2108 ingrediens
2547 2040 2690 2094 inter
2737 2039 2928 2111 viros].
2973 2040 3250 2096 Ahiernnt
3298 2050 3481 2097 autem
3529 2050 3638 2097 tres
3675 2039 3758 2095 lilii

2177 2134 2298 2199 ejus
2329 2132 2567 2202 majores
2597 2141 2720 2202 post
2743 2131 2874 2189 Saul
2904 2132 2955 2188 in
2985 2133 3260 2203 praelium,
3285 2142 3343 2190 et
3371 2135 3584 2190 nomina
3611 2132 3758 2188 trium

2179 2223 2418 2279 ﬁliorum
2471 2225 2611 2293 ejus,
2662 2223 2753 2295 qui
2803 2232 3167 2292 perrexerunt
3217 2224 3285 2280 ad
3338 2225 3563 2293 bellum,
3615 2221 3758 2278 Eliab

2180 2316 2618 2388 pritnogenitus,
2678 2327 2735 2371 et
2786 2316 3059 2372 secundus
3109 2317 3434 2386 Abinadah,
3482 2318 3763 2386 tertiusque

2177 2408 2422 2465 Samma.
2457 2408 2624 2463 David
2657 2419 2837 2464 autem
2862 2418 2984 2465 erat
3012 2409 3292 2465 minimus.
3324 2408 3411 2482 ['l‘.
3448 2405 3764 2480 XLV.]Tri-

2175 2501 2279 2557 bus
2307 2516 2439 2572 ergo
2471 2501 2770 2570 majoribus
2808 2501 3013 2558 secutis
3043 2501 3291 2568 Sanlem,
3331 2502 3469 2557 abiit
3502 2500 3683 2568 David,
3715 2506 3767 2555 et

2174 2608 2433 2651 reversus
2463 2604 2543 2649 est
2569 2609 2598 2649 a
2625 2594 2772 2661 Saul,
2808 2604 2868 2649 ut
2892 2606 3137 2665 pasceret
3166 2611 3392 2667 gregem
3422 2595 3586 2668 patris
3613 2594 3690 2649 sui
3717 2593 3768 2649 in

2179 2686 2479 2743 Bethleem.
2533 2686 2879 2744 Procedchat
2925 2703 3058 2743 vero
3103 2687 3463 2744 Philistha‘us
3521 2702 3674 2742 mane
3721 2695 3770 2742 et

2178 2796 2429 2850 vespere.
2476 2790 2533 2836 et
2565 2780 2749 2835 stabat
2790 2780 3151 2851 quadraginta
3199 2781 3425 2837 diebus.
3459 2779 3538 2853 [Τ.
3572 2777 3770 2851 XLVH

2177 2873 2325 2929 Dixit
2351 2882 2532 2929 autem
2563 2874 2666 2929 lsai
2696 2873 2761 2928 ad
2795 2873 2961 2929 David
3006 2873 3175 2929 tilium
3200 2889 3369 2930 suum
3398 2891 3412 2929 :
3444 2874 3641 2944 Accipe
3668 2871 3770 2927 fra-

2178 2967 2352 3022 tribus
2382 2968 2486 3021 tuis
2515 2966 2641 3037 ephi
2673 2964 2752 3039 th.
2787 2965 2961 3039 Epha]
2996 2967 3256 3037 poleutm,
3291 2975 3351 3022 et
3380 2967 3573 3023 decem
3616 2979 3773 3036 panes

2177 3059 2261 3114 ist:
2287 3075 2337 3122 s,
2365 3068 2419 3112 et
2446 3073 2608 3113 curre
2660 3058 2713 3112 in
2762 3068 2944 3113 castra
2989 3057 3058 3112 ad
3088 3056 3294 3114 fratres
3329 3067 3478 3126 tuos,
3512 3066 3568 3114 et
3594 3055 3771 3113 decem

460 3148 588 3205 Saul
618 3147 685 3203 ad
718 3148 843 3212 ls:ti,
876 3147 1104 3203 dicens:
1129 3147 1249 3203 Stet
1275 3146 1447 3202 David
1482 3147 1537 3202 in
1582 3160 1877 3216 conspecm
1905 3166 2026 3205 meo
2056 3169 2071 3206 :
2097 3190 2144 3253 C
2178 3152 2459 3207 l'ounellas
2490 3151 2637 3206 casei
2664 3150 2761 3206 has
2789 3149 3008 3206 deferes
3030 3150 3157 3223 [ms.
3180 3150 3356 3224 defer]
3386 3151 3452 3206 ad
3482 3151 3771 3219 tribunum,

430 3230 671 3297 Iinvenit
696 3240 841 3296 enim
874 3240 1106 3310 gratiam
1142 3240 1193 3295 in
1226 3240 1400 3296 oculis
1429 3240 1587 3296 meis.
1619 3239 1786 3310 Igitur
1825 3243 2071 3312 quando-

457 3349 692 3405 cumque
715 3332 1015 3403 arripiebat
1036 3333 1275 3401 Spiritus
1295 3331 1444 3388 l"Dei
1475 3332 1626 3397 Saul,
1652 3334 1876 3389 tollebat
1904 3333 2070 3390 David

459 3426 752 3490 citharam,
782 3436 836 3479 et
860 3424 1207 3494 percutiebat
1233 3440 1394 3478 manu
1425 3440 1541 3491 sua,
1575 3434 1625 3479 et
1666 3424 2074 3481 rt-l‘ucillabatur

460 3516 593 3571 Saul
619 3556 634 3580 ,
665 3525 721 3570 et
761 3515 934 3570 levius
966 3515 1223 3570 habebat.
1253 3512 1569 3570 Recedehat
1596 3515 1737 3570 enim
1770 3517 1837 3571 ah
1868 3533 1933 3572 eo
1961 3519 2074 3587 spi-

465 3611 606 3664 ritus
628 3608 824 3662 malus.

536 3699 621 3771 ['l‘.
659 3698 841 3764 κων,
873 3698 1001 3770 Cap.
1032 3696 1221 3769 XVII.]
1257 3695 1669 3770 Congregantes
1691 3709 1869 3756 autem
1897 3701 2062 3758 Pbili-

462 3794 626 3850 SIhim
650 3792 865 3863 agmina
887 3807 983 3846 sua
1015 3793 1066 3845 in
1101 3792 1371 3862 prmlium,
1404 3801 1777 3848 convenerunt
1807 3796 1859 3849 in
1887 3805 1909 3833 ε
1940 3794 2074 3850 Soc-

465 3884 763 3951 choJudrc,
789 3895 842 3940 et
865 3886 1233 3939 eastrametati
1258 3894 1382 3938 sunt
1400 3885 1545 3941 inter
1562 3885 1777 3941 Soeebo
1797 3896 1854 3943 et
1875 3891 2070 3955 Azcca,

465 3977 522 4032 in
556 3975 761 4032 tinibus
785 3974 1056 4030 Dotutnim
1088 3974 1166 4045 [IL
1188 3975 1498 4049 Dantmiui].
1534 3977 1703 4034 Porro
1734 3978 1858 4035 Saul
1889 3981 2071 4036 et‘viri

465 4066 652 4139 [ναις.
692 4064 813 4137 filii]
841 4066 1006 4121 lsracl
1038 4067 1350 4136 congregati
1379 4069 1719 4124 vencrnntin
1742 4070 1937 4126 vallem
1969 4071 2072 4127 Te-

464 4157 733 4225 rebintbi,
760 4167 815 4212 et
847 4155 1169 4212 direxerant
1197 4158 1371 4212 aciem
1402 4156 1468 4212 ad
1504 4160 1852 4230 pugnandum
1881 4172 2071 4218 contra

466 4249 810 4306 Pbilistbim.
858 4249 927 4324 Et
955 4249 1259 4304 Phillsthfm
1299 4252 1514 4306 Stabant
1539 4268 1701 4323 super
1728 4265 1966 4312 montem
1999 4273 2070 4313 ex

464 4344 569 4399 hac
622 4354 794 4416 parte.
828 4351 881 4398 et
911 4343 1078 4398 Israel
1130 4344 1315 4398 stabat
1340 4359 1503 4415 super
1531 4355 1771 4403 montem
1802 4365 1869 4405 ex
1900 4351 2071 4407 altera

463 4448 642 4509 parte,
693 4436 957 4509 vallisque
995 4447 1114 4492 erat
1164 4439 1309 4493 inter
1338 4454 1454 4493 eos.
1490 4439 1553 4495 Et
1591 4456 1844 4512 egressus
1875 4453 1958 4498 est
1987 4446 2072 4502 vir

2176 3260 2225 3302 et
2261 3246 2453 3301 fratres
2485 3256 2606 3299 tuos
2634 3245 2904 3308 visitabis,
2943 3246 2986 3298 si
3020 3254 3167 3299 recte
3197 3255 3408 3315 agant:
3440 3254 3642 3301 etcum
3669 3244 3779 3315 qui-

2174 3339 2277 3394 bus
2307 3337 2544 3393 ordinati
2589 3349 2741 3403 sunt,
2790 3338 2965 3393 disce.
2999 3338 3127 3393 Saul
3158 3346 3353 3392 autem
3405 3336 3487 3407 th.
3537 3336 3595 3392 Si
3640 3343 3778 3393 recte

2174 3439 2366 3499 agant,
2401 3442 2454 3484 et
2482 3431 2707 3500 pignora
2738 3444 2927 3484 eorum
2962 3429 3138 3485 tolles.
3175 3425 3314 3485 Saul
3347 3428 3585 3500 autem],
3613 3439 3664 3483 et
3686 3425 3775 3493 illi,

2173 3535 2229 3580 et
2272 3538 2462 3579 omnes
2510 3522 2606 3578 titii
2639 3521 2806 3578 Israel
2846 3523 2901 3578 in
2934 3522 3076 3577 valle
3108 3516 3442 3578 Tercbinthi
3476 3518 3781 3592 pugnabant

2171 3618 2464 3675 adversum
2494 3617 2831 3673 Pbilistbim.
2881 3616 3136 3674 Surrexit
3162 3617 3358 3689 itaque
3387 3616 3560 3673 David
3608 3629 3779 3680 mane,

2175 3725 2226 3767 et
2275 3710 2682 3766 commendavit
2732 3725 2957 3781 gregem
3005 3710 3254 3777 custodi,
3282 3719 3343 3766 et
3372 3719 3608 3765 onustus
3634 3706 3778 3771 abiit,

2172 3806 2313 3861 sicut
2344 3813 2681 3874 praeceperat
2710 3803 2761 3859 ei
2793 3801 2920 3859 lsai.
2956 3803 3023 3858 Et
3053 3804 3203 3858 venit
3233 3803 3306 3859 ad
3340 3804 3532 3860 locum
3562 3800 3780 3873 blagala,

2172 3906 2230 3952 et
2254 3896 2320 3952 ad
2352 3896 2675 3961 exercitum,
2705 3896 2794 3966 qui
2828 3910 3085 3966 egressus
3124 3894 3193 3950 ad
3230 3912 3482 3968 pugnam
3525 3893 3783 3952 vocifera-

2173 3998 2258 4044 tus
2286 3999 2406 4044 erat
2447 3988 2499 4043 in
2526 3990 2852 4043 certamine.
2881 3987 3166 4045 Direxerat
3198 3991 3355 4044 enim
3391 3991 3570 4046 aciem
3601 3987 3784 4049 Israel,

2171 4081 2269 4137 sed
2315 4090 2371 4137 et
2414 4081 2725 4137 Philisthitn
2768 4097 2833 4138 ex
2885 4083 3115 4139 adverso
3173 4083 3407 4140 fuerant
3474 4080 3783 4155 prmparati.

2170 4173 2567 4243 Derelinqueus
2611 4188 2743 4243 ergo
2776 4173 2942 4228 David
2991 4190 3139 4238 vasa,
3189 4192 3322 4247 qua:
3354 4176 3649 4245 attulerat,
3692 4171 3788 4229 sub

2171 4280 2336 4321 manu
2368 4264 2611 4322 cusmdis
2644 4265 2711 4321 ad
2743 4266 3011 4333 sarcinas,
3053 4270 3306 4323 cucurrit
3348 4269 3419 4324 ad
3461 4271 3646 4324 locum
3677 4280 3790 4321 cer-

2172 4359 2415 4425 taminis,
2446 4369 2505 4416 et
2548 4356 2927 4428 interrogabat
2969 4358 3014 4413 si
3066 4360 3256 4414 omnia
3310 4370 3475 4418 recte
3504 4368 3793 4432 agerentur

2170 4466 2301 4524 erga
2348 4453 2547 4508 fratres
2602 4465 2752 4505 suos.
2806 4448 3055 4521 Cutnque
3102 4449 3287 4507 adhuc
3345 4453 3447 4509 ille
3477 4453 3791 4524 loqueretur

461 4532 684 4599 Spurius
726 4532 795 4587 de
843 4532 1040 4585 castris
1074 4530 1557 4611 l’biliSthiuorum,
1595 4536 1814 4593 nomine
1849 4537 2063 4607 Goliat,
2096 4546 2274 4642 Deis,
2331 4542 2583 4614 apparuit
2625 4542 2710 4596 vir
2761 4542 2851 4598 ille
2896 4540 3113 4612 spurius
3159 4543 3524 4611 ascendens,
3580 4541 3790 4601 Gzllalll

461 4626 532 4679 de
561 4624 725 4691 Gelli,
759 4624 1063 4681 altitudinis
1093 4639 1185 4679 Sex
1214 4626 1520 4682 cubitorum
1549 4639 1602 4684 et
1635 4629 1833 4701 palmo,
1861 4640 1917 4688 et
1938 4648 2062 4690 eas-

463 4720 542 4775 sis
587 4735 728 4774 terea
775 4733 941 4787 super
984 4730 1147 4788 caput
1178 4721 1316 4785 ejus,
1349 4732 1404 4775 et
1444 4722 1612 4778 lorica
1640 4720 1666 4760 ιι
1717 4725 1933 4781 hamata
1985 4727 2063 4800 [ιι.

459 4810 764 4882 squamata]
813 4811 1159 4867 induebatur.
1195 4812 1367 4867 Porro
1419 4816 1630 4885 pondus
1676 4816 1861 4873 lorica:
1915 4818 2066 4891 ejus,

459 4903 703 4973 quinque
733 4901 897 4957 millia
927 4904 1186 4960 sielorum
1217 4905 1364 4973 teris,
1396 4914 1447 4960 et
1471 4922 1663 4965 ocreas
1693 4925 1865 4966 aereas
1894 4910 2065 4969 hahe-

458 4993 554 5047 bat
596 4992 650 5047 in
682 4993 959 5060 cruribus,
992 5005 1045 5049 et
1087 4994 1315 5066 clypeus
1341 5011 1520 5052 terens
1561 4999 1772 5068 tegebat
1806 5000 2068 5060 humeros

458 5085 599 5154 ejus.
629 5085 836 5142 ilastile
861 5097 1039 5143 autem
1065 5087 1232 5143 hasta:
1254 5087 1393 5157 ejus,
1419 5098 1538 5147 erat
1555 5093 1707 5161 quasi
1734 5091 2060 5153 liciatorium

529 5246 556 5276 ἰ
586 5238 787 5315 Vitiosa
812 5238 1388 5315 metathcsiscriptum
1419 5254 1536 5300 erat
1567 5259 1746 5315 antea,
1775 5259 1822 5303 et
1851 5252 1906 5305 in
1932 5252 2058 5305 reli-

452 5327 613 5382 quum
637 5308 921 5382 ardceitlla.
955 5311 1052 5365 Ms.
1086 5308 1386 5368 Vernncns.
1423 5319 1700 5374 emendat.

532 5381 557 5457 ιξ
586 5381 1500 5457 Vulgati,_quomlocumquespiritus
1529 5386 1743 5444 Domini
1769 5393 1933 5449 malus
1963 5413 2054 5451 ar-

454 5454 673 5532 ripiebat
702 5452 838 5507 Saul
860 5470 879 5507 :
912 5452 1120 5532 longius
1150 5455 1217 5509 ab
1248 5452 1421 5511 Ilébm
1442 5473 1474 5512 0
1507 5469 1676 5529 textu,
1712 5463 1800 5532 qui
1831 5462 1918 5520 hic
1945 5483 2051 5522 non

446 5526 600 5580 atldit
621 5534 797 5589 nyﬁn.
825 5521 1009 5577 mulus.

525 5610 546 5635 ε
580 5600 903 5678 (ξειιιειειηιριο
945 5594 1102 5650 eﬂert
1130 5596 1438 5678 vei-monens.
1482 5604 1887 5678 _ms.__Socchol,
1921 5625 2050 5678 prn-

443 5667 569 5795 f’ius
603 5667 765 5723 llehr.
796 5678 910 5728 mp
941 5683 953 5719 :
995 5684 1115 5731 qua:
1141 5676 1194 5722 et
1225 5669 1552 5740 Symmacho
1575 5675 1773 5731 dicitur
1793 5667 2040 5753 Σοῄὠθ.

488 5740 613 5795 aulo
640 5753 853 5795 uuouuc
901 5749 1022 5795 rost
1053 5754 1119 5795 ex
1149 5740 1339 5795 eodem
1371 5758 1472 5795 ms.
1506 5743 1766 5795 Dmnmim
1794 5740 2040 5795 nrrrn'nn-

488 5740 613 5796 aulo
640 5753 853 5816 quoque
899 5749 1022 5815 post
1053 5754 1119 5799 ex
1149 5740 1339 5801 eodem
1371 5758 1472 5804 tus.
1506 5743 1766 5804 Dommim
1794 5740 2040 5829 cu'tii'ge-

2171 4636 2392 4693 nomine
2421 4635 2794 4703 Pnitisthaeus,
2822 4634 2891 4690 de
2917 4633 3080 4693 Geth.
3109 4649 3173 4689 ex
3204 4638 3418 4693 castris
3447 4637 3532 4710 [h.
3563 4653 3628 4692 ex
3656 4634 3789 4704 acie]

2167 4727 2618 4784 Philisthinorum
2647 4744 2659 4781 :
2689 4737 2744 4783 et
2783 4729 3039 4797 loquente
3079 4741 3148 4783 eo
3176 4727 3303 4784 hanc
3355 4730 3562 4786 eadem
3609 4728 3789 4789 verba,

2167 4822 2375 4877 audivit
2417 4821 2604 4876 David.
2638 4820 2843 4877 Omnes
2879 4831 3064 4877 autem
3106 4821 3414 4893 Israelitae,
3460 4839 3590 4878 cum
3633 4821 3794 4877 vidis-

2171 4923 2294 4969 scnt
2339 4914 2536 4981 virum,
2590 4911 2846 4986 fugerunt
2883 4927 2913 4967 a
2958 4912 3098 4969 l‘acie
3144 4913 3294 4983 ejus,
3354 4911 3631 4970 timentes
3675 4927 3793 4969 eum

2172 5007 2254 5080 [ιι.
2289 5024 2399 5063 non
2429 5007 2610 5077 habet,
2645 5006 2793 5080 eum]
2819 5007 3000 5064 valde.
3044 5007 3115 5063 Et
3143 5005 3282 5061 dixit
3332 5024 3486 5065 unus
3525 5007 3792 5080 quispiam

2128 5096 2240 5156 'de
2285 5096 2652 5156 IsraelzNum
2684 5098 2897 5156 vidistis
2945 5102 3120 5157 virum
3154 5097 3314 5156 hunc
3364 5100 3468 5173 qui
3516 5097 3797 5158 ascendit?

2171 5256 2321 5311 mino
2347 5274 2399 5310 m
2428 5257 2793 5325 reposuimus.
3354 5318 3355 5321 η

2238 5326 2263 5365 ιι
2305 5327 2548 5397 Utraque
2595 5330 2758 5384 lectio
2807 5329 2930 5387 huic
2974 5329 3275 5387 sentcntiae
3322 5336 3645 5391 convenit:
3678 5348 3799 5388 nam

2166 5399 2368 5468 milites
2416 5401 2705 5454 utebantur
2750 5417 2805 5456 et
2852 5402 3182 5468 squamatis,
3211 5413 3275 5458 et
3304 5403 3559 5460 hamatis
3588 5406 3794 5461 loricis.

2163 5467 2300 5525 lianc
2324 5469 2788 5544 apudiltrgilium,
2811 5467 2911 5525 nec
2936 5471 3133 5544 duplici
3160 5490 3406 5544 squama
3438 5478 3639 5544 lorica,
3666 5486 3796 5542 elc.;

2159 5552 2217 5595 et
2264 5556 2278 5595 t
2305 5540 2597 5606 IEueidos,
2623 5545 2841 5617 loricam
2868 5540 3159 5597 consertam
3192 5541 3419 5613 Itaiuis,
3469 5560 3585 5606 etc.
3619 5540 3797 5617 Sqnaé

2159 5626 2265 5667 ma:
2301 5622 2481 5668 autem
2507 5657 2521 5679 ,
2572 5625 2627 5669 et
2654 5615 2797 5669 hami
2824 5615 3115 5670 loricarum
3138 5655 3152 5679 ,
3200 5620 3505 5674 catenulm
3530 5615 3697 5675 erant
3727 5617 3795 5672 ad

2155 5684 2376 5765 inodum
2408 5699 2759 5765 squamarum
2791 5696 2951 5755 atque
2980 5683 3273 5743 hamorum
3296 5731 3312 5760 ,
3359 5689 3417 5747 in
3455 5697 3541 5748 eis
3568 5707 3800 5765 compo-

2147 5754 2270 5812 sitae
2302 5765 2352 5815 et
2384 5766 2671 5816 consertae.
2699 5754 2876 5815 Mulir.
