4144 6364
367 366 471 425 595

1686 366 1885 423 LIBER
1925 365 1945 422 ι
1982 363 2348 428 SAMUELIS.

3562 371 3670 433 θοι

366 484 431 540 ad
462 485 899 557 cxprobrandum
930 484 1074 539 enim
1105 483 1290 540 lsraeli
1316 481 1587 538 ascendit.
1614 482 1802 538 Virum
1831 498 1961 553 ergo
1988 482 2039 544 Α
2069 484 2309 541 listbacus
2336 532 2348 555 ,
2403 496 2453 543 et
2502 488 2735 545 vidisset
2786 487 2948 542 David
2979 530 2991 553 ,
3045 487 3293 561 despexit
3338 504 3481 545 eum.
3539 489 3673 544 Erat

367 580 455 650 qui
506 579 846 649 percusserit
889 594 1039 644 eum,
1088 577 1291 633 ditabit
1342 593 1441 632 rex
1494 576 1696 631 divitiis
1729 577 1962 647 magnis,

368 680 422 725 et
447 670 617 726 filiam
650 686 802 725 suam
830 669 979 725 dabit
1012 670 1085 737 ei,
1116 678 1171 725 et
1202 670 1423 725 domum
1458 670 1629 740 patris
1656 670 1772 738 ejus
1802 669 1965 724 faciet

369 764 572 832 absque
619 762 819 818 tributo
862 762 916 816 in
966 762 1133 817 Israel
1183 761 1261 828 [h.
1295 770 1350 815 et
1380 761 1599 815 demum
1647 761 1816 831 patris
1845 760 1964 829 ejus

269 890 278 896 κ
370 855 535 911 faciet
589 856 816 910 liberam
860 856 910 908 in
942 854 1153 926 Israel].
1188 854 1271 926 ['I‘.
1308 853 1544 926 XLVII]
1579 855 1639 909 Et
1690 853 1763 907 ait
1796 853 1963 909 David

366 949 430 1004 ad
458 950 629 1017 viros,
678 949 767 1019 qui
814 947 1030 1003 stabant
1076 963 1287 1017 secum,
1318 948 1544 1003 dicens:
1574 948 1712 1016 Quid
1747 947 1966 1001 dabitur

365 1042 483 1097 viro
514 1041 595 1114 [h.
628 1040 766 1109 Quid
795 1041 887 1095 fiet
912 1040 1078 1112 vim].
1108 1042 1197 1113 qui
1230 1041 1560 1110 percusserit
1586 1040 1961 1096 I'hilisdtteum

366 1134 535 1199 hunc,
560 1145 614 1189 et
640 1134 827 1189 tulerit
856 1134 1208 1204 opprobrium
1233 1134 1301 1189 de
1328 1133 1537 1190 Israel?
1564 1136 1684 1205 quis
1711 1144 1791 1188 est
1819 1135 1962 1189 enim

367 1228 453 1283 hic
474 1227 830 1283 Philisthmus
862 1227 1296 1292 incircumcisus,
1325 1230 1412 1297 qui
1444 1227 1797 1296 exprobravit
1819 1227 1965 1283 acies

368 1321 460 1375 Dei
494 1320 763 1376 viventis?
795 1320 1090 1376 Referebat
1134 1330 1316 1378 autent
1361 1324 1409 1376 ei
1451 1323 1684 1394 populus
1712 1323 1962 1379 eumdem

364 1429 699 1481 sermonem,
749 1414 939 1470 dicens
984 1432 996 1469 :
1047 1415 1169 1468 llcec
1214 1415 1490 1470 dabuntur
1529 1416 1605 1487 [h.
1657 1416 1772 1471 haec
1812 1415 1964 1488 lient]

364 1509 502 1577 viro,
537 1508 632 1579 qui
662 1507 999 1577 percusserit
1024 1521 1168 1561 eum.
1201 1507 1355 1575 Quod
1386 1523 1506 1562 cum
1539 1508 1783 1563 audisset
1809 1508 1965 1564 Eliah

365 1599 534 1655 frater
562 1599 680 1670 ejus
720 1599 919 1669 major,
955 1599 1211 1669 loquente
1239 1614 1304 1653 eo
1337 1614 1460 1654 cum
1502 1598 1645 1667 aliis,
1682 1600 1852 1653 iratus
1882 1609 1968 1655 est

364 1703 556 1748 contra
590 1692 777 1757 David,
813 1702 865 1747 et
896 1692 970 1746 ait
997 1709 1009 1745 :
1035 1692 1215 1760 Quare
1254 1692 1481 1755 venisti,
1523 1702 1573 1748 et
1615 1707 1781 1763 quare
1810 1692 1966 1747 dere-

363 1784 571 1855 quuisti
630 1784 889 1853 pauculas
937 1799 1066 1839 oves
1116 1783 1233 1836 illas
1292 1783 1347 1837 in
1398 1782 1651 1837 deserto?
1694 1799 1794 1854 ego
1842 1784 1964 1839 novi

2068 581 2211 632 enim
2238 580 2580 649 adolescens,
2608 581 2783 647 rufus,
2813 592 2866 636 ct
2898 581 3126 651 pulcher
3151 593 3399 652 aspectu.
3435 583 3500 637 Et
3528 583 3665 638 dixit

2068 671 2417 729 Philistbmus
2465 675 2531 729 ad
2580 674 2747 729 David
2792 694 2804 730 :
2847 677 3119 748 Numquid
3165 692 3266 749 ego
3310 677 3463 732 canis
3513 693 3656 741 smn,

2068 767 2211 835 quod
2245 775 2298 822 tu
2329 768 2482 823 venis
2512 769 2576 823 ad
2618 785 2704 824 me
2734 784 2857 825 cum
2893 771 3084 826 baculo
3115 771 3193 844 [h.
3239 786 3359 825 cum
3394 770 3662 841 baculis]?

2071 857 2138 913 Et
2170 860 2449 915 maledixit
2483 860 2834 917 Philisthmus
2866 863 3033 918 David
3083 864 3136 917 in
3187 862 3290 917 diis
3322 863 3476 917 suis:
3506 861 3669 915 dixit-

2068 968 2172 1020 que
2202 952 2267 1005 ad
2304 952 2466 1007 David
2519 972 2531 1007 :
2578 953 2716 1009 Veni
2769 953 2837 1008 ad
2887 970 2993 1022 me,
3047 962 3102 1009 ct
3131 953 3272 1007 dabo
3300 967 3496 1007 carnes
3546 961 3666 1005 tuas

2066 1045 2378 1100 volatilibus
2412 1046 2532 1099 coeli
2566 1057 2622 1101 et
2652 1047 2843 1102 bestiis
2875 1054 3035 1102 terra:
3077 1046 3157 1118 [h.
3194 1044 3354 1116 agri].
3388 1042 3534 1098 Dixit
3573 1059 3669 1096 au-

2070 1147 2179 1193 tem
2212 1139 2380 1193 David
2410 1139 2476 1194 ad
2510 1140 2891 1197 I’hilisthteum
2942 1158 2953 1194 :
3002 1140 3082 1195 Tu
3114 1139 3269 1194 venis
3313 1139 3378 1193 ad
3426 1154 3511 1193 me
3541 1152 3665 1191 eum

2066 1231 2268 1302 gladio,
2299 1241 2353 1285 et
2384 1232 2563 1299 basta,
2594 1243 2648 1288 et
2674 1234 2869 1305 clypeo
2917 1251 2929 1286 :
2980 1248 3080 1304 ego
3119 1242 3297 1287 autem
3330 1230 3491 1284 venio
3519 1229 3584 1283 ad
3618 1239 3672 1283 te

2068 1325 2120 1379 in
2155 1326 2375 1381 nomine
2407 1326 2619 1381 Domini
2646 1326 3012 1394 exercituum,
3040 1326 3139 1381 Dei
3166 1325 3442 1394 agminum
3469 1324 3667 1389 Israel,

2066 1418 2261 1489 quibus
2289 1418 2650 1488 exprobrasti.
2693 1418 2862 1474 IIodie
2888 1417 2916 1456 ι)
2950 1418 3102 1473 dabit
3130 1418 3211 1491 [h.
3248 1416 3449 1490 tradet]
3479 1425 3530 1469 te
3565 1415 3668 1468 Do-

2068 1511 2250 1567 minus
2281 1510 2334 1564 in
2368 1526 2527 1566 manu
2558 1526 2674 1566 mea
2706 1552 2720 1576 ,
2773 1520 2825 1565 et
2853 1516 3159 1581 percutiam
3200 1520 3251 1565 te
3278 1551 3291 1573 ,
3341 1518 3394 1563 et
3423 1507 3664 1562 auferant

2069 1613 2230 1672 caput
2261 1612 2408 1656 tuum
2436 1618 2465 1656 a
2498 1612 2569 1661 te.
2604 1611 2660 1658 et
2685 1602 2826 1657 dabo
2865 1602 3131 1659 cadavera
3163 1611 3465 1658 castrorum
3494 1601 3663 1656 Phili-

2068 1693 2234 1747 sthim
2263 1692 2425 1748 hodie
2454 1693 2763 1749 volatilibus
2810 1694 2976 1759 coeli,
3025 1706 3080 1750 et
3112 1695 3302 1749 bestiis
3348 1704 3508 1748 terra:
3553 1710 3564 1746 :
3612 1702 3674 1750 tt

2069 1785 2207 1841 sciat
2236 1786 2415 1839 omnis
2445 1793 2613 1852 terra,
2644 1788 2768 1855 quia
2809 1796 2891 1841 est
2923 1788 3065 1841 Deus
3097 1790 3148 1840 in
3183 1786 3371 1841 Israel.
3408 1786 3475 1839 Et
3502 1801 3671 1840 nove-

363 1876 676 1945 supcrbiam
727 1886 896 1939 tuam,
930 1882 985 1929 et
1032 1875 1325 1945 nequitiam
1376 1874 1557 1930 cordis
1606 1874 1706 1943 tui,
1749 1877 1874 1945 quia
1907 1886 1964 1931 ttt
1994 1879 2041 1939 Β
2070 1877 2142 1932 rit
2173 1876 2425 1931 universa
2458 1877 2692 1931 ecclesia
2739 1877 2874 1945 haec,
2932 1879 3058 1948 quia
3090 1894 3197 1933 non
3231 1878 3284 1932 in
3317 1877 3518 1946 gladio,
3566 1890 3670 1932 nec.

362 1969 582 2024 videres
616 1968 885 2038 prmlium,
919 1967 1272 2022 descendiSIi.
1310 1967 1377 2021 Et
1408 1967 1549 2023 dixit
1583 1968 1753 2023 David
1783 1987 1793 2021 :
1820 1969 1961 2035 Quid

364 2061 503 2117 feci?
550 2061 808 2133 numquid
854 2077 959 2116 non
990 2061 1214 2116 verbum
1249 2062 1369 2116 est?
1400 2062 1466 2116 Et
1505 2061 1796 2116 declinavit
1825 2077 1962 2133 pau-

364 2156 534 2210 lulum
567 2154 635 2209 ab
663 2170 727 2210 eo
750 2154 817 2209 ad
848 2154 1012 2209 alium
1037 2171 1049 2207 :
1074 2152 1319 2223 dixitque
1341 2153 1592 2209 eumdem
1627 2169 1960 2209 sermonem.

366 2250 433 2304 Et
470 2249 753 2320 respondit
792 2249 839 2304 ei
883 2247 1116 2319 populus
1142 2247 1366 2303 verbum
1399 2251 1540 2303 sicut
1568 2257 1623 2303 et
1655 2248 1821 2319 prius.
1856 2252 1967 2303 Att-

364 2343 477 2399 dita
524 2352 651 2398 sunt
697 2355 879 2399 autem
922 2343 1093 2417 verba
1116 2383 1132 2410 ,
1184 2358 1306 2415 quas
1335 2343 1546 2399 locutus
1579 2353 1661 2399 est
1690 2343 1877 2410 David,
1909 2351 1968 2399 et

365 2437 683 2491 anuuntiata
717 2437 770 2491 in
802 2446 1100 2507 conspectu
1134 2436 1284 2493 Saul.
1319 2436 1399 2501 Ad
1432 2453 1592 2508 quem
1624 2453 1747 2493 cum
1778 2435 1968 2493 fuisset

366 2530 633 2586 adductus
659 2573 674 2595 ,
722 2530 936 2585 loeutus
984 2538 1067 2584 est
1100 2530 1146 2584 ei
1177 2548 1190 2584 :
1226 2528 1340 2585 Non
1373 2529 1626 2585 concidat
1655 2543 1750 2584 cor
1781 2530 1965 2599 cujus-

367 2638 527 2692 quam
561 2624 614 2678 itt
647 2638 712 2678 eo
743 2641 754 2677 :
784 2637 885 2694 ego
935 2622 1014 2695 [h.
1046 2637 1155 2678 non
1195 2622 1382 2689 habet,
1434 2622 1558 2695 ego]
1611 2638 1801 2678 servus
1844 2632 1967 2679 tuus

368 2715 602 2780 vadam,
652 2723 707 2771 et
754 2716 1007 2787 pugnabo
1057 2715 1323 2771 adversus
1353 2715 1747 2772 Philisthmum.
1795 2718 1863 2772 Et
1891 2716 1969 2773 ait

369 2805 499 2861 Saul
539 2806 606 2860 ad
637 2806 805 2861 David
832 2822 844 2858 :
876 2806 990 2862 Non
1022 2807 1171 2863 vales
1210 2807 1470 2863 resistere
1512 2807 1826 2864 Pbilisdraeo
1855 2809 1966 2877 isti,

368 2916 468 2956 nec
496 2915 737 2971 pugnare
767 2899 1034 2956 adversus
1058 2916 1180 2956 eum
1208 2919 1220 2953 :
1247 2901 1375 2973 quia
1404 2917 1540 2972 puer
1565 2917 1645 2969 es,
1670 2903 1757 2958 hic
1784 2912 1965 2959 autem

364 2991 453 3046 vir
480 2992 715 3048 bellator
743 3001 827 3049 est
855 2993 922 3048 ab
962 2992 1334 3049 adolescentia
1366 3011 1485 3050 sua.
1519 2994 1772 3067 Dixitque
1802 2997 1968 3053 David

366 3085 437 3141 ad
482 3086 609 3142 Saul
657 3104 670 3141 :
714 3086 981 3143 Pascebat
1009 3102 1201 3142 servus
1232 3098 1355 3142 tuus
1400 3090 1569 3155 patris
1610 3090 1694 3144 sui
1723 3105 1965 3160 gregem,

367 3186 427 3234 et
471 3178 725 3236 veniebat
778 3180 889 3247 leo,
938 3180 1022 3235 vel
1050 3195 1233 3247 ursus,
1264 3181 1606 3252 tollebatque
1635 3183 1867 3239 arietem
1901 3184 1969 3239 de

2069 1973 2122 2028 in
2155 1973 2308 2026 hasta
2359 1972 2533 2026 salvat
2559 1972 2817 2027 Dominus
2849 1988 2863 2026 :
2898 1971 3068 2043 ipsius
3114 1981 3197 2027 cst
3244 1971 3388 2025 enim
3441 1970 3668 2034 bellum,

2069 2076 2122 2122 et
2171 2064 2349 2119 tradet
2397 2079 2493 2118 vos
2525 2064 2578 2118 in
2610 2079 2806 2119 manus
2842 2074 3081 2119 nostras.
3124 2060 3257 2119 Cum
3303 2078 3440 2133 ergo
3489 2078 3674 2117 surrc-

2070 2158 2240 2213 xisset
2284 2157 2672 2224 Philisthrcus,
2722 2165 2775 2213 et
2820 2157 3065 2223 veniret,
3110 2166 3165 2211 et
3215 2155 3677 2226 apprOpinquaret

2068 2263 2256 2309 contra
2287 2252 2476 2316 David,
2527 2253 2806 2307 festinavit
2834 2251 3024 2319 David,
3062 2261 3115 2304 et
3142 2250 3380 2306 cucurrit
3408 2248 3517 2322 [ΑΙ.
3549 2264 3676 2303 eur—

2070 2347 2161 2420 rit]
2192 2348 2256 2400 ad
2291 2361 2524 2417 pugnam
2558 2362 2621 2399 ex
2652 2344 2888 2400 adverso
2918 2343 3243 2399 Philisthtei.
3279 2344 3342 2398 Et
3372 2342 3520 2398 misit
3550 2356 3671 2396 ma-

2070 2455 2195 2495 num
2245 2452 2401 2493 suam
2456 2438 2509 2492 in
2557 2452 2786 2508 peram:
2817 2437 3050 2507 tulitque
3099 2450 3266 2490 unum
3311 2434 3570 2505 lapidem,
3615 2442 3671 2488 et

2069 2533 2231 2588 funda
2264 2532 2393 2603 jecit
2433 2549 2489 2587 et
2528 2530 2714 2604 [ναις.
2746 2532 2869 2586 add.
2903 2530 3340 2602 circumducens]
3382 2530 3658 2600 percussit

2072 2626 2446 2683 Philisthmum
2479 2626 2531 2681 in
2562 2627 2764 2692 fronte,
2790 2636 2845 2679 et
2872 2625 3072 2680 infixus
3101 2634 3185 2681 est
3214 2625 3351 2689 lapis
3384 2624 3438 2679 in
3478 2623 3663 2679 fronte

2070 2720 2216 2790 ejus,
2252 2726 2307 2773 et
2356 2718 2554 2773 cecidit
2604 2717 2657 2772 in
2712 2718 2905 2773 faciem
2957 2733 3110 2771 suam
3160 2718 3212 2771 in
3259 2715 3389 2787 [Ms.
3423 2724 3470 2770 et
3506 2716 3667 2782 Vulg.

2069 2812 2253 2886 super]
2295 2821 2521 2867 terram.
2563 2810 2962 2881 Prmvalnitque
3002 2809 3171 2865 David
3211 2810 3472 2863 adversus
3502 2808 3672 2861 Phili-

2071 2906 2299 2960 sthteum
2332 2904 2384 2959 in
2420 2903 2585 2958 funda
2613 2916 2667 2958 et
2701 2904 2755 2957 in
2786 2902 2965 2973 lapide
2992 2922 3003 2956 :
3034 2916 3463 2971 percussamque
3501 2899 3673 2954 Phili-

2071 2997 2304 3053 sthzeum
2339 2995 2629 3052 interfecit.
2668 2995 2912 3065 Cumque
2942 2994 3179 3065 gladium
3213 3010 3319 3049 non
3350 2993 3579 3047 haberet
3616 2993 3672 3047 in

2073 3106 2237 3145 manu
2270 3090 2467 3155 David,
2509 3088 2774 3153 cucurrit,
2806 3097 2863 3141 ct
2897 3087 3049 3142 stetit
3076 3101 3241 3161 super
3271 3085 3671 3151 Philistbreum,

2072 3192 2127 3238 et
2156 3182 2276 3237 tulit
2306 3180 2548 3251 gladium
2582 3179 2723 3250 ejus,
2755 3187 2810 3233 et
2849 3177 3041 3233 eduxit
3077 3192 3202 3234 eum
3230 3176 3299 3232 de
3326 3178 3517 3244 vagina
3549 3189 3673 3240 sua,

368 3272 552 3329 medio
591 3272 770 3343 gregis
797 3291 809 3325 :
834 3282 889 3328 et
928 3273 1293 3344 persequebar
1330 3290 1448 3341 eos,
1490 3284 1544 3329 et
1573 3276 1963 3347 percutiebam,
1994 3259 2041 3325 C
2074 3284 2129 3331 et
2174 3272 2447 3328 interfecit
2489 3286 2634 3339 eum,
2666 3269 3022 3340 praeciditque
3049 3277 3212 3341 caput
3240 3268 3380 3337 ejus.
3414 3266 3674 3321 Videnles

367 3362 739 3434 eruebamque
790 3365 858 3420 de
910 3379 1009 3420 ore
1053 3381 1281 3433 rorum,
1336 3374 1391 3422 et
1440 3367 1515 3422 illi
1569 3369 1972 3439 consurgebant

367 3455 662 3511 adversum
718 3471 804 3511 me
827 3498 841 3520 ,
889 3465 944 3511 et
975 3458 1451 3527 apprehendebam
1484 3466 1726 3516 mentum
1755 3476 1966 3532 eorum,

366 3560 429 3607 et
451 3550 805 3619 suﬂ'ocabam,
834 3552 1342 3624 interficiebamque
1368 3568 1484 3609 eos.
1510 3553 1644 3610 Nam
1672 3567 1729 3613 et
1753 3556 1968 3612 leonem

366 3651 426 3698 et
477 3659 665 3699 ursum
714 3646 963 3700 interfeci
1012 3661 1115 3716 ego
1156 3662 1349 3702 servus
1395 3657 1517 3703 tuus
1567 3648 1642 3721 [h.
1695 3648 1972 3706 Interfecit

368 3752 562 3792 servus
611 3737 919 3811 tuus]:erit
969 3738 1136 3808 igitur
1183 3749 1239 3796 et
1284 3738 1634 3795 Pbilisthaeus
1684 3740 1773 3797 hic
1809 3743 1974 3797 incir-

366 3830 670 3900 cumcisus,
701 3832 855 3900 quasi
897 3846 1035 3886 unus
1064 3848 1132 3886 ex
1161 3832 1241 3887 eis
1266 3848 1279 3885 :
1307 3842 1331 3869 ει
1359 3833 1451 3903 qui
1492 3847 1659 3888 ausus
1690 3842 1775 3889 est
1805 3834 1974 3888 male-

369 3924 559 3980 dicere
602 3924 865 3979 exercitui
899 3924 975 3997 [h.
1011 3924 1350 3994 exprobrare
1379 3924 1704 3997 agminibus]
1759 3925 1851 3980 Dei
1894 3925 1975 3980 vi-

369 4020 573 4075 ventis.
628 4019 697 4074 Et
744 4020 822 4075 ait
870 4018 1081 4074 David:
1115 4017 1375 4073 Dominus
1424 4018 1515 4087 qui
1563 4019 1707 4075 eruit
1760 4034 1848 4074 me
1902 4018 1972 4075 de

369 4125 538 4164 manu
570 4110 769 4176 leonis,
803 4119 859 4166 et
889 4109 959 4166 de
987 4126 1149 4165 manu
1179 4110 1317 4180 ursi,
1353 4110 1470 4180 ipse
1497 4109 1751 4166 liberabit
1778 4125 1866 4165 me
1905 4110 1972 4166 de

366 4217 533 4258 manu
566 4201 868 4257 Philisth:ei
901 4202 1084 4271 hujus.
1124 4203 1276 4258 Dixit
1307 4212 1487 4258 autem
1514 4202 1646 4257 Saul
1673 4202 1739 4257 ad
1766 4202 1969 4257 David:

371 4294 542 4359 Vade.
593 4302 649 4351 et
674 4294 937 4350 Dominus
988 4304 1167 4351 tecum
1208 4295 1304 4351 sit.
1334 4295 1406 4351 Et
1436 4295 1614 4351 induit
1640 4295 1767 4353 Saul
1802 4294 1971 4351 David

368 4391 720 4446 vestimentis
752 4390 890 4454 suis,
930 4398 985 4446 et
1014 4389 1275 4460 imposuit
1309 4389 1520 4460 galeam
1563 4404 1760 4445 aeream
1809 4403 1972 4462 super

368 4491 537 4553 caput
585 4482 728 4552 ejus,
763 4493 816 4538 et
863 4483 1083 4538 vestivit
1109 4498 1233 4539 eum
1279 4483 1468 4539 lorica.
1505 4483 1796 4540 Accinctus
1841 4498 1972 4555 ergo

368 4576 548 4631 David
575 4576 757 4647 gladio
781 4576 902 4647 ejus
930 4591 1096 4648 super
1120 4584 1329 4633 vestem
1361 4591 1537 4645 suam,
1572 4580 1735 4648 erepit
1762 4586 1972 4634 tentare

2076 3374 2253 3421 autem
2287 3362 2619 3431 Philistbim,
2652 3360 2797 3431 quod
2848 3367 3097 3414 mortuus
3144 3367 3291 3415 esset
3338 3355 3675 3411 fortissimus

2074 3456 2152 3529 [h.
2202 3452 2419 3525 potens]
2461 3467 2675 3518 eorum,
2734 3451 3009 3523 fugerunt.
3043 3449 3110 3505 Et
3144 3455 3540 3519 consurgentes
3570 3447 3671 3501 viri

2076 3548 2238 3605 Israel
2287 3557 2341 3603 et
2388 3545 2527 3600 Juda
2577 3543 2856 3601 vociferati
2908 3553 3066 3611 sunt,
3123 3551 3180 3598 et
3226 3540 3495 3612 persecuti
3546 3548 3678 3594 sunt

2073 3638 2425 3696 Philisthaeos
2450 3652 2619 3708 usque
2648 3636 2775 3691 dttm
2807 3634 3053 3693 venirent
3080 3633 3134 3689 in
3166 3632 3388 3699 vallem,
3417 3641 3475 3687 et
3501 3645 3675 3701 usque

2073 3738 2138 3792 ad
2172 3747 2361 3808 portas
2391 3736 2628 3799 Accron,
2661 3732 3087 3803 cecideruntque
3127 3728 3404 3785 vulnerati
3445 3728 3512 3783 de
3538 3726 3673 3782 Phi-

2074 3829 2281 3885 listhim
2311 3827 2367 3882 in
2399 3826 2486 3881 via
2517 3825 2695 3883 Sarim
2730 3840 2904 3896 usque
2931 3825 2997 3880 ad
3029 3823 3192 3894 Geth,
3223 3832 3279 3879 et
3305 3837 3477 3894 usque
3507 3825 3676 3877 Aeca-

2074 3941 2197 3981 ron.
2245 3924 2314 3979 Et
2344 3929 2685 3977 revertentes
2732 3920 2826 3974 lilii
2857 3919 3021 3975 Israel
3065 3927 3351 3990 postquam
3400 3917 3674 3987 persecuti

2073 4011 2695 4075 fueranthilisthaaos,
2747 4011 3067 4067 invaserunt
3095 4020 3275 4065 castra
3314 4022 3527 4064 eorum.
3572 4009 3675 4060 As-

2075 4122 2301 4164 sumens
2325 4114 2504 4161 autem
2536 4103 2705 4160 David
2743 4111 2913 4174 caput
2942 4101 3276 4169 Philisthaai,
3317 4099 3504 4156 attulit
3542 4098 3676 4154 illud

2074 4204 2127 4257 in
2159 4200 2495 4258 Jerusalem:
2522 4211 2672 4252 arma
2701 4212 2833 4251 vero
2862 4196 2985 4266 ejus
3016 4195 3199 4267 posuit
3227 4194 3280 4249 in
3315 4190 3671 4248 tabernaculo

2075 4309 2194 4351 suo.
2256 4292 2336 4348 Eo
2381 4300 2561 4348 autem
2617 4301 2888 4359 tempore,
2942 4303 3050 4359 quo
3100 4286 3309 4342 viderat
3340 4284 3473 4339 Saul
3508 4282 3678 4337 David

2073 4385 2442 4459 egredientem
2475 4394 2665 4441 contra
2689 4381 3088 4446 Philisthteum,
3118 4381 3192 4435 ait
3221 4377 3289 4434 ad
3314 4378 3500 4433 Abner
3525 4375 3679 4445 prin-

2073 4481 2253 4551 cipem
2284 4478 2489 4535 militiae
2519 4494 2533 4531 :
2559 4477 2637 4532 De
2665 4490 2769 4547 qua
2796 4476 2971 4545 stirpe
2996 4472 3280 4530 descendit
3305 4470 3395 4525 hic
3426 4468 3504 4541 [h.
3531 4467 3669 4523 Cum

2076 4582 2256 4629 autem
2294 4571 2506 4628 videret
2533 4569 2663 4625 Saul
2692 4567 2863 4623 David
2902 4566 3275 4637 egredientem
3318 4570 3513 4618 contra
3550 4558 3678 4615 Phi-

368 4671 418 4725 si
449 4681 694 4726 armatus
726 4682 910 4739 posset
932 4670 1211 4739 incedere,
1246 4686 1353 4726 non
1385 4670 1531 4725 enim
1573 4671 1809 4727 habebat
1833 4686 1964 4727 con-
1998 4642 2047 4701 D
2077 4666 2377 4731 Iisthteum,
2429 4663 2508 4717 ait
2553 4660 2622 4716 ad
2653 4660 2839 4716 Abner
2888 4657 3193 4729 principem
3242 4654 3453 4710 militize
3482 4651 3680 4719 :cujus

371 4762 743 4818 suetudinem.
779 4763 1035 4833 Dixitque
1065 4763 1232 4818 David
1271 4762 1341 4817 ad
1380 4763 1509 4818 Saul
1542 4781 1556 4815 :
1589 4762 1705 4818 Non
1745 4778 1968 4833 possum

366 4857 455 4913 sic
482 4856 761 4923 incedere,
794 4857 918 4928 quia
960 4872 1063 4913 nec
1092 4873 1247 4912 usum
1282 4857 1473 4912 habeo.
1510 4857 1576 4912 Et
1604 4857 1856 4927 deposuit
1883 4873 1969 4927 ea,

369 4959 431 5005 et
478 4949 602 5004 tulit
647 4949 904 5005 baculum
949 4966 1130 5015 suum,
1182 4965 1344 5020 quem
1391 4965 1609 5020 semper
1650 4949 1971 5006 habebatin

368 5040 648 5109 manibus,
678 5051 734 5096 et
765 5040 929 5111 elegit
965 5041 1073 5097 sibi
1115 5040 1352 5112 quinque
1393 5041 1807 5111 Iimpidissimos
1837 5042 1971 5113 lapi-

367 5132 473 5188 des
501 5132 568 5187 de
599 5140 866 5198 torrente,
900 5140 954 5188 et
983 5134 1133 5188 misit
1156 5149 1254 5189 eos
1299 5135 1352 5189 in
1404 5150 1587 5205 peram
1620 5135 1969 5204 pastoralem,

368 5239 536 5295 quam
563 5224 799 5280 habebat
826 5239 1040 5291 secum,
1072 5233 1127 5281 et
1153 5225 1371 5281 fundam
1405 5240 1567 5281 manu
1602 5227 1746 5294 tulit,
1777 5236 1825 5282 et
1852 5242 1974 5297 pro-

371 5319 546 5395 οεεεὶι
598 5318 886 5375 adversum
935 5318 1334 5375 Philistbteum.
1395 5319 1512 5375 Ibat
1563 5328 1745 5376 autem
1802 5320 1972 5375 Phili-

370 5412 580 5467 sthaens
609 5412 893 5482 incedens,
916 5421 972 5469 et
1001 5413 1445 5484 appropinquans
1470 5413 1758 5469 adversum
1782 5415 1972 5481 David,

2077 4768 2165 4815 est
2210 4755 2319 4829 hic]
2358 4755 2699 4817 adolescens,
2734 4751 2951 4808 Abner?
2992 4749 3237 4820 dixitque
3265 4747 3466 4815 jAbner
3492 4762 3505 4800 :
3535 4744 3688 4798 Vivit

2079 4851 2260 4909 anima
2310 4857 2425 4915 tua,
2471 4860 2592 4912 rex,
2625 4845 2673 4899 si
2703 4843 2850 4899 novi.
2900 4843 2969 4899 Et
2997 4842 3075 4917 ait
3117 4856 3255 4897 rex:
3287 4838 3567 4908 Interroga
3600 4845 3681 4897 tu,

2081 4945 2236 5017 cujus
2278 4942 2424 4997 ﬁlius
2477 4940 2552 4996 sit
2594 4941 2697 4996 istc
2744 4952 2882 5010 puer
2912 4934 2995 5009 [h.
3025 4931 3389 5001 adolescens].
3436 4928 3683 4999 Cumque

2081 5050 2365 5107 regressus
2416 5040 2564 5089 esset
2613 5030 2803 5096 David,
2854 5042 3117 5101 percusso
3167 5022 3516 5088 Philisthmo,
3565 5023 3688 5075 tulit

2082 5146 2204 5186 eum
2237 5129 2447 5195 Abuer,
2483 5135 2538 5182 et
2568 5124 2875 5180 introduxit
2914 5136 3098 5178 coram
3127 5117 3281 5185 Saul,
3321 5126 3485 5186 caput
3515 5114 3684 5170 Phili-

2084 5222 2241 5280 sthrci
2288 5222 2581 5277 habentem
2632 5220 2685 5273 in
2732 5233 2919 5273 manu.
2953 5216 3025 5270 Et
3054 5215 3129 5269 ait
3152 5212 3220 5268 ad
3248 5227 3371 5269 eum
3406 5209 3537 5267 Saul
3567 5226 3580 5263 :
3612 5209 3688 5263 De

2078 5332 2182 5391 qua
2228 5315 2490 5386 progenie
2537 5326 2597 5368 es
2628 5312 2705 5384 [h.
2735 5311 2902 5381 Cujus
2929 5310 3072 5379 ﬁlius
3104 5305 3205 5381 tu],
3240 5320 3273 5361 o
3316 5304 3677 5361 adolescens?

2083 5410 2335 5478 Dixitque
2367 5404 2530 5461 David
2551 5402 2909 5459 :Filiusservi
2936 5401 3016 5456 tui
3039 5398 3145 5455 Isai
3180 5395 3557 5455 Bethleemitm
3585 5406 3687 5462 ego

371 5517 431 5564 et
456 5507 697 5580 armiger
726 5508 846 5579 ejus
875 5517 1004 5566 ante
1034 5524 1179 5565 eum.
1214 5508 1460 5580 Cumque
1497 5510 1828 5581 inspexisset
1852 5509 1981 5567 Pbi-
2080 5520 2202 5562 sum
2233 5501 2311 5575 [h.
2346 5515 2453 5556 non
2486 5498 2689 5572 habet].

450 5678 479 5708 ι
508 5666 821 5725 Obtrudnnt
846 5666 1064 5738 Vulgati
1093 5682 1124 5722 a
1144 5666 1522 5738 Iditamentum
1553 5665 1934 5735 hujuscemodi
1962 5682 1977 5719 :

377 5740 435 5797 Ν
442 5757 541 5795 unc
558 5739 773 5801 vadum.
794 5749 845 5811 et
873 5737 1110 5811 auferam
1132 5737 1469 5811 opprobrium
1501 5738 1683 5811 populi
1704 5754 1720 5792 :
1738 5738 1984 5811 quoniam

377 5813 498 5881 quis
526 5820 601 5868 est
639 5812 737 5866 istc
784 5807 1125 5866 Philistha'us
1165 5807 1560 5865 incircumcisus
1584 5809 1608 5881 2
1632 5807 1759 5880 quo'
1786 5807 1987 5863 nedum

382 5880 788 5953 chraeus,sed
810 5892 865 5942 et
888 5882 1036 5940 LXX
1055 5882 1114 5955 ip
1124 5882 1162 5937 si
1192 5896 1275 5939 cat
1289 5890 1405 5940 ent.
1424 5882 1550 5939 Mox
1564 5880 1868 5939 Veronens.
1886 5893 1991 5938 ms.

2092 5660 2386 5718 exercitum
2411 5672 2510 5727 pro
2535 5658 2807 5723 exercitui,
2840 5669 2992 5730 aeque
3021 5654 3210 5730 bene.__
3321 5728 3327 5730 _
3382 5720 3393 5730 ,
3438 5717 3482 5730 η

2165 5733 2192 5771 ιι
2230 5717 2533 5788 Veronens.
2564 5744 2701 5801 ms.,_
2724 5717 3062 5801 exprobrem
3087 5723 3260 5791 hodie,
3281 5728 3329 5774 et
3359 5717 3528 5801 dabis,
3566 5720 3698 5801 Plf‘f.

2094 5819 2224 5861 cum
2273 5802 2521 5872 Vulgatis
2569 5811 2627 5857 et
2671 5796 2907 5872 Grre'ro.
2936 5798 3105 5872 Paulo
3133 5804 3310 5872 autem
3340 5799 3467 5862 post
3498 5796 3704 5846 rectius

2103 5874 2172 5933 ad
2203 5867 2517 5943 Hebraeum,
2554 5874 2776 5930 cadaver
2808 5871 2939 5944 legit
2964 5867 3164 5929 minori
3196 5878 3448 5925 numero.
