3964 6344
462 383 573 445 595

1460 393 1520 451 S.
1559 392 1948 451 HIERONYMI
1987 393 2220 453 DIVINA
2260 395 2740 458 BIBLIUTHECA.

3626 406 3718 468 596

538 502 625 578 ['I‘.
655 503 890 575 XLVIII,
921 505 1051 581 Cap.
1080 505 1292 582 XVIII.]
1315 507 1381 564 Et
1407 506 1603 565 factum
1630 517 1735 576 est,
1763 524 1884 566 cum
1914 525 2063 568 com-
2088 514 2140 575 Α
2168 528 2285 583 qurc
2312 514 2524 571 estvita
2560 530 2710 582 mea,
2740 522 2837 572 aut
2866 514 3121 585 cognatio
3156 516 3322 582 patris
3350 518 3447 575 mei
3479 519 3530 576 in
3557 520 3725 593 Israel,

467 600 680 670 plcssct
733 600 880 672 IOqtti
927 602 997 657 ad
1029 602 1156 658 Saul
1202 620 1215 655 :
1259 604 1439 657 anima
1478 601 1748 659 Jonatban
1797 604 2066 676 conligata

468 702 554 748 cst
583 692 765 765 [Vulg.
797 693 1188 767 conglutinata]
1209 696 1406 751 animze
1441 695 1626 759 David,
1649 703 1705 752 et
1729 696 1917 753 dilexit
1942 713 2066 753 eum

468 785 742 841 Jonathan
791 786 948 857 quasi
999 786 1235 842 animam
1281 802 1459 843 suam.
1488 787 1742 858 'I‘ulitque
1781 805 1905 843 eum
1937 789 2067 846 Saul

466 879 525 934 in
574 879 662 934 die
708 877 826 944 illa,
882 888 937 934 et
966 893 1074 934 non
1105 879 1384 934 concessit
1412 878 1486 946 ei,
1518 889 1577 934 ut
1616 886 1985 937 reverteretur
2013 881 2065 935 in

472 972 692 1028 domum
726 973 893 1041 patris
917 971 1022 1028 sui.
1054 970 1142 1045 [Τ.
1174 971 1389 1045 XLIX]
1419 971 1664 1030 Inierunt
1693 982 1876 1030 autem
1902 973 2069 1030 Jona-

470 1067 604 1123 tban
653 1076 708 1122 et
738 1065 907 1121 David
958 1066 1136 1124 fmdus
1180 1082 1195 1124 :
1239 1067 1499 1139 diligebat
1547 1068 1693 1125 enim
1746 1084 1869 1124 eum
1914 1068 2071 1140 quasi

471 1166 708 1219 animam
741 1180 921 1218 suam.
948 1162 1083 1219 Nam
1109 1164 1438 1234 exspoliavit
1466 1179 1530 1221 se
1554 1164 1829 1221 Jonatban
1863 1165 2066 1235 tunica,

471 1273 580 1327 qua
627 1270 745 1313 erat
795 1258 1043 1325 vestitus,
1094 1269 1149 1314 et
1196 1258 1346 1314 dedit
1384 1274 1506 1315 eam
1556 1259 1748 1323 David,
1781 1269 1836 1316 et
1864 1258 2069 1330 reliqua

473 1352 802 1406 vestimenta
856 1367 979 1419 sua,
1030 1366 1204 1422 usque
1234 1351 1298 1405 ad
1328 1352 1566 1422 gladium
1594 1361 1652 1408 et
1678 1367 1861 1408 arcum
1888 1368 2068 1425 suum,

472 1448 529 1497 et
571 1457 744 1512 usque
793 1442 858 1497 ad
911 1443 1171 1499 balteum.
1221 1442 1619 1514 Egrediebatur
1659 1460 1878 1516 quoque
1908 1444 2072 1499 David

472 1533 541 1587 ad
572 1535 755 1589 omnia
789 1549 1144 1605 qua-cumque
1174 1535 1411 1590 misisset
1437 1552 1558 1590 cum
1585 1536 1748 1602 Saul,
1777 1546 1827 1592 et
1854 1535 1931 1609 [h.
1966 1552 2072 1593 non

473 1627 678 1701 ItabctJ
708 1628 1005 1699 prudenter
1031 1644 1093 1684 se
1138 1628 1335 1700 agebat
1381 1646 1395 1685 :
1444 1631 1731 1701 posuitque
1772 1647 1897 1686 eum
1946 1631 2073 1687 Saul

476 1739 645 1792 super
675 1724 823 1779 viros
853 1723 1002 1789 belli,
1037 1732 1093 1779 et
1119 1733 1375 1793 acceptus
1405 1733 1524 1780 erat
1551 1725 1602 1778 in
1631 1726 1806 1782 oculis
1835 1724 2074 1780 universi

477 1816 695 1886 populi,
754 1817 1098 1888 maximeque
1137 1816 1191 1872 in
1231 1826 1530 1887 conspectu
1582 1819 1909 1874 famulorum
1940 1817 2072 1874 Saul

2172 616 2230 661 ut
2285 606 2405 662 liam
2446 623 2615 679 gener
2663 609 2855 678 regis?
2899 607 2996 682 [Τ.
3021 607 3170 681 LII.]
3198 608 3417 665 Factum
3451 622 3528 669 est
3568 625 3725 674 autem

2167 707 2417 769 tempus,
2466 715 2588 755 cum
2622 700 2848 755 deberet
2884 700 3005 755 dari
3042 701 3227 757 lllcrob
3264 701 3350 774 [h.
3384 704 3592 778 Morab]
3637 708 3730 763 lilia

2169 791 2299 848 Saul
2330 791 2523 856 David.
2554 794 2678 847 data
2707 802 2791 849 est
2814 793 3017 849 Adrieli
3048 794 3344 851 Molatbitaz
3371 811 3520 859 uxor.
3550 797 3732 856 Dilein

2171 895 2353 941 autem
2400 884 2704 957 Michol[b.
2732 884 2961 963 Ilicbal]
3001 884 3104 941 lilia
3137 884 3266 941 Saul
3304 886 3473 942 altera
3515 887 3600 960 Ib.
3640 906 3734 947 nun

2171 978 2373 1048 habet,
2432 979 2642 1053 altera]
2686 979 2883 1035 David.
2926 981 2990 1045 Et
3036 981 3342 1037 nuntiatum
3390 991 3473 1038 est
3513 982 3661 1054 Saul,
3689 995 3735 1041 et

2170 1071 2372 1143 placuit
2413 1071 2484 1126 ei.
2514 1071 2766 1144 Dixitque
2790 1082 2812 1111 ε
2845 1072 3011 1128 Saul:
3048 1074 3196 1129 Dabo
3222 1088 3341 1128 eam
3370 1073 3478 1139 illi,
3503 1085 3562 1130 ut
3582 1075 3666 1131 Iiat
3692 1078 3736 1132 ei

2172 1164 2224 1217 in
2254 1161 2605 1230 scandalum,
2635 1174 2690 1219 et
2719 1163 2979 1236 sitsupcr
3011 1181 3137 1221 eum
3175 1180 3372 1221 manus
3413 1166 3740 1223 Philistltiuo-

2171 1270 2314 1312 rum.
2341 1256 2595 1326 Dixitque
2622 1256 2751 1312 Saul
2774 1256 2841 1311 ad
2874 1256 3075 1310 David:
3105 1257 3161 1313 In
3188 1256 3396 1313 duabus
3419 1258 3575 1315 rebus
3594 1274 3743 1331 gener

2172 1362 2329 1403 meus
2355 1348 2468 1402 eris
2496 1346 2679 1403 hodie.
2715 1348 2784 1402 Et
2812 1348 3078 1403 mandavit
3113 1348 3245 1405 Saul
3280 1350 3452 1405 servis
3476 1349 3623 1405 suis:
3650 1351 3743 1406 Lo.

2173 1438 2404 1511 quimini
2433 1440 2502 1495 ad
2535 1439 2705 1496 David
2734 1440 2874 1495 clam
2923 1457 3043 1505 me,
3087 1441 3332 1499 dicentes
3359 1459 3373 1497 :
3404 1441 3543 1499 Ecce
3585 1444 3747 1514 places

2174 1535 2311 1605 regi,
2342 1543 2397 1590 et
2416 1549 2607 1590 omnes
2632 1535 2777 1590 servi
2806 1536 2924 1605 ejus
2955 1536 3194 1606 diligunt
3223 1548 3298 1592 te.
3326 1534 3476 1592 Nunc
3493 1551 3618 1607 ergo
3643 1548 3749 1594 esto

2173 1642 2345 1697 gener
2387 1625 2548 1698 regis.
2582 1627 2653 1682 Et
2690 1627 2856 1683 locuti
2894 1638 3023 1683 sunt
3067 1629 3218 1685 servi
3266 1628 3397 1686 Saul
3443 1629 3497 1686 iu
3545 1629 3751 1688 auribus

2178 1720 2350 1777 David
2397 1721 2571 1774 omnia
2619 1719 2714 1794 [h.
2758 1738 2861 1777 non
2898 1721 3105 1794 habet]
3157 1722 3324 1778 verba
3375 1721 3511 1779 lucc.
3580 1723 3645 1779 Et
3688 1725 3755 1777 ait

2179 1814 2554 1870 DavidzNum
2597 1830 2788 1885 parum
2840 1817 2996 1871 vobis
3046 1817 3301 1884 videtur,
3352 1831 3604 1887 generum
3645 1831 3755 1873 esse

478 1908 561 1982 [h.
597 1911 836 1964 universi
877 1910 1082 1981 populi,
1135 1916 1191 1964 et
1245 1910 1296 1964 in
1350 1910 1526 1965 oculis
1574 1927 1846 1965 servorum
1891 1908 2069 1982 Saul].
2105 1902 2150 1963 Β
2182 1907 2356 1978 regis?
2375 1906 2491 1978 Ego
2510 1917 2690 1962 autem
2712 1923 2832 1963 smn
2855 1909 2937 1964 vir
2962 1924 3166 1979 pauper
3184 1919 3238 1966 et
3268 1910 3474 1965 tenuis.
3502 1910 3563 1965 Et
3586 1924 3760 1965 renun-

478 2004 654 2058 Pnrro
683 2020 805 2059 cum
840 2014 1208 2060 reverteretur
1234 2019 1492 2074 percusso
1513 2005 1851 2069 PhiliSIIta'o,
1881 2006 2072 2073 David,

478 2110 715 2165 egressa:
753 2107 879 2151 sunt
921 2096 1180 2153 mulieres
1219 2099 1286 2154 de
1324 2099 1598 2154 universis
1627 2099 1855 2154 urbibus
1885 2098 2075 2162 Israel,

478 2196 783 2249 cantantes,
815 2190 1120 2260 chorosque
1150 2189 1414 2246 ducentes
1433 2191 1488 2246 in
1519 2207 1809 2248 occursum
1834 2192 1958 2248 Saul
1990 2207 2079 2247 re-

478 2283 583 2351 gis,
618 2283 670 2336 in
693 2281 963 2353 tympanis
989 2283 1215 2351 laetitia},
1240 2292 1295 2339 et
1318 2283 1371 2338 in
1393 2284 1591 2340 sistris.
1620 2285 1685 2340 Et
1712 2286 2081 2354 prrrcincbant

481 2374 744 2429 mulieres
791 2375 1042 2430 ludentes
1087 2388 1250 2447 atque
1298 2378 1540 2432 dicentes
1577 2395 1590 2430 :
1638 2378 1909 2433 Percussit
1950 2375 2081 2434 Saul

482 2467 665 2536 mille,
714 2476 768 2521 et
824 2468 987 2523 David
1035 2467 1225 2525 decem
1276 2469 1472 2524 millia.
1532 2468 1616 2540 [Τ.
1652 2467 1739 2542 Ι...]
1776 2469 1950 2524 Iratus
1998 2478 2083 2525 est

483 2568 665 2615 autem
711 2558 837 2615 Saul
869 2561 1051 2629 nimis,
1082 2571 1139 2616 et
1169 2560 1446 2631 displicuit
1486 2562 1536 2616 in
1565 2563 1739 2617 oculis
1767 2564 1886 2633 ejus
1919 2573 1945 2601 ⁸
1977 2564 2081 2620 iste

481 2668 666 2708 sermo
693 2671 706 2707 :
732 2652 983 2724 dixitque
1012 2672 1025 2708 :
1054 2653 1333 2710 Dederunt
1368 2655 1535 2710 David
1566 2655 1761 2711 decem
1796 2657 1994 2724 millia,
2026 2669 2082 2714 et

482 2743 616 2797 mibi
646 2742 915 2799 dederunt
943 2743 1128 2801 mille?
1165 2744 1297 2816 quid
1342 2746 1390 2802 ei
1423 2757 1715 2815 superest,
1758 2748 1861 2804 nisi
1903 2751 2079 2804 solum

483 2838 758 2907 regnum?
812 2838 929 2892 Non
984 2839 1147 2893 rectis
1196 2854 1329 2910 ergo
1376 2840 1549 2895 oculis
1603 2841 1734 2897 Saul
1779 2840 2083 2913 aspiciebat

486 2928 655 2983 David
689 2944 718 2983 a
746 2929 834 2985 die
863 2930 975 2998 illa,
1004 2938 1060 2985 et
1082 2930 1365 3001 deinceps.
1396 2931 1526 2987 Post
1552 2932 1697 2989 diem
1736 2944 1918 2990 autent
1943 2936 2079 2991 alle-

484 3037 624 3090 ram,
653 3020 853 3078 invasit
879 3023 1104 3091 spiritus
1130 3024 1227 3080 Dei
1255 3026 1428 3083 malus
1458 3026 1611 3095 Saul,
1642 3037 1695 3082 et
1723 3028 2083 3100 prophetabat

484 3113 539 3168 in
591 3114 770 3172 medio
816 3114 1010 3172 domus
1052 3115 1135 3190 [h.
1186 3117 1434 3173 Timedio
1478 3118 1689 3194 domus]
1726 3136 1840 3177 sua:
1867 3140 1879 3175 :
1911 3122 2079 3179 David

483 3218 670 3263 autem
697 3210 962 3280 psallebat
991 3226 1153 3266 manu
1192 3225 1314 3279 sua,
1343 3216 1486 3268 sicut
1530 3229 1628 3284 per
1665 3216 1907 3288 singulos
1935 3216 2078 3273 dies.
2110 3276 2113 3288 ἶ

483 3299 838 3372 Tenebatque
878 3303 1008 3358 Saul
1052 3302 1323 3372 lanceam,
1374 3313 1431 3361 et
1477 3306 1627 3363 misit
1671 3323 1794 3364 eam
1824 3349 1840 3376 ,
1884 3319 2081 3380 putans

484 3392 629 3463 quod
678 3395 951 3463 conligere
1001 3404 1187 3466 posset
1230 3397 1399 3454 David
1437 3414 1561 3455 cum
1609 3401 1843 3472 pariete,
1885 3414 1940 3459 et
1977 3404 2078 3460 de-

482 3488 703 3544 clinavit
733 3488 897 3544 David
938 3504 969 3544 a
998 3489 1134 3546 facte
1179 3491 1299 3562 ejus
1345 3495 1603 3551 secundo.
1635 3496 1702 3552 Et
1744 3497 1921 3554 timuit
1954 3499 2081 3556 Saul

479 3580 673 3646 David,
695 3596 762 3636 eo
787 3582 932 3652 quod
954 3591 1102 3638 esset
1131 3583 1389 3642 Dominus
1413 3601 1537 3642 cum
1554 3603 1641 3655 eo,
1672 3600 1726 3645 et
1753 3606 1781 3644 a
1799 3606 1863 3647 se
1892 3608 2079 3650 reces-

482 3674 664 3730 sisset.
697 3676 909 3730 Amovit
934 3692 1067 3746 ergo
1092 3694 1216 3734 eum
1232 3681 1361 3735 Saul
1386 3698 1412 3735 a
1431 3697 1513 3748 se,
1544 3694 1599 3739 et
1621 3686 1746 3741 lecit
1764 3702 1887 3743 eum
1908 3690 2079 3746 tribu-

484 3783 615 3821 num
632 3781 796 3836 super
813 3767 964 3825 mille
978 3773 1120 3824 viros
1132 3770 1212 3843 [h.
1232 3787 1336 3827 non
1351 3772 1531 3840 habet,
1549 3778 1737 3852 viros],
1755 3791 1810 3836 et
1828 3783 2083 3853 egredie-

483 3861 1188 3931 baturetingrediebaturin
1209 3879 1503 3935 conspectu
1520 3871 1723 3939 populi.
1740 3872 1796 3927 In
1827 3876 2082 3930 omnibus

485 3967 703 4022 quoque
734 3952 834 4006 viis
859 3955 975 4008 suis
1005 3954 1167 4009 David
1185 3958 1478 4025 prudenter
1498 3961 1711 4027 agebat,
1736 3972 1793 4018 et
1821 3965 2080 4024 Dominus

485 4056 601 4100 erat
633 4062 757 4101 cum
787 4063 876 4100 co.
927 4046 1073 4103 Vidit
1110 4050 1292 4117 itaque
1330 4051 1459 4107 Saul
1488 4056 1632 4125 quod
1662 4060 1906 4129 prudens
1934 4072 2081 4118 esset

485 4140 670 4205 nimis,
694 4151 749 4197 et
770 4142 937 4212 cmpit
958 4158 1157 4199 cavere
1181 4161 1301 4200 eum
1319 4146 1397 4217 [h.
1420 4147 1488 4202 Et
1511 4149 1864 4223 timuiteumj.
1887 4154 2080 4212 Omnis

483 4244 663 4290 autem
688 4235 851 4291 Israel
879 4247 933 4293 et
955 4237 1092 4293 Iuda
1115 4238 1375 4309 diligebat
1400 4242 1591 4301 David:
1616 4243 1736 4315 ipse
1755 4246 1899 4303 enim
1924 4264 2080 4319 egre-

481 4330 752 4399 diebatur,
784 4342 839 4388 et
876 4333 1284 4405 ingrcdiebatur
1324 4346 1451 4393 ante
1489 4352 1604 4394 eos.
1636 4338 1735 4410 [Τ.
1765 4340 1892 4413 LL]
1930 4341 2079 4398 Dixit

482 4434 664 4480 autem
695 4426 828 4483 Saul
855 4426 925 4484 ad
956 4428 1121 4486 David
1146 4447 1159 4484 :
1187 4430 1330 4488 Ecce
1355 4431 1504 4488 liliab
1546 4448 1667 4490 mea
1701 4428 1872 4507 major
1893 4436 2077 4494 Mcrob

482 4516 576 4589 [h.
606 4519 791 4576 Merab
812 4521 855 4595 ],
889 4524 1063 4595 ipsam
1089 4525 1231 4582 dabo
1258 4526 1355 4582 tibi
1388 4543 1611 4585 uxorem
1648 4547 1661 4584 :
1701 4533 2076 4591 tantummodo

480 4621 601 4668 esto
626 4614 712 4669 vir
742 4615 835 4687 [h.
864 4626 974 4672 esto
1002 4618 1161 4693 mihi]
1192 4620 1378 4690 fortis,
1424 4631 1478 4677 et
1510 4623 1758 4691 prmliare
1795 4623 1934 4682 bella
1966 4626 2076 4683 Do-

479 4705 636 4760 mini.
668 4705 797 4762 Saul
818 4718 999 4765 autem
1027 4711 1335 4782 reputabat,
1366 4711 1594 4770 dicens:
1628 4712 1748 4770 Non
1780 4717 1851 4772 sit
1880 4732 2076 4774 manus

478 4812 603 4853 mea
630 4798 685 4854 in
709 4816 856 4868 eum,
888 4802 984 4858 sed
1015 4807 1087 4860 sit
1116 4818 1278 4875 super
1308 4805 1458 4862 illum
1493 4822 1687 4863 manus
1716 4802 2099 4869 Philisthinoi

475 4907 620 4947 rum.
654 4894 746 4948 Ait
777 4904 957 4951 autem
995 4895 1161 4954 David
1187 4898 1258 4954 ad
1285 4899 1415 4957 Saul
1444 4917 1457 4956 :
1488 4900 1621 4969 Quis
1647 4918 1750 4975 ego
1778 4919 1898 4960 sum
1924 4948 1939 4975 ,
1980 4916 2074 4963 aut

547 5006 574 5036 ⁸
606 5005 742 5085 ῌὶηο
790 5018 1081 5085 suppetunt
1108 5013 1332 5085 reliqum
1376 5016 1603 5072 alterius
1651 5020 1855 5077 codicis
1886 5021 2050 5080 Vero-

471 5077 681 5164 nensis,
709 5077 1039 5164 membranae
1088 5077 1734 5164 aliqu'otantiquissimm,
1780 5102 1834 5147 et
1883 5077 2055 5164 maju-

470 5148 740 5233 sculisnut
770 5163 945 5222 vocat,
982 5148 1467 5233 litteris'exaratze;
1493 5175 1617 5233 quae
1641 5148 2052 5233 ad'vigesimt'tm

466 5219 766 5299 secundum
786 5219 993 5299 “usque
1037 5239 1201 5299 caput
1247 5219 1471 5293 hujusce
1513 5219 1683 5299 'Iibri,
1744 5219 2053 5295 versionem

466 5292 748 5378 continent
785 5290 1280 5378 Ilier'onymianam.
1313 5290 1434 5378 Nos
1462 5301 1582 5378 illas
1620 5290 1878 5378 perquam
1901 5290 2053 5365 vdi'li:

464 5372 659 5445 genter
694 5367 1050 5445 contulimus,
1090 5386 1382 5444 earumque
1420 5373 1559 5429 intra
1588 5367 1914 5434 testimoniis
1952 5385 2056 5438 hoc

464 5437 684 5513 nomine
741 5437 1172 5496 lliembranarum
1236 5437 1611 5513 ca'pitularium
1668 5459 1901 5506 utemur.
1958 5437 2057 5510 Hic

464 5502 680 5633 attgrim
735 5526 921 5638 vticem
970 5513 1066 5568 iste
1112 5502 1551 5586 prtetcr'tuittunt,
1599 5502 1722 5590 quae
1765 5502 2054 5581 tamen-in

516 5594 543 5632 e
585 5593 694 5635 reeo
720 5596 779 5637 es
807 5625 821 5638 .

516 5593 694 5635 θοτεεο
720 5593 821 5638 Εδῑ.

528 5683 557 5722 ι)
595 5683 779 5761 (Iudex
802 5680 967 5761 Corb.
996 5694 1142 5761 num.
1180 5682 1206 5736 I
1243 5680 1406 5761 habet
1437 5685 1535 5761 hic
1546 5695 1603 5742 et
1634 5702 1799 5761 supra
1823 5702 1947 5761 cap.
1981 5690 2050 5746 14

458 5754 639 5809 Merab
667 5796 683 5818 ,
738 5753 881 5821 ψοτι
914 5751 1070 5806 ﬂuxit
1094 5793 1107 5811 .
1133 5761 1194 5806 ul
1218 5753 1368 5807 vides
1395 5795 1409 5818 ,
1440 5770 1470 5811 e
1495 5751 1733 5813 Cononis
1759 5751 2047 5818 Hebraicis

456 5827 625 5877 vluit:
663 5829 706 5878 is
729 5825 937 5878 scholia
969 5823 1267 5893 margttialt.
1302 5825 1481 5885 MART.
2028 5859 2036 5887 ς

522 5897 935 5974 mdieiitbrame
961 5895 1316 5974 tingitulares,
1343 5894 1537 5955 Fili-im
1560 5915 1728 5974 [aeaut
1754 5905 2000 5974 majorem
2024 5922 2043 5958 :

452 5974 568 6027 tum
593 5968 650 6027 ia
679 5980 785 6026 uno
809 5966 1125 6027 Corbeiensi
1151 5982 1263 6045 ms.
1314 5975 1519 6051 reperit
1556 5970 1807 6055 Martiali.
1829 5966 2049 6051 Ἠοῖαί»,

2184 2002 2454 2054 tiaverunt
2490 2000 2636 2055 servi
2680 2000 2836 2066 Saul,
2875 2000 3165 2079 dicentes:
3199 2003 3583 2074 Ilnjuscemodi
3611 2002 3759 2058 verba

2183 2091 2401 2148 loeutus
2431 2104 2511 2148 est
2541 2094 2735 2151 David.
2765 2095 2912 2150 Dixit
2938 2108 3122 2152 autem
3166 2096 3303 2154 Saul
3329 2115 3344 2152 :
3377 2097 3473 2154 Sic
3502 2097 3762 2168 Icijuimini

2183 2186 2252 2239 ad
2277 2185 2441 2239 David
2468 2202 2482 2239 :
2516 2185 2633 2242 Non
2659 2186 2821 2242 habet
2838 2203 3062 2244 necesse
3084 2204 3183 2244 rex
3208 2190 3510 2264 sponsalia,
3538 2190 3639 2246 nisi
3663 2202 3767 2244 tan—

2185 2286 2297 2333 tum
2325 2288 2540 2334 centum
2570 2280 2829 2350 praeputia
2858 2280 3338 2352 Pbilistbinorutu,
3367 2294 3425 2337 ut
3447 2282 3538 2338 ﬁat
3562 2285 3687 2339 ultio
3708 2282 3769 2340 de

2184 2369 2416 2426 inimicis
2446 2372 2610 2442 regis.
2638 2372 2807 2428 Porro
2830 2373 2958 2429 Saul
2989 2377 3265 2446 cogitabat
3298 2375 3517 2433 tradere
3545 2376 3698 2431 David
3719 2377 3767 2430 iu

2185 2480 2378 2521 manus
2422 2466 2563 2538 [ms.
2612 2467 2667 2520 in
2707 2466 2979 2540 manibus]
3015 2468 3502 2526 Pltilistbinorum.
3550 2471 3772 2540 Cumque

2184 2560 2588 2615 renuntiassent
2616 2561 2756 2615 servi
2789 2560 2908 2630 ejus
2950 2561 3117 2616 David
3157 2562 3354 2630 verba,
3379 2579 3501 2633 qua:
3523 2559 3769 2618 dixeratd

2186 2649 2339 2717 Saul,
2363 2650 2564 2720 placuit
2591 2667 2772 2708 sermo
2810 2655 2863 2708 in
2896 2654 3070 2708 oculis
3103 2654 3272 2710 David
3298 2696 3313 2715 .
3356 2665 3417 2710 ut
3442 2656 3598 2712 lieret
3622 2672 3777 2727 gener

2186 2743 2349 2812 regis.
2379 2744 2447 2799 Et
2469 2753 2591 2815 post
2626 2745 2743 2800 dies
2780 2760 2982 2816 paucos
3024 2760 3251 2818 surgens
3280 2747 3454 2802 David
3477 2747 3568 2821 [h.
3594 2748 3776 2804 Etnon

2185 2848 2343 2895 erant
2380 2838 2494 2895 dies
2532 2840 2808 2909 completi.
2859 2839 3100 2911 Surgeus
3152 2853 3341 2899 autem
3376 2842 3611 2917 David],
3660 2843 3781 2897 abiit

2184 2946 2307 2986 cum
2331 2931 2488 2997 viris,
2513 2931 2640 3001 quie
2668 2932 2766 2987 sub
2787 2948 2858 2988 eo
2885 2944 3059 2989 erant.
3086 2933 3157 2989 Et
3178 2935 3463 3005 percussis
3488 2934 3777 2991 Philisthtm

2185 3025 2435 3082 ducentis
2471 3027 2635 3097 viris,
2663 3027 2847 3083 attulit
2875 3029 3137 3098 prapntia
3180 3044 3379 3084 eorum
3406 3071 3422 3096 ,
3455 3039 3510 3084 ct
3537 3042 3784 3084 annume-

2184 3118 2327 3174 ravit
2364 3134 2428 3175 ea
2466 3120 2602 3191 regi,
2635 3128 2696 3174 ut
2722 3131 2871 3176 esset
2912 3137 3082 3191 gener
3108 3122 3248 3189 ejus.
3287 3122 3395 3196 [T.
3433 3122 3608 3195 LIII.]
3640 3120 3784 3177 Drdil

2187 3216 2366 3285 itaque
2385 3214 2510 3271 Saul
2533 3214 2582 3270 ei
2606 3213 2804 3270 Micltol
2822 3214 2899 3286 [h.
2927 3214 3140 3287 Micbal]
3167 3217 3335 3271 tiliam
3357 3232 3517 3273 suam
3541 3229 3781 3272 uxorem.

2185 3307 2408 3364 Etvidit
2442 3306 2590 3374 Saul,
2623 3314 2678 3363 et
2720 3306 2987 3363 intellexit
3015 3308 3140 3379 quia
3179 3309 3454 3366 Dominus
3498 3317 3646 3367 esset
3670 3308 3781 3381 illa.

2185 3401 2301 3475 est]
2339 3417 2462 3457 cum
2508 3401 2698 3458 David.
2728 3401 2927 3458 Michol
2963 3413 3144 3457 autem
3189 3401 3308 3457 lilia
3363 3404 3502 3462 Saul
3539 3401 3788 3473 diligebat

2182 3513 2330 3556 eum.
2357 3497 2426 3553 Et
2448 3498 2575 3553 Saul
2608 3496 2778 3567 magis
2804 3497 2973 3566 capit.
3011 3497 3207 3553 timere
3257 3498 3435 3555 David
3471 3517 3484 3553 :
3518 3500 3786 3568 laetusque

2183 3604 2266 3651 est
2291 3591 2419 3648 Saul
2459 3588 2716 3646 inimicus
2748 3589 2914 3644 David
2950 3590 3157 3645 cunctis
3187 3588 3415 3649 diebus.
3450 3591 3515 3646 Et
3544 3589 3563 3631 τ
3594 3588 3788 3663 egressi

2182 3695 2312 3744 sunt
2354 3684 2632 3756 principes
2664 3683 3111 3739 Philistbinorum
3145 3700 3160 3737 :
3210 3699 3239 3738 a
3282 3684 3571 3756 principio
3616 3692 3786 3737 autem

2182 3778 2517 3850 egressionis
2570 3792 2794 3845 eorum,
2839 3776 3165 3846 prudentius
3203 3790 3265 3829 se,
3311 3778 3548 3848 gerebat
3599 3774 3788 3837 David.

2182 3889 2344 3946 quam
2368 3886 2561 3929 onmes
2583 3872 2727 3930 servi
2752 3871 2905 3939 Saul,
2928 3879 2986 3928 et
3004 3870 3222 3929 celebre
3242 3871 3456 3929 factum
3484 3882 3572 3928 est
3602 3880 3788 3927 nomen

2180 3969 2299 4041 ejus
2330 3967 2511 4022 nimis.

2256 4058 2350 4129 |'I‘.
2385 4056 2521 4115 LIV.
2553 4055 2683 4129 Cap.
2718 4054 2901 4129 XIX]
2942 4055 3176 4110 Locutus
3208 4064 3300 4110 est
3351 4066 3541 4112 autem
3576 4053 3699 4110 Saul
3729 4052 3789 4106 ad

2180 4150 2450 4207 .lonatbau
2480 4148 2649 4204 ﬁlium
2679 4164 2834 4203 suum
2858 4191 2872 4212 ,
2902 4158 2952 4203 et
2994 4148 3059 4203 ad
3082 4163 3277 4204 omnes
3310 4164 3513 4207 servos
3545 4160 3680 4204 suos
3699 4188 3714 4211 ,
3741 4156 3796 4200 nt

2180 4243 2493 4301 occiderent
2521 4242 2707 4298 David.
2744 4242 2918 4298 Porro
2946 4242 3221 4298 Jouatban
3261 4243 3418 4298 Iilius
3447 4243 3581 4300 Saul
3612 4242 3794 4311 dilige—

2181 4340 2273 4395 bat
2294 4337 2460 4393 David
2485 4335 2662 4392 valde.
2691 4338 2751 4391 Et
2772 4335 3330 4391 indicavitlonathan
3351 4335 3557 4405 David,
3579 4334 3791 4392 dicens:

2178 4431 2387 4500 Quatrit
2425 4430 2557 4489 Saul
2598 4439 2753 4501 pater
2802 4446 2955 4485 meus
3001 4428 3255 4486 occidere
3320 4439 3376 4486 te
3412 4449 3427 4485 :
3464 4439 3796 4501 quapropter

2179 4527 2415 4584 observa
2443 4533 2498 4582 te
2520 4566 2536 4592 ,
2568 4538 2778 4596 quaeso,
2806 4538 2989 4592 mane,
3014 4531 3072 4579 et
3100 4523 3356 4580 manebis
3384 4524 3534 4581 clam
3553 4568 3570 4593 ,
3600 4534 3658 4581 et
3675 4523 3795 4579 abs-
3882 4594 3889 4601 ι

2180 4619 2453 4681 conderis.
2505 4619 2620 4688 Ego
2654 4628 2839 4674 autem
2878 4615 3164 4688 egrediens
3192 4616 3367 4673 stabo
3392 4617 3555 4688 juxta
3593 4624 3795 4688 patrem

2179 4736 2387 4789 meum,
2418 4720 2476 4777 in
2505 4734 2640 4792 agro
2669 4718 3000 4788 ubicumque
3029 4716 3191 4772 fuerit
3219 4715 3316 4790 [h.
3349 4716 3415 4773 In
3443 4731 3585 4787 agro
3623 4714 3715 4770 ubi
3743 4720 3798 4768 tu

2177 4816 2398 4889 fueris].
2427 4823 2484 4872 et
2518 4828 2621 4885 ego
2665 4813 2856 4883 loquar
2883 4822 2908 4860 κ
2935 4809 3005 4866 de
3045 4818 3101 4865 te
3133 4809 3202 4865 ad
3232 4817 3461 4880 patrem
3496 4823 3713 4873 meum,
3746 4815 3799 4860 et

2175 4910 2553 4984 quodcumque
2577 4906 2791 4973 videro,
2820 4902 3082 4960 nuntiabo
3112 4901 3233 4958 tibi.
3265 4900 3532 4960 Locutus
3556 4908 3647 4960 est
3673 4911 3800 4970 ergo

2160 5024 2638 5101 quod‘scboliastm
2672 5019 2868 5101 placet:

2237 5111 2259 5140 ε
2276 5098 2374 5154 Ms.
2401 5087 2704 5153 Veronens.
2736 5090 2889 5147 Dixit
2914 5100 3036 5161 ergo
3062 5088 3197 5146 Saul
3210 5103 3231 5144 :
3250 5087 3308 5142 aI
3321 5089 3397 5144 in:
3416 5088 3795 5148 Membrana:

2164 5171 2311 5228 Dixit
2338 5180 2535 5232 autem,
2568 5174 2678 5221 etc.
2977 5228 2987 5232 _
3244 5222 3247 5227 ,

2233 5241 2260 5281 ἀ
2288 5242 2435 5299 Idem
2476 5228 2679 5294 Veron.
2714 5249 2817 5292 ms.
2866 5228 3183 5300 avulszeque
3225 5230 3357 5286 alia:
3413 5232 3757 5289 membrana:
3783 5270 3797 5288 .

2174 5313 2336 5371 Verba
2360 5327 2474 5384 qua:
2502 5310 2766 5384 diximus,
2799 5320 2906 5362 non
2934 5302 3120 5358 addito
3152 5301 3292 5384 Saul
3313 5346 3331 5372 ,
3369 5305 3649 5384 nomine:
3677 5300 3803 5384 omf

2163 5388 2297 5442 nino
2324 5373 2527 5442 rectius
2556 5378 2624 5436 ad
2657 5378 2947 5434 Hebraeum
2975 5373 3287 5443 exemplar,
3321 5375 3484 5446 quod
3518 5383 3576 5431 et
3603 5374 3803 5431 reticet

2163 5494 2363 5536 nomen
2402 5475 2557 5543 illud,
2590 5482 2647 5531 et
2674 5472 2956 5529 dumtaxat
2984 5451 3137 5528 τῶνα-ι
3162 5475 3424 5536 ω’·ιᾶτη,
3460 5469 3623 5526 verba
3666 5467 3800 5533 licet

2163 5551 2627 5678 prffgéinbrante
2647 5615 3009 5686 Capitulares,
3031 5628 3149 5670 cum
3169 5628 3249 5667 eo.
3277 5610 3464 5670 Ilebr.
3496 5628 3611 5670 uno
3633 5609 3801 5667 verbo

2164 5695 2330 5752 habet
2349 5698 2563 5753 puum,
2593 5697 2640 5743 et
2664 5688 2921 5765 obicitis.
3135 5738 3171 5765 ,η
3251 5756 3263 5765 _
3340 5757 3353 5765 _
3767 5754 3779 5765 ,

2244 5766 2261 5805 t
2296 5765 2547 5819 Furtas~e
2572 5762 2749 5811 Verius
2770 5759 3113 5820 Membranm,
3133 5756 3519 5822 Capittti‘ares,
3550 5756 3797 5827 regressi.

2238 5848 2264 5887 ε
2294 5837 2509 5891 Eaedem
2536 5832 2887 5892 Mettthranae,
2918 5830 3100 5896 loquar
3147 5842 3243 5899 pro
3269 5836 3348 5897 te,
3380 5842 3528 5898 δια,
3553 5827 3802 5886 rectius:

2166 5922 2223 5987 pl
2247 5923 2371 5967 mox
2400 5906 2640 5987 iudicabo
2668 5918 2765 5974 pro
2794 5900 3063 5957 nuntiabo.
