3964 6344
467 240 572 299 599

1480 246 1540 306 S.
1580 248 1955 308 HIERONYMI
1996 248 2224 309 DIVINA
2269 251 2746 312 BIBLIOI‘HECA.

3632 269 3723 329 600

463 364 524 412 tu
551 368 639 412 me
660 353 936 426 interfice,
958 366 1014 415 et
1035 358 1102 414 ad
1131 367 1338 431 patrem
1367 369 1517 417 tuum
1542 378 1611 419 ne
1627 365 1937 424 introducas
1961 381 2067 422 me.
2097 367 2152 432 Α
2180 369 2434 442 Dixitque
2475 371 2604 428 Saul
2649 371 2716 428 ad
2745 371 3018 429 Jonatltan
3063 374 3232 432 lilium
3272 391 3422 436 suum
3464 399 3475 437 :
3506 381 3604 440 Cur
3631 405 3723 448 non

467 448 540 502 Et
581 447 656 502 ait
683 447 958 506 Jonatltan
987 471 1001 508 :
1032 453 1191 508 Absit
1234 453 1338 511 ltoc
1365 470 1396 510 a
1437 465 1519 511 te:
1569 473 1745 529 neque
1771 463 1916 516 enim
1950 461 2072 518 ﬁeri

468 549 673 611 potest,
702 552 760 598 ttt
787 543 831 598 si
867 557 1018 603 certe
1047 563 1359 619 cognovero
1397 552 1726 622 completam
1757 557 1927 627 patris
1967 558 2073 615 mei

466 647 590 690 esse
637 636 897 692 malitiam
945 649 1136 695 contra
1169 649 1245 711 te,
1286 657 1394 699 non
1444 647 1761 704 annuntiém
1809 650 1924 706 tibi.
1966 650 2074 708 Re-

465 725 795 800 sponditque
824 729 990 786 David
1020 733 1084 786 ad
1117 732 1390 790 Jonatltan
1418 755 1429 790 :
1459 736 1594 806 Quis
1617 742 1890 799 ttttntiabit
1915 745 2068 813 mitti,

462 824 508 879 si
542 825 672 895 quid
706 825 850 882 forte
876 829 1224 899 responderit
1258 833 1354 887 tibi
1386 844 1540 903 pater
1573 846 1698 892 tuus
1724 839 1862 896 dure
1884 839 2066 914 [ang.

462 917 668 973 addunt
695 917 938 991 deme]?
971 921 1040 976 Et
1085 923 1160 978 ait
1204 923 1474 983 Jonatban
1518 930 1584 985 ad
1634 931 1845 988 David:
1895 934 2066 1002 Veni,

459 1009 802 1084 egrediamur
829 1011 883 1067 in
911 1027 1100 1084 agrum
1133 1015 1327 1090 [Vulg.
1362 1019 1570 1077 addunt
1596 1025 1794 1097 foras].
1824 1025 2069 1098 Cumque

456 1103 708 1159 exissent
733 1105 896 1162 ambo
941 1107 995 1162 itt
1035 1124 1264 1180 agrum,
1311 1115 1386 1168 ait
1433 1115 1704 1172 Jonatltan
1741 1120 1808 1174 ad
1855 1121 2066 1180 David:

457 1192 689 1252 Domine
721 1198 862 1253 Deus
887 1199 1080 1270 Israel,
1108 1203 1154 1257 si
1185 1205 1587 1278 investigavero
1608 1217 1936 1270 sententiam
1970 1233 2068 1287 pa-

453 1287 554 1342 tris
595 1290 699 1344 mei
730 1293 974 1347 crastino
1002 1296 1088 1350 vel
1120 1298 1372 1366 perindie
1397 1319 1407 1354 :
1436 1310 1491 1357 et
1513 1303 1714 1373 aliquid
1745 1307 1870 1364 boni
1902 1304 2068 1366 fuerit

449 1395 618 1452 super
645 1385 810 1440 David
831 1429 846 1450 .
880 1395 1065 1444 etnon
1103 1394 1290 1447 statim
1322 1395 1525 1451 misero
1547 1399 1612 1452 ad
1639 1409 1689 1455 te
1717 1440 1733 1466 ,
1784 1411 1840 1456 et
1873 1417 2063 1460 nomm

450 1475 551 1531 tibi
578 1477 758 1534 fecero
781 1522 795 1545 ,
831 1481 947 1537 lucc
973 1483 1139 1540 faciat
1161 1486 1425 1545 Dominus
1456 1492 1508 1546 in
1535 1492 1833 1563 Jonatltan,
1861 1507 1914 1553 et
1945 1499 2063 1556 hzec

449 1570 635 1627 addat.
685 1572 744 1630 Si
796 1586 980 1632 autem
1032 1585 1662 1656 perseveraveritpatris
1709 1590 1813 1643 mei
1853 1591 2061 1646 malitia

449 1673 476 1700 ει
503 1665 794 1724 adversum
821 1679 892 1738 te,
920 1674 1175 1730 revelabo
1204 1691 1388 1733 aurem
1417 1690 1585 1750 tuam,
1611 1691 1664 1738 et
1689 1683 1957 1740 dimittam
1983 1698 2055 1754 te,

2177 464 2327 518 venit
2354 465 2496 520 filius
2523 464 2653 530 lsai,
2677 481 2782 522 nec
2805 468 2942 532 lteri,
2975 483 3074 525 nec
3103 469 3283 539 hodie,
3308 473 3371 528 ad
3396 481 3726 540 vescendum?

2174 555 2242 610 Et
2270 557 2554 626 respondit
2578 557 2848 613 Jonatban
2874 560 3024 617 Sauli
3058 579 3072 616 :
3100 561 3328 634 Rogavit
3352 582 3435 622 me
3457 569 3654 641 obnixe,
3678 587 3728 632 ut

2175 648 2280 702 iret
2306 646 2361 701 in
2394 648 2747 722 Bettt—Leem,
2778 661 2834 706 et
2859 657 2971 707 ait:
3007 653 3231 710 Dimitte
3259 672 3364 723 me,
3393 663 3629 730 quoniam
3652 684 3729 722 sa-

2171 739 2437 796 crificium
2478 743 2727 798 solemne
2769 754 2852 800 est
2897 744 2951 800 in
2989 748 3212 804 civitate
3251 749 3327 822 [ιι.
3371 753 3563 823 familia
3587 769 3655 813 est
3680 761 3726 819 in

2171 833 2416 907 civitate],
2443 851 2581 890 unus
2602 836 2670 892 de
2701 836 2963 894 fratribus
2995 843 3130 896 meis
3152 847 3440 901 accersivit
3470 865 3550 905 me
3573 867 3720 910 nunc:

2171 942 2325 998 ergo,
2353 929 2397 983 si
2423 929 2850 1002 inveuigratiam
2882 934 2935 988 in
2965 935 3138 990 oculis
3171 938 3297 1000 tuis.
3324 940 3508 996 vadam
3533 945 3651 1006 cito.
3679 957 3726 1004 ct

2171 1019 2370 1075 videbo
2397 1019 2596 1078 fratres
2641 1039 2813 1079 meos.
2843 1023 2926 1080 Ob
2962 1026 3099 1082 lianc
3131 1043 3346 1084 causam
3379 1048 3483 1088 non
3513 1036 3646 1092 venit
3670 1041 3730 1095 ad

2169 1125 2414 1166 mensam
2445 1115 2608 1183 regis.
2638 1114 2724 1187 [Τ.
2751 1115 2959 1188 LVIII].
2990 1119 3165 1174 Iratus
3197 1131 3375 1178 autem
3406 1125 3528 1181 Sani
3555 1130 3731 1185 adver-

2169 1204 2576 1273 susJonatltan,
2609 1207 2749 1263 dixit
2778 1209 2826 1263 ci
2865 1227 2877 1262 :
2913 1209 3016 1265 Fili
3048 1211 3166 1283 [Ms.
3203 1213 3366 1286 filius]
3397 1220 3627 1274 mulieris
3663 1223 3731 1276 vi-

2168 1313 2287 1352 rum
2331 1300 2595 1369 rapientis
2643 1301 2824 1367 ultro,
2876 1304 3136 1374 nutttquid
3184 1306 3374 1377 ignoro
3414 1311 3532 1380 quia
3578 1314 3737 1385 diligis

2169 1391 2340 1445 filium
2368 1392 2492 1457 Isai,
2520 1393 2573 1448 in
2616 1395 2993 1452 confusionem
3029 1406 3198 1464 tuam,
3227 1409 3282 1455 et
3309 1401 3361 1457 in
3390 1408 3735 1465 confusionem

2166 1483 2544 1554 ignominiosa:
2561 1488 2750 1541 matris
2771 1488 2920 1544 tuac?
2944 1489 3209 1546 Omnibus
3237 1493 3381 1549 enim
3410 1496 3612 1567 diebus,
3637 1517 3740 1571 qn:-

2168 1577 2266 1632 btts
2298 1578 2441 1634 tilius
2477 1579 2580 1634 Isai
2613 1581 2810 1636 vixerit
2856 1599 3023 1654 super
3051 1593 3282 1654 terram,
3315 1605 3421 1645 non
3469 1593 3739 1652 stabilieris

2167 1679 2246 1737 tu,
2277 1687 2451 1742 neque
2484 1687 2712 1743 regnum
2745 1683 2916 1732 tuum.
2955 1676 3144 1749 Itaque
3170 1681 3284 1751 jam
3318 1699 3461 1740 nttnc
3495 1686 3667 1757 mitte,
3695 1701 3742 1746 et

448 1769 508 1813 ttt
534 1761 700 1819 vadas
735 1764 787 1820 in
820 1780 990 1836 pace,
1023 1777 1078 1822 et
1104 1770 1175 1823 sit
1221 1770 1483 1829 Dominus
1534 1785 1711 1830 tecum
1737 1818 1753 1844 ,
1795 1779 1935 1833 sicut
1962 1780 2034 1834 ftti

2164 1763 2340 1819 adduc
2363 1764 2440 1836 Ut.
2475 1764 2621 1837 cape]
2645 1783 2768 1822 eutn
2799 1769 2866 1822 ad
2899 1785 2986 1826 me
3032 1789 3045 1824 :
3087 1773 3211 1841 quia
3247 1773 3394 1831 filius
3439 1779 3622 1835 mortis
3646 1789 3736 1836 est.

445 1865 571 1907 eum
602 1864 754 1925 patre
789 1873 933 1914 meo.
971 1860 1038 1914 Et
1064 1861 1110 1916 si
1135 1862 1359 1932 vixero,
1396 1867 1562 1923 facies
1589 1869 1718 1924 mibi
1744 1872 2060 1928 misericor-

448 1943 596 2000 diam
628 1947 842 2004 Domitti
871 1969 882 2004 :
931 1952 976 2005 si
1007 1967 1137 2009 vero
1163 1965 1412 2014 mortuus
1450 1957 1605 2015 fuero
1630 2003 1646 2029 ,
1691 1977 1795 2017 non
1843 1965 2057 2020 auferes

449 2038 889 2096 misericordiam
924 2053 1068 2100 tuam
1096 2061 1125 2100 a
1151 2046 1314 2103 domo
1344 2066 1461 2106 mea
1490 2068 1659 2123 usque
1682 2054 1735 2109 in
1767 2058 2056 2123 sempiter-

445 2147 599 2199 num,
633 2135 856 2204 quando
886 2137 1249 2196 eradicaverit
1275 2142 1536 2200 Dominus
1559 2146 1810 2202 inimicos
1840 2148 2006 2204 David
2033 2194 2048 2219 ,

440 2239 889 2297 unuttiqueutque
917 2229 986 2284 de
1021 2240 1192 2288 terra.
1221 2231 1250 2271 ι)
1278 2233 1492 2307 Pepigit
1515 2253 1646 2308 ergo
1675 2239 1855 2297 fcedus
1879 2241 2050 2298 Jona-

437 2315 571 2371 tltatt
632 2333 755 2374 cum
829 2320 992 2376 domo
1052 2323 1262 2382 David:
1309 2337 1364 2383 et
1437 2331 1722 2401 requisivit
1791 2333 2052 2392 Dominus

439 2406 509 2464 de
562 2424 720 2464 manu
781 2411 1125 2470 inimicorum
1175 2416 1366 2473 David.
1416 2419 1482 2475 Et
1519 2421 1730 2479 addidit
1775 2424 2046 2484 Jonathan

439 2499 692 2570 dejerare
743 2503 954 2573 David,
1014 2521 1082 2562 eo
1133 2509 1276 2579 quod
1339 2511 1591 2582 diligeret
1653 2515 1851 2572 illum:
1910 2522 2050 2577 sicut

438 2591 679 2646 animam
735 2594 880 2649 enim
937 2610 1121 2667 suam,
1168 2600 1242 2654 ita
1284 2601 1544 2673 diligebat
1595 2621 1741 2663 eunt.
1794 2609 2048 2681 Dixitque

435 2683 506 2738 ad
551 2700 676 2740 eum
724 2685 1040 2747 Jonathan:
1081 2689 1214 2747 Cras
1258 2694 1519 2754 Kalendae
1562 2709 1719 2771 sunt,
1768 2711 1824 2758 et
1866 2705 2049 2776 requi-

442 2776 585 2833 reris
634 2797 646 2834 :
701 2781 1012 2851 requiretur
1069 2785 1214 2840 enim
1265 2788 1441 2846 sessio
1493 2801 1582 2847 tua
1634 2811 1809 2866 usque
1869 2799 2049 2866 perin-

433 2870 546 2954 die.
577 2874 887 2932 Descendes
914 2893 1045 2949 ergo
1066 2879 1316 2946 festinus.
1345 2892 1402 2940 et
1425 2887 1612 2942 venies
1635 2888 1687 2943 in
1718 2889 1924 2957 locum,
1953 2893 2046 2948 ubi

436 2950 703 3020 celandus
744 2980 807 3022 es
840 2967 893 3022 in
944 2969 1068 3036 die,
1119 2987 1223 3042 qua
1263 2980 1480 3044 Operari
1518 2977 1683 3046 licet,
1743 2990 1797 3037 ct
1827 2983 2044 3041 sedebis

433 3053 590 3124 juxta
619 3055 888 3127 lapidem,
923 3061 1011 3115 cui
1033 3072 1116 3118 est
1148 3079 1347 3120 nomen
1374 3067 1452 3139 [h.
1488 3084 1594 3125 non
1624 3070 1812 3140 habet,
1843 3076 1928 3129 cui
1957 3085 2042 3132 est

2163 1856 2524 1928 Respondens
2553 1873 2736 1916 autem
2781 1863 3051 1918 Jonatltan
3101 1865 3254 1922 Sauli
3291 1869 3430 1938 patri
3473 1887 3602 1936 suo,
3633 1874 3740 1929 ait:

2161 1947 2344 2016 Quare
2377 1951 2681 2007 morietur?
2730 1955 2861 2024 quid
2901 1953 3064 2010 fecit?
3104 1957 3174 2012 Et
3207 1961 3443 2031 arripuit
3479 1963 3603 2018 Sani
3637 1967 3740 2020 lan-

2160 2057 2311 2097 ceam
2338 2084 2352 2109 ,
2397 2053 2456 2098 ut
2503 2055 2814 2114 percuteret
2857 2063 3006 2104 eum.
3051 2050 3119 2104 Et
3165 2052 3447 2109 intellexit
3492 2055 3742 2113 Jonatltatt

2159 2134 2302 2204 quod
2332 2135 2618 2192 deﬁnitum
2651 2146 2799 2193 esset
2833 2142 2976 2210 patri
3018 2156 3148 2209 suo,
3186 2155 3246 2199 ut
3280 2147 3608 2204 interficeret
3653 2150 3748 2204 Da-

2159 2228 2267 2283 vid.
2297 2227 2544 2285 Surrexit
2569 2246 2699 2302 ergo
2735 2231 3004 2289 Jonatltan
3037 2249 3067 2289 a
3105 2252 3298 2294 mensa
3326 2241 3379 2295 in
3420 2243 3498 2296 ira
3537 2242 3742 2310 furoris,

2157 2332 2210 2378 et
2235 2338 2342 2377 non
2373 2323 2612 2380 comedit
2639 2325 2693 2379 in
2738 2325 2826 2381 die
2851 2326 3217 2385 Kalettdattum
3260 2335 3503 2390 secunda
3543 2351 3740 2405 panem.

2156 2416 2522 2473 Contristatus
2551 2429 2639 2474 est
2673 2420 2816 2475 enim
2856 2437 3022 2492 super
3043 2423 3237 2493 David,
3288 2442 3356 2482 eo
3386 2428 3529 2499 quod
3567 2430 3741 2485 coniu-

2153 2508 2322 2567 disset
2344 2527 2466 2568 eum
2494 2523 2648 2582 pater
2676 2529 2832 2569 suus.
2865 2515 2950 2588 [T.
2992 2517 3153 2590 LIX.]
3193 2519 3444 2592 Cumque
3486 2524 3745 2579 illuxisset

2155 2619 2334 2672 mane,
2360 2605 2506 2660 venit
2537 2605 2809 2662 Jonatltatt
2841 2609 2892 2662 in
2926 2623 3114 2680 agrum
3165 2612 3325 2682 juxta
3365 2615 3622 2686 placitum
3652 2616 3747 2671 Da-

2153 2697 2239 2752 vid
2261 2739 2277 2764 ,
2310 2706 2365 2753 et
2396 2712 2531 2768 puer
2580 2701 2838 2770 parvulus
2884 2717 3006 2757 cum
3037 2719 3103 2757 eo
3131 2747 3146 2771 ,
3199 2715 3255 2760 et
3288 2708 3366 2762 ait
3415 2709 3483 2762 ad
3536 2725 3743 2780 puerum

2151 2802 2307 2845 suum
2344 2807 2358 2846 :
2389 2790 2558 2858 Vade,
2593 2801 2648 2848 et
2674 2792 2809 2848 adcr
2855 2794 2985 2850 milti
3016 2798 3262 2869 sagittas,
3295 2816 3437 2873 quas
3466 2818 3566 2872 ego
3594 2803 3744 2871 jacio.

2148 2880 2394 2948 Cumque
2440 2899 2574 2954 puer
2618 2888 2880 2943 cnrrisset
2907 2889 3077 2958 ,jccit
3105 2891 3268 2946 aliam
3319 2896 3571 2966 sagittam
3608 2907 3747 2952 trans

2149 2989 2396 3043 puerum.
2432 2976 2588 3032 Venit
2641 2979 2822 3048 itaque
2863 2995 2998 3049 puer
3036 2982 3102 3036 ad
3147 2985 3330 3039 locum
3375 2989 3582 3055 jacttli,
3613 2989 3747 3059 quod

2147 3067 2369 3121 miserat
2397 3066 2665 3125 Jonatltan
2701 3089 2712 3124 :
2742 3081 2796 3126 et
2822 3071 3072 3128 clamavit
3095 3073 3375 3132 Jonatltan
3405 3089 3529 3148 post
3552 3091 3746 3151 tergum

435 3147 666 3219 nomen]
691 3149 846 3204 Ezel.
872 3151 942 3206 Et
963 3168 1065 3224 ego
1095 3165 1205 3212 tres
1227 3159 1455 3229 sagittas
1479 3163 1689 3219 mittam
1710 3165 1862 3236 juxta
1887 3184 2035 3237 eum,

2150 3159 2318 3230 pueri,
2349 3168 2403 3215 et
2425 3163 2499 3215 ait
2524 3178 2537 3214 :
2562 3159 2704 3217 Ecce
2729 3162 2800 3217 ibi
2826 3173 2910 3218 est
2935 3164 3132 3235 sagitta
3159 3182 3329 3236 porro
3358 3147 3506 3225 ultra
3535 3179 3610 3227 te.
3634 3147 3750 3226 Cla-

434 3249 490 3296 et
517 3239 717 3311 jaciam
768 3245 923 3315 quasi
971 3261 1241 3306 exercens
1285 3268 1374 3309 me
1423 3255 1492 3310 ad
1543 3259 1777 3327 signum.
1828 3261 2037 3319 Mittam

432 3347 654 3404 quoque
684 3342 740 3389 et
769 3351 1024 3406 puerum,
1057 3339 1250 3397 dicens
1289 3344 1339 3398 ei
1374 3361 1389 3397 :
1431 3344 1616 3416 Vade,
1651 3358 1705 3404 et
1742 3349 1876 3406 affer
1906 3353 2038 3410 tttilti

429 3425 678 3495 Sagittas.
724 3427 780 3481 Si
821 3427 1014 3485 dixero
1057 3446 1229 3502 puero
1271 3451 1284 3488 :
1334 3434 1478 3492 Ecce
1529 3441 1748 3512 sagitttc
1801 3445 1939 3499 intra
1985 3456 2037 3503 te

435 3528 585 3584 sunt,
621 3521 752 3576 tolle
774 3539 867 3578 cas
903 3543 912 3577 :
959 3537 1012 3580 tu
1042 3529 1166 3583 veni
1197 3530 1264 3586 ad
1295 3547 1401 3600 me,
1431 3535 1558 3604 quia
1589 3553 1694 3606 pax
1723 3539 1816 3595 tibi
1844 3551 1949 3608 est,
1982 3555 2037 3600 et

433 3610 571 3665 nihil
612 3623 698 3668 est
727 3615 877 3680 mali,
907 3617 1045 3675 vivit
1087 3621 1368 3679 Dominus.
1404 3625 1461 3682 Si
1491 3638 1672 3684 autem
1697 3631 1775 3687 sic
1822 3634 2037 3693 locutus

433 3701 590 3758 fuero
627 3719 795 3773 puero
821 3725 832 3759 :
859 3707 999 3765 Ecce
1027 3713 1237 3784 sagittae
1259 3715 1400 3770 ultra
1425 3726 1476 3773 te
1496 3729 1658 3776 sunt:
1685 3723 1820 3780 vade
1847 3724 2031 3798 [Vulg].

433 3796 638 3851 addunt
666 3799 718 3852 in
755 3803 931 3873 pace].
977 3805 1101 3874 quia
1131 3806 1337 3864 dimisit
1364 3810 1442 3883 [,ti.
1476 3813 1641 3887 misit]
1670 3825 1721 3872 te
1750 3796 2029 3876 Dominus.

402 3889 510 3965 'De
535 3889 701 3946 verbo
731 3903 915 3949 autem
959 3898 1104 3967 quod
1151 3900 1319 3956 locuti
1363 3919 1554 3960 sumus
1592 3924 1697 3978 ego
1727 3919 1780 3965 et
1829 3922 1920 3978 tu,
1961 3913 2034 3969 sit

429 3980 694 4037 Dominus
717 3984 860 4041 inter
892 4003 977 4043 tne
1016 3998 1071 4043 et
1098 4000 1148 4046 te
1171 4007 1341 4064 usque
1372 3996 1426 4051 in
1453 3999 1867 4068 sempiternum.
1895 4005 2032 4061 Abs-

428 4073 686 4131 conditus
716 4088 799 4133 est
829 4095 960 4151 ergo
981 4082 1148 4139 David
1174 4085 1227 4139 itt
1256 4103 1406 4158 agro,
1441 4101 1497 4145 et
1528 4083 1792 4150 venerunt
1823 4096 2027 4154 Kalen-

429 4167 546 4234 dae,
577 4178 631 4224 et
660 4171 805 4226 sedit
841 4188 939 4230 rex
971 4175 1037 4230 ad
1073 4180 1471 4238 comedendum
1521 4200 1740 4255 panem.
1784 4191 2030 4262 Cumque

427 4259 668 4317 sedisset
695 4279 793 4319 rex
825 4279 992 4336 super
1020 4269 1338 4328 cathedram
1365 4290 1516 4332 suam
1549 4279 1872 4351 (secundum
1902 4300 2033 4340 con-

428 4352 800 4427 suetudinem)
822 4374 942 4428 qure
965 4371 1083 4416 erat
1102 4362 1253 4432 juxta
1284 4372 1570 4439 parietem,
1595 4377 1836 4431 surrexit
1857 4377 2028 4435 Jona-

2145 3250 2418 3323 mavitque
2459 3252 2647 3326 (Vulg.
2681 3256 2809 3310 add.
2835 3256 3058 3328 iterum)
3085 3258 3364 3316 Jonathan
3395 3274 3520 3334 post
3551 3275 3747 3334 tcrgmtt

2141 3348 2319 3418 pueri,
2357 3360 2378 3388 ε
2408 3349 2599 3406 dicens
2631 3367 2645 3406 :
2679 3350 2898 3408 Festina
2925 3354 3186 3412 velociter
3208 3397 3224 3424 ,
3259 3373 3330 3412 ne
3358 3358 3600 3414 steteris.
3623 3359 3742 3414 Col-

2141 3443 2272 3515 legit
2295 3454 2477 3502 autem
2508 3461 2643 3517 puer
2669 3445 2923 3502 Jonatlta:
2953 3449 3176 3519 sagittas
3197 3492 3212 3516 ,
3257 3461 3317 3508 et
3345 3452 3536 3509 attulit
3567 3453 3632 3507 ad
3659 3454 3749 3506 dc-

2138 3538 2343 3594 ntittum
2377 3555 2532 3594 suum
2565 3558 2578 3594 :
2611 3550 2665 3595 et
2695 3542 2819 3612 quid
2844 3553 3118 3612 ageretur,
3151 3547 3378 3616 penitus
3410 3546 3696 3620 ignorabat
3728 3565 3742 3600 :

2142 3635 2516 3688 tantummodo
2545 3634 2688 3688 cuint
2719 3633 2987 3690 Jonatltan
3021 3648 3076 3692 et
3104 3637 3275 3694 David
3310 3657 3429 3697 rem
3469 3654 3745 3698 noverant.

2141 3723 2299 3780 Dedit
2345 3725 2505 3795 igitur
2533 3725 2803 3782 Jonathan
2855 3743 3005 3783 arma
3034 3743 3128 3783 sua
3157 3746 3332 3801 puero
3354 3776 3370 3799 ,
3406 3743 3462 3788 et
3493 3733 3628 3789 dixit
3653 3736 3698 3789 ei
3733 3753 3745 3789 :

2138 3819 2302 3885 Vade,
2330 3821 2482 3878 defer
2513 3823 2565 3878 in
2588 3824 2888 3880 civitatem.
2919 3826 3054 3882 Cum
3081 3827 3286 3884 abisset
3318 3847 3478 3898 puer,
3513 3831 3742 3887 surrexit

2136 3913 2304 3969 David
2331 3915 2399 3970 de
2429 3916 2572 3979 loco,
2617 3919 2708 3988 qui
2743 3919 3000 3989 vergebat
3029 3920 3096 3976 ad
3134 3933 3387 3979 austrum
3417 3967 3434 3993 ,
3467 3936 3525 3980 et
3553 3926 3747 3981 cadens

2138 4021 2341 4075 pronus
2368 4006 2421 4061 itt
2471 4016 2667 4063 terram
2687 4051 2702 4074 ,
2751 4011 2996 4067 adoravit
3021 4013 3182 4068 tertio
3212 4031 3225 4068 :
3257 4027 3317 4071 et
3349 4017 3668 4072 osculantes
3691 4034 3746 4072 sc

2137 4100 2261 4172 (Ms.
2297 4110 2438 4156 tacet
2470 4100 2553 4174 se)
2583 4103 2947 4173 alterutrum,
2990 4105 3257 4163 ﬂeverunt
3293 4113 3546 4179 pariter,
3582 4112 3746 4166 David

2133 4203 2312 4250 autem
2363 4195 2620 4265 amplius.
2672 4197 2816 4252 Dixit
2867 4208 3052 4255 autem
3100 4201 3383 4258 Jonatltan
3427 4206 3497 4260 ad
3539 4207 3747 4262 David:

2133 4289 2285 4345 Vade
2324 4290 2374 4344 in
2405 4305 2542 4361 pace
2577 4308 2592 4348 :
2625 4307 2983 4364 quaecumque
3006 4294 3323 4366 jttravintus
3355 4300 3528 4356 ambo
3565 4302 3618 4356 in
3653 4317 3748 4356 tto-

2133 4381 2277 4438 ntine
2307 4381 2541 4450 Domini,
2571 4383 2815 4439 dicentes
2850 4403 2864 4440 :
2901 4385 3160 4442 Dominus
3186 4388 3256 4442 sit
3293 4390 3445 4446 inter
3477 4408 3568 4448 me
3593 4401 3650 4447 et
3676 4401 3747 4458 te,

423 4445 580 4515 than,
603 4459 658 4504 et
687 4450 832 4507 sedit
857 4453 1044 4510 Abner
1068 4472 1132 4513 ex
1163 4459 1333 4518 latere
1364 4463 1495 4521 Saul
1524 4509 1538 4533 ,
1581 4483 1895 4541 vacuusque
1933 4491 2028 4544 ap-
2057 4475 2108 4555 _'
2131 4483 2188 4530 et
2211 4475 2354 4530 inter
2380 4491 2568 4532 semen
2596 4491 2774 4532 meum
2801 4487 2853 4533 et
2883 4494 3072 4536 semen
3102 4489 3250 4536 tuum
3278 4499 3468 4555 usque
3510 4487 3565 4540 in
3611 4499 3750 4540 sent-

424 4541 608 4609 paruit
657 4542 809 4600 locus
855 4546 1046 4604 David.
1093 4551 1161 4606 Et
1192 4569 1301 4611 non
1347 4567 1431 4613 est
1469 4563 1685 4619 loculus
1728 4541 2022 4638 quidquam
2055 4544 2108 4610 D
2135 4573 2425 4640 pitcrnum.
2462 4570 2532 4625 Et
2561 4571 2820 4639 surrexit,
2851 4581 2906 4626 et
2930 4573 3092 4639 abiit;
3125 4575 3220 4630 sed
3261 4585 3322 4632 et
3349 4577 3635 4634 Jonatltan
3669 4581 3750 4635 in-

424 4633 552 4689 Saul
587 4637 638 4692 in
667 4638 754 4694 die
783 4641 872 4695 illa
905 4659 920 4696 :
953 4645 1224 4714 cogitabat
1253 4650 1398 4706 enim
1443 4655 1588 4723 quod
1627 4633 1767 4715 forte
1809 4664 2025 4719 evenis-

424 4736 511 4782 set
539 4729 609 4796 ei,
647 4740 703 4785 ut
731 4749 837 4788 non
865 4745 1018 4792 esset
1053 4741 1285 4796 mundus
1306 4786 1322 4810 ,
1357 4761 1460 4802 nec
1490 4748 1828 4817 purificatus.
1856 4753 2020 4810 Cunt-

425 4835 533 4918 que
563 4823 836 4884 illuxisset
864 4829 983 4886 dies
1024 4837 1260 4892 secunda
1297 4850 1420 4908 post
1458 4840 1732 4899 Kalendas
1768 4844 1844 4918 [Ιι.
1877 4849 2020 4905 diem

425 4909 836 4992 Kalendarum].
863 4939 1077 4981 rursum
1116 4944 1318 4986 vacuus
1352 4935 1606 5005 apparuit
1635 4937 1792 4994 locus
1821 4940 2014 4998 David.

495 5097 687 5190 ulClum
743 5103 1040 5190 Veronensi
1095 5125 1198 5166 ms.
1250 5111 1574 5190 Membrana:
1629 5116 2008 5190 Capitulares,

422 5180 648 5293 Zageat:
679 5176 836 5298 paul};
859 5193 1086 5259 .qttoque
1116 5195 1270 5252 post,
1301 5186 1468 5256 facias
1503 5176 2017 5248 mecum'tttisericio’r1

463 5259 587 5298 tam.
618 5259 714 5298 nro
743 5263 808 5298 tm
831 5264 887 5298 tt.

463 5259 561 5297 tam
573 5283 587 5308 ,
618 5259 714 5312 pro
743 5259 887 5301 num.

494 5333 522 5373 δ
544 5335 790 5427 Addunt“
810 5339 1018 5422 Vulgati
1039 5386 1062 5427 ,‘
1085 5348 1289 5418 auferat
1309 5348 1586 5427 donat/tan
1619 5355 1692 5427 de_
1716 5357 1868 5411 domo
1893 5375 2012 5427 sua,

416 5415 466 5460 et
487 5408 713 5500 reqlttitlat
744 5408 999 5466 Domitius
1029 5416 1091 5469 de
1109 5408 1271 5498 .nianu
1303 5421 1636 5500 inimicorum
1659 5425 1827 5482 David
1850 5445 1869 5493 ;
1894 5408 2015 5500 qua;

418 5478 1060 5570 tum.lle.brat'tts.iextus
1108 5489 1338 5558 ignorat,
1399 5509 1520 5570 cunt
1577 5478 2016 5570 Ilieronymianse

411 5551 967 5638 versionisnpolerique
994 5551 1186 5616 omnés
1214 5576 1369 5630 mss.,
1395 5565 1628 5638 denique
1656 5551 1714 5625 et
1736 5551 2014 5629 ηιῖιῖέιὺίίᾷυ

405 5621 613 5678 Graecae
635 5621 927 5682 editiones.

484 5724 506 5747 τ
532 5714 703 5808 ⁸νθοςλέ
735 5717 789 5774 in
827 5719 1122 5808 verone-nsi
1148 5739 1247 5783 ms.
1283 5727 1623 5803 Ilebrteoqne
1655 5734 1772 5808 ipso
1801 5751 1994 5801 πριιι-

407 5783 544 5852 piari
579 5789 822 5861 verbum,
854 5793 1046 5850 dicem.

1434 5864 1468 5877 διο

2128 4679 2347 4734 gressus
2379 4672 2464 4718 est
2484 4664 2780 4719 civitatem.

2200 4753 2286 4826 (Τ.
2319 4754 2432 4818 LX,
2457 4755 2582 4827 Cap.
2617 4754 2782 4826 XXI).
2815 4755 2973 4812 Venit
2993 4767 3178 4814 autem
3208 4759 3394 4819 David
3421 4765 3477 4821 in
3504 4765 3661 4823 Nobe
3683 4767 3750 4821 ad

2126 4850 2475 4906 Acltimelech
2523 4851 2862 4907 sacerdotem
2893 4871 2906 4906 :
2937 4861 2994 4908 et
3023 4853 3309 4924 obstupuit
3339 4858 3710 4917 Acltimeleelt
3733 4902 3748 4927 ,

2125 4958 2191 5000 eo
2229 4943 2374 5016 quod
2405 4945 2682 5012 venisset,
2716 4941 2744 4981 ἀ
2775 4952 2831 5000 et
2875 4948 3116 5002 surrexit
3154 4949 3389 5007 obviam
3441 4953 3619 5024 David
3645 4995 3661 5022 ,
3700 4965 3752 5010 et

2192 5123 2240 5212 (ξ.
2262 5125 2338 5212 Ita
2372 5126 2556 5212 Canon
2596 5129 2880 5190 Ilebraicac
2908 5135 3150 5212 veritatis
3181 5151 3310 5212 cum
3349 5141 3578 5212 aliquot
3617 5157 3750 5196 mss.

2119 5199 2398 5279 codicibus
2442 5202 2675 5279 optima)-
2719 5214 2879 5279 noue.
2911 5208 3112 5276 Regius
3132 5248 3147 5273 ,
3171 5199 3554 5279 ,Corbeicn'sis
3584 5228 3745 5279 unus,

2121 5283 2176 5325 et
2205 5269 2298 5324 alii
2329 5280 2438 5324 tres
2471 5273 2807 5350 recentiores
2837 5277 2895 5332 S.
2925 5269 3183 5334 Germani
3210 5295 3239 5333 a
3276 5282 3474 5339 Pratis
3497 5326 3514 5350 ,
3556 5269 3748 5341 eadem

2123 5357 2338 5424 quoque
2382 5343 2619 5424 retinent
2661 5349 2820 5424 verba
2850 5391 2864 5413 ,
2901 5350 3026 5424 licet
3073 5360 3284 5424 mutato
3324 5343 3624 5424 paulisper
3662 5371 3752 5409 or-

2125 5413 2274 5495 dine.
2304 5413 2705 5495 Leguntigitttr
2735 5420 2837 5495 hoc
2879 5422 3078 5495 modo:
3116 5419 3182 5475 Et
3209 5413 3498 5495 abst-tepuit
3523 5413 3748 5481 'Abime-

2125 5483 2235 5565 (ecl:
2258 5526 2273 5550 ,
2306 5503 2365 5565 eo
2393 5483 2538 5565 quod
2550 5483 2770 5565 uertisset
2797 5490 2964 5545 David
2989 5534 3004 5560 ,
3051 5502 3099 5547 et
3129 5483 3610 5553 surrexit'obviam
3636 5540 3652 5565 ,
3703 5504 3750 5550 τι

2122 5556 2256 5610 dixit
2286 5558 2351 5621 ei,
2387 5567 2494 5612 etc.
2520 5559 2700 5615 Man'r.

2177 5657 2246 5667 —
2273 5627 2444 5717 liabet
2473 5629 2591 5685 haec
2619 5631 2779 5687 modo
2805 5633 2968 5689 llebr.
3003 5642 3180 5690 textus
3207 5678 3219 5698 ,
3275 5620 3528 5717 15mins
3585 5646 3751 5700 't'tn’t

2105 5727 2194 5775 ’τη-ι’
2218 5703 2413 5806 nmp‘a
2449 5731 2496 5776 et
2523 5725 2824 5780 contremuit
2857 5725 3179 5780 ΛοΙιὶηιείεσΙι
3206 5726 3260 5779 in
3303 5703 3602 5787 occursum
3635 5730 3749 5786 Da-

2109 5814 2225 5886 vid,
2268 5813 2356 5872 cui
2390 5816 2628 5874 concinit
2672 5825 2724 5876 et
2756 5817 3024 5877 Graccus:
3061 5817 3282 5878 domum
3331 5821 3457 5895 ipsa
3503 5824 3742 5900 Vulgata
