3964 6344
206 310 285 368 θοι
1471 309 1673 366 LIBER
1710 309 1728 364 Ι

1847 308 1953 367 MU
1962 310 2133 369 ΕΗΒ.

3346 319 3451 378 602

210 424 381 486 dixitei
404 440 417 479 :
439 423 606 493 Quare
635 429 691 478 tu
729 422 900 489 solus,
930 430 985 479 et
1015 421 1195 479 nullus
1219 431 1306 479 est
1335 426 1551 479 tecum?
1578 424 1641 479 Et
1671 426 1746 480 ait
1774 430 1821 486 A
1852 440 2038 481 eorum
2066 426 2344 498 princeps,
2382 428 2704 502 fueruntque
2735 443 2859 486 cum
2899 445 2965 487 ρο
2993 432 3144 503 quas;
3189 410 3471 502 quam“);

208 518 343 577 David
389 516 448 572 ad
490 516 837 572 Achimelech
890 516 1228 571 sacerdotem
1268 532 1284 574 :
1331 516 1443 572 Dex
1493 518 1745 588 prmcepit

205 614 308 671 mihi
333 623 644 674 sermonem,
682 618 737 663 et
764 609 898 664 dixit
933 626 946 662 :
977 608 1150 664 Nemo
1188 611 1326 664 sciat
1357 625 1497 673 rem,
1525 620 1748 680 propter

207 718 332 776 quam
358 718 381 755 a
410 717 489 756 me
515 702 713 756 missus
743 716 803 756 es
833 700 1022 773 (Vulg.
1057 701 1181 755 add.
1217 716 1246 755 a
1273 700 1408 772 me),
1441 701 1746 771 eujusmodi

205 804 423 868 (incepta
447 793 536 847 tibi
571 792 701 867 [Με.
728 802 857 849 tacet
882 794 1000 865 tibi]
1027 794 1271 849 dederim
1300 814 1315 849 ε
1340 811 1462 851 nam
1485 807 1540 851 et
1568 812 1653 865 put
1672 796 1747 852 ris

205 887 375 944 condixi
403 886 450 941 in
481 886 630 940 illum
662 896 719 941 et
761 887 910 942 illum
944 888 1140 943 locum.
1177 887 1329 944 Nune
1359 889 1522 960 igitur
1546 891 1588 943 si
1616 889 1744 960 quid

204 977 334 1033 habes
370 976 430 1031 ad
459 992 675 1031 manum
706 1019 720 1043 ,
753 979 838 1033 vel
866 978 1105 1050 quinque
1131 995 1293 1048 panes
1321 1022 1335 1044 .
1377 981 1443 1035 da
1470 981 1624 1050 mihi,
1655 992 1745 1037 aut

202 1071 412 1142 quidquid
463 1072 762 1127 inveneris.
798 1071 865 1127 Et
895 1075 1234 1143 respondens
1264 1075 1521 1131 sacerdos
1555 1076 1741 1144 David,

201 1164 256 1218 ait
278 1184 289 1217 :
315 1163 416 1219 Non
444 1164 619 1219 habeo
646 1179 813 1235 panes
847 1166 1013 1222 Iaitos
1043 1166 1109 1221 ad
1140 1184 1381 1232 manum,
1411 1170 1505 1225 sed
1536 1179 1743 1225 tantum

201 1271 349 1324 panem
368 1266 604 1311 sanctum
638 1276 649 1310 :
675 1257 720 1311 si
750 1258 935 1313 mundi
960 1269 1087 1313 sunt
1113 1260 1287 1332 pueri,
1317 1264 1548 1317 maxime
1569 1278 1597 1315 a
1629 1278 1748 1317 mu-

200 1350 379 1406 lieribus
427 1349 561 1418 (Ms.
597 1352 891 1423 muliere)?
932 1353 1000 1409 Et
1034 1356 1319 1424 respondit
1358 1357 1524 1411 David
1562 1372 1747 1414 sacer-

199 1441 301 1506 doti,
326 1449 374 1495 et
396 1440 529 1496 dixit
559 1442 649 1497 ei:
686 1444 948 1514 Equidem
992 1445 1034 1498 si
1078 1445 1148 1501 de
1184 1446 1500 1502 mulieribus
1528 1448 1742 1520 agitur,

197 1533 514 1588 continuiinus
554 1551 653 1589 nos
703 1536 772 1590 ab
806 1535 926 1591 beri
956 1545 1011 1591 et
1052 1537 1457 1594 nudiustertius
1481 1581 1495 1604 ,
1527 1543 1743 1611 quando

196 1626 600 1696 egrediebantur,
653 1638 706 1682 et
753 1626 972 1683 fuerunt
1022 1645 1146 1684 vasa
1196 1646 1491 1700 puerorum
1532 1642 1737 1687 sancta.

198 1717 327 1772 Porro
353 1719 423 1772 via
461 1718 582 1774 haec
614 1720 816 1789 polluta
848 1731 931 1775 est
974 1718 1051 1792 (h.
1093 1720 1177 1776 via
1210 1722 1345 1777 laica
1376 1722 1474 1793 est)
1504 1766 1517 1791 ,
1567 1722 1661 1777 sed
1689 1731 1744 1777 et

1847 520 1989 589 genti
2025 520 2145 575 viri.
2192 520 2254 574 Et
2302 521 2580 589 profectus
2621 532 2704 578 est
2742 524 2908 578 David
2941 524 3065 579 inde
3107 525 3159 579 in
3186 526 3402 595 Maspha
3434 573 3447 597 ,

1848 629 1962 683 qua:
1984 623 2057 667 est
2076 613 2152 686 (h.
2177 628 2282 668 non
2300 614 2484 685 habet)
2514 614 2691 681 Moab,
2715 627 2767 671 et
2796 617 2931 671 dixit
2951 620 3016 672 ad
3045 633 3223 689 regem
3249 619 3445 675 Moab:

1849 704 2090 771 Maneat,
2126 722 2253 777 oro,
2292 716 2447 777 pater
2473 724 2625 764 mens
2664 717 2721 763 et
2766 723 2938 764 mater
2978 714 3094 766 mea
3128 711 3404 767 vobiscum
3429 755 3447 781 ,

1848 798 2023 854 donec
2050 801 2217 855 sciam
2247 802 2376 872 quid
2416 802 2577 856 faciat
2631 801 2760 857 mihi
2803 804 2961 859 Deus.
3004 803 3071 858 Et
3101 805 3315 875 reliquit
3354 821 3450 861 eos

1847 902 1973 947 ante
2013 892 2205 948 faciem
2258 894 2397 964 regis
2439 894 2634 949 Moab:
2669 906 3093 966 manseruntque
3131 898 3275 967 apud
3315 914 3440 953 cum

1848 989 2057 1043 cunctis
2083 988 2301 1052 diebus,
2331 990 2530 1059 quibus
2563 988 2727 1043 David
2762 990 2857 1043 fuit
2890 991 2939 1043 in
2974 990 3246 1059 przcsidio.
3281 991 3449 1046 Dixit-

1848 1098 1953 1151 que
1979 1082 2092 1137 Gad
2122 1064 2381 1152 propheta
2414 1082 2479 1137 ad
2510 1081 2673 1137 David
2704 1098 2720 1139 :
2758 1082 2876 1137 Noli
2911 1099 3132 1139 manere
3181 1085 3230 1139 in
3262 1084 3450 1154 prmsi-

1848 1174 1961 1238 dio,
2021 1174 2389 1245 proficiscere,
2417 1184 2469 1229 et
2502 1174 2635 1229 vade
2665 1175 2718 1228 in
2752 1185 2949 1229 terram
2977 1175 3133 1230 .‘Iuda.
3168 1176 3237 1231 Et
3274 1176 3449 1244 profe-

1847 1277 1963 1323 ctus
1994 1267 2161 1323 David
2196 1268 2347 1322 venit
2379 1267 2431 1322 in
2478 1268 2673 1323 saltum
2706 1268 2929 1324 Harcth.
2984 1269 3047 1323 Et
3077 1269 3280 1325 audivit
3318 1272 3447 1327 Saul

1846 1361 1989 1433 quod
2019 1361 2361 1429 apparuisset
2388 1360 2556 1415 David
2584 1403 2599 1426 ,
2630 1370 2685 1416 et
2726 1361 2827 1415 viri
2870 1361 2961 1431 qui
3005 1371 3160 1416 erant
3205 1377 3325 1415 cum
3355 1379 3421 1417 ce

1846 1454 1974 1509 Saul
2002 1463 2183 1508 autem
2213 1467 2335 1508 cum
2377 1461 2623 1507 maneret
2655 1454 2706 1505 in
2737 1452 2919 1508 Gabaa
2944 1494 2959 1517 ,
2990 1462 3046 1507 et
3076 1462 3222 1508 esset
3266 1454 3316 1507 in
3352 1469 3449 1507 ue-

1848 1562 2020 1615 more,
2054 1546 2197 1618 quod
2230 1559 2311 1601 est
2340 1551 2390 1600 in
2414 1546 2604 1611 Rama,
2628 1547 2839 1601 hastam
2864 1562 3022 1601 manu
3049 1555 3239 1601 tenens
3260 1590 3275 1613 ,
3316 1562 3447 1601 cnn-

1846 1642 2027 1710 ctique
2062 1651 2083 1678 ε
2110 1642 2251 1695 servi
2283 1640 2401 1710 ejus
2426 1641 2843 1695 circumstarent
2874 1656 2995 1695 eum
3016 1684 3030 1707 ,
3064 1643 3138 1695 ait
3163 1641 3227 1695 ad
3255 1657 3445 1697 εριινιιε

1846 1748 1994 1800 suos,
2029 1734 2118 1803 qui
2150 1734 2477 1789 assistebant
2508 1735 2555 1788 ei
2594 1752 2605 1789 ε
2640 1734 2834 1789 Audite
2870 1734 3056 1805 (Vulg.
3091 1734 3216 1787 add.
3252 1737 3441 1800 nunc),

198 1812 280 1879 ipsa
302 1811 441 1866 hodie
477 1811 917 1867 sanctiﬁcabilur
946 1813 998 1867 in
1031 1816 1194 1867 vasis.
1233 1814 1389 1869 Dedit
1417 1829 1548 1884 ergo
1575 1815 1623 1869 ei
1654 1830 1742 1868 δεῖ·
1773 1812 1820 1873 Β
1849 1825 1942 1881 ﬁlii
1972 1825 2169 1882 Jemini
2201 1844 2211 1879 :
2246 1825 2505 1894 numquid
2532 1825 2783 1880 omnibus
2806 1825 2959 1880 vobis
2991 1826 3140 1880 dabit
3168 1824 3310 1880 lilius
3342 1826 3443 1881 Isai

195 1902 342 1958 cenios
374 1904 776 1960 sanctiﬁcatum
809 1921 1027 1977 panem.
1073 1906 1257 1977 Neque
1294 1906 1435 1963 enim
1470 1908 1548 1981 (h.
1588 1908 1743 1964 Dedit

195 2012 291 2065 ergo
311 1998 352 2051 ei
388 1997 651 2053 sacerdos
692 2001 1060 2056 sanctitatem.
1094 2000 1279 2072 Neque
1322 2001 1490 2073 enim)
1521 2011 1638 2057 erat
1668 2002 1741 2058 ibi

194 2089 336 2157 panis,
366 2090 459 2144 nisi
490 2100 707 2146 tantum
740 2107 904 2162 panes
935 2094 1329 2163 propositionis
1356 2136 1370 2161 ,
1406 2094 1497 2164 qui
1542 2094 1743 2149 sublati

193 2180 402 2236 fueranta
433 2182 574 2239 facie
605 2184 865 2256 Domini),
898 2196 955 2240 ut
998 2198 1331 2257 ponerentur
1359 2203 1529 2256 panes
1554 2190 1737 2244 calidi.

192 2274 292 2330 Erat
331 2286 495 2333 autem
536 2279 609 2333 ibi
648 2280 870 2349 quidam
915 2280 1052 2352 (Ms.
1106 2290 1237 2337 tacet
1269 2280 1523 2353 quidam)
1562 2284 1641 2336 vir
1672 2282 1741 2338 de

191 2369 325 2423 servis
352 2370 505 2437 Saul,
534 2371 588 2426 in
623 2372 711 2426 die
739 2372 849 2436 illa,
884 2374 1027 2428 intus
1055 2374 1107 2429 in
1151 2374 1499 2431 tabernacqu
1528 2374 1737 2430 Demini

191 2460 430 2533 (obligatus
449 2463 503 2519 in
531 2475 830 2535 conspectu
865 2466 1073 2520 Domini
1107 2485 1118 2521 :
1144 2474 1200 2521 et
1223 2482 1419 2523 nomen
1445 2466 1564 2537 ejus
1590 2464 1739 2537 Doeg

191 2554 425 2621 ldumaaus,
456 2558 876 2626 potentissimus
906 2567 1189 2628 pastorum
1211 2557 1360 2613 Saul.
1389 2557 1532 2612 Dixit
1558 2566 1739 2612 autem

192 2644 322 2701 David
336 2648 393 2701 ad
410 2649 767 2704 Achimelech
790 2668 801 2702 :
820 2649 875 2705 Si
892 2649 1060 2705 babes
1074 2649 1162 2705 hic
1174 2650 1240 2705 ad
1265 2665 1481 2706 manum
1505 2650 1736 2720 hastam,

188 2750 257 2793 aut
294 2741 559 2811 gladium?
620 2744 744 2813 quia
801 2744 1037 2814 gladium
1091 2759 1271 2798 meum
1320 2754 1376 2801 et
1425 2759 1573 2799 arma
1620 2758 1742 2798 mea

188 2845 270 2885 non
295 2834 379 2887 tuli
404 2849 642 2901 mecum,
667 2850 850 2890 sermo
893 2836 1038 2890 enim
1068 2836 1213 2906 regis
1243 2836 1491 2904 urgebat.
1517 2836 1581 2890 Et
1603 2835 1742 2890 dixit

186 2926 395 2982 sacerdos
418 2946 431 2983 :
458 2936 483 2965 ι
501 2929 645 2985 Ecce
667 2929 878 2999 gladius
896 2929 1077 2984 Goliat
1092 2929 1419 2998 Philistlttei,
1440 2946 1600 3001 quem
1620 2946 1743 3000 per-

186 3022 361 3079 cussisti
387 3027 434 3078 in
466 3020 613 3080 valle
639 3024 951 3080 Terebiuthi
978 3069 993 3093 ,
1021 3036 1103 3082 est
1134 3028 1406 3081 involutus
1431 3026 1594 3097 pallio
1624 3035 1745 3097 post

186 3119 324 3185 ephod
344 3139 353 3172 :
375 3120 415 3173 si
438 3121 606 3175 istum
626 3121 708 3174 vis
736 3121 945 3188 tollere,
975 3121 1119 3179 tolle.
1152 3121 1337 3193 Neque
1363 3123 1509 3177 enim
1540 3133 1626 3177 est
1655 3122 1742 3178 hic

1845 1932 2005 1987 agros
2036 1928 2089 1972 et
2116 1917 2325 1980 vineas,
2357 1926 2412 1972 et
2452 1918 2735 1973 universos
2764 1932 2860 1971 vos
2889 1916 3048 1972 faciet
3078 1918 3323 1973 tribunos
3343 1960 3357 1985 ,
3392 1926 3447 1973 et

1844 2012 2189 2067 centuriones
2213 2052 2228 2077 ,
2280 2012 2537 2080 quoniam
2567 2013 2895 2080 conjurastis
2935 2027 3126 2067 omnes
3155 2012 3442 2068 adversum

1844 2121 1931 2160 me
1954 2147 1968 2171 ,
2008 2116 2063 2161 et
2101 2121 2211 2160 non
2245 2115 2326 2159 est
2356 2105 2444 2176 qui
2480 2105 2609 2160 mihi
2641 2105 2942 2169 renuntiet,
2979 2106 3213 2162 maxime
3239 2122 3361 2161 cum
3389 2114 3448 2161 et

1845 2198 1985 2253 ﬁlius
2028 2213 2183 2253 meus
2218 2195 2395 2253 fmdus
2424 2195 2448 2233 ἀ
2498 2198 2678 2253 inierit
2722 2214 2845 2252 cum
2888 2198 2999 2252 ﬁlio
3032 2198 3171 2253 Isai?
3206 2198 3321 2253 Non
3360 2206 3445 2254 est

1842 2292 1934 2360 qui
1966 2290 2139 2346 vicem
2175 2304 2350 2345 meam
2380 2290 2562 2344 doleat
2602 2306 2665 2343 ex
2694 2291 2879 2356 vobis,
2910 2305 3009 2344 nec
3038 2290 3127 2361 qui
3152 2291 3444 2346 annuntiet

1845 2382 1975 2439 mihi
2007 2402 2017 2437 :
2044 2399 2111 2439 eo
2131 2383 2276 2454 quod
2303 2383 2642 2438 suscitaverit
2670 2383 2811 2438 ﬁlius
2841 2398 2990 2440 meus
3013 2399 3230 2438 servum
3259 2398 3440 2439 meum

1843 2476 2128 2532 adversum
2158 2492 2263 2543 me,
2298 2476 2641 2531 insidiantem
2666 2476 2793 2531 mihi
2816 2492 2984 2548 usque
3012 2476 3173 2531 hodie
3198 2478 3275 2549 (h.
3301 2478 3443 2533 sicut

1846 2568 2051 2641 hodie).
2083 2569 2438 2639 Respondens
2466 2579 2643 2625 autem
2672 2571 2818 2641 Doeg
2844 2569 3110 2625 Idumteus
3141 2610 3158 2635 ,
3192 2571 3278 2638 qui
3304 2574 3443 2625 assi-

1843 2661 2040 2727 stebat,
2070 2672 2119 2716 et
2144 2672 2257 2716 erat
2285 2664 2489 2731 primus
2514 2662 2656 2716 inter
2708 2677 2892 2716 servos
2910 2662 3037 2717 Saul
3067 2662 3146 2729 (h.
3182 2664 3270 2731 qui
3295 2664 3433 2717 assi-

1845 2755 2021 2809 stebat
2063 2770 2184 2809 cum
2214 2753 2385 2808 servis
2418 2753 2568 2824 Saul)
2600 2771 2613 2807 :
2648 2754 2790 2822 Vidi,
2824 2756 3019 2825 inquit,
3054 2755 3221 2810 ﬁlium
3245 2755 3347 2810 Isai
3382 2757 3436 2811 in

1845 2848 2016 2913 Nohe,
2050 2847 2187 2919 apud
2219 2847 2567 2903 Achimelech
2614 2848 2780 2903 lilium
2827 2848 3027 2904 Abitob
3075 2850 3265 2923 (Vulg.
3309 2852 3436 2905 add.

1844 2943 2249 3014 sacerdotem).
2290 2943 2388 3011 Qui
2422 2944 2691 2998 consuluit
2718 2960 2815 3013 pro
2845 2960 2913 3000 eo
2943 2944 3254 3010 Dominmn,
3282 2956 3337 3001 et
3366 2948 3444 3001 ci-

1846 3038 1993 3093 baria
2018 3036 2165 3091 dedit
2188 3037 2239 3093 ei
2274 3053 2286 3088 :
2313 3036 2406 3089 sed
2437 3044 2489 3091 et
2513 3035 2751 3106 gladium
2782 3035 2995 3092 Goliath
3028 3036 3320 3091 Philisthrei
3343 3036 3443 3091 dc-

1846 3131 1924 3185 dit
1967 3129 2061 3183 illi.
2096 3128 2238 3183 Misit
2271 3144 2400 3197 ergo
2436 3144 2530 3182 rex
2573 3128 2638 3182 ad
2670 3129 3058 3184 accersendqu
3090 3130 3439 3184 Achimelcch

185 3210 495 3284 aliusabsque
513 3227 601 3267 eo.
634 3212 700 3267 Et
728 3213 983 3268 aitDavid
1004 3212 1147 3268 :Nun
1174 3223 1256 3269 est
1280 3212 1405 3268 huic
1434 3217 1570 3268 alter
1594 3213 1746 3269 simi-
1772 3202 1816 3263 C
1851 3221 2019 3275 ﬁlium
2047 3220 2244 3276 Ahitoh
2276 3220 2649 3286 sacerdotem,
2679 3228 2734 3275 et
2773 3237 2991 3275 omnem
3021 3222 3240 3275 domum
3274 3224 3441 3290 palris

183 3307 317 3373 lis,da
336 3311 628 3367 mihicum.
655 3311 905 3367 Surrexit
925 3309 1107 3382 itaque
1137 3310 1395 3376 David,et
1413 3308 1546 3379 fugit
1577 3309 1631 3364 in
1648 3308 1739 3365 die

184 3403 251 3458 illa
270 3420 294 3459 a
318 3404 444 3462 facie
465 3408 625 3472 Saul,
643 3416 697 3463 et
725 3406 875 3462 venit
901 3406 966 3460 ad
989 3406 1158 3461 Achis
1175 3423 1356 3475 regem
1377 3405 1519 3463 Gelli
1547 3423 1560 3459 :
1588 3405 1741 3460 dixe-

182 3507 373 3568 ruutque
396 3498 423 3539 ιι
447 3501 494 3555 ei
536 3501 682 3555 servi
716 3498 879 3555 Achis
916 3518 930 3555 :
961 3499 1231 3571 Numquid
1256 3517 1361 3554 non
1387 3501 1489 3555 iste
1520 3508 1605 3556 est
1638 3499 1741 3554 Da-

183 3591 247 3645 vid
282 3608 363 3648 rex
408 3594 615 3650 terr-.e?
644 3610 825 3650 nonne
870 3594 995 3650 huic
1040 3596 1333 3649 cantabant
1383 3610 1477 3663 per
1505 3593 1737 3659 choros,

180 3681 381 3742 dicentes
410 3706 423 3741 :
454 3687 739 3743 Percussit
767 3688 894 3745 Saul
926 3688 1094 3754 inille,
1131 3698 1184 3741 ct
1208 3688 1370 3742 David
1400 3690 1588 3744 decom
1619 3687 1739 3742 mil-

181 3775 368 3854 lia?[T.
398 3781 565 3855 LXI.]
604 3781 786 3836 Posuit
829 3790 1011 3836 autem
1057 3781 1223 3836 David
1270 3795 1555 3837 sermones
1609 3782 1741 3836 istos

180 3869 219 3923 in
238 3873 383 3929 corde
424 3892 558 3941 suo,
601 3884 657 3930 et
693 3875 942 3930 extimuit
969 3874 1125 3930 valde
1155 3892 1182 3927 a
1216 3873 1354 3930 facie
1399 3876 1563 3930 Achis
1598 3876 1739 3945 regis

180 3960 311 4018 Geth.
338 3965 403 4021 Et
429 3968 739 4023 immutavit
769 3984 830 4022 os
858 3984 1013 4023 suum
1037 3982 1219 4023 coram
1245 3969 1325 4023 eis
1350 4010 1364 4030 ,
1410 3976 1464 4023 et
1502 3968 1742 4023 collabe-

179 4054 305 4112 batur
342 4057 483 4116 inter
514 4075 713 4115 manus
748 4075 939 4115 eorum
970 4103 985 4127 ,
1024 4072 1080 4117 et
1121 4061 1453 4130 impingcbat
1505 4062 1556 4115 in
1600 4061 1738 4115 ostia

179 4158 317 4215 porta:
339 4193 354 4217 ,
386 4152 810 4223 deﬂuebantque
853 4154 1035 4208 saliva:
1062 4153 1179 4224 ejus
1208 4156 1263 4209 in
1297 4154 1543 4208 barbam.
1571 4153 1636 4207 Et
1668 4155 1741 4207 ait

178 4244 312 4299 Athis
349 4248 411 4301 ad
445 4261 638 4302 servos
676 4262 805 4302 suos
833 4266 844 4301 :
872 4247 1095 4302 Vidistis
1128 4247 1401 4302 hominem
1435 4247 1684 4301 insanum
1723 4263 1736 4300 :

179 4348 314 4403 quare
344 4338 651 4394 adduxistis
684 4356 807 4394 eum
852 4340 918 4395 ad
951 4341 1081 4396 me?
1110 4340 1190 4396 An
1224 4340 1419 4395 desunt
1464 4337 1618 4411 nobis
1648 4338 1740 4393 fu-

176 4428 295 4495 riosi,
328 4430 469 4497 quod
505 4431 884 4486 introduxistis
914 4432 1104 4496 istum,
1139 4441 1195 4485 ut
1221 4430 1454 4495 fureret,
1492 4446 1576 4485 me
1603 4445 1741 4500 prte-

176 4523 328 4576 seute?
357 4524 572 4579 hiccine
600 4524 936 4595 ingredietur
960 4525 1179 4580 domum
1206 4524 1419 4579 meam"

226 4610 297 4682 ῘΤ-
325 4615 484 4679 LXII,
519 4616 651 4687 Cap.
687 4615 879 4689 XXII].
927 4618 1074 4672 Abiit
1114 4633 1243 4688 ergo
1290 4617 1417 4673 inde
1448 4617 1615 4672 David
1638 4660 1651 4680 ,
1683 4627 1739 4672 et

162 4701 281 4775 "fugit
308 4709 384 4781 (h.
412 4710 611 4781 evasit)
642 4712 694 4765 in
720 4712 1033 4779 speluncam
1057 4711 1304 4766 Odollam
1329 4711 1407 4784 (h.
1435 4710 1733 4783 Adullam).

171 4798 294 4864 Quod
320 4820 437 4858 rum
473 4804 755 4859 audissent
795 4805 989 4861 fratres
1014 4808 1134 4874 ejus
1159 4847 1175 4870 ,
1226 4818 1280 4861 et
1322 4806 1499 4861 omnis
1543 4808 1738 4861 domus

170 4895 309 4957 patris
330 4895 446 4965 ejus
466 4938 482 4960 ,
511 4897 913 4953 desct-nderunt
940 4899 1004 4950 ad
1036 4914 1157 4953 eum
1190 4898 1338 4954 illuc.
1378 4900 1440 4954 Et
1471 4914 1742 4954 convene-

169 4997 271 5040 runt
288 4990 349 5043 ad
372 5006 500 5044 eum
523 5006 734 5059 omnes,
769 4992 858 5061 qui
890 5002 1045 5047 erant
1080 4994 1132 5046 in
1161 4992 1403 5064 angustia
1435 4994 1738 5062 constituti,

170 5086 209 5129 et
232 5086 467 5152 oppressi
500 5101 609 5142 tere
629 5086 829 5151 alieno,
855 5097 911 5142 et
940 5103 1126 5143 amaro
1147 5091 1348 5155 animo,
1379 5099 1433 5146 et
1461 5090 1635 5145 laetus
1662 5096 1746 5146 est

170 5217 301 5275 lectio
325 5224 518 5289 verba,
546 5234 592 5280 et
615 5225 835 5279 surrexit
867 5225 1095 5297 obviam,
1126 5244 1230 5282 non
1256 5228 1438 5284 habet.
1464 5229 1732 5297 Qumcum

170 5305 315 5360 neque
357 5297 411 5349 in
458 5298 831 5351 vetustissimo
866 5295 1165 5353 Veronensi
1205 5316 1306 5352 ms.
1350 5295 1504 5363 sint,
1545 5303 1725 5354 malim

167 5365 434 5441 astimare.
463 5384 526 5423 ea
549 5370 796 5441 equibns
827 5368 1167 5423 ltlartiaoanis
1190 5372 1278 5427 illa
1299 5373 1459 5426 verba
1490 5372 1729 5436 excudit,

168 5439 473 5515 interpolata
496 5440 819 5515 exemplaria
843 5483 857 5507 ,
891 5456 1014 5515 qua:
1053 5443 1303 5497 scholion
1348 5445 1645 5515 marginale
1676 5445 1727 5499 in

169 5512 344 5586 textum
372 5513 716 5586 _receperint._
744 5510 1067 5586 Pargquippe
1098 5523 1180 5568 est
1211 5516 1442 5582 opinari,
1470 5510 1601 5570 cum
1632 5516 1732 5570 La-

167 5583 256 5631 tina
279 5583 469 5648 verba,
502 5597 557 5636 eo
577 5583 717 5654 quod
746 5584 996 5649 venisset,
1031 5602 1134 5639 non
1161 5586 1476 5642 viderentur
1506 5588 1734 5643 Hebraeo

166 5657 336 5759 W5
372 5677 707 5745 respondere
738 5718 752 5742 ,
785 5675 1083 5733 studiosum
1111 5678 1345 5750 aliquem
1386 5679 1736 5751 rescripsisse

166 5763 220 5843 ad
247 5765 362 5843 libri
393 5784 547 5843 o_ram
567 5811 580 5833 ,
602 5779 650 5824 et
677 5771 901 5825 surrexit
925 5769 1143 5833 obuiam,
1176 5787 1295 5841 qua:
1324 5774 1671 5843 postmodum
1704 5788 1734 5830 a

169 5832 382 5895 librariis
417 5832 619 5898 fuerint
652 5844 704 5898 in
734 5851 936 5899 textum
962 5832 1271 5915 importata.
1327 5832 1339 5843 ’
1686 5872 1721 5915 ςς

1843 3310 1961 3382 ejus
1981 3355 1995 3378 ,
2023 3312 2399 3376 sacerdotum,
2429 3312 2520 3382 qui
2553 3319 2712 3366 erant
2741 3313 2792 3366 in
2839 3313 3021 3373 Nube,
3054 3314 3141 3382 qui
3175 3322 3445 3368 venetnnt

1845 3405 2078 3461 universi
2105 3404 2170 3459 ad
2203 3420 2405 3469 regem.
2435 3404 2499 3458 Et
2524 3405 2598 3457 ait
2628 3405 2757 3460 Saul
2795 3403 2987 3478 (Vulg.
3021 3405 3144 3458 add.
3176 3406 3242 3459 ad
3278 3405 3439 3460 Achi-

1844 3498 2083 3572 melecb]
2113 3519 2124 3553 :
2155 3498 2318 3562 Audi,
2348 3500 2418 3553 ﬁli
2462 3499 2685 3554 Abitob.
2728 3500 2833 3566 Qui
2873 3501 3152 3571 respondit
3186 3520 3197 3553 :
3231 3501 3441 3556 Prtc'to

1842 3610 1983 3662 sum,
2018 3594 2264 3648 domine.
2301 3592 2548 3662 Dixitque
2576 3593 2641 3647 ad
2669 3594 2791 3648 cum
2833 3594 2958 3648 Saul
3000 3609 3012 3647 :
3045 3593 3222 3662 Quare
3248 3594 3441 3664 conju-

1843 3689 2006 3744 vastis
2032 3689 2108 3757 (h.
2145 3686 2476 3750 reliellastis)
2506 3685 2793 3740 adversum
2836 3701 2942 3752 me,
2973 3697 3026 3739 tu
3061 3695 3115 3740 et
3142 3686 3283 3741 ﬁlius
3315 3688 3442 3753 Isai,

1843 3794 1897 3837 et
1928 3782 2127 3837 dedisti
2156 3782 2203 3835 ei
2236 3795 2405 3851 panes
2430 3790 2480 3835 et
2509 3781 2748 3850 gladium
2778 3826 2790 3849 ,
2822 3790 2874 3835 et
2898 3781 3218 3836 consuluisti
3247 3798 3345 3852 pro
3377 3797 3444 3837 eo

1846 3878 2011 3933 Deum
2034 3918 2047 3939 ,
2080 3884 2141 3931 ut
2169 3887 2525 3944 consurgeret
2555 3875 2845 3928 adversttm
2882 3890 3001 3939 me,
3041 3874 3326 3929 insidiator
3355 3891 3446 3929 us-

1842 3984 1947 4039 que
1968 3969 2127 4023 hodie
2154 3968 2233 4039 (li.
2261 3968 2545 4022 insidiator
2569 3967 2706 4021 sient
2732 3966 2916 4037 hodie)
2949 3969 3313 4035 permanens?
3337 3967 3443 4023 Re-

1842 4061 2594 4133 sjioudensqueAchimelcch
2618 4062 2748 4131 regi,
2784 4062 2854 4115 ait
2892 4081 2905 4117 :
2941 4063 3005 4115 Et
3037 4062 3156 4128 quis
3184 4063 3237 4117 in
3269 4062 3444 4116 muni-

1845 4155 1943 4209 bus
1974 4158 2151 4209 servis
2181 4153 2308 4222 tuis,
2336 4164 2475 4209 sicut
2500 4153 2665 4207 David
2692 4154 2891 4219 ﬁdelis,
2926 4163 2979 4207 et
2999 4169 3169 4224 gener
3194 4153 3361 4221 regis,
3388 4162 3444 4207 et

1843 4263 2073 4317 tergetis
2102 4247 2167 4300 ad
2217 4247 2502 4315 imperium
2556 4256 2701 4299 tuum
2730 4289 2744 4309 ,
2795 4257 2849 4301 et
2879 4249 3149 4316 gloriosus
3194 4246 3246 4299 in
3278 4246 3442 4299 domo

1843 4341 1967 4395 tua?
1999 4339 2138 4396 Num
2168 4339 2328 4393 hodie
2356 4341 2492 4406 cmpi
2525 4341 2813 4393 consulere
2846 4354 2944 4408 pro
2975 4354 3041 4393 eo
3073 4337 3275 4390 Deum?
3304 4337 3445 4391 absit

1845 4437 1947 4488 hoc
1976 4450 2003 4485 a
2037 4448 2156 4500 me,
2191 4450 2256 4487 ne
2287 4434 2592 4499 suspicetur
2618 4448 2709 4486 rex
2740 4432 3005 4486 adversus
3034 4445 3252 4485 servum
3285 4445 3440 4484 suum

1843 4544 1959 4586 rem
1981 4528 2372 4599 hujuscemodi,
2408 4528 2457 4580 in
2494 4526 2744 4581 universa
2769 4525 2932 4577 domo
2963 4526 3128 4592 patris
3153 4523 3257 4577 mei
3291 4540 3303 4575 :
3330 4537 3438 4577 non

1847 4624 1992 4679 enim
2025 4624 2182 4677 scivit
2212 4636 2406 4677 servus
2452 4631 2575 4674 tuus
2602 4619 2895 4689 quidquam
2939 4633 3104 4687 Super
3135 4619 3235 4671 hoc
3278 4632 3442 4684 nego-

1844 4718 1954 4781 tio,
2002 4715 2085 4768 vel
2119 4714 2391 4768 modicum
2424 4714 2507 4767 vel
2544 4710 2768 4780 grande.
2808 4710 3059 4781 Dixitque
3088 4725 3182 4765 rex
3222 4727 3234 4762 :
3270 4711 3443 4765 Morte

1845 4806 2118 4873 morieris,
2144 4806 2517 4869 Achimelech,
2543 4815 2622 4869 tu,
2652 4812 2707 4860 et
2731 4804 2908 4858 omnis
2935 4805 3127 4858 domus
3153 4805 3318 4871 patris
3343 4804 3439 4860 tui.

1846 4900 1909 4955 Et
1939 4900 2015 4954 ait
2044 4915 2139 4953 rex
2172 4897 2493 4960 emissariis,
2527 4898 2616 4967 qui
2646 4894 3070 4951 circumsmbaut
3101 4910 3223 4950 eum
3258 4912 3271 4949 :
3302 4896 3446 4950 Con-

1846 4992 2140 5055 vertimini,
2170 5004 2223 5046 et
2252 4989 2543 5044 interﬁcite
2564 4989 2876 5043 sacerdmcs
2901 4988 3112 5041 Domini
3139 5004 3154 5043 :
3186 5002 3307 5042 nam
3332 5004 3447 5043 ma-

1848 5101 1951 5141 nus
1989 5100 2175 5140 eorum
2208 5099 2331 5138 cum
2375 5082 2539 5137 David
2579 5090 2664 5136 est
2697 5099 2710 5135 :
2743 5082 2981 5135 scientes
3010 5079 3154 5150 quod
3198 5079 3444 5149 fugisset,

1915 5234 1941 5264 α
1966 5224 2063 5278 Ms.
2102 5222 2405 5276 Veronens.
2456 5234 2561 5271 non
2595 5217 2755 5272 liabet
2790 5214 2955 5289 Ecce,
2997 5215 3139 5284 quod
3182 5232 3357 5287 neque
3390 5218 3442 5272 in
3492 5280 3498 5289 ,

1840 5298 2069 5353 Hebraeo
2099 5304 2202 5349 est.
2237 5291 2448 5361 angati
2481 5292 2597 5358 plus
2623 5289 2843 5352 habent,
2882 5287 3017 5341 Ecce
3051 5290 3155 5341 hic.

1828 5402 1831 5403 '
1907 5392 1935 5430 ἲ)
1963 5390 2182 5445 Addunt
2214 5387 2422 5458 Vulgati
2456 5382 2770 5458 libri__verba
2794 5424 2808 5448 ,
2843 5386 2911 5435 ad
2934 5400 3047 5436 eum
3069 5424 3085 5450 ,
3123 5399 3240 5458 cum
3284 5383 3443 5437 vidis-

1835 5473 1945 5518 sent
1976 5460 2180 5520 Πανία,
2214 5455 2340 5528 qua?
2370 5470 2543 5526 neque
2576 5455 2740 5508 Ilebr.
2784 5463 2997 5521 textus,
3046 5470 3145 5511 nec
3179 5455 3445 5524 llicruny-

1833 5536 2026 5590 tniana:
2062 5530 2342 5586 Vcrsionis
2373 5543 2506 5583 mss'.
2540 5537 2870 5596 agnoscunt.

1917 5637 1939 5665 ο
1970 5624 2268 5679 Veronens.
2300 5620 2423 5675 cod.
2454 5619 2695 5688 ips-mque
2722 5617 3066 5687 Capitulares
3091 5618 3438 5675 membranrr,

1839 5698 1965 5752 socii
1996 5696 2179 5765 legunt
2209 5709 2305 5763 pro
2335 5691 2486 5759 servi,
2519 5690 2749 5746 Hebraeo
2781 5701 2961 5746 tamen
2993 5699 3140 5746 textu
3163 5697 3434 5749 'tt'twnun

1840 5768 2199 5826 assentiente.

1913 5838 1938 5877 ά
1970 5838 2137 5896 Iidem
2170 5851 2324 5906 mss.,
2358 5834 2524 5907 fwdus
2548 5832 2784 5905 junxen’t
2807 5873 2821 5900 ,
2851 5840 2957 5888 ctc.
