4144 6364
485 368 592 435 605

1483 373 1542 432 s.
1585 369 1967 430 [HERONYMI
2006 351 2242 430 mvma
2279 370 2759 430 BIBLIOTHECA.

3685 369 3790 430 60‘

486 510 597 552 non
628 491 1006 551 indicaverunt
1046 490 1197 549 milii.
1231 487 1532 549 Noluerunt
1561 499 1741 546 autem
1775 489 1918 546 servi
1945 489 2090 561 regis
2112 491 2166 554 Δ
2194 489 2608 570 nuntiatumque
2627 489 2899 556 estSauli,
2923 490 3066 562 quod
3086 489 3312 561 fugisset
3340 489 3510 547 David
3531 490 3599 548 de
3639 489 3789 548 Ceila

488 587 788 645 extendere
819 602 1037 643 manum
1061 601 1217 641 suam
1247 586 1299 640 in
1327 583 1640 640 sacerdotes
1668 583 1902 643 Domini.
1929 580 2091 639 Etait

491 698 587 738 rex
621 683 765 752 Doeg
806 699 820 734 :
851 679 1193 736 Convertere
1232 687 1320 744 tu,
1367 688 1420 734 et
1461 675 1610 734 irrne
1648 677 1701 733 in
1751 675 2088 733 sacerdotes.

489 755 574 846 [Τ.
605 773 812 844 LXIII.]
839 771 1252 842 Conversusque
1278 771 1425 841 Doeg
1455 779 1481 808 λ
1509 763 1799 837 ldumaeus,
1852 768 2009 824 irruit
2036 769 2089 822 in

491 867 829 927 sacerdotes.
862 873 919 921 et
944 863 1236 923 trucidavit
1261 864 1315 920 in
1340 865 1429 920 die
1458 863 1548 918 illa
1577 861 2093 934 octogintaquinque

495 959 644 1015 viros
697 961 924 1014 vestitos
963 955 992 996 ι’
1023 957 1201 1028 epbod
1261 957 1404 1014 lineo
1436 957 1514 1030 [h.
1570 965 1850 1029 portantes
1914 957 2092 1027 epbod

497 1053 746 1126 lineum].
774 1053 924 1109 Nube
943 1063 1123 1108 autem
1146 1051 1305 1108 eivita
1317 1062 1425 1108 tem
1451 1053 1798 1110 sacerdotum
1828 1053 2096 1123 percussit

499 1146 554 1201 in
578 1161 673 1202 ore
689 1143 879 1216 gladii,
906 1145 1051 1200 viros
1074 1155 1127 1200 et
1149 1146 1430 1208 mulieres.
1459 1146 1711 1215 parvulus
1732 1153 1789 1200 et
1807 1144 2092 1212 lactentes,

496 1236 696 1292 bovem
727 1244 783 1292 et
811 1236 1056 1304 asinum,
1087 1245 1144 1292 et
1181 1252 1346 1292 event
1381 1237 1435 1293 in
1467 1253 1562 1293 me
1609 1237 1800 1312 gladii.
1845 1238 2096 1295 Evadens

496 1336 676 1385 autem
707 1345 848 1386 unus
879 1330 1022 1387 lilius
1043 1329 1420 1398 Aeliimeleeb,
1447 1331 1540 1385 lilii
1565 1330 1789 1399 Abitob,
1818 1331 1973 1402 cujus
1999 1347 2096 1388 no-

502 1438 627 1478 men
656 1433 777 1478 erat
803 1422 1090 1492 Abiathar,
1126 1423 1256 1496 fttgit
1284 1423 1349 1479 ad
1379 1422 1569 1493 David,
1603 1433 1659 1480 et
1688 1425 2026 1480 annuutiavit
2046 1425 2097 1481 ei

504 1515 647 1588 quod
674 1515 966 1572 occidisset
995 1515 1120 1572 Saul
1145 1516 1458 1573 sacerdotes
1486 1515 1715 1573 Domini.
1741 1516 1806 1574 Et
1827 1519 1902 1572 ait
1930 1517 2098 1572 David

502 1609 571 1663 ad
599 1607 864 1664 Abiatbar
895 1625 909 1664 ε
934 1609 1183 1665 Sciebam
1208 1610 1260 1664 in
1282 1607 1371 1664 die
1399 1608 1510 1676 illa,
1538 1624 1662 1664 cum
1687 1609 1760 1665 ibi
1787 1621 1932 1664 esset
1953 1609 2100 1682 Doeg

505 1700 796 1768 ldummus,
829 1702 971 1772 quod
1006 1702 1360 1770 proculdubio
1388 1701 1740 1758 annuntiaret
1769 1703 1914 1759 Sauli
1950 1720 1964 1760 :
1999 1719 2100 1774 ego

505 1807 626 1848 sum
671 1808 798 1848 rens
838 1793 1079 1849 omnium
1131 1794 1437 1849 animarum
1491 1793 1686 1850 domus
1732 1807 1754 1834 ο
1791 1797 1961 1868 patris
1999 1797 2098 1852 tui.
2132 1839 2154 1868 ὲ

503 1887 662 1944 Mane
689 1903 921 1956 mecum,
952 1904 1020 1942 ne
1061 1887 1255 1944 timeas
1287 1905 1301 1942 :
1332 1888 1376 1942 si
1407 1889 1530 1960 quis
1559 1889 1834 1960 quaesierit
1865 1888 2101 1945 animam

505 1995 704 2049 meam,
723 1980 1242 2050 qureretetanimam
1259 1989 1428 2044 tuam,
1447 1995 1766 2052 mecumque
1777 1980 2104 2037 servaberis.

577 2074 662 2146 [Τ.
688 2074 870 2148 LXIV.
898 2074 1027 2146 Cap.
1061 2072 1273 2146 XXIII.]
1297 2075 1362 2129 Et
1393 2075 1775 2131 nuntiaverunt
1807 2074 1994 2142 David,
2026 2074 2110 2128 di-

503 2175 724 2224 centes:
743 2167 1214 2244 Eccegf’bilistbim
1242 2167 1742 2239 OppugnantCeila,
1771 2176 1828 2224 et
1846 2167 2110 2240 diripiunt

502 2275 679 2318 areas.
702 2261 982 2318 Consuluit
1004 2261 1162 2332 igitur
1192 2260 1354 2316 David
1382 2261 1686 2328 Dominum,
1715 2262 1932 2317 dicens:
1963 2260 2104 2316 Num

508 2355 721 2422 vadam,
747 2363 798 2410 et
825 2355 1120 2425 percutiam
1164 2354 1506 2428 Pliilistliwos
1533 2357 1688 2410 istos?
1721 2355 1787 2409 Et
1825 2354 1902 2410 ait
1932 2351 2111 2410 Domi-

509 2461 614 2502 nus
652 2447 717 2522 ad
775 2447 944 2503 David
975 2465 988 2499 :
1018 2447 1186 2514 Vade,
1214 2457 1273 2502 et
1303 2447 1576 2517 percuties
1621 2445 1970 2502 Pbilistlimos
1993 2486 2006 2509 .
2056 2453 2113 2500 et

507 2539 744 2594 salvabis
765 2539 938 2595 Ceila.
964 2539 1031 2594 Et
1053 2539 1310 2595 dixerunt
1339 2539 1440 2594 viri
1467 2539 1580 2610 ,qui
1603 2551 1892 2594 erantcum
1918 2537 2108 2607 David,

507 2631 573 2685 ad
604 2647 766 2687 eum:
801 2631 942 2687 Ecce
982 2647 1080 2686 nos
1112 2631 1199 2687 hic
1239 2631 1293 2686 in
1321 2631 1510 2687 Judzra
1554 2632 1918 2686 consistentes
1958 2631 2114 2685 time-

516 2739 674 2780 mus:
707 2733 910 2795 quanlo
961 2725 1130 2794 magis
1177 2724 1221 2780 si
1278 2723 1500 2779 ierimus
1539 2723 1593 2778 in
1623 2721 1775 2780 Ceila
1815 2723 2114 2778 adversum

510 2819 725 2889 agmina
775 2816 1222 2872 Philistinornm!
1254 2816 1488 2872 Rursum
1518 2831 1649 2887 ergo
1699 2815 1867 2871 David
1916 2831 2116 2870 consu-

513 2909 612 2962 luit
637 2907 942 2963 Dominum.
969 2907 1072 2974 Qui
1100 2905 1460 2977 respondens,
1479 2907 1554 2962 ait
1576 2907 1625 2962 ei
1647 2925 1660 2962 :
1681 2907 1876 2978 Surge,
1903 2915 1958 2960 et
1977 2906 2117 2960 vade

515 2998 593 3070 ιιι.
625 2997 919 3069 descende]
950 2997 1002 3053 in
1031 2996 1210 3053 Ceila:
1239 3012 1338 3067 ego
1370 2997 1514 3054 enim
1545 2996 1751 3052 tradam
1775 2997 2118 3052 Pliilistlueos

513 3093 564 3146 in
596 3107 756 3147 manu
791 3099 900 3149 tua.
928 3091 993 3146 Et
1018 3092 1150 3147 abiit.
1179 3091 1368 3156 David,
1403 3102 1458 3146 et
1490 3091 1586 3146 viri
1611 3091 1747 3161 ejus,
1781 3091 1836 3146 in
1866 3091 2037 3156 Ceila,
2064 3101 2120 3145 et

515 3184 775 3254 pugnavit
826 3183 1114 3241 adversum
1161 3184 1607 3251 Pbilistliasos,et
1651 3184 1830 3256 abegit
1875 3185 2116 3255 jnmenta

2196 585 2216 658 [
2252 583 2411 657 Vulg.
2438 586 2569 640 add.
2599 594 2654 642 et
2674 587 2914 642 salvatus
2940 585 3126 658 esset”,
3160 605 3173 642 :
3205 603 3365 656 quam
3396 587 3468 641 ob
3490 603 3605 643 rem
3632 587 3793 642 dissi-

2194 679 2420 735 mulavit
2449 680 2619 735 exire.
2655 679 2964 737 Morabatur
2989 689 3170 738 autem
3203 681 3368 736 David
3410 681 3462 735 in
3491 681 3709 737 deserto
3737 682 3789 738 in

2193 772 2327 842 locis
2354 771 2704 839 firmissimis,
2732 775 3108 846 mansitqnein
3132 783 3317 831 monte
3337 774 3791 844 solitudinisZipb

2197 863 2216 936 ί
2249 863 2397 936 Vulg.
2426 865 2556 918 add.
2585 865 2638 920 in
2673 876 2856 921 monte
2883 866 3116 938 opaco]:
3147 867 3427 935 quaerebat
3464 876 3642 923 tamen
3664 883 3788 923 eum

2194 957 2323 1013 Saul
2373 958 2582 1014 cunctis
2620 958 2830 1024 diebus,
2888 969 2942 1014 et
2997 974 3106 1038 non
3153 959 3374 1016 tradidit
3420 973 3543 1016 eum
3579 963 3790 1016 Deusiil

2197 1062 2388 1104 manus
2416 1050 2556 1119 ejus.
2588 1049 2654 1106 Et
2672 1051 2807 1108 vidit
2841 1051 3004 1107 David
3032 1051 3173 1121 quod
3198 1067 3453 1124 egressus
3473 1062 3618 1109 esset
3638 1053 3794 1121 Saul,

2198 1154 2257 1198 ut
2280 1155 2550 1214 quareret
2579 1145 2811 1200 animam
2835 1145 2976 1216 ejus.
3005 1147 3180 1206 Porro
3207 1147 3378 1203 David
3397 1156 3517 1204 erat
3538 1147 3589 1202 in
3614 1147 3799 1202 deser-

2200 1244 2254 1292 to
2282 1236 2416 1306 Zipb
2445 1236 2496 1290 in
2521 1236 2679 1292 silva.
2712 1237 2778 1293 Et
2805 1241 3044 1294 surrexit
3069 1236 3341 1294 Jonatban
3374 1239 3513 1292 filius
3543 1237 3693 1300 Saul,
3743 1243 3801 1292 et

2197 1327 2331 1384 abiit
2357 1328 2424 1383 ad
2458 1329 2622 1384 David
2659 1330 2711 1384 in
2737 1329 2954 1397 silvam,-
3003 1338 3061 1386 et
3087 1331 3417 1388 confortavit
3446 1345 3638 1387 manus
3679 1329 3801 1400 ejus

2200 1425 2254 1481 in
2279 1425 2428 1480 Deo:
2461 1426 2703 1496 dixitque
2732 1426 2781 1482 ei
2809 1444 2820 1480 :
2852 1425 2930 1482 Ne
2985 1426 3216 1482 timeas:
3248 1439 3425 1496 neque
3471 1424 3620 1481 enim
3650 1426 3802 1480 inve-
3899 1478 3906 1481 .

2201 1515 2315 1572 niet
2341 1524 2394 1571 te
2419 1531 2609 1571 manus
2653 1517 2781 1572 Saul
2815 1518 2980 1586 patris
3011 1518 3138 1585 mei,
3160 1525 3218 1574 et
3248 1528 3305 1573 tu
3337 1517 3588 1588 regnabis
3635 1528 3803 1586 super

2201 1609 2392 1677 Israel,
2433 1622 2488 1667 et
2529 1626 2632 1682 ego
2674 1627 2770 1668 ero
2823 1612 2916 1667 tibi
2947 1611 3218 1668 secundos
3245 1630 3259 1665 τ
3286 1611 3384 1668 sed
3411 1622 3461 1666 et
3489 1611 3617 1668 Saul
3651 1619 3804 1679 pater

2203 1720 2356 1760 meus
2387 1705 2493 1760 scit
2524 1704 2647 1760 hoc.
2683 1705 2957 1761 Percussit
2981 1706 3144 1776 igitur
3162 1714 3394 1776 uterque
3417 1703 3592 1759 fmdus
3619 1717 3802 1759 coram

2208 1797 2476 1852 Domino:
2509 1797 2820 1868 mansitque
2849 1797 3016 1852 David
3050 1798 3104 1856 in
3134 1795 3588 1852 silva:.lonatlian
3623 1805 3801 1850 autem

2211 1904 2464 1947 reversus
2493 1900 2577 1946 est
2597 1891 2648 1946 in
2671 1888 2698 1928 ἀ
2728 1892 2952 1946 domum
2982 1888 3078 1962 [h.
3110 1891 3252 1945 viam
3277 1888 3294 1960 j
3324 1903 3502 1944 suam.
3531 1885 3806 1943 Ascendcv

2211 1995 2338 2039 runt
2367 1992 2546 2064 autem
2575 1984 2783 2054 Zipbtei
2815 1984 2881 2039 ad
2914 1985 3047 2042 Saul
3074 1984 3126 2039 in
3155 1983 3360 2046 Gabaa,
3385 1983 3626 2039 dicentes
3656 2001 3669 2035 :
3703 1981 3805 2055 [T.

2211 2079 2394 2136 LXVI.
2420 2079 2646 2151 ]Noune
2674 2094 2805 2136 ecce
2832 2079 2998 2134 David
3057 2079 3232 2133 latitat
3258 2077 3399 2148 apud
3433 2091 3534 2131 nos
3574 2077 3625 2131 in
3673 2075 3838 2150 locis,

2211 2172 2501 2227 tutissimis
2527 2172 2702 2236 silvai,
2735 2172 2787 2226 in
2812 2169 2952 2226 colle
2981 2169 3209 2234 Achilze,
3241 2183 3360 2239 qua:
3417 2176 3500 2223 est
3525 2167 3591 2222 ad
3618 2166 3809 2223 dexte-

2212 2280 2328 2319 ram
2352 2264 2549 2319 deserti
2575 2264 2598 2317 ?
2624 2263 2779 2319 Nune
2803 2279 2956 2332 ergo,
2985 2263 3130 2318 s‘cut
3157 2260 3484 2316 desideravit
3509 2261 3688 2314 anima
3719 2268 3810 2312 tua

2212 2356 2310 2429 [h.
2343 2358 2519 2412 anima
2553 2365 2641 2412 tua
2661 2397 2676 2422 ,
2705 2371 2738 2411 ο
2766 2355 2878 2412 Rex
2910 2354 3011 2427 ]ut
3056 2353 3441 2417 descenderes,
3493 2350 3762 2407 descende
3796 2368 3809 2404 :

2215 2456 2461 2503 nostrum
2487 2458 2667 2504 autem
2695 2447 2822 2513 erit,
2849 2455 2910 2501 ut
2933 2445 3352 2501 tradamuseum
3379 2445 3430 2499 in
3457 2459 3646 2498 manus
3665 2442 3685 2515 [
3706 2441 3811 2496 Ms.

2217 2539 2416 2612 manu]
2443 2539 2608 2610 regis.
2635 2539 2887 2610 Dixitque
2918 2538 3045 2595 Saul
3063 2555 3077 2593 :
3097 2536 3374 2593 Benedicti
3399 2552 3494 2590 vos
3513 2553 3542 2589 a
3565 2535 3814 2601 Domino,

2217 2631 2340 2702 quia
2372 2631 2626 2687 doluistis
2649 2631 2820 2686 vicem
2844 2630 3050 2703 meam[
3069 2631 3124 2686 li.
3153 2631 3471 2701 pepercislis
3491 2643 3656 2696 super
3683 2627 3815 2697 me].

2222 2723 2398 2790 Abite,
2429 2731 2486 2778 et
2513 2739 2613 2778 oro
2639 2765 2652 2790 ,
2687 2723 2815 2796 [Με.
2839 2721 3005 2794 ergo]
3034 2731 3089 2778 et
3143 2723 3454 2791 diligentius
3487 2731 3814 2790 prazparate,

2218 2827 2271 2873 et
2299 2817 2566 2873 curiosius
2596 2818 2758 2887 agite,
2789 2825 2842 2872 et
2869 2815 3216 2871 considerate
3247 2817 3424 2869 locum
3467 2814 3555 2867 tibi
3602 2812 3672 2867 sit
3724 2825 3821 2882 pes

2220 2912 2362 2980 ejus,
2390 2912 2475 2967 vel
2507 2913 2628 2983 quis
2657 2911 2853 2966 viderit
2881 2926 3003 2964 eum
3030 2909 3099 2965 ibi
3125 2908 3425 2980 :recogitat
3450 2907 3592 2962 enim
3614 2907 3680 2961 de
3711 2920 3818 2974 me,

2221 3004 2362 3075 quod
2391 3003 2588 3058 callide
2609 3001 2834 3058 insidier
2854 3003 2922 3057 ei-
2955 3001 3332 3068 Considerate,
3357 3009 3412 3057 et
3436 3000 3620 3056 videte
3640 2999 3820 3076 omnia

2225 3096 2447 3152 latibula
2476 3095 2614 3166 ejus,
2666 3096 2717 3149 in
2749 3095 2947 3166 quibus
2976 3093 3350 3159 absconditur,
3382 3102 3437 3148 et
3485 3088 3822 3148 revertimini

2226 3189 2292 3242 ad
2325 3203 2433 3255 me,
2455 3187 2524 3244 ad
2554 3204 2667 3244 rem
2698 3196 2926 3252 certam,
2958 3197 3016 3242 ut
3046 3185 3235 3242 vadam
3260 3185 3561 3241 vobiscum.
3591 3183 3744 3250 Quod
3776 3183 3821 3238 si

509 3293 734 3346 eorum,
795 3285 851 3334 et
901 3278 1170 3348 percussit
1217 3294 1312 3334 eos
1343 3279 1493 3349 plaga
1548 3293 1738 3350 magna
1772 3295 1783 3331 :
1813 3286 1868 3334 et
1889 3278 2120 3334 salvavit
2147 3260 2194 3324 Ο
2225 3282 2387 3337 etiam
2420 3282 2472 3336 in
2505 3289 2703 3336 terram
2733 3295 2793 3336 se
2822 3280 3162 3349 abstruserit,
3195 3279 3577 3350 perscrutabor
3602 3294 3726 3334 cum
3769 3277 3822 3334 in

513 3369 681 3425 David
733 3369 1062 3426 habitatores
1113 3370 1298 3425 CeiLe.
1350 3370 1520 3426 Porro
1573 3385 1641 3427 eo
1687 3381 1956 3442 tempore,
2009 3388 2119 3442 quo

513 3460 755 3529 fugiebat
807 3461 1067 3516 Abiatliar
1123 3457 1263 3517 ﬁlius
1320 3461 1677 3517 Acbimelecli
1731 3462 1797 3518 ad
1851 3463 2015 3518 David
2065 3465 2120 3519 in

511 3555 682 3620 tieila,
715 3553 894 3624 ephud
925 3571 1110 3610 secum
1147 3557 1353 3612 habens
1380 3555 1758 3614 descenderat.
1793 3557 2111 3615 Nuntiatum

515 3662 544 3697 (ι
581 3653 600 3699 t
654 3655 836 3699 autem
876 3646 1048 3714 Sauli,
1081 3647 1226 3714 quod
1272 3647 1510 3703 venisset
1553 3647 1722 3703 David
1764 3649 1815 3704 in
1847 3647 1995 3704 Ceila
2023 3659 2123 3719 :_et

512 3739 587 3792 ait
641 3738 765 3794 Saul
794 3738 1076 3794 :Tradidit
1114 3755 1236 3793 eum
1269 3740 1409 3795 Deus
1457 3741 1510 3796 in
1543 3757 1735 3797 manus
1767 3758 1955 3806 meas;
1989 3758 2122 3798 eon-

515 3832 808 3900 clusnsqne
831 3839 916 3886 est
959 3833 1325 3899 introgressus
1373 3834 1682 3895 nrbem,’in
1709 3850 1810 3905 qua
1870 3845 2039 3905 porta».
2067 3845 2123 3891 et

515 3941 674 3979 sera}.
713 3925 773 3980 Et
807 3931 1064 3996 prmeepit
1089 3927 1211 3982 Saul
1244 3929 1388 3981 omni
1443 3931 1662 4000 populo,
1693 3940 1750 3984 ut
1775 3909 1839 3986 ad
1891 3947 2122 4002 pugnam

517 4018 918 4074 descenderent
943 4019 996 4073 in
1027 4019 1174 4074 Ceila
1203 4038 1215 4074 :
1249 4031 1298 4075 et
1323 4021 1639 4075 obsiderent.
1685 4024 1873 4089 David,
1901 4033 1953 4079 et
1981 4024 2126 4078 viros

519 4111 658 4178 ejus.
688 4110 703 4181 ί
736 4109 797 4165 Τ.
836 4111 996 4167 LXV.
1027 4111 1046 4183 ]
1077 4113 1230 4180 Quod
1258 4129 1380 4167 eum
1435 4115 1693 4170 rescisset
1741 4116 1904 4170 David
1933 4158 1948 4178 ,
1999 4119 2122 4187 quia

2221 3376 2434 3431 eunetis
2459 3374 2700 3430 millibus
2743 3372 2904 3430 Juda.
2939 3375 3008 3427 At
3032 3372 3108 3427 illi
3138 3380 3425 3444 surgentes
3473 3372 3724 3428 abierunt
3771 3370 3822 3424 in

2221 3467 2355 3522 Zinli
2387 3477 2516 3522 ante
2563 3467 2688 3520 Saul
2718 3485 2730 3519 :
2764 3465 2928 3521 David
2973 3478 3156 3521 autem
3205 3476 3263 3522 et
3300 3466 3401 3521 viri
3433 3465 3554 3535 ejus
3587 3474 3744 3520 erant
3772 3464 3825 3518 in

2222 3562 2440 3618 deserto
2471 3562 2652 3626 Maon,
2687 3561 2738 3615 in
2768 3560 3188 3630 campestribus,
3241 3558 3309 3615 ad
3356 3559 3638 3614 dexteram
3684 3557 3828 3614 Jesi-

2225 3656 2375 3708 mutli
2414 3654 2522 3726 [AL
2548 3653 2788 3708 Jesimou
2815 3652 2854 3722 ’1.
2880 3651 2983 3707 lvit
3035 3667 3167 3723 ergo
3196 3651 3326 3709 Saul
3354 3661 3408 3706 et
3437 3650 3570 3706 socii
3618 3650 3734 3721 ejus
3759 3649 3829 3704 ad

2223 3746 2576 3814 qna‘rentlttm
2609 3761 2757 3811 cum,
2783 3752 2838 3799 et
2861 3744 3164 3798 nuntiatum
3191 3754 3273 3798 est
3321 3742 3511 3814 David,
3540 3744 3834 3807 statimque

2225 3839 2512 3894 descendit
2539 3837 2608 3891 ad
2634 3850 2864 3904 petram,
2891 3845 2944 3891 et
2967 3837 3289 3891 versabatur
3319 3837 3370 3890 in
3404 3837 3619 3891 deserto
3651 3836 3827 3890 Maon.

2227 3931 2378 4000 Quod
2410 3947 2530 3985 eum
2555 3930 2795 3985 audisset
2825 3928 2975 3990 Saul.
3005 3937 3323 4000 persecutus
3346 3938 3425 3982 est
3461 3928 3630 3982 David
3659 3927 3709 3981 in
3734 3927 3831 3981 dc-

2227 4035 2377 4078 serto
2433 4022 2612 4087 Moon,
2663 4031 2716 4076 et
2769 4021 2877 4076 ibat
2908 4021 3034 4078 Saul
3086 4021 3154 4074 ad
3185 4021 3320 4074 latus
3355 4021 3553 4076 montis
3582 4035 3646 4075 ex
3681 4028 3834 4089 parte

2231 4133 2336 4172 una
2369 4134 2382 4171 :
2422 4115 2587 4170 David
2621 4123 2799 4170 autem
2828 4122 2882 4168 et
2903 4115 3004 4168 viri
3031 4115 3150 4182 ejus
3175 4122 3332 4168 erant
3354 4114 3404 4166 in
3433 4113 3605 4168 latere
3633 4112 3834 4168 montis

519 4215 855 4275 praepararet
885 4211 933 4260 ei
958 4206 1086 4262 Saul
1143 4207 1282 4264 elam
1331 4207 1554 4274 malum,
1585 4208 1815 4267 dixitad
1869 4210 2130 4267 Abiatbar
2230 4226 2297 4266 ex
2345 4219 2494 4279 parte
2522 4209 2692 4264 altera
2725 4225 2738 4262 :
2772 4221 2938 4279 porro
2979 4205 3146 4261 David
3193 4205 3522 4273 desperabat
3574 4219 3633 4260 se
3677 4220 3836 4274 posse

517 4294 1110 4369 s-iet-rdotemzAppliea
1129 4299 1327 4370 epliod.
1355 4299 1421 4354 Et
1443 4299 1516 4356 ait
1541 4301 1965 4358 Davidznomine
1988 4305 2127 4360 Dens

515 4387 703 4456 lsi-uel,
723 4390 926 4446 audivit
947 4391 1142 4447 famam
1171 4408 1362 4448 servus
1381 4403 1524 4459 tuus,
1552 4395 1694 4466 quod
1714 4394 1971 4467 disponat
1996 4396 2125 4454 Saul

517 4482 706 4536 venire
728 4479 781 4535 iu
813 4482 1040 4552 (Zeilam,
1077 4494 1136 4538 ut
1187 4493 1403 4540 evertat
1450 4487 1640 4541 urbem
1674 4497 1898 4560 pr0pter
1927 4504 2012 4544 me
2044 4506 2058 4544 :
2085 4489 2129 4543 si

520 4574 737 4630 tradent
766 4592 854 4632 me
883 4576 983 4632 viri
1007 4578 1177 4633 Cellae
1200 4579 1252 4634 in
1284 4594 1476 4636 manus
1506 4581 1664 4649 ejus?
1691 4591 1743 4638 et
1767 4583 1811 4637 si
1837 4583 2131 4638 descendet

2232 4303 2464 4358 evadere
2511 4317 2540 4356 a
2573 4300 2706 4356 facie
2757 4300 2888 4356 Saul
2923 4318 2936 4353 :
2968 4301 3149 4365 itaque
3199 4299 3324 4354 Saul
3373 4307 3428 4352 et
3457 4297 3560 4352 viri
3590 4297 3728 4368 ejus,
3782 4297 3835 4351 in

2234 4397 2454 4452 modum
2479 4410 2698 4452 coronae
2725 4393 3017 4463 cingebant
3038 4391 3208 4446 David
3236 4400 3290 4446 et
3316 4393 3461 4446 vires
3490 4390 3630 4460 ejus,
3659 4399 3716 4444 ut
3745 4403 3839 4444 ca-

2233 4498 2427 4563 perent
2457 4503 2572 4544 eos.
2604 4489 2668 4542 Et
2692 4487 2910 4540 nuntius
2956 4483 3109 4540 venit
3137 4484 3203 4539 ad
3235 4484 3386 4548 Saul,
3423 4483 3841 4540 tlieenstesti-

2237 4601 2325 4648 na,
2359 4591 2412 4639 et
2436 4581 2579 4648 veni,
2611 4581 2866 4652 quoniam
2898 4577 3213 4633 infuderunt
3239 4593 3299 4633 se
3334 4577 3639 4631 Pliilistliim
3672 4591 3840 4646 super

521 4663 672 4731 Saul,
701 4667 843 4723 sicut
871 4667 1074 4724 audivit
1102 4685 1291 4726 servus
1322 4673 1479 4728 tuus?
1519 4673 1747 4730 Domine
1777 4676 1914 4730 Deus
1939 4675 2126 4741 Israel,
2159 4657 2211 4718 Ῑ)
2239 4688 2458 4731 terram.
2500 4676 2775 4730 Reversus
2816 4681 2900 4729 est
2951 4687 3082 4744 ergo
3113 4671 3241 4729 Saul
3271 4669 3543 4726 desistens
3584 4669 3838 4742 persequi

523 4759 699 4814 indica
727 4776 886 4817 servo
913 4771 1029 4818 tuo.
1049 4765 1108 4818 Et
1135 4763 1862 4825 aitDominuszDrscendet.
1883 4767 2129 4840 Dixitque

528 4854 695 4913 David
725 4873 740 4914 :
766 4855 820 4914 Si
865 4857 1083 4913 tradent
1113 4873 1198 4914 me
1243 4858 1343 4916 viri
1377 4858 1563 4930 Ceilte,
1593 4872 1649 4917 et
1675 4861 1822 4918 viros
1865 4864 1977 4936 qui‘
2001 4872 2129 4918 sunt

527 4964 763 5016 mecum,
801 4951 854 5006 in
887 4967 1078 5008 manus
1108 4951 1278 5008 Saul?
1305 4955 1368 5009 lit
1394 4954 1531 5010 dixit
1564 4955 2125 5012 Dominus:Tradent.

527 5043 777 5100 Surrexit
803 5059 932 5116 ergo
955 5045 1123 5102 David
1169 5056 1224 5104 et
1253 5048 1351 5103 viri
1383 5049 1500 5120 ejus
1548 5049 1702 5119 quasi
1750 5052 2024 5121 sexcenti,
2072 5061 2128 5108 et

529 5135 737 5206 egressi
761 5137 829 5194 de
858 5139 1024 5206 Ceila,
1056 5139 1162 5196 huc
1188 5151 1351 5211 atque
1383 5142 1509 5197 illuc
1533 5141 1868 5212 vagabantur
1892 5143 2086 5199 incerti
2111 5163 2125 5201 :

604 5282 629 5310 ει
660 5273 718 5345 ln
751 5289 852 5328 ms.
885 5272 1210 5340 Veronensi,
1239 5274 1401 5342 Doec,
1427 5273 1568 5345 quod
1595 5273 1770 5332 Graeci
1803 5275 2115 5344 praeferunt.

531 5359 597 5400 ex
641 5343 1061 5420 iisqueveteres
1097 5347 1309 5420 Latini,
1338 5343 1466 5420 quin
1498 5357 1551 5420 et
1587 5345 1702 5416 ipse
1734 5343 2121 5420 Hieronymus,

530 5420 689 5488 epist.
726 5415 791 5472 ad
819 5417 1128 5488 Marcellam
1157 5419 1250 5486 ‘29,
1281 5415 1544 5486 de'epliod
1572 5415 1625 5472 et
1660 5415 1947 5488 terapbiml

603 5490 634 5561 ll
674 5486 728 5543 In
759 5489 988 5558 epistola
1036 5487 1350 5561 Hieronymi
1397 5505 1540 5544 nunc
1587 5491 1712 5556 150,
1743 5486 1865 5561 quae
1902 5491 1956 5546 in
1986 5507 2127 5547 nova

533 5557 928 5614 editioneuon
979 5561 1102 5618 l30.
1140 5557 1318 5618 sed'8.
1364 5572 1620 5628 ponetur.
1665 5557 1912 5616 eamdem
1955 5563 2127 5618 babes

535 5631 942 5685 annotationem
987 5648 1148 5697 quam
1196 5631 1286 5687 bic
1329 5632 1550 5688 exhibet
1580 5633 1918 5688 Seltnliastes
1951 5634 2129 5688 (latio-

538 5703 644 5777 nis.
693 5699 792 5757 Ubi
821 5717 956 5758 nunc
1001 5706 1218 5777 legimus
1241 5744 1256 5770 ,
1309 5703 1437 5777 hinc
1485 5705 1544 5760 S.
1581 5705 1781 5777 Ductor
1811 5706 1875 5759 ad
1908 5705 2134 5760 Mareel-

541 5774 671 5838 lam,
704 5782 749 5826 et
780 5789 955 5851 omnes
977 5774 1241 5851 portantes
1268 5776 1458 5851 ephori,
1487 5778 1550 5851 in_
1574 5774 1795 5851 Hebraeo
1818 5777 1988 5851 habet,
2017 5789 2141 5851 por-

545 5853 710 5919 lentes
755 5845 925 5919 epliod
970 5847 1090 5902 bad.
1142 5845 1478 5919 Vide'plara
1522 5847 1589 5901 de
1620 5847 1787 5917 ephod
1816 5848 1914 5902 bad
1942 5893 1955 5912 ,
1997 5845 2138 5913 sive,

544 5913 717 5988 lineo,
751 5913 917 5992 epist.
965 5920 1074 5996 jam
1105 5913 1359 5990 laudata,
1385 5929 1438 5978 et
1461 5913 1860 5997 aid-Fabiolam,
1889 5919 1956 5979 de
1979 5919 2144 5981 Veste

2239 4769 2487 4832 David.et
2502 4767 2803 4839 perrexitiu
2821 4780 3108 4821 occursum
3125 4763 3589 4819 Pliilistbinorum.
3610 4759 3840 4832 Propter

2239 4864 2344 4919 hoc
2370 4869 2698 4919 vocaverunt
2728 4862 2905 4917 locum
2934 4859 3109 4925 illum,
3137 4867 3344 4929 petram
3377 4857 3730 4913 dividentem.

2310 4958 2334 5030 [
2360 4956 2482 5028 Cap.
2512 4953 2701 5011 XXIV.
2724 4953 2740 5026 ]
2762 4953 3016 5012 Ascendit
3041 4962 3218 5008 autem
3237 4950 3404 5006 David
3432 4950 3576 5015 inde,
3602 4961 3656 5005 et
3683 4949 3842 5004 babi-

2240 5051 2372 5106 tavit
2401 5051 2454 5105 in
2487 5050 2618 5104 locis
2646 5046 2929 5103 tutissimis
2963 5042 3265 5102 En-Gaddi.
3299 5043 3543 5109 Cumque
3595 5055 3844 5097 reversus

2239 5151 2385 5199 esset
2431 5140 2594 5210 Saul,
2629 5149 2912 5213 postquam
2969 5146 3284 5209 persecutus
3336 5144 3421 5192 est
3475 5133 3838 5200 Plillistbzeos,

2221 5274 2570 5339 sacerdotali,
2624 5273 2788 5342 epist.
2822 5271 2932 5341 jam
2983 5269 3219 5342 laudata,
3254 5277 3308 5322 et
3336 5268 3402 5323 ad
3439 5266 3744 5334 Fabiolam,
3777 5265 3845 5322 de

2231 5348 2388 5404 Veste
2410 5339 2758 5408 sacerdotali,
2793 5339 2953 5413 epist.
2995 5341 3117 5397 1'28.
3149 5339 3327 5413 Mser.

2304 5431 2325 5458 ε
2361 5418 2564 5474 Vocem
2595 5417 2779 5471 domus
2810 5412 2934 5470 eum
2952 5413 3166 5483 Vulgat.
3200 5412 3502 5483 Veronens.
3540 5425 3642 5465 ms.
3669 5417 3837 5483 tacet.

2307 5489 2334 5528 ἀ
2379 5490 2595 5545 Falsum
2639 5483 2725 5543 est
2752 5491 2894 5558 apud
2924 5482 3188 5558 ﬂebrzeos
3216 5482 3325 5558 legi
3353 5525 3368 5548 ,
3393 5498 3626 5558 reuersus
3666 5490 3738 5535 est
3786 5482 3841 5535 iu

2236 5563 2371 5618 viam
2418 5577 2608 5616 suam:
2655 5555 2802 5615 nam'
2834 5559 2885 5611 in
2936 5555 3083 5611 fonte
3134 5555 3402 5610 llebraieo
3443 5555 3708 5624 scriptum
3758 5561 3844 5607 est

2239 5641 2399 5719 ἰη’ιῆ
2424 5641 2763 5740 1'3n,ltalacll
2786 5653 3010 5721 lebelho,
3036 5650 3088 5706 id
3115 5659 3219 5716 est,
3243 5651 3331 5704 ivit
3362 5651 3414 5704 iu
3437 5649 3650 5703 domum
3670 5663 3841 5702 suam.

2251 5775 2409 5830 Forte
2438 5773 2503 5828 ad
2533 5785 2758 5827 sensum
2789 5783 2978 5833 unum,
3013 5782 3122 5822 non
3157 5765 3222 5820 ad
3255 5763 3445 5824 verba.
3477 5779 3595 5831 qua:
3626 5762 3844 5815 diversa

2249 5857 2410 5913 sunt,
2443 5842 2757 5899 attendebat
2803 5840 3130 5913 scboliastes
3171 5846 3378 5913 noster.
3421 5833 3694 5913 Quid-mill
3743 5833 3844 5900 sit,

2253 5905 2580 5990 fides'liujus
2610 5912 2983 5974 annotationis
3006 5924 3176 5988 penes
3205 5910 3354 5970 illum
3378 5909 3500 5968 erit.
3534 5905 3712 5965 Mur.
