4144 6364
360 365 468 428 C03

1676 371 1882 433 LIBER
1921 372 1942 431 Ι
1979 371 2348 432 SAMUELIS.

3556 366 3659 424 ιοά

358 484 756 542 nuntiaverunt
810 479 882 551 ei,
931 479 1209 541 dicentes:
1248 482 1390 543 Ecce
1444 484 1615 545 David
1668 489 1719 544 in
1747 487 1963 544 deserto
1993 491 2042 552 Α
2071 497 2125 542 ιιι
2151 486 2404 543 indicasti
2438 485 2598 541 hodie
2629 500 2750 558 qua:
2780 482 2979 542 feceris
3008 481 3140 538 mihi
3177 480 3314 537 bona
3346 495 3363 536 :
3391 483 3664 553 quemodo

363 588 447 635 est
472 577 775 635 EmGaddi.
800 579 1100 633 Assumens
1129 594 1261 651 ergo
1289 580 1417 636 Saul
1445 582 1550 636 tria
1574 582 1743 637 millia
1764 584 1967 638 electo—

362 689 481 728 rum
514 673 751 727 virorum
783 687 848 727 ex
877 673 1023 726 omni
1048 671 1238 739 Israel,
1270 675 1507 743 perrexit
1536 675 1602 730 ad
1633 676 1964 746 investigan-

361 764 488 820 dum
520 764 684 820 David
708 775 763 820 et
794 764 941 819 viros
979 766 1115 836 ejus,
1150 767 1312 820 etiam
1362 782 1530 839 super
1553 769 1966 839 abruptis~imas

358 868 565 928 petras,
595 874 719 929 quae
747 858 878 914 solis
909 858 1139 915 ibicibus
1193 859 1395 928 pervia:
1425 871 1569 918 sunt.
1626 863 1693 918 Et
1720 863 1868 917 venit
1895 861 1962 918 ad

359 952 543 1006 caulas
570 950 590 1023 [
617 950 721 1005 Ms.
753 951 880 1005 add.
914 966 1131 1023 qquue
1151 950 1169 1023 ]
1193 954 1395 1019 ovium,
1425 970 1546 1023 qua:
1572 972 1630 1011 se
1669 954 1966 1011 olTerebant

360 1045 555 1102 vianti.
586 1047 602 1119 ι
635 1046 697 1101 Τ.
724 1045 930 1102 LXVII.
964 1044 1240 1117 ]Eratque
1272 1048 1345 1104 ibi
1372 1050 1630 1119 spelunca
1684 1066 1842 1121 quam
1884 1051 1966 1110 in.-

360 1154 581 1210 gressus
614 1150 695 1194 est
723 1139 874 1207 Saul,
904 1149 962 1194 ut
1001 1148 1258 1211 purgaret
1288 1150 1530 1199 ventrem
1556 1143 1575 1216 [
1598 1142 1654 1199 b.
1682 1144 1746 1199 ad
1779 1156 1960 1214 tegen-

359 1234 486 1289 du'u
523 1234 687 1304 pedes
708 1234 858 1308 suos]
892 1251 1087 1305 :porro
1110 1237 1272 1292 David
1299 1248 1354 1293 et
1374 1238 1473 1293 viri
1492 1240 1609 1310 ejus
1630 1240 1683 1294 in
1704 1240 1964 1296 interiore

361 1336 517 1397 parte
544 1328 819 1395 speluucze
848 1328 1106 1383 latebant.
1140 1328 1207 1383 Et
1233 1330 1481 1386 dixerunt
1523 1333 1665 1387 servi
1695 1332 1862 1387 David
1895 1333 1961 1388 ad

358 1434 479 1475 eum
507 1438 519 1474 :
556 1419 695 1475 Ecce
716 1419 852 1485 dies,
882 1421 953 1476 de
975 1438 1077 1489 qua
1099 1421 1311 1478 locutus
1345 1432 1430 1479 est
1472 1425 1734 1481 Dominus
1761 1426 1827 1481 ad
1869 1436 1958 1482 te:

361 1511 473 1580 Ego
501 1512 707 1567 tradam
757 1514 849 1568 tibi
893 1514 1167 1570 inimieum
1208 1518 1467 1591 tuutn[h.
1500 1518 1779 1575 inimicum
1813 1531 1959 1575 tuum

358 1606 410 1659 in
444 1620 606 1659 manu
640 1617 727 1660 tua
760 1605 800 1678 ],
833 1617 890 1662 ut
930 1606 1092 1661 facias
1123 1608 1170 1663 ei
1201 1608 1340 1664 sicut
1384 1610 1648 1679 placuerit
1693 1612 1746 1666 in
1792 1612 1963 1668 oculis

359 1700 477 1753 tuis
509 1700 761 1754 Surrexit
787 1716 915 1770 ergo
944 1700 1132 1761 David,
1167 1710 1223 1756 et
1268 1702 1513 1769 prmcidit
1543 1719 1692 1757 oram
1720 1704 1964 1776 chlamy-

354 1791 440 1846 dis
462 1791 590 1848 Saul
616 1793 863 1847 silenter.
893 1792 1023 1848 Post
1050 1792 1166 1848 lucc
1189 1796 1456 1864 percussit
1476 1810 1571 1851 cor
1592 1810 1748 1851 suum
1772 1797 1958 1865 David,

2071 580 2361 636 tradiderit
2390 596 2475 635 me
2503 579 2769 635 Dominus
2793 580 2844 633 in
2864 591 3081 632 manum
3115 584 3284 642 tuam,
3307 581 3363 629 et
3388 582 3495 629 non
3523 575 3668 632 occl«

2068 673 2212 728 deris
2243 688 2343 728 me.
2380 674 2511 739 Quis
2539 676 2683 730 enim
2714 686 2836 729 cum
2861 673 3125 728 invenerit
3173 669 3451 726 inimicum
3479 686 3657 734 suum;

2068 766 2304 823 dimittet
2334 783 2458 824 eum
2498 770 2550 824 in
2583 772 2670 824 via
2701 768 2879 825 bona?
2913 767 3020 824 Sed
3048 766 3310 822 Dominus
3354 763 3547 820 reddat
3574 763 3669 818 tibi

2069 861 2492 917 viciSsitudinem
2526 862 2685 933 hanc,
2717 877 2816 933 pro
2838 878 2903 918 eo
2924 860 3065 933 quod
3115 859 3278 915 hodie
3327 866 3583 928 operatus
3605 872 3667 913 es

2069 954 2121 1009 in
2148 970 2252 1009 me.
2293 954 2357 1008 Et
2386 970 2530 1010 nunc
2559 957 2682 1027 quia
2713 955 2827 1011 scio
2851 953 2996 1027 quod
3018 952 3322 1011 certissime
3341 959 3667 1022 regnaturus

2067 1048 2260 1104 siszet
2288 1046 2573 1103 habiturus
2605 1050 2659 1103 in
2691 1061 2854 1105 manu
2901 1058 2991 1104 tua
3037 1062 3261 1118 regnum
3304 1045 3498 1116 Israel,
3543 1046 3666 1116 jura

2068 1141 2198 1195 mihi
2225 1142 2277 1196 in
2307 1143 2556 1209 Domino,
2593 1154 2659 1199 ne
2700 1142 2887 1199 deleas
2934 1157 3121 1198 semen
3156 1156 3333 1196 meum
3375 1150 3499 1209 post
3547 1150 3665 1206 me,

2068 1250 2137 1291 ιςθ
2159 1252 2243 1304 lue
2273 1237 2485 1293 auferas
2503 1253 2701 1292 nomen
2727 1253 2908 1292 meum
2943 1236 3011 1291 de
3056 1236 3218 1291 domo
3252 1234 3422 1306 patris
3447 1234 3575 1289 mei.
3604 1236 3669 1290 Et

2060 1326 2266 1397 juravit
2293 1328 2460 1384 David
2490 1329 2658 1385 Sauli.
2685 1328 2830 1384 Abiit
2852 1344 2980 1399 ergo
3006 1328 3135 1384 Saul
3168 1330 3222 1382 in
3244 1328 3463 1383 deruunt
3486 1343 3661 1397 suam,

2064 1432 2120 1476 et
2150 1422 2316 1477 David
2348 1432 2403 1477 rt
2425 1424 2526 1477 viri
2548 1422 2666 1499 ejus
2696 1422 3059 1477 ascenderunt
3088 1422 3154 1476 ad
3187 1422 3381 1476 tutiora
3415 1421 3553 1475 loca.

2137 1515 2153 1586 [
2183 1514 2319 1584 Cap.
2349 1516 2516 1571 XXV.
2538 1516 2557 1588 ]
2580 1518 2828 1572 Mortuus
2856 1524 2941 1571 est
2966 1524 3149 1570 autem
3183 1514 3422 1578 Samuel,
3451 1524 3505 1569 et
3533 1529 3668 1569 cnn-

2064 1619 2317 1680 gregatns
2348 1620 2430 1665 est
2461 1611 2748 1665 universus
2770 1609 2962 1673 Israel,
2991 1618 3044 1663 et
3074 1609 3405 1678 planxerunt
3436 1622 3583 1671 eum,
3612 1614 3670 1661 et

2064 1702 2537 1772 sepelierunteum
2591 1706 2643 1757 in
2690 1701 2852 1756 domo
2881 1702 3050 1756 suain
3083 1699 3295 1771 Ramal
3344 1698 3498 1770 Vulg.
3554 1698 3663 1752 Ra-

2066 1793 2301 1865 matha].
2320 1795 2783 1864 Consurgensque
2810 1793 2972 1847 David
3006 1792 3290 1847 descendit
3310 1792 3361 1845 in
3386 1793 3662 1845 desertum

353 1899 420 1939 eo
440 1884 580 1953 quod
612 1885 935 1939 abscidisset
961 1900 1115 1940 oram
1143 1886 1443 1957 chlamydis
1490 1887 1640 1945 Saul.
1699 1888 1952 1959 Dixitque
1987 1888 2034 1949 B
2063 1889 2293 1944 Pharan.
2323 1890 2339 1961 Ῐ
2370 1889 2431 1944 Τ.
2469 1889 2629 1944 LXX.
2650 1888 2667 1960 ']
2687 1890 2812 1942 Erat
2840 1896 3019 1942 autem
3044 1888 3125 1940 vir
3152 1885 3418 1956 quispiam
3454 1884 3505 1938 in
3536 1884 3670 1938 soli-

353 1978 418 2031 ad
449 1978 593 2033 viros
615 1994 742 2032 suos
778 1996 792 2032 :
827 1978 1096 2048 Propitius
1144 1979 1274 2034 mihi
1302 1980 1375 2035 sit
1397 1980 1658 2036 Dominus
1680 1982 1698 2054 [
1718 1983 1770 2035 h.
1799 1982 1957 2039 Absit

350 2085 380 2123 a
414 2085 500 2125 me
531 2085 555 2121 τι
588 2068 877 2143 Domino],
911 2087 976 2125 ne
1006 2070 1206 2125 faciam
1252 2070 1392 2127 hanc
1414 2088 1527 2128 rem
1558 2073 1779 2128 domino
1809 2090 1953 2143 meo,

350 2162 559 2218 cltristo
589 2163 819 2228 Domini,
853 2172 907 2217 ut
933 2163 1140 2218 mittam
1197 2180 1415 2218 manum
1441 2165 1492 2219 iu
1519 2180 1667 2230 eum,
1698 2167 1951 2237 quoniam

350 2255 586 2310 christus
612 2255 828 2309 Domini
857 2265 955 2310 est.
976 2255 1074 2328 [T.
1108 2256 1337 2312 LXVIII.
1362 2255 1462 2329 ]Et
1492 2256 1756 2329 confregit
1787 2258 1954 2314 David

351 2350 495 2403 viros
526 2364 676 2410 suos.
701 2350 1069 2419 sermonibus,
1105 2360 1158 2406 et
1189 2366 1294 2405 non
1325 2351 1572 2419 permisit
1598 2366 1712 2418 eos,
1739 2362 1794 2407 ut
1824 2368 1953 2408 con-

350 2452 641 2513 surgerent
681 2444 732 2497 in
764 2444 913 2499 Saul.
948 2444 1121 2501 Porro
1149 2444 1281 2501 Saul
1315 2460 1612 2515 exsurgens
1634 2445 1703 2500 de
1733 2447 1951 2516 spelun-

350 2550 437 2598 ca,
472 2537 729 2606 pergebat
757 2547 936 2607 coepto
967 2538 1179 2593 itinere.
1206 2536 1457 2593 Surrexit
1485 2548 1664 2594 autem
1697 2549 1749 2594 et
1786 2540 1953 2595 David

352 2640 472 2699 po~t
510 2644 662 2691 eum.
705 2639 759 2685 et
807 2645 1061 2700 egressus
1105 2630 1173 2686 de
1226 2632 1505 2703 spelunca,
1542 2634 1793 2689 clamavit
1833 2643 1958 2703 post

352 2732 561 2794 tergum
590 2723 745 2792 Saul,
798 2724 983 2781 dicens
1019 2741 1032 2779 ε
1061 2726 1290 2784 Domine
1340 2726 1410 2781 mi
1454 2742 1583 2782 rex:
1616 2729 1683 2783 Et
1713 2731 1957 2796 resnexit

352 2816 484 2872 Saul
518 2827 640 2887 post
667 2832 747 2883 se,
772 2828 827 2871 et
854 2819 1123 2874 inclinans
1154 2836 1212 2873 se
1233 2819 1396 2874 David
1429 2835 1627 2889 pronus
1655 2821 1708 2876 iu
1731 2833 1950 2885 terram,

351 2908 619 2974 adoravit,
663 2910 914 2979 dixitque
964 2910 1029 2964 ad
1062 2910 1192 2966 Saul
1225 2928 1236 2963 :
1272 2912 1449 2979 Quare
1471 2914 1628 2968 audis
1668 2915 1825 2968 verba
1858 2914 1957 2968 ho-

351 3004 557 3058 minum
590 3003 950 3074 loquentium,
982 3004 1145 3058 David
1188 3006 1381 3071 iuuerit
1423 3006 1624 3060 malum
1666 3007 1954 3061 adversum

354 3097 449 3151 te?
492 3097 634 3152 Ecce
664 3096 823 3152 hodie
842 3098 1095 3153 viderunt
1133 3097 1273 3152 oculi
1299 3098 1396 3160 tui.
1426 3097 1570 3167 quod
1598 3097 1881 3152 tradiderit
1906 3109 1957 3153 te

354 3189 617 3243 Dominus
648 3188 700 3243 in
735 3205 894 3244 manu
925 3204 1046 3244 mea
1077 3188 1131 3243 in
1174 3190 1452 3257 spelunca,
1509 3200 1563 3244 et
1588 3192 1848 3260 cogitavi,
1901 3198 1959 3244 ut

2067 1981 2358 2054 tudiue[h.
2390 1982 2441 2035 in
2485 1981 2644 2036 Manu
2687 1980 2860 2046 habet,
2902 1980 3089 2033 nonin
3136 1975 3459 2047 solitudine]
3486 1975 3662 2041 Illaon,

2064 2085 2118 2129 et
2148 2077 2420 2144 possessio
2446 2072 2562 2143 ejus
2590 2074 2643 2127 iu
2676 2072 2990 2135 Charmelo,
3023 2081 3072 2127 el
3111 2071 3275 2125 homo
3315 2071 3406 2125 ille
3439 2083 3664 2139 magnus

2064 2167 2227 2221 nimis
2259 2184 2270 2219 :
2306 2176 2573 2237 erantque
2597 2164 2645 2220 ei
2676 2179 2807 2220 oves
2838 2166 2942 2219 tria
2976 2164 3166 2227 millia,
3201 2173 3251 2219 et
3286 2162 3436 2217 mille
3463 2176 3664 2231 caprae,

2062 2268 2116 2313 et
2142 2256 2359 2319 accidit.
2392 2267 2449 2312 ut
2481 2257 2797 2312 tonderetur
2818 2272 2947 2327 grex
2974 2260 3092 2324 ejus
3121 2257 3173 2311 in
3222 2255 3529 2311 Charmelo.
3560 2252 3667 2309 No-

2065 2367 2185 2404 men
2214 2360 2395 2405 autem
2423 2351 2525 2404 viri
2564 2349 2713 2404 illius
2754 2349 2941 2413 Nabal,
2975 2358 3030 2404 et
3070 2362 3266 2403 nomen
3319 2346 3505 2402 uxoris
3546 2346 3664 2413 ejus

2063 2442 2301 2512 Abigail.
2350 2440 2589 2511 Eratque
2623 2440 2819 2494 mulier
2867 2441 2957 2494 illa
3003 2438 3427 2510 prudentissima
3457 2448 3513 2493 et
3534 2453 3662 2508 spc-

2060 2537 2241 2591 ciosa:
2278 2550 2442 2605 porro
2470 2536 2557 2589 vir
2583 2535 2700 2604 ejus
2731 2534 2927 2599 durus,
2960 2543 3015 2589 et
3044 2533 3313 2603 pessimus
3340 2540 3395 2586 et
3431 2532 3664 2585 malitio-

2061 2638 2320 2683 Suszcrat
2339 2638 2524 2683 autem
2556 2627 2836 2694 degenere
2860 2627 3079 2681 (Ihaleb.
3102 2626 3237 2681 Cum
3258 2642 3391 2696 ergo
3420 2625 3664 2682 audisset

2064 2720 2229 2774 David
2255 2720 2306 2774 in
2338 2720 2579 2786 deserto,
2604 2719 2744 2790 quod
2773 2718 3020 2775 tonderet
3045 2718 3214 2773 Nabal
3238 2731 3454 2788 gregem
3478 2733 3660 2785 suum,

2062 2814 2209 2869 misit
2232 2816 2418 2870 decem
2444 2815 2671 2883 juvenes
2694 2814 2781 2886 lli.
2803 2814 3054 2885 pueros],
3078 2822 3133 2869 et
3163 2814 3301 2867 dixit
3331 2813 3662 2867 eiszAsren-

2062 2908 2172 2963 dite
2195 2910 2247 2963 in
2280 2910 2657 2975 Charmelum,
2698 2919 2753 2962 et
2773 2908 3006 2965 venietis
3035 2910 3099 2963 ad
3132 2909 3321 2972 Nabal,
3352 2919 3404 2964 et
3458 2911 3661 2963 saluta-

2063 3001 2189 3055 bitis
2215 3018 2340 3057 eum
2372 3018 2437 3056 ex
2486 3004 2705 3058 nomine
2739 3019 2858 3055 inoo
2888 3000 3107 3067 pacilire
3128 3018 3141 3054 :
3166 3002 3228 3054 Et
3259 3000 3453 3057 dicetis
3485 3009 3510 3038 ⁸
3540 3002 3617 3056 sic
3644 3019 3656 3053 :

2064 3098 2347 3152 Fratribus
2404 3100 2539 3153 meis
2580 3099 2659 3171 lli.
2695 3098 2762 3153 Et
2806 3098 3000 3154 dicetis
3030 3099 3130 3164 sic,
3165 3096 3385 3152 Fratres
3416 3094 3567 3166 mei],
3603 3105 3663 3152 et

2066 3193 2158 3244 tihi
2193 3208 2313 3261 pax.
2340 3202 2390 3243 et
2414 3191 2594 3245 domui
2628 3199 2730 3245 tua:
2763 3206 2888 3260 pax,
2914 3199 2968 3246 et
2997 3190 3271 3253 omnibus,
3301 3202 3657 3257 qttmcumque

350 3272 656 3337 occiderem
684 3293 754 3346 te,
786 3280 880 3336 sed
923 3281 1167 3353 pepercit
1196 3280 1291 3335 tibi
1345 3279 1523 3335 oculus
1552 3297 1694 3335 meus
1717 3281 1735 3353 [
1756 3280 1811 3335 h.
1847 3296 1951 3336 non
1980 3282 2025 3346 C
2060 3282 2252 3347 bibes.
2296 3284 2367 3338 sit
2399 3299 2522 3351 pax.
2553 3282 2746 3338 Audivi
2775 3282 2923 3352 quod
2975 3280 3263 3334 tenderent
3293 3290 3537 3349 pastores
3582 3280 3657 3333 tui

353 3371 537 3443 habet]
562 3388 576 3437 ;
606 3374 714 3427 dixi
738 3372 882 3428 enim
912 3393 925 3428 :
959 3372 1075 3427 Non
1122 3372 1410 3427 extendam
1446 3387 1663 3427 manum
1692 3388 1869 3428 meam
1900 3373 1954 3428 in

351 3465 633 3520 dominum
665 3482 867 3534 meum,
898 3467 1021 3535 quia
1054 3465 1291 3521 Christus
1322 3465 1536 3520 Domini
1564 3474 1666 3520 est.
1693 3467 1833 3533 Quin
1864 3482 1958 3536 po-

353 3558 482 3626 tius,
519 3568 669 3626 pater
693 3559 788 3623 mi,
819 3558 941 3612 vide
967 3567 1020 3611 et
1045 3572 1317 3627 cognosce
1340 3573 1493 3612 oram
1526 3558 1828 3629 chlamydis
1851 3570 1956 3612 tua:

352 3651 406 3706 in
441 3666 602 3705 manu
633 3669 773 3715 mea,
807 3654 1061 3719 quoniam
1094 3666 1218 3706 eum
1267 3651 1694 3721 prmscinderem
1724 3653 1951 3706 summi-

353 3751 519 3799 tatem
542 3744 849 3811 chlamydis
882 3754 1009 3798 ttite.
1034 3742 1183 3797 nolui
1205 3744 1500 3799 extendere
1533 3758 1748 3796 manum
1779 3759 1953 3797 meam

352 3834 523 3908 inte[
555 3834 608 3888 h.
670 3832 815 3888 nolui
848 3833 1284 3904 interlicerete’]:
1311 3833 1683 3888 animadverte
1724 3845 1773 3886 et
1831 3835 1955 3887 vide

253 3980 257 3981 ,
351 3930 606 3994 quoniam
639 3943 747 3982 non
780 3938 864 3982 est
886 3928 937 3982 iu
971 3943 1133 3982 manu
1163 3943 1278 3981 mea
1312 3929 1535 3993 malum,
1565 3928 1957 3996 nequeiuiqui-

355 4031 459 4082 tas.
493 4037 667 4077 neuue
692 4023 910 4082 reci-avi
940 4021 990 4073 in
1025 4031 1076 4075 te
1110 4038 1123 4072 :
1154 4030 1207 4070 tu
1242 4030 1421 4075 autem
1455 4021 1730 4074 insidiaris
1761 4021 1956 4074 animae

355 4130 515 4180 mem,
548 4123 605 4167 ut
633 4113 848 4169 auferas
878 4128 1018 4168 eam.
1050 4112 1266 4168 Judicet
1312 4116 1571 4169 Dominus
1605 4115 1744 4168 inter
1776 4130 1860 4168 me
1902 4124 1957 4169 et

357 4218 429 4275 te,
462 4219 516 4263 et
541 4208 836 4261 ulciscatur
884 4224 970 4261 me
1016 4208 1279 4261 Dominus
1317 4222 1384 4262 ex
1428 4218 1520 4261 te:
1558 4223 1747 4261 manus
1775 4218 1954 4262 autem

356 4316 476 4356 mea
494 4317 603 4356 non
636 4303 706 4356 sit
728 4304 779 4355 in
815 4310 886 4357 te.
919 4300 1072 4356 Sicut
1096 4314 1151 4357 et
1187 4301 1239 4355 iu
1299 4302 1587 4373 proverbio
1612 4303 1841 4372 antiquo
1872 4302 1956 4358 di-

354 4397 497 4449 citur
532 4414 544 4449 :
582 4394 662 4450 Ab
711 4396 892 4465 impiis
921 4395 1236 4466 egredietur
1282 4396 1568 4465 impietas:
1602 4410 1795 4450 manus
1824 4412 1956 4467 ergo

355 4506 474 4544 mea
502 4506 609 4544 non
632 4491 699 4545 sit
723 4492 775 4545 in
796 4502 868 4547 te.
889 4496 1059 4557 Quem
1080 4490 1361 4562 sequerisl
1382 4488 1537 4561 Vulg.
1559 4490 1954 4563 persequeris],

356 4600 453 4639 rex
485 4583 684 4639 Israel?
712 4601 871 4653 quem
920 4584 1301 4656 persequeris?
1322 4599 1513 4640 canem
1541 4592 1827 4640 mortuum.
1864 4601 1954 4640 se-

2064 3375 2140 3449 [h.
2165 3374 2432 3430 tondentes
2461 3374 2558 3441 ιιιί,
2586 3390 2723 3429 nunc
2744 3384 2977 3446 pastores
3004 3372 3095 3442 qui
3127 3372 3339 3426 fuerunt
3391 3369 3533 3441 tibi],
3564 3371 3655 3439 qui

2062 3466 2563 3522 1lerantnohismim
2592 3466 2645 3518 iu
2675 3466 2877 3519 deserto
2899 3464 2977 3537 [h.
3002 3479 3106 3519 non
3130 3461 3655 3533 hahet]:numquam

2061 3563 2143 3615 eis
2171 3562 2383 3615 molesti
2431 3560 2649 3623 fuimus,
2686 3574 2784 3614 nec
2811 3558 3109 3629 aliquaqu
3137 3556 3311 3612 defuit
3358 3557 3467 3611 illis
3496 3556 3659 3627 quid-

2060 3669 2221 3717 quam
2246 3651 2314 3706 de
2334 3667 2520 3723 grege,
2539 3651 2686 3705 omni
2716 3660 2963 3720 tempore
2993 3665 3102 3721 quo
3134 3649 3349 3705 fuerunt
3374 3649 3656 3704 nobiscum

2064 3746 2114 3799 in
2145 3744 2459 3799 Charmelo.
2496 3745 2775 3814 Interroga
2809 3758 3006 3811 pueros
3053 3753 3193 3800 tuos.
3250 3750 3304 3795 rt
3344 3742 3663 3797 indicabunt

2063 3837 2183 3890 tibi.
2220 3837 2372 3892 Nunc
2394 3852 2527 3907 ergo
2559 3837 2843 3890 inveniant
2874 3836 3024 3905 pueri
3058 3834 3388 3905 [Vn/gmw.
3411 3834 3508 3905 tuil
3536 3851 3659 3904 gra-

2062 3932 2189 3983 tiam
2215 3932 2265 3981 in
2296 3930 2469 3983 oculis
2500 3931 2703 3985 tuis:in
2728 3930 2818 3984 die
2844 3931 2988 3985 enim
3016 3930 3154 3983 bona
3187 3931 3457 3984 venimus.
3477 3929 3661 3997 Quod-

2061 4037 2295 4090 rumque
2323 4022 2589 4077 invenerit
2622 4039 2815 4076 manus
2846 4033 2958 4084 tua,
2997 4022 3061 4075 da
3098 4024 3271 4077 servis
3305 4022 3432 4085 tuis,
3467 4033 3522 4076 et
3548 4024 3659 4076 lilio

2061 4123 2155 4167 tuo
2176 4114 2360 4168 David.
2382 4114 2465 4184 [Τ.
2486 4114 2698 4187 LXXI.]
2715 4116 2966 4185 Cumque
2990 4116 3271 4170 venissent
3288 4114 3439 4183 pueri
3468 4116 3656 4183 David,

2063 4208 2227 4264 locuti
2243 4218 2367 4262 sunt
2380 4208 2445 4262 ad
2460 4208 2532 4261 Na
2544 4209 2626 4263 bal
2643 4211 2822 4262 omnia
2843 4210 3006 4262 verba
3022 4209 3137 4263 hinc
3150 4225 3215 4263 ex
3232 4210 3448 4263 nomine
3465 4208 3657 4276 David,

2061 4312 2119 4359 et
2147 4304 2436 4359 siluerunt.
2471 4302 2829 4371 Respondens
2851 4314 3031 4357 autem
3057 4302 3225 4358 Nabal
3254 4302 3434 4372 pueris
3461 4301 3653 4363 David,

2063 4397 2140 4451 ait
2168 4414 2181 4451 :
2213 4397 2344 4465 Quis
2390 4406 2475 4452 est
2507 4396 2671 4451 David
2701 4395 2724 4449 ?
2762 4407 2816 4452 et
2844 4397 2968 4465 quis
3000 4406 3084 4453 est
3140 4396 3284 4450 Illius
3310 4394 3458 4449 lsai?
3499 4394 3660 4451 hodie

2064 4490 2415 4545 increverunt
2460 4490 2628 4554 servi,
2668 4490 2759 4560 qui
2791 4489 3000 4560 fugiunt
3054 4488 3307 4544 dominos
3338 4502 3489 4542 suos.
3529 4488 3661 4543 Tol-

2064 4579 2171 4634 lam
2202 4596 2331 4651 ergo
2364 4594 2531 4650 panes
2563 4595 2738 4641 meos.
2780 4588 2836 4635 et
2862 4594 3031 4650 aquas
3058 4594 3227 4664 meas,
3260 4587 3316 4635 et
3335 4594 3530 4635 carnes
3561 4596 3657 4650 pe—

353 4676 565 4747 queris,
589 4688 642 4730 et
676 4679 903 4745 pulicem
935 4692 1120 4734 unum.
1148 4679 1226 4735 Sit
1257 4680 1516 4735 Dominus
1531 4678 1719 4748 judex,
1741 4687 1797 4735 et
1818 4679 1964 4750 judi-
1993 4676 2041 4739 D
2067 4694 2279 4748 eorum,
2307 4694 2429 4749 quae
2458 4677 2633 4734 occidi
2653 4718 2670 4744 ,
2700 4678 3014 4733 tonsoribus
3041 4676 3199 4743 meis,
3231 4685 3287 4731 et
3332 4677 3475 4733 dabo
3522 4676 3658 4732 viris

357 4774 449 4821 cet
472 4765 614 4819 inter
635 4781 722 4821 me
749 4777 805 4821 et
832 4778 881 4822 te
902 4768 1193 4836 :etvideat,
1217 4770 1489 4840 etjudicet
1511 4786 1729 4827 causam
1754 4787 1956 4839 meam,

359 4868 420 4914 et
446 4869 604 4913 eruat
634 4872 720 4914 me
745 4859 813 4914 dc
864 4874 1021 4915 manu
1072 4872 1180 4919 tua.
1209 4864 1343 4919 Cum
1400 4874 1581 4919 autem
1631 4864 1960 4936 complesset

360 4950 531 5006 David
555 4951 784 5023 loquens
814 4966 1096 5008 sermones
1125 4953 1498 5025 hujuscemodi
1527 4957 1593 5012 ad
1637 4956 1790 5025 Saul,
1822 4956 1960 5013 dixit

359 5046 487 5103 Saul
523 5064 536 5100 :
568 5046 836 5119 Numquid
861 5048 977 5102 haec
1019 5062 1128 5103 vox
1180 5058 1264 5103 tua
1297 5059 1401 5117 est,
1434 5051 1509 5106 lili
1535 5051 1605 5105 mi
1662 5052 1870 5107 David?
1893 5051 1958 5107 Et

360 5142 558 5199 levavit
589 5141 715 5199 Saul
751 5157 940 5198 vocem
970 5156 1148 5210 suam,
1178 5150 1231 5198 et
1256 5144 1404 5199 ﬂevit
1427 5161 1441 5199 :
1464 5146 1710 5215 dixitque
1762 5144 1827 5200 ad
1856 5147 1954 5201 Da-

361 5234 481 5290 vid:
510 5234 531 5309 [
556 5235 620 5291 T.
645 5234 835 5291 LXIX.
866 5234 886 5309 ]
914 5232 1120 5292 .lustior
1150 5245 1204 5291 tu
1236 5252 1295 5291 es
1335 5252 1492 5307 quam
1540 5254 1679 5309 ego:
1706 5246 1760 5294 tu
1811 5241 1954 5295 enim

362 5330 597 5386 tribuisti
631 5331 765 5387 mihi
785 5331 925 5387 bona
946 5349 957 5385 :
982 5345 1084 5402 ego
1112 5340 1293 5387 autem
1322 5330 1537 5387 reddidi
1568 5331 1666 5387 tibi
1698 5333 1858 5388 mala.
1891 5331 1959 5388 Et

433 5478 460 5507 ⁸
488 5469 591 5525 Ms.
620 5468 921 5525 Veroneus.
956 5466 1359 5532 canngatis,
1389 5465 1683 5522 dicetis:sit
1704 5465 1953 5536 fratribus

360 5541 510 5610 meis,
542 5550 646 5595 ctc.
680 5540 909 5595 Hebrazo
955 5548 1132 5593 tamen
1179 5538 1558 5605 dissentiente,
1609 5538 1661 5593 in
1711 5552 1821 5610 quo
1872 5548 1957 5594 est

360 5612 472 5678 Sic,
496 5612 599 5668 sub
623 5613 726 5666 alia
758 5611 1214 5679 interpunctione.

432 5683 460 5721 ι»
488 5684 639 5752 Quod
670 5684 841 5757 placet
873 5681 1205 5747 scholiastzn,
1238 5687 1468 5757 fuerunt,
1494 5696 1597 5737 ms.
1620 5696 1838 5752 quoque
1855 5681 1959 5738 Ve-

360 5770 577 5810 ruriens.
610 5756 841 5823 prmio-rt.

437 5839 458 5865 (τ
492 5822 619 5881 Haec
645 5828 913 5896 poricope,
951 5836 999 5879 et
1023 5826 1238 5879 πρινξιπιὶ
1265 5832 1384 5881 sunt
1415 5825 1605 5896 singuli
1631 5822 1808 5896 gladio
1838 5841 1952 5893 suo,

359 5912 484 5970 qua:
523 5898 746 5957 t0tidem
769 5908 852 5957 est
879 5897 934 5957 in
963 5897 1192 5959 Hebraeo
1209 5898 1410 5973 verbis,
1428 5897 1480 5957 in
1509 5897 1808 5960 Veronens.
1846 5912 1952 5959 ms.

2064 4789 2203 4846 quos
2246 4774 2434 4829 nescio
2461 4772 2606 4829 unde
2636 4772 2747 4827 sint
2776 4773 2798 4825 ?
2828 4772 3083 4843 Regressi
3128 4780 3253 4827 sunt
3284 4772 3469 4843 itaque
3503 4769 3659 4841 pueri

2068 4867 2234 4924 David
2265 4883 2365 4938 per
2398 4868 2540 4921 viam
2565 4882 2740 4933 suam,
2769 4875 2824 4921 et
2849 4866 3056 4922 reversi
3088 4873 3380 4928 venerunt,
3410 4874 3465 4919 et
3518 4879 3659 4918 nun-

2067 4962 2342 5018 tiaverunt
2388 4960 2440 5015 ei
2488 4958 2672 5015 omnia
2728 4958 2895 5014 verba
2936 4958 3014 5031 lli.
3050 4957 3212 5014 verba
3254 4954 3389 5029 haec]
3418 4972 3539 5027 quae
3576 4957 3659 5011 di-

2067 5063 2244 5111 xerat.
2313 5052 2464 5109 Tunc
2523 5052 2689 5109 David
2750 5052 2826 5108 ait
2881 5053 3012 5105 viris
3079 5052 3191 5105 suis
3250 5067 3264 5104 :
3333 5051 3663 5121 Accingatur

2067 5144 2441 5215 unusquisque
2478 5144 2661 5215 gladio
2692 5157 2813 5198 suo.
2858 5152 2881 5183 ο
2926 5142 2993 5197 Et
3018 5141 3252 5197 accincti
3283 5150 3409 5196 sunt
3462 5139 3661 5210 singuli

2066 5240 2252 5313 gladio
2311 5252 2432 5304 suo,
2467 5238 2854 5306 accinctusque
2881 5244 2965 5290 est
2993 5243 3049 5292 et
3079 5235 3246 5289 David
3278 5240 3407 5291 ense
3438 5247 3536 5288 suo
3563 5247 3576 5286 :
3608 5242 3664 5287 et

2066 5330 2238 5388 secuti
2270 5338 2395 5385 sunt
2427 5326 2595 5383 David
2626 5322 2783 5399 quasi
2815 5326 3004 5401 [V'ulg.
3040 5334 3172 5381 tacet
3202 5323 3382 5398 Quasi]
3405 5322 3665 5395 quadrin-

2067 5464 2445 5529 desid‘cratur;
2476 5472 2531 5519 et
2555 5477 2881 5535 quamquam
2914 5472 3104 5534 putare
3128 5459 3331 5535 malim,
3358 5459 3535 5515 Latini
3566 5473 3663 5513 an-

2068 5536 2278 5609 tiquarii
2312 5549 2501 5609 errore
2524 5533 2591 5591 ob
2614 5533 2925 5609 earumdem
2955 5533 3346 5609 vocumgladio
3376 5548 3477 5609 suo
3507 5544 3664 5598 repc-
3706 5546 3707 5549 ‘

2070 5604 2316 5665 titionem
2347 5623 2412 5661 ex
2448 5608 2548 5678 hoc
2577 5606 2695 5676 ejus
2723 5606 3033 5678 apographo
3049 5604 3348 5678 decidisse;
3379 5604 3535 5660 velim
3585 5611 3665 5655 ta-

2068 5696 2190 5735 men
2245 5676 2665 5733 animadvertas.
2704 5676 3032 5742 eam'neque
3076 5677 3127 5732 in
3187 5676 3443 5729 Vaticano
3476 5688 3664 5743 exemp-

2066 5753 2199 5822 plari
2231 5751 2418 5829 Greco
2442 5758 2540 5805 τῶν
2568 5748 2705 5803 LXX
2744 5748 2957 5829 haberi,
3005 5748 3263 5829 nequein
3295 5745 3414 5829 aliis
3442 5744 3664 5829 opt-igni:

2065 5808 2229 5887 itotze,
2253 5822 2315 5875 ad
2350 5837 2471 5893 quae
2503 5808 3017 5893 iiupvrmgeditioncs
3046 5808 3347 5888 Lipsiensis
3374 5808 3501 5876 anni
3522 5808 3663 5876 16η

2061 5904 2116 5959 ct
2144 5891 2582 5977 Franequeriana
2614 5891 2753 5958 I709
2778 5901 2905 5954 sunt
2935 5906 3235 5966 expressae.
3304 5940 3307 5963 ρ
