3964 6344
507 265 612 322 607

1498 269 1556 326 S.
1600 270 1980 331 lllERONYMl
2022 277 2254 336 DlVlNA
2297 276 2780 336 BlBLlOTHECA.

3675 288 3766 351 (08

507 381 654 454 genti
689 380 788 436 viri
825 401 835 435 :
872 395 1034 452 porro
1056 379 1276 440 ducenti
1319 395 1703 441 remanserunt
1729 387 1796 442 ad
1838 391 2103 447 sarcinas.
2135 394 2180 453 Α
2213 394 2308 450 tibi
2331 395 2551 450 domino
2574 410 2737 459 meo;
2788 404 2840 450 et
2867 395 2933 450 da
2967 397 3150 466 pueris
3180 400 3268 471 qui
3301 411 3661 473 sequunturte
3684 407 3769 466 do-

512 474 727 545 Abigail
756 484 932 531 autem
963 480 1118 533 uxori
1147 478 1313 534 Nabal
1349 481 1614 537 ntmtiavit
1642 498 1781 538 unus
1803 485 1869 539 de
1900 488 2106 557 pueris,

509 570 700 628 dicens
725 589 736 625 :
773 572 912 628 Ecce
936 573 1085 628 misit
1115 574 1282 629 David
1328 575 1546 632 nuntios
1567 576 1639 633 de
1666 577 1906 646 deserto,
1929 591 1988 638 ut
2010 583 2110 638 be-

513 664 840 721 nedicerent
861 667 1085 722 domino
1112 677 1301 722 nostro
1333 669 1462 742 [Ms.
1495 672 1698 744 vestro]
1732 689 1746 737 ;
1779 686 1834 730 et
1885 690 2108 733 aversa-

515 769 600 815 tus
642 773 728 818 est
757 777 877 817 eos.
907 763 1169 819 llomines
1211 765 1321 833 isti,
1353 766 1480 822 boni
1509 769 1639 822 satis
1673 769 1892 826 fuerunt
1925 774 2107 842 nobis,

511 867 566 913 et
620 874 727 914 non
788 861 1044 916 molesti:
1095 877 1200 917 nec
1251 862 1547 934 quidquam
1596 865 1894 936 aliquando
1948 868 2112 938 periit

512 952 665 1008 omni
690 961 1082 1026 tempore,quo
1114 971 1305 1012 sumus
1336 959 1647 1013 conversati
1679 975 1800 1014 cum
1832 960 1911 1015 eis
1943 962 1994 1015 in
2016 961 2113 1016 de-

512 1043 700 1100 serto:
727 1060 827 1115 pro
856 1061 1014 1101 muro
1043 1056 1202 1102 erant
1249 1047 1407 1104 nobis
1439 1058 1544 1104 tam
1576 1053 1628 1104 in
1681 1063 1837 1118 nocte
1864 1068 2023 1124 quain
2058 1055 2109 1109 in

517 1134 632 1204 die,
676 1137 928 1192 omnibus
955 1138 1154 1195 diebus
1195 1141 1394 1211 quibus
1423 1142 1669 1211 pavimus
1704 1144 1842 1214 apud
1871 1161 1966 1201 eos
1993 1162 2114 1216 gre-

510 1240 626 1297 ges.
655 1226 824 1294 Quam
853 1229 926 1284 ob
949 1245 1064 1284 rem
1100 1231 1411 1300 considera,
1443 1241 1496 1287 et
1527 1243 1553 1271 δ
1595 1235 1835 1306 recogita
1879 1237 2008 1309 quid
2039 1240 2115 1291 fa-

512 1320 625 1374 cias
657 1337 670 1375 :
700 1323 958 1391 quoniam
996 1325 1260 1394 completa
1296 1335 1379 1379 est
1406 1326 1607 1382 malitia
1636 1327 1899 1385 adversus
1936 1330 2113 1387 virum

515 1423 690 1481 tuum,
723 1424 778 1470 et
804 1416 1069 1473 adversus
1115 1417 1336 1474 domum
1386 1430 1528 1475 tuam
1573 1419 1651 1493 [b.
1706 1422 1972 1479 adversus
2011 1426 2113 1480 do-

513 1506 722 1561 minum
769 1519 1074 1565 nostrumet
1119 1510 1381 1567 adversus
1413 1529 1613 1567 omnem
1665 1513 1890 1570 domum
1920 1518 2109 1589 statim],

511 1609 566 1654 et
599 1601 714 1671 ipse
749 1603 889 1657 tilius
934 1613 1017 1658 est
1049 1604 1240 1672 Belial,
1279 1606 1351 1658 ita
1381 1617 1436 1659 ut
1464 1622 1627 1660 nemo
1650 1607 1698 1662 ei
1726 1610 1901 1678 possit
1943 1609 2108 1680 loqui.

440 1697 445 1710 ‘
514 1695 817 1752 Festinavit
843 1698 1008 1768 igitur
1048 1698 1286 1769 Abigail,
1313 1707 1368 1754 et
1397 1700 1517 1754 tulit
1545 1701 1807 1756 ducentos
1839 1717 2030 1773 panes,
2061 1713 2117 1759 et

2212 489 2416 544 minum
2443 505 2642 545 meum.
2670 488 2837 544 Aufer
2866 489 2945 564 lli.
2973 489 3330 566 Obliviscere]
3357 496 3678 567 iniquitatem
3703 501 3770 558 fa-

2212 583 2371 638 mulze
2398 591 2504 638 tua:
2531 601 2543 635 :
2575 581 2778 636 faciens
2802 583 2946 638 enim
2979 584 3138 640 faciet
3164 585 3424 643 Dominus
3451 589 3542 645 tibi
3572 591 3768 652 domino

2213 691 2335 730 meo
2364 675 2584 731 domum
2619 675 2855 741 fidelem,
2906 677 3032 747 quia
3084 679 3264 748 praelia
3314 681 3545 750 Domini,
3577 684 3770 745 domine

2213 768 2307 836 mi,
2341 780 2395 823 tu
2443 767 2706 837 pratliaris
2753 769 2996 824 :malitia
3046 786 3178 839 ergo
3209 788 3312 826 non
3340 773 3632 832 inveniatur
3659 780 3772 837 inte

2215 862 2466 916 omnilms
2495 862 2692 917 diebus
2718 860 2840 916 vita:
2864 870 2990 918 tum.
3018 863 3072 920 Si
3108 865 3250 921 enim
3275 869 3505 924 surrexit
3530 871 3650 944 [Με.
3669 890 3772 930 sur-

2214 953 2438 1026 rexerit]
2484 954 2776 1023 aliquando
2808 954 2970 1010 bomo
3003 973 3341 1028 persequens
3367 970 3440 1020 te.
3469 972 3518 1016 et
3545 977 3768 1032 quaerens

2214 1047 2448 1101 animam
2472 1055 2643 1112 tuam,
2666 1046 2768 1101 crit
2788 1048 2968 1103 anima
2996 1048 3200 1104 domini
3225 1052 3328 1107 mei
3351 1054 3773 1126 custodita,qua.si

2215 1138 2293 1210 [b.
2312 1153 2416 1193 non
2443 1137 2624 1214 habet]
2647 1140 2698 1192 in
2723 1138 2978 1195 fasciculo
3001 1140 3320 1209 viventium,
3351 1143 3490 1214 apud
3517 1143 3774 1202 Dominum

2216 1231 2386 1286 Deunt
2409 1212 2589 1286 tuum:
2613 1247 2774 1300 porro
2802 1233 2979 1287 anima
3005 1234 3346 1290 inimicorum
3372 1245 3576 1292 tuorum
3599 1239 3776 1294 rotabi-

2217 1333 2325 1392 tur,
2349 1327 2499 1396 quasi
2527 1327 2578 1380 in
2603 1327 2805 1396 impetu
2832 1327 3100 1383 etcirculo
3117 1327 3460 1384 fundzc.Cttm
3477 1345 3598 1402 ergo
3613 1331 3777 1388 fecerit

2219 1417 2482 1473 Dominus
2514 1418 2606 1473 tibi
2648 1418 2872 1473 domino
2921 1435 3043 1475 meo
3088 1421 3291 1482 omnia.
3326 1437 3446 1492 qua:
3490 1424 3684 1478 locutus
3706 1435 3777 1480 est

2215 1513 2357 1568 bona
2384 1512 2451 1568 de
2504 1523 2578 1581 te,
2611 1522 2667 1567 et
2694 1513 3044 1570 constituerit
3095 1525 3145 1569 te
3174 1515 3365 1570 ducem
3414 1533 3574 1586 super
3615 1519 3775 1585 Israel,

2220 1620 2323 1660 non
2355 1606 2461 1661 erit
2485 1605 2576 1660 tibi
2607 1605 2708 1660 hoc
2735 1606 2786 1660 in
2820 1607 3137 1676 singultum,
3170 1609 3298 1662 etin
3326 1609 3630 1678 scrupulum
3671 1625 3777 1666 cor-

2217 1697 2303 1752 dis
2323 1697 2544 1753 domino
2570 1714 2714 1767 meo,
2731 1698 2872 1766 quod
2889 1699 3148 1756 effuderis
3165 1702 3480 1772 sanguinem
3501 1702 3776 1772 innoxium,

514 1791 654 1848 duos
675 1801 828 1849 utres
857 1793 989 1859 vini,
1023 1804 1077 1848 et
1108 1797 1349 1866 quinque
1397 1795 1598 1851 arietes
1647 1807 1851 1864 coctos,
1883 1799 2114 1869 etquiu-
2143 1788 2191 1848 B
2218 1801 2309 1846 aut
2338 1791 2454 1861 ipse
2483 1800 2536 1848 te
2559 1792 2702 1846 ultus
2734 1792 2902 1847 fueris
2932 1810 2944 1857 ;
2975 1802 3173 1849 etcum
3201 1794 3529 1852 benefecerit
3555 1798 3781 1852 Dominus

513 1899 620 1955 que
674 1892 791 1940 sata
825 1885 1087 1955 polentae,
1110 1897 1166 1942 et
1216 1897 1439 1942 centum
1474 1887 1737 1958 ligaturas
1788 1905 1902 1944 uva:
1944 1906 2118 1961 passa:

516 1977 593 2048 [b.
628 1976 697 2032 Et
747 1988 945 2034 centum
979 1997 1104 2034 uvas
1135 1981 1365 2053 passas],
1400 1993 1454 2036 et
1485 1982 1746 2039 ducentas
1795 2000 2000 2040 massas
2031 2003 2120 2040 ca-

513 2070 774 2139 ricarum,
821 2082 875 2126 et
922 2073 1177 2143 imposuit
1208 2090 1370 2144 super
1397 2074 1581 2129 asinos
1616 2093 1628 2129 :
1659 2075 1904 2146 dixitque
1938 2080 2120 2148 pueris

517 2165 630 2218 suis
658 2182 670 2216 :
704 2164 1004 2221 Prteccdite
1035 2182 1122 2222 me
1157 2185 1170 2221 :
1198 2182 1327 2223 ecce
1376 2183 1478 2239 ego
1507 2177 1631 2240 post
1682 2181 1890 2242 tergum
1924 2187 2121 2243 sequar

518 2271 616 2311 vos
649 2275 659 2309 ε
694 2257 813 2313 viro
836 2267 1016 2314 autem
1042 2275 1145 2313 suo
1175 2259 1348 2314 Nabal
1381 2276 1486 2316 non
1513 2262 1792 2319 indicavit.
1826 2266 1958 2320 Cum
1990 2281 2121 2335 ergo

523 2350 1110 2420 ascendissetasinnm,
1128 2363 1181 2408 et
1203 2356 1555 2412 descenderet
1575 2357 1699 2430 [Με.
1719 2358 2117 2432 descendisset]

524 2443 590 2494 ad
621 2442 833 2498 radices
850 2446 1072 2510 montis,
1100 2447 1262 2501 David
1288 2456 1343 2503 et
1367 2450 1468 2503 viri
1495 2450 1612 2518 ejus
1635 2450 2035 2508 descendebant
2064 2454 2118 2507 in

520 2550 817 2590 occursum
841 2537 983 2606 ejus;
1008 2538 1269 2608 quibusct
1300 2540 1387 2594 illa
1421 2547 1682 2598 occurrit.
1719 2544 1778 2598 Et
1801 2544 1872 2598 ait
1901 2545 2068 2599 David
2100 2563 2112 2598 :

519 2627 661 2683 Vere
691 2628 888 2684 frustra
911 2633 1124 2686 servavi
1151 2631 1358 2702 omnia,
1387 2649 1506 2705 qua:
1538 2635 1698 2705 hujus
1736 2645 1913 2700 erant,
1946 2637 1998 2692 in
2026 2637 2120 2692 dc-

520 2731 694 2790 serto,
714 2731 768 2777 et
793 2737 898 2778 non
925 2725 1084 2794 periit
1113 2727 1409 2796 quidquam
1427 2727 1496 2784 de
1519 2729 1733 2784 cunctis
1753 2745 1874 2801 qua:
1901 2730 1966 2785 ad
1996 2746 2117 2787 eum

522 2814 890 2883 pertinebant,
930 2825 986 2871 et
1013 2817 1245 2873 reddidit
1275 2819 1405 2873 mibi
1440 2822 1638 2875 malum
1673 2837 1771 2892 pro
1793 2823 1966 2894 bono.
1996 2825 2120 2882 ll:rc

523 2906 682 2961 faciat
709 2907 850 2960 Deus
905 2905 1142 2963 inimicis
1196 2909 1407 2976 David;
1451 2923 1506 2966 et
1537 2913 1653 2968 ltzec
1705 2914 1889 2981 addat,
1921 2917 1964 2971 si
1999 2917 2119 2972 reli-

522 3012 697 3065 quero
719 2996 787 3052 de
809 2999 1059 3053 omnibus
1073 3016 1192 3070 quae
1212 3001 1416 3058 adeum
1435 3006 1708 3073 pertinent
1726 3005 2116 3076 usquebmane,

525 3089 855 3161 mingentem
910 3096 975 3144 ad
1011 3093 1294 3163 parietem.
1345 3093 1481 3151 Cum
1517 3107 1701 3153 autem
1746 3099 1965 3156 vidisset
1992 3100 2123 3156 Abi-

2219 1882 2441 1938 domino
2470 1900 2614 1950 meo,
2643 1883 3023 1941 recordaberis
3051 1887 3262 1942 ancilla)
3296 1897 3421 1943 tum.
3451 1889 3504 1942 Et
3538 1889 3611 1944 ait
3639 1889 3779 1946 David

2219 1975 2288 2030 ad
2319 1975 2532 2046 Abigail
2562 1994 2575 2030 :
2611 1977 2935 2034 Benedictus
2993 1979 3257 2034 Dominus
3310 1980 3449 2036 Deus
3499 1982 3667 2048 Israel,
3705 1983 3782 2053 qui

2220 2069 2368 2123 misit
2417 2079 2470 2124 te
2501 2069 2670 2126 hodie
2715 2071 2768 2126 in
2803 2087 3092 2128 occursum
3124 2089 3335 2143 meum,
3365 2083 3420 2129 et
3473 2075 3783 2132 benedictum

2221 2161 2495 2232 eloquium
2523 2172 2696 2227 tuum,
2725 2173 2780 2218 et
2804 2163 3085 2220 benedicta
3115 2173 3194 2232 ttt,
3227 2181 3352 2236 qum
3384 2158 3688 2234 prohibuisti
3714 2182 3785 2220 me

2223 2251 2409 2320 hodie,
2440 2270 2508 2311 ne
2549 2255 2683 2312 irem
2718 2256 2786 2311 ad
2818 2257 3163 2327 sanguinem,
3192 2268 3246 2313 et
3278 2259 3567 2316 ulciscerer
3592 2275 3622 2315 e
3647 2276 3784 2313 manu

2224 2363 2367 2402 mea.
2394 2350 2653 2422 Alioquin
2687 2349 2820 2406 vivit
2850 2351 3113 2406 Dominus
3141 2352 3290 2408 Deus
3311 2353 3497 2420 Israel,
3523 2354 3610 2424 qui
3631 2353 3787 2424 probi-

2223 2442 2445 2499 bnitme
2474 2442 2501 2480 τι
2535 2459 2603 2499 ne
2642 2445 2845 2500 malum
2880 2444 3116 2501 facerem
3147 2446 3245 2501 tibi
3278 2465 3292 2501 :
3321 2447 3429 2502 nisi
3449 2447 3552 2502 cito
3572 2447 3787 2503 venisses

2222 2536 2278 2591 in
2309 2551 2596 2593 occursum
2624 2538 2778 2606 mihi,
2807 2553 2912 2593 non
2954 2540 3316 2595 remansisset
3343 2539 3509 2594 Nabal
3553 2555 3706 2609 usque
3731 2539 3786 2593 ad

2228 2630 2405 2687 lucem
2454 2631 2777 2688 matutinam
2810 2673 2823 2696 ,
2859 2632 3106 2704 mingens
3135 2633 3199 2688 ad
3249 2633 3535 2703 parietem.
3567 2633 3789 2702 διιει-ι-ρὶι

2222 2740 2355 2796 ergo
2389 2724 2555 2780 David
2582 2725 2652 2781 de
2683 2741 2844 2781 manu
2876 2727 2995 2795 ejus
3016 2728 3200 2781 omnia
3225 2727 3308 2798 ]h.
3349 2742 3454 2782 non
3486 2726 3659 2793 habet,
3686 2741 3787 2781 om-

2224 2815 2334 2888 nia]
2357 2834 2478 2888 quae
2499 2819 2754 2875 attulerat
2783 2822 2854 2883 ei,
2885 2820 3132 2891 dixitque
3153 2821 3201 2877 ei
3228 2839 3242 2878 :
3281 2822 3432 2878 Vade
3461 2831 3483 2859 ο
3520 2821 3724 2893 paciﬁce
3744 2821 3788 2876 in

2224 2909 2444 2966 domum
2462 2920 2633 2976 tuam,
2647 2926 2776 2968 ecce
2796 2913 2978 2968 audivi
2993 2928 3177 2969 vocem
3197 2923 3372 2978 tuam,
3388 2922 3443 2969 et
3462 2912 3707 2968 bonoravi
3721 2912 3728 2983 ί
3742 2911 3784 2963 li.

2223 3001 2515 3073 assumpsi]
2549 3002 2740 3058 faciem
2775 3013 2952 3085 tuam.
2975 3003 3134 3060 Venit
3163 3014 3350 3059 autem
3378 3004 3591 3076 Abigail
3621 3003 3680 3057 ad
3703 3001 3793 3057 Na-

2226 3094 2309 3151 bal
2337 3112 2351 3162 ;
2383 3106 2437 3151 et
2469 3111 2598 3152 ecce
2641 3106 2760 3152 erat
2787 3098 2840 3153 ei
2867 3097 3176 3153 convivium
3209 3098 3264 3153 in
3295 3097 3461 3154 domo
3501 3099 3638 3168 ejus,
3659 3096 3789 3168 quasi

522 3181 632 3252 gail
663 3165 862 3247 David,
898 3182 1193 3251 festinavit,
1222 3196 1276 3242 et
1305 3187 1590 3245 descendit
1622 3190 1691 3247 de
1717 3193 1894 3259 asino,
1917 3203 1973 3249 et
1998 3210 2122 3264 pro-
2146 3173 2193 3234 Ο
2226 3192 2535 3247 convivium
2568 3191 2735 3262 regis,
2753 3201 2807 3248 et
2833 3206 2930 3248 cor
2960 3191 3130 3247 Nabal
3158 3191 3460 3262 jucundum
3492 3209 3506 3247 :
3535 3200 3648 3248 erat
3666 3190 3790 3246 enim

524 3274 657 3330 cidit
683 3289 864 3330 coram
909 3276 1077 3332 David
1128 3293 1291 3349 super
1345 3281 1533 3338 faciem
1579 3297 1757 3350 suam,
1786 3294 1841 3341 et
1879 3286 2124 3342 adoravit

524 3383 689 3437 super
721 3377 944 3436 terram,
976 3379 1029 3424 et
1077 3371 1272 3427 cecidit
1298 3373 1362 3428 ad
1395 3374 1562 3444 pedes
1605 3375 1744 3446 ejus,-
1772 3385 1826 3431 et
1855 3377 2029 3432 dixit:
2066 3378 2121 3432 In

524 3479 613 3519 me
640 3465 711 3520 sit
738 3467 816 3538 [b.
848 3466 980 3537 est],
1004 3467 1226 3524 domine
1258 3471 1351 3535 mi,
1377 3471 1490 3526 haec
1518 3472 1776 3543 iniquitas
1804 3490 1816 3526 :
1851 3473 2119 3544 loquatur,

527 3557 794 3626 obsecro,
829 3560 1023 3614 ancilla
1059 3569 1146 3615 tua
1191 3561 1244 3615 in
1277 3562 1500 3616 auribus
1532 3565 1636 3618 tuis
1666 3579 1681 3628 ;
1707 3572 1762 3619 et
1807 3563 1931 3618 audi
1959 3566 2122 3620 verba

523 3654 743 3708 famula:
793 3664 923 3710 tum.
961 3655 1038 3710 Ne
1070 3665 1255 3726 ponat,
1286 3672 1409 3725 oro,
1439 3657 1693 3713 dominus
1741 3673 1898 3714 meus
1921 3675 2012 3725 rex
2041 3660 2118 3732 [b.

525 3760 632 3799 tton
687 3746 870 3816 habet]
925 3763 1019 3803 cor
1052 3764 1210 3803 suum
1243 3765 1411 3820 super
1439 3751 1614 3805 virum
1646 3752 1806 3806 istum
1840 3751 2119 3822 iniquissi-

525 3853 672 3892 mum
723 3837 894 3893 Nabal
924 3840 1001 3912 [b.
1035 3857 1204 3912 super
1244 3843 1417 3898 virum
1473 3843 1639 3898 istum
1672 3844 1838 3899 Belial
1884 3844 2117 3916 Nabal]:

525 3931 648 4000 quia
683 3931 980 3986 secundum
1013 3951 1210 3990 nomen
1237 3951 1393 3989 suum
1435 3937 1631 3990 stultus
1657 3947 1762 4005 est,
1791 3946 1847 3992 et
1875 3945 1958 3992 est
1986 3937 2122 3992 stul-

528 4024 641 4078 titia
667 4038 788 4078 cum
820 4041 886 4080 eo
918 4026 995 4098 lli.
1027 4028 1151 4097 quia
1175 4028 1479 4084 secundum
1514 4045 1709 4084 nomen
1733 4045 1888 4085 suum
1921 4031 1992 4086 ita
2018 4038 2118 4086 est.

525 4114 693 4170 Nabal
728 4132 923 4172 nomen
949 4119 1069 4187 ejus
1093 4104 1199 4186 est,
1233 4128 1288 4175 et
1325 4121 1552 4175 stultitia
1579 4136 1702 4177 cum
1746 4121 1834 4193 eo]
1869 4139 2007 4194 :ego
2028 4140 2125 4179 au-

525 4214 635 4259 tem
663 4206 856 4262 ancilla
892 4218 980 4262 tua
1027 4224 1131 4263 non
1163 4209 1266 4264 vidi
1297 4225 1496 4280 pueros
1541 4219 1664 4266 tuos
1696 4211 1774 4284 [b.
1820 4229 1926 4267 non
1962 4213 2124 4269 habet

520 4297 688 4368 tuos].
723 4310 746 4337 ο
789 4300 1014 4355 domine
1065 4304 1160 4362 mi,
1212 4317 1349 4371 quos
1397 4303 1612 4358 misisti.
1659 4303 1813 4360 Nunc
1839 4320 1996 4376 ergo.
2025 4306 2125 4362 do-

523 4391 671 4445 mine
721 4391 828 4456 mi,
857 4393 986 4447 vivit
1040 4393 1301 4450 Dominus
1332 4437 1346 4463 ,
1397 4405 1451 4450 et
1499 4397 1632 4452 vivit
1674 4399 1852 4453 anima
1884 4407 2000 4463 tua,
2032 4401 2122 4468 qui

524 4483 805 4552 prohibuit
837 4497 888 4541 te
921 4502 988 4540 ne
1020 4488 1235 4544 venires
1261 4487 1313 4544 in
1357 4490 1643 4560 sanguine,
1673 4500 1728 4545 et
1754 4491 1986 4547 salvavit
2009 4507 2120 4547 ma-

2223 3285 2406 3340 cbrius
2438 3284 2598 3339 nimis
2627 3300 2642 3350 ;
2667 3292 2724 3339 et
2768 3299 2877 3340 non
2914 3284 3171 3340 indicavit
3217 3285 3267 3340 ei
3303 3285 3524 3340 verbum
3563 3281 3791 3354 pusillum

2223 3385 2317 3431 aut
2338 3375 2545 3446 grande
2572 3390 2740 3447 usque
2765 3377 2816 3430 in
2867 3393 3048 3433 mane.
3096 3377 3347 3434 Dilucnlo
3375 3385 3554 3434 autem
3584 3392 3696 3433 cum
3723 3375 3793 3430 di-

2221 3470 2483 3539 gessisset
2525 3469 2707 3524 vinum
2739 3468 2949 3537 Nabal,
2982 3469 3244 3525 indicavit
3294 3471 3343 3526 ei
3369 3485 3508 3525 uxor
3535 3485 3626 3524 sua
3651 3467 3791 3522 verba

2226 3561 2364 3628 hare,
2391 3570 2444 3616 et
2474 3570 2778 3616 emortuum
2808 3569 2894 3616 est
2922 3578 3018 3617 cor
3046 3563 3164 3633 ejus
3189 3561 3544 3627 intrinsecus,
3576 3571 3629 3617 et
3647 3561 3793 3614 factus

2225 3661 2307 3707 est
2327 3653 2480 3722 quasi
2518 3652 2675 3722 lapis.
2721 3652 2804 3725 [Τ.
2833 3650 3074 3724 LXXII.]
3107 3651 3358 3722 Cumque
3404 3652 3796 3723 pertransissent

2225 3746 2415 3801 decem
2438 3745 2576 3813 dies,
2603 3745 2872 3815 percussit
2891 3747 3152 3801 Dominus
3171 3747 3368 3815 Nabal,
3383 3757 3435 3803 et
3452 3755 3687 3802 mortuus
3705 3752 3794 3800 est.

2225 3837 2384 3906 Quod
2411 3853 2534 3892 cum
2579 3837 2820 3893 audisset
2853 3838 3019 3894 David
3046 3849 3321 3894 mortuum
3356 3838 3545 3906 Nabal,
3578 3839 3680 3892 ait:
3708 3837 3796 3891 Be-

2226 3930 2477 3988 nedictus
2517 3930 2801 3993 Dominus,
2835 3931 2927 4001 qui
2969 3929 3234 3999 judicavit
3276 3946 3496 3988 cansam
3547 3927 3796 4001 opprobrii

2225 4023 2334 4078 mei
2365 4023 2431 4077 de
2478 4039 2641 4078 manu
2674 4021 2861 4088 Nabal,
2893 4031 2947 4077 et
2994 4037 3212 4077 servum
3251 4037 3414 4078 suum
3466 4019 3740 4078 custodivit
3771 4033 3796 4071 a

2227 4116 2394 4182 malo,
2424 4126 2478 4172 et
2513 4115 2775 4170 malitiam
2803 4114 2972 4170 Nabal
3002 4114 3242 4170 reddidit
3272 4116 3534 4170 Dominus
3575 4114 3624 4168 in
3651 4117 3799 4183 caput

2226 4207 2368 4278 ejus.
2397 4209 2485 4280 [T.
2517 4206 2781 4277 LXXIII]
2817 4207 2956 4262 Misit
3011 4223 3143 4278 ergo
3172 4208 3370 4274 David,
3403 4219 3458 4263 et
3505 4207 3704 4262 locutus
3729 4209 3800 4258 est

2227 4299 2293 4355 ad
2324 4299 2561 4371 Abigail,
2589 4309 2646 4354 ut
2668 4308 2913 4356 sumeret
2935 4315 3056 4354 eam
3082 4299 3181 4355 sibi
3211 4301 3265 4355 in
3291 4316 3540 4356 uxorem.
3575 4298 3639 4354 Et
3657 4310 3798 4351 vene-

2228 4406 2354 4451 runt
2409 4393 2568 4466 pueri
2621 4393 2789 4449 David
2821 4394 2888 4448 ad
2914 4394 3124 4466 Abigail
3159 4395 3212 4450 in
3237 4395 3611 4458 Charmelum,
3656 4400 3704 4446 et
3732 4389 3800 4443 lo-

2226 4490 2338 4545 cuti
2366 4497 2491 4544 sunt
2513 4487 2578 4542 ad
2607 4502 2749 4552 eam,
2776 4487 3055 4544 dicentes:
3083 4489 3249 4543 David
3273 4489 3427 4544 misit
3448 4501 3544 4542 nos
3571 4484 3635 4540 ad
3657 4493 3726 4548 te,
3752 4487 3800 4535 ut

523 4592 648 4630 num
682 4587 826 4632 tuam
855 4579 949 4634 tibi
975 4596 990 4645 ;
1021 4590 1075 4634 et
1100 4597 1242 4637 nunc
1275 4582 1406 4637 ﬁant
1425 4583 1566 4637 sicut
1589 4583 1758 4638 Nabal
1782 4582 1990 4639 inimici
2023 4586 2119 4653 tui,
2154 4568 2201 4627 Ῐ)
2227 4584 2459 4652 accipiat
2489 4592 2542 4637 te
2593 4582 2697 4638 sibi
2747 4582 2801 4636 in
2834 4597 3083 4638 uxorem.
3105 4583 3236 4649 Quae
3264 4595 3602 4652 consurgens
3626 4577 3799 4633 adora-

519 4681 574 4724 ct
595 4671 684 4740 qui
713 4683 967 4741 quzerunt
994 4674 1215 4730 domino
1245 4691 1367 4731 meo
1405 4677 1632 4732 malum.
1669 4681 2010 4749 Quapropter
2031 4694 2124 4734 sn-

521 4766 670 4836 scipe
698 4766 1134 4823 benedictionem
1169 4768 1328 4837 hanc,
1382 4786 1543 4841 quam
1575 4771 1753 4825 attulit
1783 4771 1978 4826 ancilla
2031 4780 2124 4827 tua

593 4910 619 4979 ξι
646 4903 742 4979 bis.
770 4905 1062 4974 ‘Icronen.,
1085 4917 1132 4961 et
1156 4909 1288 4976 ride,
1325 4907 1550 4964 llebrreo
1577 4918 1704 4970 vim
1733 4911 1991 4979 pressius.

592 4970 619 5009 ὶ)
645 4973 748 5052 Pro
774 4993 922 5052 inane
969 4970 1099 5052 legit
1133 4970 1400 5033 Vcronett.
1434 4996 1535 5034 ms.
1562 4970 1745 5034 cane-ni
1770 4999 1782 5033 :
1809 4997 1932 5052 qua:
1965 4980 2122 5037 lectio

526 5045 748 5099 tametsi
775 5047 842 5100 ab
873 5045 1116 5104 llazbtieo
1143 5062 1263 5137 ﬁla.
1286 5094 1299 5116 ,
1333 5053 1656 5120 (veterisque
1693 5045 1845 5107 libris
1868 5055 2123 5108 omnibus

523 5135 830 5214 dissentiat,
856 5157 960 5194 non
981 5135 1274 5213 incongrua
1304 5154 1483 5200 tamen
1514 5155 1620 5206 est,
1653 5145 2118 5214 autglossatorem

522 5207 800 5284 indoctum
818 5214 977 5284 sapit.
1005 5207 1208 5282 Nempe
1235 5232 1356 5271 cum
1384 5217 1713 5279 disnulatntn
1741 5207 1976 5284 tantopc'
1995 5231 2024 5270 e
2051 5217 2123 5270 sit

521 5279 664 5333 inter
707 5280 971 5358 eruditos,
1005 5279 1342 5358 num'vcrltis
1387 5289 1696 5358 mingentem
1755 5287 1821 5340 ad
1879 5279 2120 5352 parietem

522 5365 701 5406 mares
737 5367 841 5428 seu
863 5353 996 5428 viri,
1043 5357 1236 5422 quibus
1267 5358 1392 5412 illud
1429 5349 1524 5428 pro
1565 5375 1717 5415 more
1753 5349 2027 5425 convenit,
2051 5373 2138 5416 an.

521 5424 1104 5499 canessigniﬁcentur,
1137 5443 1257 5497 qua:
1290 5424 1707 5486 trita'sertnone
1735 5424 2123 5499 proverbiiest

523 5492 904 5562 pltrasis,’cum
955 5492 1177 5570 qnis'ita
1205 5515 1264 5554 se
1289 5502 1491 5556 nemini
1523 5492 1811 5570 parsurum
1858 5501 2116 5567 minatur,

520 5574 579 5617 nt
608 5582 675 5620 ne
702 5582 893 5621 canem
925 5568 1164 5642 quidem,
1201 5571 1284 5624 cui
1318 5568 1557 5641 mingcre
1587 5574 1652 5627 ad
1681 5573 1938 5642 parietem
1990 5573 2119 5625 in.~i«

519 5643 634 5712 tum
658 5647 742 5693 est
762 5655 792 5692 a
818 5648 1030 5700 natura,
1047 5640 1224 5712 vivum
1249 5640 1546 5712 relinquat:
1575 5640 1757 5700 noster
1781 5645 2117 5712 antiquarlus

527 5707 726 5780 (neque
775 5712 919 5764 enim
953 5727 980 5766 a
1014 5712 1073 5767 S.
1107 5707 1417 5780 interprete
1457 5715 1791 5771 contendere
1838 5707 2011 5769 ausim
2041 5715 2113 5769 ita

521 5779 810 5854 scriptum)
833 5797 990 5838 suum
1020 5783 1175 5840 alteri
1225 5785 1510 5841 sententiae
1560 5786 1827 5842 calculum
1858 5785 2029 5853 addit,
2060 5786 2114 5842 in

2231 4679 2305 4730 vit
2331 4690 2501 4747 prona
2549 4675 2603 4730 in
2639 4684 2861 4741 terram,
2895 4685 2952 4731 et
2977 4675 3054 4730 ait
3087 4691 3101 4730 :
3130 4675 3269 4732 Ecce
3301 4674 3502 4729 famula
3536 4681 3621 4727 tua
3661 4669 3726 4723 sit
3753 4666 3798 4719 in

2230 4769 2484 4826 ancillam
2515 4778 2574 4823 ut
2599 4765 2728 4841 [Μδ.
2778 4766 2854 4836 et]
2896 4769 3040 4823 lavet
3079 4767 3246 4838 pedes
3290 4781 3574 4823 servorum
3615 4757 3800 4818 domini

2228 4925 2388 4979 quam
2418 4918 2588 4987 etme
2603 4910 2717 4987 jam
2747 4906 3223 4987 diu_conecss_i_sse,
3242 4905 3407 4987 ultro,
3435 4894 3801 4987 profiteorZIS’i:

2228 4970 2354 5054 [uile
2377 4980 2506 5048 quid
2535 4970 2897 5054 Vopiscusde
2940 4970 3232 5054 Aureliano
3256 4970 3447 5054 tradit."
3464 4975 3637 5054 quiin
3667 4970 3796 5049 urbis

2227 5045 2450 5106 Tltiana:
2505 5045 2758 5121 populum
2805 5051 3011 5121 iratus,
3061 5050 3164 5105 hoc
3216 5063 3276 5121 se
3303 5045 3597 5103 obstrinxit
3617 5045 3798 5113 jureju-

2227 5122 2420 5198 rando,
2445 5120 2636 5177 canem
2661 5123 2711 5176 in
2731 5122 2827 5198 (ioc
2852 5120 3492 5198 oppidononrelinquam,
3509 5132 3618 5198 quo
3634 5122 3799 5198 omnes

2226 5185 2536 5248 delcturum
2588 5208 2647 5248 se
2699 5185 3161 5260 plstnc'bontittes
3213 5185 3559 5246 sacramento
3607 5185 3794 5260 indixit.

2226 5273 2412 5334 postea
2432 5274 2594 5320 tantae
2614 5255 2791 5318 motus
2813 5263 3199 5334 internecionis
3221 5263 3593 5322 miseratione,
3613 5255 3674 5310 ad
3694 5267 3798 5333 ver-

2231 5333 2416 5391 berum
2449 5351 2645 5390 sonum
2671 5333 2956 5398 emollivit,
2990 5345 3042 5388 et
3065 5349 3254 5390 omnes
3278 5344 3414 5404 quot
3459 5335 3799 5388 occurrenttn

2228 5408 2580 5483 urbe_.eaiies
2613 5406 2955 5477 caedijussit.
3035 5473 3076 5483 __
3123 5475 3136 5483 _
3233 5475 3245 5483 _
3373 5476 3384 5483 _
3478 5474 3490 5483 _
3655 5469 3666 5483 .

2298 5482 2322 5512 °
2357 5464 2410 5533 l'n
2447 5464 2897 5534 Veronensfms.
2951 5483 3007 5531 et
3035 5473 3300 5546 angatis,
3348 5474 3556 5530 domine
3602 5464 3799 5525 mi.lle-

2227 5551 2343 5604 brai
2389 5557 2533 5609 tam.
2964 5617 2969 5618 7
3022 5617 3025 5618 7
3094 5617 3097 5618 7

2293 5561 2631 5677 Tulliam.
2688 5633 2817 5683 ms.,
2857 5617 3124 5690 prohibuit
3151 5634 3231 5671 me
3259 5618 3455 5671 malum
3509 5618 3674 5687 [arere
3698 5605 3795 5661 tibi.

2222 5692 2386 5748 Hebr.
2409 5708 2516 5748 uno
2544 5691 2733 5758 verbo,
2761 5689 2930 5756 1mm
2971 5707 3004 5743 a
3044 5689 3445 5762 malefaciendo.

2293 5794 2315 5823 ε
2349 5785 2495 5842 ldem
2518 5800 2648 5852 ms.,
2675 5785 2730 5841 in
2752 5797 2876 5855 pace
2904 5798 2920 5837 :
2945 5796 3067 5840 cum
3101 5781 3268 5842 llebr.
3291 5763 3501 5842 m'W").
