4144 6364
336 292 444 357 609

1628 288 1837 349 LIBER
1876 291 1894 347 I
1935 286 2301 349 SAMUtLIS.

3530 297 3635 357 6l0

337 403 468 460 mel.
501 402 567 459 Et
595 403 889 471 l’estinavit,
915 411 971 460 et
1029 403 1270 461 surrexit
1298 404 1534 477 Abigail,
1586 415 1641 461 et
1684 405 1931 461 ascendit
1960 404 2005 464 A
2036 406 2246 475 quietas
2289 420 2470 477 regem
2498 408 2521 461 ἲ
2568 406 2637 462 Ει
2668 407 2737 463 ait
2789 407 2956 465 David
3003 411 3069 465 ad
3102 412 3286 468 Abner
3318 430 3332 469 :
3365 412 3637 485 Numquid

338 509 507 567 super
532 497 773 565 asinum,
806 506 861 552 et
889 497 1132 569 quinque
1162 498 1357 569 puellm
1389 497 1570 554 ierunt
1592 514 1711 553 cum
1741 514 1828 567 ea,
1854 514 1943 569 pe-

338 589 613 661 dissequa:
638 590 778 660 ejus,
813 600 865 646 et
883 600 1070 646 secuta
1102 601 1186 646 est
1218 592 1441 647 nuntios
1478 593 1645 647 David
1680 610 1693 658 ;
1721 604 1774 649 et
1802 595 1939 649 facta

339 695 425 743 est
455 686 533 742 illi
568 703 725 742 uxor.
757 687 867 744 Sed
910 699 964 744 et
995 687 1262 744 Ahinoem
1292 689 1502 758 accepit
1528 688 1697 743 David
1726 688 1795 744 de
1820 688 1943 745 Jez-

339 781 568 845 rael;et
602 780 704 835 fuit
748 790 983 852 utraque
1030 796 1169 836 uxor
1198 780 1338 851 ejus.
1386 780 1471 854 |T.
1509 778 1765 849 LXXIV.]
1813 781 1939 836 Saul

342 884 520 929 autem
546 873 695 929 dedit
722 873 921 929 Michol
950 874 1028 946 [h.
1057 872 1281 945 Michalj
1312 874 1473 928 tiliam
1506 889 1681 941 suam,
1717 888 1937 929 uxorem

342 967 533 1034 David,
562 967 740 1023 Phalti
766 968 877 1023 ﬁlio
901 968 1047 1034 Lais,
1070 968 1159 1038 qui
1186 978 1305 1023 erat
1336 968 1401 1021 de
1433 966 1650 1023 Gallim.

414 1058 805 1134 [Cap.XXVI.]
832 1059 900 1114 Et
930 1068 1199 1115 venerunt
1228 1058 1435 1130 Ziphmi
1466 1059 1532 1113 ad
1558 1058 1690 1113 Saul
1723 1059 1776 1112 in
1808 1056 1937 1129 His.

343 1151 434 1223 de]
472 1153 680 1219 Gahaa,
711 1152 957 1208 dicentes
991 1170 1003 1203 :
1050 1151 1194 1207 Ecce
1245 1150 1416 1205 David
1450 1150 1527 1221 lh.
1558 1150 1717 1205 Num.
1751 1147 1939 1219 David]

343 1246 696 1302 ab<c¢mditus
715 1254 798 1300 est
827 1246 880 1300 in
913 1246 1054 1302 colle
1097 1245 1324 1311 Achilae,
1357 1261 1477 1315 qua:
1504 1257 1675 1301 estex
1709 1244 1940 1299 adverso

342 1338 680 1393 solitudinis.
714 1337 778 1393 Et
810 1338 1053 1393 surrexit
1087 1337 1242 1402 Saul,
1273 1348 1325 1392 et
1356 1336 1642 1392 descendit
1673 1337 1723 1391 in
1753 1337 1942 1392 deser-

344 1442 456 1488 tum
497 1432 662 1503 Ziph,
693 1443 749 1488 et
778 1447 901 1488 cum
924 1447 990 1486 co
1021 1432 1120 1486 tria
1172 1430 1340 1484 millia
1374 1432 1613 1485 virorum
1657 1431 1723 1485 de
1752 1430 1938 1485 electis

342 1526 534 1595 Israel,
566 1535 915 1597 utqutereret
944 1524 1113 1579 David
1143 1524 1194 1579 in
1229 1523 1449 1578 deserto
1479 1522 1635 1593 Ziph.
1656 1523 1941 1577 Eteastra-

343 1630 581 1675 metatus
605 1628 685 1674 est
718 1618 848 1675 Saul
880 1620 932 1672 in
952 1617 1135 1673 Gabaa
1168 1615 1394 1681 Achilaz,
1429 1632 1550 1684 (μυξη
1601 1624 1718 1671 erat
1741 1632 1807 1671 ex
1844 1614 1935 1670 ad-

342 1726 503 1766 verso
533 1710 847 1766 solitudinis
876 1709 929 1763 in
950 1709 1065 1762 via:
1097 1708 1257 1762 David
1288 1716 1465 1762 autem
1487 1706 1940 1762 habitabatinde—

2045 513 2150 552 non
2181 502 2343 555 virtu
2375 501 2673 569 es?etquis
2699 502 2834 557 alius
2855 504 3046 559 similis
3074 507 3147 558 tui
3174 506 3226 559 in
3260 504 3637 576 lsrae|?quare

2044 606 2173 662 ergo
2198 608 2303 647 non
2327 594 2610 648 CtlstOtIiStI
2634 594 2910 649 dominum
2944 606 3092 651 tuum
3126 599 3637 668 regemiingressus

2042 690 2128 739 est
2154 686 2296 737 enim
2331 701 2467 738 unus
2498 686 2565 741 de
2612 687 2788 751 turba,
2813 698 2870 741 ut
2896 688 3225 744 interliceret
3260 706 3437 761 regem
3461 691 3637 747 domi-

2044 791 2173 829 num
2206 784 2376 831 tuum.
2409 776 2526 832 Non
2572 790 2651 834 est
2704 780 2907 835 bonum
2932 781 3052 843 hoc,
3085 784 3226 853 quod
3260 784 3472 839 fecisﬁ:
3507 787 3639 842 vivit

2046 869 2332 936 Dominus,
2352 873 2607 941 quoniam
2626 874 2715 927 lilii
2742 876 2932 929 mortis
2946 876 3079 931 e~tis
3097 892 3213 943 vos,
3230 878 3317 947 qui
3338 892 3439 931 non
3455 888 3638 934 custo-

2044 962 2172 1016 ditis
2199 962 2474 1017 dominum
2499 974 2765 1031 vestrum,
2784 965 3047 1021 christum
3078 967 3313 1022 Domini.
3332 969 3481 1023 Nunc
3505 986 3635 1041 ergo

2046 1054 2167 1110 vide
2194 1056 2285 1111 ubi
2308 1057 2376 1112 sit
2408 1057 2559 1113 hasta
2591 1060 3179 1131 regis,etuhiscyphus
3207 1065 3489 1132 aquae,qui
3519 1074 3637 1119 erat

2044 1148 2108 1203 ad
2124 1160 2284 1219 caput
2302 1151 2534 1222 ejus.['l‘.
2553 1152 2815 1223 LXXVI]
2830 1154 3284 1222 Cognovitautem
3303 1156 3432 1211 Saul
3447 1172 3633 1212 vocem

2045 1240 2235 1307 David,
2263 1254 2314 1296 ct
2338 1243 2473 1298 dixit
2502 1263 2511 1296 :
2542 1244 2678 1299 Nunt
2710 1261 2809 1300 vox
2841 1255 2927 1300 tua
2957 1257 3036 1299 est
3064 1246 3196 1314 hare,
3227 1248 3298 1300 ﬁli
3325 1250 3394 1301 mi
3428 1249 3637 1303 David?

2043 1341 2098 1387 et
2128 1342 2150 1367 ⁸
2182 1333 2317 1387 dixit
2349 1334 2514 1389 David
2544 1353 2555 1387 :
2588 1336 2697 1389 Vox
2731 1352 2868 1403 mea,
2896 1337 3117 1392 domine
3166 1340 3235 1392 mi
3271 1355 3385 1393 rex.
3418 1341 3482 1392 lit
3517 1341 3593 1394 ait
3621 1359 3634 1394 :

2044 1425 2216 1491 Quam
2250 1427 2320 1482 oh
2337 1443 2557 1483 causam
2589 1429 2844 1485 dominus
2872 1446 3025 1485 meus
3049 1434 3391 1501 persequitur
3418 1448 3633 1488 servum

2043 1518 2393 1587 Sttuttt?Qttid
2428 1521 2524 1575 Ieci
2549 1522 2571 1574 ?
2597 1533 2688 1576 aut
2718 1522 2857 1592 quod
2888 1535 2969 1577 eSt
2994 1524 3046 1577 in
3080 1540 3238 1578 manu
3263 1540 3379 1579 mea
3411 1526 3635 1579 malum?

2043 1610 2197 1665 Nunc
2223 1626 2350 1681 ergo
2377 1613 2522 1678 audi,
2547 1629 2666 1679 oro,
2691 1614 2909 1668 domine
2939 1615 3008 1669 nti
3031 1632 3145 1681 rex,
3166 1616 3327 1669 verba
3355 1617 3494 1670 servi
3520 1618 3593 1670 tui
3621 1634 3635 1669 :

2044 1700 2099 1756 Si
2151 1702 2415 1756 Dominus
2446 1705 2630 1758 incitat
2666 1714 2716 1759 te
2741 1707 3025 1760 adversum
3052 1724 3159 1769 me,
3192 1707 3451 1763 odoretur
3477 1708 3638 1763 sacri-

341 1816 514 1861 εθισιο,
549 1805 633 1877 [Τ,
672 1801 909 1874 ιχχγ,]
945 1802 1143 1858 Videns
1178 1813 1358 1856 autem
1383 1802 1523 1872 quod
1546 1801 1783 1855 venisset
1809 1800 1937 1855 Saul
1976 1795 2015 1852 Β
2049 1794 2224 1847 ﬁcium
2254 1809 2268 1858 ;
2320 1796 2363 1848 si
2397 1807 2573 1850 autem
2626 1797 2722 1851 lilii
2774 1797 3073 1864 hominum,
3108 1798 3378 1853 maledicti
3430 1808 3556 1854 sunt
3586 1801 3638 1855 itt

346 1911 467 1970 post
483 1900 606 1954 sein
630 1898 927 1958 desertum,
948 1897 1088 1951 misit
1107 1897 1505 1966 exploratores,
1529 1907 1581 1951 et
1596 1895 1779 1950 didicit
1798 1895 1938 1965 quod

342 1994 588 2048 venisset
614 1989 945 2064 [Vulg.add.
972 1987 1117 2059 illuc]
1151 1990 1470 2044 certissime.
1496 1988 1813 2043 Etsurrt-xit
1844 1989 1945 2042 Da-

342 2084 632 2157 v'ileulg.
666 2082 991 2154 add.clam],
1022 2092 1077 2139 et
1092 2082 1239 2137 venit
1262 2082 1326 2135 ad
1357 2081 1532 2136 locum
1556 2082 1645 2135 ubi
1673 2090 1793 2136 erat
1814 2081 1942 2135 Saul

344 2182 424 2253 μί.
450 2178 537 2235 ubi
569 2184 983 2233 castrametatns
1022 2183 1141 2230 erat
1186 2173 1336 2244 Saul]
1373 2192 1385 2227 :
1420 2189 1540 2228 cum
1592 2172 1818 2227 vidisset
1866 2172 1941 2225 lo-

341 2290 489 2339 cum,
520 2274 572 2328 in
622 2289 731 2339 quo
778 2271 1086 2327 dormiebat
1140 2269 1290 2337 Saul,
1318 2278 1374 2323 et
1419 2268 1603 2324 Abner
1637 2268 1776 2321 ﬁlius
1809 2266 1937 2331 Ner,

344 2368 601 2438 princeps
624 2365 833 2421 militia:
863 2365 1003 2435 ejus,
1036 2364 1254 2421 Saulem
1288 2363 1653 2418 dormientem
1688 2362 1738 2415 in
1770 2371 1945 2415 teuto-

344 2463 449 2528 rio,
471 2470 525 2518 et
549 2461 817 2531 reliquum
842 2463 1037 2530 vulgus
1062 2472 1155 2527 per
1181 2457 1467 2511 circuitum
1497 2454 1637 2525 ejus,
1666 2456 1742 2507 ait
1776 2453 1942 2507 David

343 2554 409 2608 ad
446 2553 791 2609 Achimelcch
824 2550 1132 2607 Gctthmum
1163 2547 1291 2621 μὴ.
1322 2544 1643 2614 Cmthenm],
1679 2558 1729 2601 et
1758 2544 1941 2599 Abisai

344 2645 512 2700 ﬁlium
543 2644 771 2711 Sarvite,
806 2644 1027 2697 lratrcm
1062 2641 1217 2700 Joah.
1241 2640 1428 2695 dicens
1455 2638 1620 2706 :Qttis
1648 2636 1943 2692 descendet

343 2755 556 2795 mecum
589 2739 652 2791 ad
675 2738 803 2793 Saul
836 2736 889 2791 in
914 2746 1092 2791 castra
1119 2734 1141 2787 ?
1173 2733 1431 2803 Dixitque
1461 2730 1644 2785 Ahisai
1672 2750 1683 2782 ;
1710 2730 1821 2799 Ego
1849 2729 1941 2783 de-

343 2831 601 2886 scendam
635 2840 833 2884 tecum.
866 2826 1147 2882 Venerunt
1176 2840 1305 2895 ergo
1356 2822 1520 2877 David
1553 2831 1608 2876 et
1662 2822 1845 2877 Abisai
1874 2822 1940 2877 ad

345 2925 607 2996 populum
637 2934 819 2991 nocte,
845 2934 898 2976 et
929 2921 1257 2977 invenerunt
1289 2920 1417 2975 Saul
1439 2920 1711 2989 jacentcm
1744 2928 1794 2973 ct
1817 2919 1943 2972 dor—

342 3019 603 3072 mientem
652 3018 703 3071 in
740 3015 1015 3078 tentorio;
1051 3023 1105 3068 et
1143 3013 1353 3067 hastam
1406 3012 1567 3066 ﬁxam
1614 3012 1666 3066 in
1702 3021 1844 3066 terra
1876 3011 1940 3065 ad

344 3111 685 3181 caputejusz
722 3111 905 3165 Abner
932 3117 1112 3163 autem
1145 3116 1198 3161 et
1230 3107 1488 3176 populum
1521 3106 1861 3159 dormientes
1888 3104 1940 3159 in

2046 1899 2337 1957 conspectu
2361 1889 2576 1944 Domini
2610 1908 2623 1942 :
2650 1892 2771 1958 quia
2803 1891 3078 1959 cjccerunt
3115 1908 3201 1946 me
3234 1892 3414 1959 hodie,
3442 1902 3501 1947 ut
3534 1908 3639 1947 non

2043 1980 2279 2037 habitent
2312 1983 2363 2035 in
2390 1983 2706 2039 hmreditate
2726 1984 2963 2052 Dmnini,
2987 1984 3267 2040 dicentes:
3297 1985 3466 2054 Vade,
3499 1988 3641 2041 servi

2043 2073 2147 2127 diis
2174 2074 2389 2129 alienis.
2424 2076 2481 2128 lit
2517 2092 2657 2129 nunc
2690 2092 2793 2129 non
2826 2075 3137 2131 eﬁundattir
3166 2079 3386 2145 sanguis
3420 2079 3639 2133 mensin

2047 2174 2243 2220 terram
2278 2182 2460 2221 coram
2495 2169 2721 2223 Domino
2752 2186 2765 2222 :
2792 2169 2913 2237 quia
2944 2185 3198 2239 egressus
3228 2179 3311 2225 est
3334 2186 3428 2225 rex
3453 2171 3642 2237 Israel,

2045 2266 2103 2312 ut
2134 2257 2261 2329 [.lls.
2295 2258 2368 2328 eti
2393 2270 2601 2330 qua'rat
2654 2260 2885 2329 puliecm
2928 2278 3114 2329 unum,
3142 2263 3279 2317 sicut
3307 2264 3646 2333 persequitur

2048 2351 2238 2420 perdix
2272 2353 2320 2404 iu
2355 2353 2648 2407 montibus.
2687 2354 2748 2407 Et
2776 2354 2848 2407 ait
2873 2352 3001 2409 Saul
3037 2374 3046 2406 :
3085 2356 3323 2425 peccavi,
3349 2363 3641 2421 revertere,

2047 2446 2116 2499 lili
2168 2447 2236 2499 mi
2268 2446 2433 2501 David
2462 2465 2474 2500 :
2502 2464 2837 2517 nequaquam
2874 2450 3017 2503 enim
3080 2449 3215 2503 ultra
3268 2448 3407 2504 male
3440 2449 3533 2505 tibi
3566 2449 3644 2501 fa-

2045 2539 2206 2606 ciam,
2240 2554 2304 2593 eo
2359 2539 2500 2609 quod
2548 2541 2781 2608 pretiosa
2832 2540 2991 2595 fuerit
3045 2541 3221 2595 anima
3272 2556 3387 2596 mea
3435 2541 3486 2594 in
3517 2556 3647 2595 ocu-

2045 2632 2113 2687 lis
2137 2634 2242 2687 tuis
2275 2632 2434 2688 hodie
2473 2632 2600 2705 lMs.
2648 2646 2778 2689 taret
2812 2634 2989 2703 hodie]
3020 2655 3031 2687 :
3065 2646 3286 2705 apparet
3312 2634 3455 2703 quod
3484 2634 3646 2689 stulte

2045 2728 2270 2795 egerim.
2307 2734 2361 2780 ct
2404 2727 2771 2795 ignoraverint
2808 2728 2973 2780 multa
3006 2728 3186 2781 nimis.
3224 2727 3647 2796 Iitrespondens

2046 2816 2234 2884 David,
2269 2818 2345 2873 ait
2375 2835 2388 2872 :
2426 2820 2560 2873 Ecce
2588 2819 2738 2872 hasta
2764 2822 2904 2887 regis
2940 2838 2953 2874 :
2979 2830 3223 2874 transeat
3262 2835 3400 2874 unus
3430 2821 3496 2875 de
3523 2836 3649 2889 pue-

2045 2910 2123 2967 ris
2152 2911 2336 2985 [ναις.
2369 2912 2495 2975 add.
2527 2912 2712 2982 regis},
2740 2926 2792 2967 et
2826 2914 2975 2968 tollat
2999 2930 3143 2969 eam.
3176 2915 3435 2970 Dominus
3464 2924 3644 2969 autem

2046 3005 2310 3061 retribuet
2341 3006 2634 3077 unicuique
2673 3008 2969 3063 secundum
2999 3009 3261 3079 justitiam
3316 3026 3469 3065 suam
3501 3021 3553 3066 et
3581 3012 3617 3065 ll

2048 3099 2170 3154 dem
2200 3118 2212 3153 :
2251 3101 2471 3155 tradidit
2500 3104 2645 3157 enim
2672 3112 2721 3156 te
2750 3103 3011 3156 Dominus
3041 3104 3200 3158 hodie
3234 3108 3283 3157 itt
3314 3120 3472 3157 manu
3503 3121 3646 3172 mea,

345 3172 576 3258 circuitu
605 3202 722 3272 cjus
752 3202 828 3273 [ιι.
869 3201 933 3255 Ει
978 3215 1107 3255 ecce
1140 3199 1263 3255 Saul
1315 3198 1531 3267 jacebat
1562 3207 1613 3251 et
1645 3196 1946 3251 dormiebat
1972 3172 2017 3236 ί)
2050 3204 2103 3247 et
2155 3193 2300 3247 nolui
2334 3193 2514 3248 levare
2556 3210 2772 3247 manum
2822 3210 2995 3248 meam
3024 3195 3074 3248 in
3106 3194 3380 3249 Christum
3412 3196 3644 3251 Domini.

348 3296 401 3350 in
439 3294 719 3360 tentorio;
755 3304 807 3348 et
831 3293 984 3346 hasta
1017 3293 1122 3346 lixa
1147 3291 1197 3343 in
1231 3301 1369 3344 terra
1395 3290 1458 3343 :lt’I
1488 3298 1647 3356 caput
1673 3288 1810 3357 ejus,
1840 3289 1947 3342 Ah-

348 3403 447 3441 ncr
469 3396 650 3440 autem
700 3394 755 3439 et
788 3385 1019 3456 populus
1045 3381 1393 3437 dormiebant
1438 3382 1491 3435 in
1524 3379 1752 3434 circuitu
1777 3377 1939 3449 ejus].

348 3479 605 3549 Dixitque
633 3478 813 3532 Abisai
842 3478 905 3529 ad
937 3474 1138 3529 David:
1166 3472 1446 3528 Conclusit
1474 3472 1617 3527 Deus
1660 3470 1821 3524 houie
1844 3470 1947 3524 itii-

349 3573 552 3627 micum
588 3581 735 3624 tuum
794 3570 847 3623 in
879 3582 1070 3621 manus
1100 3578 1221 3619 tuas
1254 3581 1437 3620 :nunc
1466 3580 1597 3634 ergo
1649 3562 1945 3633 perfodiant

348 3679 472 3718 cum
505 3664 690 3716 lancea
716 3662 769 3714 in
796 3670 939 3714 terra
962 3658 1154 3725 semel,
1180 3668 1235 3711 et
1265 3654 1507 3711 secundo
1535 3669 1673 3725 opus
1700 3669 1803 3708 non
1821 3655 1945 3709 erit.

351 3754 420 3810 Et
452 3754 590 3808 dixit
624 3750 793 3806 David
836 3751 902 3803 ad
946 3749 1163 3803 Abisai:
1197 3747 1275 3802 Ne
1299 3747 1591 3801 interﬁcias
1630 3761 1753 3800 eum
1783 3764 1795 3800 :
1826 3745 1949 3816 quis

350 3848 498 3901 enim
526 3844 769 3900 extendit
800 3858 1014 3897 manum
1058 3856 1209 3896 suam
1246 3841 1296 3894 in
1342 3840 1458 3895 clni
1492 3848 1600 3893 tum
1639 3839 1953 3904 Domini,et

351 3942 619 3997 innocens
641 3938 744 3993 erit
770 3938 849 4011 [h.
885 3934 1003 4005 fuit]
1033 3936 1056 3988 ?
1088 3934 1155 3988 Et
1194 3933 1325 3987 dixit
1352 3932 1514 3987 David
1547 3950 1558 3983 :
1592 3931 1735 3985 Vivit
1770 3933 1953 3985 Domi-

353 4048 477 4094 nus.
507 4032 630 4101 quia
650 4031 751 4085 nisi
780 4028 1034 4083 Dominus
1059 4025 1383 4096 percusserit
1409 4039 1555 4088 enin,
1582 4032 1673 4077 aut
1696 4022 1811 4077 dies
1834 4023 1952 4091 ejus

354 4127 588 4194 venerit,
614 4134 671 4179 ut
697 4122 984 4184 moriatur,
1002 4131 1089 4173 aut
1107 4118 1161 4173 in
1188 4119 1430 4185 prmlium
1462 4116 1801 4171 descendens
1826 4131 1949 4186 per-

357 4219 481 4274 ierit
511 4235 524 4271 :
568 4217 833 4290 pr0pitius
866 4212 996 4268 mihi
1031 4212 1106 4266 sit
1131 4211 1394 4265 Dominus
1437 4208 1516 4282 llr.
1548 4208 1690 4263 absit
1739 4223 1768 4261 a
1811 4224 1896 4261 me
1921 4222 1949 4261 a

358 4309 610 4382 Domino]
634 4326 701 4364 ne
723 4307 1009 4364 extendam
1042 4319 1256 4359 manum
1290 4316 1461 4356 meam
1493 4303 1544 4356 in
1567 4301 1827 4355 Christum
1849 4300 1953 4353 Do-

361 4409 511 4463 mini.
560 4406 710 4462 Nune
746 4407 907 4475 igitur
936 4402 1067 4459 tolle
1110 4403 1341 4463 hastam,
1385 4412 1505 4469 qum
1548 4403 1631 4450 est
1678 4394 1743 4447 ad
1793 4404 1955 4463 caput

359 4502 498 4569 ejus,
531 4509 586 4555 et
616 4497 878 4571 scyphum
908 4512 1083 4567 aqum,
1119 4504 1173 4549 ct
1204 4494 1480 4548 abeamus.
1514 4488 1661 4544 Tulit
1691 4503 1819 4556 ergo
1849 4488 1951 4540 Da-

2052 3285 2121 3340 Et
2148 3286 2288 3338 sicut
2320 3286 2400 3357 [Ιι.
2432 3284 2497 3339 Et
2530 3300 2658 3340 ecce
2690 3286 2851 3354 sicut]
2878 3287 3216 3355 magnilicata
3240 3298 3325 3342 est
3352 3288 3531 3341 anima
3558 3298 3645 3342 tua

2052 3376 2213 3432 hodie
2244 3377 2296 3428 in
2328 3376 2499 3429 oculis
2528 3377 2682 3441 meis,
2720 3378 2799 3430 sic
2829 3378 3205 3446 magniﬁcetur
3233 3383 3409 3433 anima
3443 3394 3559 3435 mea
3592 3380 3647 3436 in

2049 3470 2222 3524 oculis
2235 3469 2466 3534 Domini,
2493 3478 2547 3523 et
2569 3469 2761 3523 liberet
2775 3486 2859 3524 me
2874 3470 2939 3524 de
2956 3470 3101 3525 omni
3122 3473 3387 3541 angustia.
3416 3472 3504 3526 Ait
3522 3487 3649 3543 ergo

2050 3562 2177 3617 Saul
2198 3561 2263 3616 ad
2296 3562 2461 3616 David
2488 3562 2845 3617 :Bencdictus
2874 3574 2950 3628 tu,
2975 3563 3044 3617 ﬁli
3070 3565 3138 3616 mi
3171 3563 3367 3617 David:
3398 3564 3646 3635 equidem

2051 3656 2255 3711 faciens
2282 3655 2466 3718 facies.
2487 3665 2542 3711 et
2565 3662 2755 3720 potens
2778 3658 3002 3726 poteris.
3034 3656 3177 3712 Abiit
3207 3667 3385 3714 autem
3405 3659 3575 3714 Davxd
3595 3659 3646 3714 in

2056 3749 2197 3803 viam
2228 3764 2402 3812 suam,
2436 3757 2491 3802 et
2518 3748 2644 3803 Saul
2675 3764 2923 3804 reversus
2946 3758 3031 3803 est
3063 3751 3111 3803 in
3148 3750 3324 3804 locum
3354 3766 3531 3805 suum.

2127 3841 2271 3913 [Cap
2300 3840 2547 3919 .XXVIH
2580 3840 2647 3894 Et
2673 3842 2743 3894 ait
2780 3841 2944 3895 David
2966 3842 3017 3896 in
3042 3843 3206 3897 corde
3237 3844 3650 3909 suo:Aquuan-

2054 3933 2124 3987 do
2148 3934 2379 3987 incidam
2416 3949 2519 3987 uno
2550 3934 2637 3988 die
2671 3934 2721 3987 in
2767 3949 2955 3987 manus
2983 3933 3107 3989 Saul
3162 3949 3177 3987 :
3223 3950 3401 3989 nonne
3453 3936 3644 3990 melius

2054 4036 2139 4081 est
2162 4042 2217 4080 ut
2247 4025 2467 4096 fugiam,
2499 4035 2553 4079 ct
2590 4028 2767 4080 salver
2805 4026 2858 4079 iu
2916 4035 3058 4081 terra
3106 4025 3509 4082 Philistinorum
3534 4069 3549 4093 ,
3596 4036 3656 4082 et

2054 4122 2309 4190 desperet
2339 4121 2487 4185 Saul,
2520 4132 2799 4192 cessetque
2833 4137 2918 4176 me
2945 4138 3187 4193 quarrere
3214 4122 3267 4177 in
3297 4122 3505 4177 cunctis
3535 4122 3654 4176 lini-

2056 4214 2155 4269 bus
2181 4215 2346 4270 Israel
2371 4214 2611 4284 ?lngiam
2635 4230 2764 4285 ergo
2795 4230 2985 4269 manus
3011 4215 3147 4285 ejus.
3174 4217 3236 4269 Et
3266 4218 3506 4271 surrexit
3550 4215 3656 4268 Da-

2056 4307 2167 4370 vid,
2202 4319 2255 4361 et
2282 4308 2411 4360 ahiit
2434 4308 2573 4376 ipse,
2603 4315 2654 4360 et
2677 4309 2914 4362 sexct‘nti
2941 4308 3041 4361 viri
3066 4323 3188 4361 cum
3214 4322 3278 4362 eo
3303 4348 3318 4374 ,
3366 4308 3431 4361 ad
3488 4306 3654 4361 Achis

2057 4398 2227 4453 ﬁlium
2258 4400 2441 4454 Maoch
2474 4415 2651 4470 regem
2693 4400 2852 4454 Geth.
2890 4399 2954 4453 Et
2993 4400 3254 4454 habitavit
3310 4399 3481 4453 David
3529 4415 3652 4454 cum

2060 4492 2223 4546 Achis
2246 4491 2299 4545 in
2322 4490 2460 4546 Geth
2491 4508 2502 4542 :
2541 4492 2654 4559 ipse
2683 4500 2736 4544 et
2758 4490 2855 4543 viri
2884 4490 2999 4559 ejus
3026 4531 3040 4553 ,
3074 4492 3155 4544 vir
3177 4501 3229 4544 et
3260 4491 3453 4544 domus
3485 4491 3600 4557 ejus
3636 4532 3652 4558 ,

358 4593 448 4648 vid
482 4569 720 4658 hastam,
769 4601 822 4646 et
849 4593 1112 4661 scyphum
1145 4603 1320 4658 aqua}.
1366 4583 1455 4654 qui
1506 4581 1633 4655 ldis.
1660 4579 1802 4651 qum]
1836 4589 1953 4634 erat
1982 4569 2036 4629 D
2062 4593 2116 4638 et
2151 4583 2335 4652 David,
2369 4591 2422 4637 et
2444 4582 2563 4636 dua:
2597 4596 2792 4635 uxores
2818 4581 2959 4649 ejus,
2991 4581 3257 4636 Ahinoem
3288 4580 3652 4647 .Iezrahelitis,

358 4686 424 4740 ad
455 4693 619 4751 caput
663 4682 815 4747 Saul,
847 4691 903 4734 et
946 4681 1226 4745 abierunt;
1267 4688 1322 4733 et
1368 4693 1471 4731 non
1499 4683 1618 4729 erat
1644 4673 1949 4742 quisquam,

358 4775 454 4843 qui
488 4771 697 4825 videret
742 4786 795 4824 et
836 4772 1187 4840 intelligeret,
1224 4777 1277 4823 ct
1305 4767 1605 4839 evigilaret,
1638 4766 1729 4820 sed
1764 4779 1952 4819 omnes

360 4863 728 4928 dormiebant,
756 4861 875 4932 quia
915 4878 1076 4929 sopor
1100 4859 1313 4915 Domini
1345 4862 1575 4914 irruerat
1625 4873 1789 4925 super
1834 4870 1950 4910 eos.

361 4957 606 5027 Cumque
657 4954 939 5009 transisset
970 4952 1135 5007 David
1163 4968 1228 5006 ex
1267 4952 1518 5013 adverso.
1545 4960 1597 5004 et
1629 4950 1871 5004 Slt‘IISSCI.
1902 4948 1953 5002 in

362 5052 571 5107 vertice
624 5050 825 5105 montis
874 5047 941 5103 de
988 5046 1168 5116 longe,
1199 5059 1251 5102 et
1302 5056 1448 5102 esset
1473 5047 1673 5117 grande
1705 5045 1957 5099 interval—

363 5147 473 5201 lum
502 5145 581 5216 fit.
606 5142 829 5213 grandis
856 5137 1028 5209 locus]
1076 5140 1215 5193 inter
1237 5154 1331 5193 eos
1364 5157 1376 5192 :
1406 5138 1659 5194 clamavit
1686 5136 1852 5190 David
1894 5135 1959 5188 ad

365 5244 648 5312 populum,
708 5246 765 5293 et
794 5237 859 5291 ad
905 5235 1092 5290 Abner
1151 5233 1318 5287 ﬁlium
1355 5233 1481 5299 Ner,
1515 5233 1741 5286 dicens:
1774 5230 1962 5286 Nonne

363 5332 742 5405 respondebis,
763 5329 986 5388 Abner?
1010 5326 1079 5383 Et
1106 5326 1443 5398 reSpOndeus
1466 5325 1669 5389 Abner,
1693 5325 1767 5378 ait
1796 5340 1806 5375 :
1833 5322 1965 5391 Quis

366 5445 427 5485 cs
457 5440 536 5497 tu,
581 5427 671 5499 qui
702 5426 909 5481 clamas
940 5423 1020 5495 [h.
1060 5422 1148 5492 qui
1193 5420 1399 5476 clamas
1427 5418 1493 5473 ad
1545 5414 1775 5488 regem],
1800 5426 1855 5472 et
1883 5416 1964 5471 in-

438 5591 463 5620 ο
493 5581 723 5636 Verbum
756 5580 884 5633 dixit
910 5576 995 5631 hic
1028 5572 1731 5643 ms.Veron.prartermittit
1761 5588 1773 5624 :
1800 5586 1966 5627 econ-

369 5653 538 5709 trario
568 5667 691 5707 mox
718 5650 872 5706 addit
900 5664 994 5703 rea:
1019 5647 1202 5703 verbis
1237 5642 1490 5700 Dominus
1512 5660 1657 5698 meus
1679 5660 1697 5697 :
1730 5642 1963 5700 IIebrzeo

372 5736 551 5783 tamen
585 5739 693 5778 non
735 5722 1083 5777 assentiente.

448 5796 473 5836 ι’
516 5795 762 5855 Secunda
821 5792 1249 5863 manuscriptum
1280 5798 1365 5847 est
1392 5793 1442 5847 lu
1470 5785 1726 5855 Canone,
1774 5786 1826 5841 in
1858 5801 1962 5842 una

2061 4686 2115 4732 et
2146 4677 2349 4745 Abigail
2380 4692 2513 4729 uxor
2542 4674 2701 4728 Nabal
2735 4674 3004 4729 Charmeli
3039 4674 3120 4747 [It.
3154 4674 3543 4744 Charmelitis].
3590 4683 3659 4729 tst

2062 4769 2363 4823 nuntiatum
2382 4766 2633 4822 ealSauli
2667 4767 2807 4834 quod
2844 4765 3064 4835 fugisset
3097 4766 3261 4820 David
3290 4766 3341 4820 in
3384 4766 3556 4833 Gelli,
3604 4777 3659 4822 et

2063 4876 2169 4915 non
2193 4860 2398 4914 addidit
2419 4860 2560 4914 ultra
2593 4870 2648 4913 ut
2676 4870 2946 4929 quaereret
2976 4876 3121 4915 eum.
3174 4859 3317 4914 Dixit
3349 4869 3528 4915 autem
3562 4861 3662 4915 Da-

2063 4954 2151 5007 vid
2171 4952 2234 5006 ad
2265 4951 2426 5006 Achis
2462 4965 2475 5005 :
2509 4952 2566 5005 Si
2598 4951 2781 5006 iuveni
2813 4954 3036 5022 gratiam
3068 4953 3121 5006 in
3144 4952 3317 5008 oculis
3346 4955 3473 5017 tuis,
3506 4952 3664 5008 detur

2066 5046 2200 5101 mihi
2228 5044 2423 5100 Iocusb
2456 5043 2508 5099 in
2532 5061 2634 5098 una
2661 5046 2873 5098 urbium
2912 5046 3146 5115 regionis
3175 5044 3363 5114 hujus,
3413 5054 3468 5099 ut
3514 5045 3665 5101 habi-

2066 5149 2173 5195 tem
2203 5138 2279 5193 ibi
2309 5157 2319 5190 :
2348 5153 2446 5191 cur
2471 5137 2613 5191 enim
2640 5146 2820 5191 manet
2851 5152 3041 5191 servus
3073 5146 3198 5190 [ωε
3241 5139 3291 5191 in
3330 5136 3549 5193 civitate
3581 5154 3665 5195 re-

2065 5232 2249 5304 gisjh.
2280 5229 2455 5301 regni]
2488 5230 2705 5284 tecum?
2735 5228 2892 5282 D"dit
2922 5229 3102 5297 itaque
3147 5229 3197 5284 ei
3251 5232 3415 5285 Ach‘s
3475 5232 3528 5285 in
3576 5232 3665 5286 die

2066 5325 2157 5380 illa
2184 5323 2397 5393 Siceleg
2429 5341 2443 5376 :
2477 5331 2699 5391 promer
2721 5335 2881 5391 quam
2913 5335 3129 5375 causam
3166 5320 3301 5375 facta
3327 5335 3405 5376 est
3454 5323 3665 5391 Sicelcg

2064 5432 2255 5489 regum
2279 5415 2439 5482 Juda,
2476 5430 2643 5484 usque
2672 5414 2722 5468 in
2756 5412 2899 5468 diem
2924 5412 3081 5468 hanc.
3116 5412 3240 5469 Fuit
3266 5401 3444 5471 autent
3478 5429 3669 5473 nume-

2073 5576 2285 5647 ttrbium
2314 5575 2457 5647 circa
2478 5590 2649 5647 agros.
2677 5574 3092 5647 Caeteriomncs
3116 5590 3215 5629 ms.
3242 5576 3461 5633 codices
3482 5578 3669 5647 legunt

2068 5646 2220 5715 juxta
2251 5646 2393 5717 quod
2437 5645 2639 5700 editum
2682 5656 2810 5717 est:
2846 5646 3006 5716 idque
3049 5658 3272 5712 prmstat
3309 5650 3450 5705 male
3478 5645 3671 5704 emcn-

2072 5718 2212 5777 data:
2244 5717 2465 5775 lectioni
2489 5718 2544 5775 in
2573 5726 2721 5773 textu
2752 5716 3012 5776 Canonis.
3046 5719 3231 5776 Mam.
