3964 6344
525 147 624 210 θιι

1527 147 1587 208 S.
1629 138 2014 206 lilEltONYMl
2053 138 2285 205 DiVlNA
2329 139 2812 208 BlBLlOTHECA.

3671 167 3760 230 ιιι

526 274 621 316 rus
643 257 878 325 dierum,
903 253 1099 328 quibus
1129 255 1394 314 habitavit
1440 257 1609 314 David
1643 259 1696 314 in
1747 260 1966 331 regione
2001 258 2130 314 Phi-
2158 263 2206 322 Α
2233 275 2320 326 eo,
2347 270 2720 334 veneruntqne
2751 262 2818 320 ad
2843 261 3126 322 mulierem
3154 275 3308 324 nocte
3337 309 3352 338 ,
3387 277 3438 328 et
3475 271 3539 330 ait
3565 293 3577 331 :
3605 277 3763 341 Divina

520 351 822 414 listiuorum
851 393 866 418 ,
903 361 929 396 tl
951 361 1192 422 quatuor
1222 351 1586 423 mensium,h.
1638 362 1889 422 quatuor,
1917 368 2132 408 menses

519 457 573 506 et
599 445 762 518 diesj.
797 446 862 502 Et
889 446 1148 504 ascendit
1177 445 1369 507 David.
1402 455 1458 500 et
1488 444 1587 500 viri
1613 445 1729 514 ejus
1750 487 1764 509 ,
1815 454 1869 500 et
1903 446 2134 514 agebant

529 540 742 610 pra-das
765 540 832 594 de
861 539 1082 603 Gcsuri,
1104 549 1157 593 et
1183 539 1250 592 de
1274 536 1297 575 ι’
1328 538 1513 603 Gezri,
1557 546 1614 591 et
1660 539 1726 593 de
1779 539 2090 594 Amalecitis
2116 555 2128 591 :

531 629 584 684 hi
608 630 754 688 enim
782 633 900 700 pagi
930 628 1314 686 habitabantur
1339 631 1556 685 interra
1594 629 1915 699 antiquitus,
1964 632 2134 685 eunti-

530 722 632 783 bus
661 726 762 779 Sur
791 738 964 794 usque
993 723 1062 788 ad
1118 730 1320 780 terram
1364 720 1609 794 Egypti.
1672 723 1741 778 Et
1792 725 2135 793 percutiebat

530 815 697 876 David
726 832 947 878 omnem
973 817 1051 889 [Ιι.
1077 833 1183 872 nou
1219 816 1647 888 baltetutuuemj
1677 830 1900 884 terram,
1923 835 2021 874 nec
2048 835 2136 875 re-

528 907 804 980 linquebat
830 910 1104 968 viventem
1134 911 1310 966 virum
1350 922 1403 967 et
1449 913 1734 968 mulierem
1775 928 1790 966 :
1832 914 2135 984 tollensque

529 1017 683 1068 oves,
704 1013 760 1056 et
784 1003 970 1067 boves,
1000 1011 1054 1057 et
1073 1002 1278 1070 asinos,
1311 1013 1366 1058 et
1392 1005 1634 1061 camelos
1655 1048 1671 1074 ,
1719 1016 1772 1082 et
1825 1014 2025 1071 vestes,
2052 1025 2137 1062 rc-

531 1091 862 1161 vertebatur,
894 1105 949 1149 et
979 1094 1231 1150 veniebat
1264 1095 1328 1149 ad
1363 1094 1552 1150 Achis.
1596 1097 1821 1154 Dicebat
1858 1108 2040 1153 autem
2086 1099 2134 1153 ei

529 1184 694 1242 Achis
725 1205 737 1240 :
775 1185 830 1241 In
859 1203 1020 1258 quem
1049 1198 1069 1224 ε
1100 1188 1302 1244 irruisti
1339 1189 1356 1261 [_
1379 1190 1434 1244 h.
1469 1191 1699 1248 irruistis
1733 1191 1742 1261 |
1783 1192 1984 1246 hodie?
2028 1192 2133 1247 Rc-

525 1279 935 1351 spoudebatque
972 1281 1137 1336 David
1170 1300 1180 1334 :
1207 1281 1406 1339 Contra
1434 1285 1904 1353 tueridichudae,
1929 1298 1981 1340 et
2009 1302 2138 1342 con-

530 1382 609 1430 tra
643 1373 928 1430 meridiem
957 1375 1248 1443 Jerameel,
1277 1387 1334 1432 et
1362 1390 1551 1435 contra
1573 1380 1855 1435 meridiem
1881 1381 2137 1437 Ceni.Vi-

530 1483 648 1523 runt
672 1479 729 1524 et
762 1471 1042 1525 mulierem
1075 1485 1186 1526 non
1220 1471 1530 1528 vivitimbat
1559 1471 1746 1538 David,
1777 1489 1876 1528 nec
1901 1473 2138 1530 adduce-

531 1560 624 1616 bat
651 1563 700 1616 in
724 1562 860 1617 Getlt
888 1607 903 1627 ,
935 1564 1124 1620 dicens
1159 1583 1172 1619 :
1208 1565 1285 1620 Ne
1326 1567 1465 1620 torte
1523 1567 1810 1636 loquantur
1849 1567 2133 1622 adversum

2240 355 2369 412 mihi
2393 356 2444 412 in
2469 358 2726 430 pythoue,
2757 369 2813 415 et
2840 362 3040 416 suscita
3065 361 3193 417 mihi
3227 379 3377 433 quem
3401 366 3574 424 dixero
3593 371 3691 427 tibi.
3713 376 3767 432 Et

2235 451 2306 504 ait
2338 450 2533 506 mulier
2564 452 2628 504 ad
2659 467 2821 506 eum:
2869 453 3006 509 Ecce
3034 493 3050 520 ,
3101 463 3155 510 ttt
3205 459 3338 511 nosti
3388 474 3568 526 quanta
3609 463 3766 523 tecet-it

2239 543 2367 616 [518.
2401 543 2714 616 teciI]Sanl,
2749 558 2803 602 et
2842 550 3116 618 quomodo
3146 552 3366 606 eraserit
3392 570 3562 624 magos
3601 567 3650 614 et
3691 560 3769 615 lia-

2237 638 2405 696 riolos
2432 639 2500 693 de
2535 654 2677 695 terra
2713 657 2728 697 :
2757 657 2925 712 quare
2945 657 3077 711 ergo
3101 644 3366 699 insidiaris
3410 649 3585 702 animm
3623 667 3768 722 meae,

2239 743 2294 786 ιιι
2333 732 2586 787 occidar‘l
2611 733 2899 804 Etjuravit
2928 737 2977 790 ei
3011 735 3142 792 Sanl
3183 737 3233 791 in
3270 736 3488 793 Domino
3513 781 3528 804 ,
3573 740 3769 800 dicens:

2240 823 2389 880 Vivit
2414 821 2693 892 Dominus,
2715 826 2842 897 quia
2866 841 2974 882 non
3008 829 3192 883 veniet
3243 828 3335 884 tibi
3383 831 3648 901 quidquam
3673 836 3776 892 mali

2240 925 2460 988 propter
2489 917 2628 972 banc
2659 933 2793 973 rem.
2827 919 3082 990 Dixitque
3111 920 3160 976 ei
3193 921 3386 976 mulier
3413 940 3426 975 :
3454 922 3609 991 Quem
3633 929 3778 982 susci-

2241 1007 2364 1063 tabo
2391 1008 2522 1063 tibi?
2550 1009 2658 1076 Qui
2681 1010 2758 1064 ait
2785 1027 2798 1064 :
2830 1009 3135 1066 Samuelem
3163 1011 3361 1068 suscita
3394 1013 3537 1068 ndhi.
3557 1013 3676 1070 Cum
3699 1031 3779 1072 au-

2241 1111 2346 1155 tem
2381 1100 2605 1155 vidisset
2635 1102 2830 1156 mulier
2858 1101 3193 1166 Samuelem,
3217 1103 3533 1158 exclamavit
3557 1120 3676 1160 voce
3692 1121 3785 1162 ma-

2237 1208 2364 1262 gna,
2389 1191 2669 1247 ctdixitad
2701 1191 2869 1250 Saul:
2901 1193 3080 1261 Quare
3103 1193 3403 1264 imposuisti
3430 1193 3786 1266 mihillt.dece-

2239 1287 2364 1356 pisti
2395 1285 2636 1357 me?]'l‘u
2663 1301 2724 1342 es
2751 1288 2893 1342 enim
2925 1286 3074 1342 Saul.
3103 1285 3348 1356 Dixitque
3369 1287 3417 1342 ei
3447 1304 3533 1346 rex
3565 1304 3580 1344 :
3605 1287 3712 1344 Noli
3737 1291 3814 1368 ti-,

2241 1396 2390 1436 mere
2425 1398 2438 1436 :
2465 1380 2596 1448 quid
2622 1380 2840 1436 vidisti?
2860 1381 3018 1436 Etait
3053 1381 3250 1436 mulier
3278 1381 3342 1436 ad
3363 1379 3489 1435 Sanl
3513 1394 3527 1436 :
3555 1379 3683 1440 Deos
3701 1382 3787 1438 vidi

2239 1473 2598 1529 ascendentes
2619 1473 2685 1529 de
2706 1486 2870 1531 terra.
2906 1473 3159 1543 Dixitque
3186 1473 3234 1528 ei
3263 1490 3278 1529 :
3319 1474 3501 1540 Qualis
3534 1483 3612 1530 est
3644 1473 3790 1530 forma

2241 1565 2395 1635 ejus?
2415 1565 2546 1634 Quae
2577 1566 2650 1619 ait
2680 1579 2695 1620 :
2732 1566 2824 1620 Vir
2845 1581 3010 1621 senex
3031 1565 3276 1622 ascendit
3305 1606 3320 1628 ,
3361 1576 3416 1622 et
3457 1568 3568 1635 ipse
3594 1566 3793 1622 amictus

528 1671 630 1711 ιιος
655 1673 668 1709 :
697 1657 822 1712 llmc
850 1655 979 1712 fecit
1011 1659 1177 1713 David
1204 1675 1218 1712 :
1252 1669 1307 1714 et
1334 1660 1435 1714 hoc
1463 1673 1575 1716 erat
1607 1661 1883 1716 decretum
1917 1663 1987 1715 illi
2015 1678 2130 1716 om-
2167 1651 2213 1712 Β
2241 1671 2323 1714 est
2350 1661 2536 1728 pallio.
2571 1659 2840 1714 lutcllexit
2865 1658 2990 1714 Saul
3017 1659 3158 1728 quod
3200 1657 3417 1713 Samuel
3439 1669 3578 1714 esset
3604 1699 3618 1722 ,
3648 1669 3694 1714 et
3729 1659 3796 1713 iu-

531 1751 691 1804 nibus
714 1751 905 1806 tliclins
929 1753 1123 1822 quibus
1157 1753 1424 1808 habitavit
1457 1753 1508 1808 in
1535 1755 1756 1824 regione
1788 1754 2132 1809 Phillstltiuu-

532 1856 671 1898 rum.
705 1846 950 1900 Credidit
978 1861 1110 1916 ergo
1133 1847 1296 1902 Acltis
1318 1848 1509 1911 David,
1542 1848 1728 1902 dicens
1756 1867 1768 1901 :
1803 1849 1966 1903 Multa
1996 1849 2135 1904 mala

529 1947 788 2006 operatus
809 1947 895 1994 est
923 1940 999 2012 μ..
1047 1941 1234 1996 [uetere
1275 1940 1421 2012 fecit]
1451 1953 1639 1997 contra
1681 1945 1934 2014 populum
1976 1960 2134 2001 suum

528 2028 694 2085 Israel
727 2047 741 2088 :
766 2037 868 2086 erit
893 2032 1053 2099 igitur
1081 2033 1210 2088 mihi
1242 2049 1435 2089 servus
1464 2035 1848 2111 sempiternus.

601 2122 734 2196 [Cap
774 2123 1033 2196 XXVIII].
1053 2124 1271 2180 Factum
1287 2137 1369 2182 est
1387 2139 1564 2181 autem
1588 2127 1639 2182 in
1655 2128 1843 2183 diebus
1862 2129 1986 2185 illis.
2008 2145 2138 2184 cou-

530 2226 891 2287 gregavcruut
920 2217 1225 2273 Phtlisthim
1258 2222 1470 2290 agmina
1504 2235 1623 2290 sua,
1667 2231 1726 2276 ut
1761 2236 2137 2292 praeparentur

527 2308 593 2361 ad
631 2309 826 2363 bellum
859 2319 1048 2364 contra
1081 2309 1246 2365 Israel
1277 2328 1290 2362 :
1323 2310 1566 2380 dixitque
1596 2312 1758 2366 Acltis
1803 2316 1869 2366 ad
1923 2313 2087 2366 David
2119 2331 2132 2367 :

528 2399 720 2456 Sciens
749 2416 890 2456 nunc
919 2403 1077 2460 scito,
1103 2403 1356 2472 quoniam
1399 2419 1608 2458 meeum
1638 2405 1933 2473 egredieris
1962 2404 2016 2460 in
2043 2421 2134 2461 crt-

528 2494 654 2548 Stris
678 2501 831 2558 tn,et
859 2494 958 2549 viri
989 2495 1088 2550 tui.
1122 2495 1373 2566 Dixitque
1407 2496 1574 2550 David
1620 2497 1687 2550 ad
1736 2497 1902 2551 Acltis
1937 2517 1950 2550 :
1983 2497 2135 2553 Nunc

524 2585 667 2638 scies
687 2600 807 2655 qum
840 2583 1083 2640 facturus
1113 2596 1192 2640 est
1216 2601 1408 2640 servus
1434 2597 1576 2641 tuus.
1611 2587 1698 2659 l'l‘.
1734 2587 2020 2657 LXXVI“
2070 2589 2135 2644 ls‘t

523 2675 602 2730 ait
625 2677 788 2736 Achis
813 2677 880 2731 ad
906 2676 1071 2732 David
1106 2695 1118 2730 :
1156 2677 1224 2732 Et
1247 2695 1347 2748 ego
1377 2679 1656 2734 custodem
1688 2682 1881 2750 capitis
1905 2682 2007 2736 ιιιεί
2038 2698 2135 2751 po-

523 2783 649 2822 nant
686 2778 738 2823 te
759 2770 970 2824 cunctis
997 2769 1210 2824 diebus.
1246 2770 1463 2825 Samuel
1514 2783 1696 2826 autem
1731 2782 1977 2826 mortuus
2007 2785 2087 2828 est
2114 2814 2130 2840 ,

523 2862 842 2932 planxitque
883 2878 1005 2918 eum
1039 2864 1217 2918 omnis
1252 2865 1439 2931 Israel,
1469 2875 1524 2920 et
1548 2865 1884 2934 sepelierunt
1921 2882 2044 2922 eum
2079 2868 2130 2924 in

525 2953 694 3009 Rama
726 2953 909 3026 |Vulg.
944 2953 1230 3026 Ramatlta]
1261 2955 1394 3012 urbe
1444 2972 1563 3011 sua.
1623 2959 1688 3012 Et
1733 2960 1860 3012 Saut
1908 2959 2134 3014 abstulit

2240 1751 2470 1806 clinasit
2497 1765 2558 1806 sc
2589 1767 2754 1821 super
2787 1751 2978 1805 faciem
3008 1767 3158 1804 suam
3186 1751 3236 1804 in
3271 1759 3415 1805 terra
3436 1792 3451 1816 ,
3491 1759 3542 1804 et
3567 1750 3794 1806 adoravit.

2244 1844 2392 1899 Dixit
2447 1854 2628 1899 autem
2677 1844 2897 1900 Samuel
2951 1844 3015 1896 ad
3068 1843 3192 1900 Saul
3238 1860 3252 1901 :
3307 1842 3482 1910 Quare
3529 1842 3800 1914 iuquietasti

2241 1934 2373 2008 [.lls.
2416 1935 2706 2007 inquietas]
2728 1952 2814 1990 me
2832 1949 2882 1988 ut
2902 1937 3222 1990 suseitarer?
3241 1937 3304 1994 Et
3326 1937 3394 1990 ait
3415 1935 3562 1992 Sanl:
3579 1938 3802 1991 Coarctor

2241 2029 2402 2083 nimis
2425 2046 2438 2082 :
2463 2027 2730 2098 siquidem
2762 2028 3068 2083 PiiiiiSthnu
3100 2037 3347 2099 pugnant
3389 2029 3660 2090 adversum
3689 2043 3764 2086 me
3787 2069 3800 2094 ,

2239 2132 2290 2176 et
2319 2123 2460 2176 Deus
2493 2125 2711 2177 recessit
2744 2138 2773 2176 a
2809 2139 2916 2190 me,
2949 2135 3003 2178 et
3029 2125 3290 2178 exaudire
3317 2139 3404 2178 me
3436 2123 3631 2190 noluit,
3655 2138 3806 2192 neqe

2241 2218 2293 2272 in
2317 2233 2479 2272 manu
2507 2217 2915 2287 pmphetarum,
2967 2232 3144 2288 neque
3193 2233 3290 2287 per
3336 2219 3543 2272 somnia
3584 2233 3596 2270 :
3642 2216 3804 2270 vocavi

2238 2326 2367 2382 ergo
2396 2320 2473 2376 te,
2499 2321 2557 2365 ιιι
2582 2311 2899 2366 ostenderes
2939 2306 3222 2381 mihiquid
3249 2310 3464 2366 faciam.
3516 2311 3576 2364 Et
3613 2310 3680 2364 ait
3725 2308 3808 2363 Sa-

2239 2405 2381 2459 muel
2417 2421 2430 2458 :
2464 2404 2601 2470 Quid
2633 2407 2934 2472 interrogas
2964 2419 3071 2470 me,
3100 2420 3222 2460 cum
3269 2403 3524 2459 Dominus
3559 2404 3810 2459 recesserit

2237 2511 2266 2550 ει
2292 2505 2364 2557 te,
2398 2505 2453 2550 ct
2481 2496 2758 2551 transiet-it
2781 2499 2846 2550 ad
2879 2497 3134 2553 tumulum
3157 2497 3342 2552 tuum?
3373 2497 3554 2553 Faciet
3577 2500 3707 2552 cnim
3733 2496 3810 2552 tibi

2241 2588 2498 2644 Dominus
2521 2589 2654 2644 sicut
2690 2590 2902 2644 locutus
2929 2600 3010 2644 est
3055 2589 3108 2644 in
3138 2606 3301 2644 manu
3334 2605 3452 2646 mea
3475 2633 3490 2656 ,
3536 2598 3590 2646 et
3627 2587 3812 2644 scindet

2238 2695 2462 2750 regnum
2491 2678 2677 2752 [ναις.
2697 2682 2822 2734 add.
2855 2679 3027 2752 tuum]
3061 2681 3127 2737 de
3160 2697 3324 2737 manu
3355 2691 3475 2748 tua,
3510 2690 3564 2736 et
3601 2679 3736 2738 dabit
3757 2681 3812 2734 il-

2238 2771 2327 2826 lud
2358 2773 2604 2841 proximo
2639 2783 2728 2826 tuo
2760 2772 2925 2827 David
2959 2774 3118 2844 :qnia
3153 2788 3259 2828 non
3307 2772 3538 2830 obediin
3583 2773 3691 2827 voci
3723 2772 3811 2826 Do-

2238 2864 2390 2926 tuiui,
2419 2879 2591 2930 neque
2621 2863 2798 2918 fecisti
2828 2866 2963 2919 iram
2995 2865 3190 2919 furoris
3220 2865 3344 2934 ejus
3375 2867 3428 2920 in
3454 2865 3722 2920 Amalech.
3749 2863 3818 2917 ld-

2238 2955 2388 3011 Cil'CO
2417 2957 2560 3026 quod
2589 2959 2811 3027 pateris,
2839 2958 2962 3013 fecit
2993 2959 3086 3014 tibi
3116 2959 3381 3015 Dominus
3403 2959 3582 3016 hodie.
3612 2959 3674 3013 Et
3693 2957 3819 3011 dabit

524 3061 711 3116 magos
734 3055 789 3101 ct
819 3046 1058 3102 hariolos
1085 3047 1154 3102 de
1185 3057 1349 3102 terra.
1382 3050 1813 3120 (Iongregatique
1843 3060 1969 3104 sunt
2009 3050 2134 3106 l’hi-
2161 3042 2204 3104 C
2240 3049 2501 3104 Dominus
2530 3050 2690 3105 etiam
2717 3049 2879 3106 Israel
2909 3061 3082 3106 tecum
3136 3055 3188 3108 in
3235 3068 3432 3108 manus
3488 3051 3776 3108 Philisthim
3807 3067 3818 3102 :

519 3139 752 3207 listltim,
775 3148 831 3194 et
858 3150 1144 3203 venerunt,
1171 3149 1226 3195 et
1251 3140 1621 3196 castramctati
1651 3150 1780 3197 sunt
1806 3141 1858 3197 in
1885 3141 2086 3198 Sunam
2116 3160 2128 3196 :

519 3234 872 3305 congregavit
900 3243 1083 3288 autem
1113 3244 1168 3289 et
1197 3233 1328 3290 Saul
1356 3235 1665 3290 univcrsqu
1685 3234 1873 3305 l-rael,
1905 3245 1960 3291 et
1983 3237 2129 3291 venit

518 3329 573 3384 in
604 3329 811 3384 Gelitoe
838 3327 968 3400 ius.
1001 3326 1257 3398 Gelliue].
1314 3328 1384 3383 Et
1437 3329 1570 3384 vidit
1599 3328 1728 3385 Sanl
1758 3340 1932 3384 castra
1966 3329 2131 3389 Phili—

517 3419 768 3483 stltim,et
789 3419 986 3484 timuit,
1010 3430 1064 3474 et
1087 3421 1307 3489 expavit
1330 3436 1426 3475 cor
1449 3421 1568 3490 ejus
1596 3421 1778 3476 nimis.
1808 3421 2124 3478 Consuluit-

517 3528 626 3584 que
651 3513 960 3578 Dominum,
991 3523 1048 3570 et
1071 3531 1176 3569 non
1198 3515 1476 3585 respo‘ndit
1501 3517 1548 3570 ei
1574 3531 1750 3586 neque
1775 3530 1868 3585 per;
1889 3519 2120 3585 somnia,

520 3620 697 3674 neque
723 3622 819 3675 per
838 3607 1154 3660 sacerdotes
1177 3607 1254 3676 lli.
1283 3623 1378 3678 per
1407 3605 1730 3677 doctrinam]
1756 3653 1771 3678 ,
1821 3625 1998 3677 neque
2031 3625 2125 3680 per

474 3754 492 3762 _
522 3694 846 3767 Prophetas.
874 3697 959 3769 |QT.
993 3696 1307 3769 LXXVIII.']
1338 3698 1585 3764 Dixitque
1614 3698 1745 3757 Sanl
1776 3701 1946 3757 servis
1967 3703 2082 3759 suis
2107 3720 2122 3757 :

520 3789 757 3858 Quatrite
789 3791 918 3845 mihi
943 3792 1226 3848 mulierem
1259 3791 1548 3848 habentem
1591 3793 1918 3866 pythonetu,
1953 3803 2009 3850 et
2034 3812 2121 3852 va-

519 3883 644 3938 dam
667 3883 734 3938 ad
760 3899 904 3947 eam.
933 3893 988 3938 et
1017 3883 1340 3940 sciscitabor
1385 3901 1483 3954 per
1537 3886 1704 3941 illam.
1754 3885 1824 3940 Et
1870 3886 2124 3942 dixerunt

517 3975 662 4030 servi
684 3975 806 4045 ejus
825 3975 894 4028 ad
925 3991 1048 4042 eum
1082 3992 1096 4029 :
1132 3976 1227 4030 Est
1249 3975 1441 4032 mulier
1475 3977 1681 4032 habens
1722 3978 2016 4050 pythoncm
2065 3979 2117 4035 in

521 4065 767 4122 En-Dor.
813 4067 1038 4123 Mutavit
1066 4082 1198 4138 ergo
1229 4068 1471 4126 habitum
1513 4083 1669 4126 suum
1720 4088 1733 4125 :
1786 4072 2118 4142 vestitusque

519 4167 604 4215 est
630 4159 753 4216 aliis
783 4157 1148 4227 vestimentis,
1172 4171 1224 4216 et
1255 4160 1390 4216 abiit
1417 4162 1534 4230 ipse
1557 4204 1572 4231 ,
1623 4171 1679 4218 et
1715 4161 1824 4218 duo
1851 4163 1952 4219 viri
1990 4179 2113 4219 cum

2235 3156 2358 3198 cras
2376 3143 2518 3198 enim
2546 3154 2596 3198 tu
2626 3154 2681 3198 et
2709 3144 2803 3198 titii
2836 3145 2910 3198 ttti
2945 3160 3152 3200 mecum
3182 3147 3341 3200 eritis
3378 3163 3391 3201 ε
3433 3147 3526 3202 scd
3572 3154 3626 3201 et
3667 3155 3818 3199 castra

2237 3235 2400 3291 Israel
2426 3235 2597 3290 tradet
2631 3235 2889 3290 Dominus
2923 3237 2974 3290 in
3006 3252 3196 3290 manus
3227 3237 3569 3292 Philistltim.
3617 3236 3821 3291 Statim-

2235 3343 2340 3398 que
2363 3327 2493 3380 Sanl
2516 3327 2716 3381 cecidit
2769 3335 3052 3396 porrectus
3095 3328 3148 3382 in
3198 3336 3404 3383 terram
3455 3344 3470 3380 :
3525 3327 3822 3382 extimucrat

2231 3421 2377 3475 enim
2407 3418 2562 3473 valde
2589 3418 2607 3491 [
2637 3417 2739 3474 Ms.
2770 3428 2819 3473 et
2850 3417 3004 3490 Vulg.
3031 3429 3199 3472 tacent
3229 3418 3416 3489 valde]
3436 3419 3603 3474 verba
3623 3417 3826 3474 Sanine-

2231 3513 2321 3579 lis,
2353 3522 2406 3566 et
2435 3512 2600 3568 robur
2621 3527 2725 3566 nou
2755 3519 2873 3566 crat
2905 3511 2956 3567 in
2987 3527 3072 3578 eo,
3104 3514 3229 3579 quia
3265 3529 3375 3567 non
3404 3511 3714 3566 cmuederat
3741 3523 3824 3578 pa-

2228 3619 2350 3660 nem
2384 3614 2493 3659 tota
2521 3603 2608 3658 die
2640 3604 2728 3658 illa
2754 3604 2831 3675 |_h.
2866 3604 2976 3669 illa,
3006 3613 3059 3658 et
3091 3612 3200 3662 tota
3230 3603 3444 3675 nocte].
3495 3604 3736 3670 lngressa
3759 3609 3830 3655 est

2225 3688 2408 3768 itaque
2434 3694 2626 3752 mulier
2649 3695 2714 3750 ad
2737 3695 2885 3761 Saul,
2921 3693 2946 3731 δ
2971 3705 3024 3751 ct
3048 3696 3183 3749 vidit
3213 3697 3342 3766 quia
3359 3705 3546 3754 cuntur
3564 3696 3712 3754 battis
3726 3702 3828 3749 erat

2227 3791 2404 3858 valde,
2433 3791 2674 3860 dixitque
2706 3789 2771 3844 ad
2817 3805 2939 3846 eum
2976 3807 2989 3844 :
3042 3789 3185 3845 Et'ce
3215 3791 3471 3848 obedivit
3513 3787 3707 3846 ancilla
3753 3795 3830 3840 tua

2226 3883 2346 3938 voci
2378 3891 2506 3948 tum,
2531 3890 2586 3937 ct
2618 3881 2773 3952 posui
2802 3898 3036 3938 annnam
3077 3897 3252 3937 meam
3285 3884 3342 3940 in
3368 3899 3532 3946 manu
3563 3898 3679 3940 mea
3723 3894 3737 3936 :
3786 3888 3831 3932 et

2227 3975 2409 4032 audivi
2439 3990 2723 4032 sermones
2747 3982 2887 4041 tuoé,
2921 3991 3057 4046 quos
3089 3977 3304 4032 locutus
3326 3992 3392 4034 es
3439 3977 3508 4034 ad
3551 3991 3659 4032 me.
3697 3973 3834 4031 Nunc

2228 4069 2391 4141 igitur
2419 4067 2544 4123 audi
2575 4076 2631 4123 et
2655 4078 2709 4123 ttt
2738 4083 2926 4124 vocem
2953 4067 3163 4123 ancilla:
3196 4081 3328 4138 tum,
3358 4080 3418 4126 et
3445 4086 3643 4139 ponam
3665 4082 3830 4124 coram

2225 4170 2281 4218 te
2309 4160 2605 4217 buccellam
2637 4162 2812 4232 panis,
2838 4171 2892 4215 ιιι
2921 4159 3049 4234 [Μσ.
3112 4161 3190 4232 et]
3237 4163 3548 4220 comedens
3598 4159 3836 4220 convale-

591 4385 616 4413 α
657 4373 846 4432 Codex
890 4371 1302 4430 vetustissimus
1357 4370 1709 4428 Corbeiensis
1752 4388 1809 4426 n.
1844 4372 1949 4443 15.,
1981 4370 2132 4427 addit
2165 4368 2375 4443 DQoin
2420 4377 2477 4424 et
2519 4367 2832 4443 hodiernus
2871 4369 3136 4443 Hebraeus
3166 4381 3525 4443 praepostero
3553 4373 3836 4428 litterarum

513 4449 744 4504 verbum
774 4448 942 4518 quasi,
974 4446 1024 4501 id
1057 4455 1160 4500 est.
1193 4445 1348 4517 quasi
1376 4456 1603 4513 quatuor
1630 4443 1912 4498 mensium.
1939 4442 1997 4498 In
2029 4444 2126 4498 lle-

515 4542 668 4598 brzeo
709 4542 972 4607 scriptum
1023 4538 1230 4605 legitur
1268 4549 1311 4596 ει
1336 4545 1462 4596 mn
1493 4543 1713 4601 rma-m1
1741 4543 1904 4601 nam,
1928 4535 2121 4606 jamim

523 4615 741 4674 nearbaa
769 4609 1110 4666 Itltodasrhim
1129 4651 1143 4673 ,
1172 4609 1314 4678 quod
1349 4617 1744 4675 interpretatur
1775 4609 1884 4661 dies
1908 4615 1958 4660 ct
1989 4621 2117 4677 qutt-

516 4695 632 4742 tuor
656 4700 868 4738 menses.
917 4683 1090 4739 Porro
1129 4682 1300 4753 Syrus
1327 4690 1383 4735 et
1414 4678 1590 4753 Arabs
1624 4693 1720 4748 per
1756 4679 1866 4732 dies
1889 4693 2107 4753 _:_tn_num

520 4758 824 4824 intelligunt
852 4772 866 4809 :
898 4757 1025 4808 hinc
1075 4745 1218 4820 apud
1265 4767 1361 4805 eos
1407 4745 1652 4816 reperire
1697 4745 2108 4824 estgf'ut'tqnc

516 4818 762 4895 uumerus
784 4825 983 4879 dierum
1011 4818 1195 4895 quibus
1219 4831 1567 4876 commoratus
1589 4832 1662 4874 est
1688 4818 1856 4895 David
1879 4820 1946 4895 ιιι
1968 4833 2104 4872 terra

518 4894 945 4952 Put’tisthazorum
971 4937 984 4959 ,
1026 4893 1168 4949 anni
1211 4908 1258 4947 et
1292 4903 1516 4964 quatuor
1562 4894 1857 4953 mensium,
1907 4893 2025 4946 sive
2056 4901 2113 4943 ut

515 4967 656 5032 apud
693 4967 1008 5022 Cnaltltcum
1035 5007 1051 5032 ,
1097 4965 1206 5020 dies
1240 4977 1437 5036 tempus
1468 4964 1523 5036 in
1557 4972 1786 5036 tempore
1812 4974 1859 5036 et
1894 4972 2115 5036 quatuor

517 5054 732 5094 incuses.
791 5036 994 5091 Contra
1026 5037 1212 5106 nuperi
1245 5033 1428 5089 tirittei
1469 5035 1665 5090 docent
1701 5034 1806 5088 ltec
1847 5033 1972 5106 loco
2003 5033 2114 5106 dies

515 5125 622 5163 non
671 5123 829 5177 posse
869 5109 1041 5176 accipi
1091 5103 1192 5174 pro
1239 5124 1377 5159 anno
1425 5108 1506 5161 vel
1541 5106 1744 5177 annis;
1773 5105 1909 5177 quia
1942 5103 2113 5158 David

518 5195 624 5234 non
667 5175 765 5232 nisi
799 5189 919 5244 ιιοςι
959 5175 1188 5233 mortem
1220 5178 1493 5233 Samuelis
1522 5175 1810 5230 descendit
1845 5176 1896 5228 in
1931 5180 2109 5244 regio-

515 5266 639 5307 nem
664 5250 1128 5306 Philisthinorum.
1145 5249 1288 5305 Mors
1313 5259 1492 5303 autem
1522 5248 1796 5302 Samuelis
1823 5246 2108 5318 prteeessit

513 5333 744 5380 mortem
791 5319 970 5375 Saulis
1001 5334 1204 5391 septem
1241 5320 1520 5374 dumtaxat
1552 5319 1848 5372 mensibus.
1915 5317 2113 5386 Itaque

507 5394 662 5465 juxta
696 5391 1158 5465 illosiscriptores.
1183 5391 1387 5461 aliquot
1408 5391 1526 5465 dies
1550 5406 1672 5465 eum
1695 5396 1933 5465 quatuor
1950 5403 2115 5465 ⁵ιιιιιιι-

509 5459 663 5520 sibus
710 5463 871 5518 David
923 5459 1287 5516 commoratus
1333 5473 1417 5516 est
1465 5463 1519 5516 in
1559 5461 1648 5515 illa
1683 5460 1910 5530 regione
1950 5459 2117 5514 Phili-

511 5539 839 5595 stltinorutu.
877 5535 1056 5590 Mser.

585 5607 614 5649 δ
654 5610 728 5666 ita
773 5607 963 5665 Canon
1009 5604 1367 5674 emendatus,
1417 5613 1471 5659 et
1518 5603 1690 5659 codex
1729 5601 2016 5674 Corhsn.
2051 5601 2118 5660 15

515 5681 696 5760 prima
722 5695 902 5740 manu.
944 5678 1048 5737 Alii
1079 5688 1334 5752 corrupte
1356 5673 1556 5750 legunt
1586 5675 1748 5732 (ἐθάνὲ
1773 5685 1868 5733 aut
1910 5673 2117 5734 Ger/tri.

2235 4441 2429 4514 ordine
2451 4442 2712 4514 scriptum
2747 4441 2914 4496 habet
2934 4449 3070 4514 f't‘tJ.
3096 4441 3262 4507 Cirsi,
3288 4441 3378 4499 vel
3405 4445 3566 4500 Gersi
3590 4461 3687 4514 pro
3712 4453 3837 4502 tau.

2233 4511 2409 4567 Gezrt'.
2457 4511 2638 4566 Monet
2675 4524 2854 4566 tamen
2904 4512 3022 4567 (ἱενὶ
3054 4513 3533 4570 Massorctharutn
3567 4511 3838 4580 legetulutn

2232 4598 2286 4638 ut
2315 4599 2414 4638 nos
2442 4584 2716 4638 edidimus
2743 4585 2808 4637 ad
2844 4584 3002 4638 fidem
3032 4600 3162 4640 mss.
3201 4585 3561 4643 Latinorum.
3604 4587 3776 4642 Manr.

2296 4653 2906 4730 —_\’cronens_._qtm.jue
2931 4670 3032 4730 ms.
3053 4671 3172 4709 cum
3205 4658 3495 4730 pleriSque
3529 4659 3655 4713 aliis
3686 4670 3840 4728 penes

2222 4724 2610 4788 Martiana-utn,
2641 4724 2798 4780 ϐεανὶ
2833 4742 2850 4779 :
2880 4728 3054 4780 minus
3087 4724 3243 4782 bene.

2294 4811 2311 4828 t‘
2346 4797 2478 4850 Cum
2522 4797 2750 4852 llebraco
2774 4797 3087 4857 St‘iloitaSte,
3121 4800 3351 4868 ipsoque
3379 4810 3570 4868 textu,
3611 4801 3770 4856 habet
3793 4807 3840 4854 et

2226 4866 2527 4923 Verottens.
2565 4884 2664 4922 ms.
2697 4868 2929 4938 plurium
2957 4866 3202 4934 numero,
3236 4866 3501 4926 inuisae.

2296 4957 2642 5039 f1__Cattonetu
2677 4960 2957 5039 llebt'aicte
3005 4963 3268 5039 veritatis,
3307 4976 3371 5021 et
3402 4967 3557 5021 aliud
3589 4967 3840 5039 optimum

2225 5032 2524 5087 Biltlinrum
2555 5034 2834 5102 exemplar
2867 5050 2967 5085 ms.
3001 5032 3334 5090 Corlteiensc
3392 5054 3452 5091 ιι.
3488 5040 3511 5094 1
3564 5032 3736 5093 secuti
3763 5052 3844 5090 su-

2224 5118 2344 5158 Inus
2378 5121 2391 5156 :
2435 5104 2672 5163 idiosum
2706 5119 2921 5172 quoque
2945 5104 3140 5173 legitur
3178 5110 3228 5159 in
3266 5107 3535 5164 lleltrmis
3568 5107 3845 5165 volumiui~

2227 5174 2347 5231 ltus.
2380 5173 2574 5229 Cmteri
2600 5191 2786 5230 omnes
2818 5191 2948 5232 mss.
2995 5176 3214 5230 codices
3255 5183 3651 5242 perturbatam
3699 5179 3843 5235 exhi-

2224 5246 2352 5301 licul
2372 5245 2684 5313 lectionem,
2703 5259 2752 5300 et
2774 5247 3055 5301 Confusutu
3071 5248 3292 5310 omnin
3315 5265 3555 5306 sensum
3576 5270 3589 5305 :
3610 5261 3688 5308 Sic
3707 5251 3841 5304 enim

2223 5316 2450 5371 habent:
2481 5316 2722 5388 Ingresso
2745 5329 2815 5370 est
2835 5318 3004 5381 itaque
3028 5313 3208 5372 mulier
3230 5323 3298 5373 ad
3317 5317 3488 5383 Sanl,
3509 5337 3556 5378 ct
3575 5325 3649 5378 ait
3673 5342 3690 5378 :
3714 5321 3843 5378 Con-

2219 5389 2458 5462 turbattts
2491 5391 2628 5442 enim
2651 5398 2761 5441 erat
2796 5390 2973 5442 valde:
2993 5391 3223 5460 dixitque
3247 5393 3321 5444 ad
3345 5411 3491 5462 eum,
3525 5404 3636 5450 etc.
3671 5396 3842 5449 Mur.

2289 5460 2809 5532 —-\'crouens.Ams.,
2827 5467 2932 5512 tota
2947 5471 3090 5513 nocte
3104 5463 3226 5524 illa;
3257 5460 3542 5521 llehrarits
3563 5476 3847 5532 utrumque

2227 5530 2406 5591 habet.
2431 5540 2485 5608 et
2513 5541 2618 5585 tota
2647 5528 2947 5608 diehillanet
2969 5539 3075 5585 tota
3102 5542 3260 5608 nocte.
3297 5535 3430 5608 Max
3455 5554 3684 5608 quoque
3713 5528 3846 5608 idem

2227 5619 2332 5658 rus.
2360 5604 2634 5684 verbis,_et
2655 5602 2781 5655 vidit
2807 5602 2952 5684 quia,
2985 5606 3400 5684 praetermissis,
3432 5602 3703 5667 continuo
3729 5606 3848 5684 legit

2227 5689 2351 5732 cum
2385 5673 2651 5748 Vulgatis,
2676 5673 3013 5732 conturbatus
3043 5676 3180 5734 enim
3205 5687 3342 5739 erat.
