3964 6344
198 218 282 278 διδ
958 188 963 189 ί
1042 185 1059 190 ”
1444 204 2127 279 ιιιιειιιειιιυειιε.

196 349 308 400 θοις,
335 338 384 389 et
409 328 573 401 possis
604 326 707 385 iter
730 324 931 385 facere.
964 324 1064 397 Qui
1096 326 1299 395 renuit,
1348 332 1403 383 et
1448 329 1523 381 ait
1573 345 1586 382 :
1626 327 1742 383 Non
1774 333 1820 389 Α

196 426 449 485 comedam.
479 423 781 495 Coegcruut
810 432 985 478 autem
1011 438 1134 478 eum
1165 422 1307 477 servi
1338 423 1417 477 sui
1452 431 1509 477 et
1536 421 1750 486 mulier,

197 530 237 578 et
258 519 442 574 tandem
464 517 639 572 audita
665 531 795 571 Voce.
824 532 1032 580 eorum,
1065 517 1301 572 surrexit
1323 516 1389 570 de
1407 524 1573 579 terra,
1597 528 1647 570 et
1669 530 1755 570 se-

196 616 257 668 dit
279 628 420 681 super
447 612 668 664 lectum.
694 611 885 666 Mulier
905 619 1084 664 autem
1134 610 1221 663 illa
1267 609 1497 663 Ιιίῑιριιςιι
1527 609 1749 663 vitulum

198 706 452 777 pascualetn
477 705 525 758 in
556 705 740 770 domo,
768 714 818 757 et
840 702 1132 767 festinavit,
1165 702 1431 757 etoceidit
1458 719 1614 767 eum;
1652 701 1753 755 tol-

195 801 379 869 lensque
401 798 646 865 farinam,
675 796 891 851 miscuit
912 812 1056 864 eam,
1092 806 1147 852 ct
1175 798 1321 852 coxit
1344 812 1553 867 azyma,
1586 802 1637 849 et
1658 810 1752 863 po-

196 893 277 947 suit
301 904 407 944 ante
428 889 552 945 Saul
576 899 629 943 et
660 899 785 944 ante
810 903 995 945 servos
1025 889 1165 957 ejtts.
1197 890 1295 955 Qui
1330 903 1449 943 cum
1482 888 1752 942 comedis—

195 994 307 1051 sent,
326 991 685 1049 surrexerunt,
714 990 767 1036 et
786 982 1201 1037 ambulaverunt
1233 991 1509 1052 pertotam
1536 994 1749 1035 metem

192 1077 307 1134 illam
336 1076 406 1149 [lt.
435 1077 481 1129 in
510 1076 603 1129 illa
629 1074 835 1145 noete].

250 1170 380 1243 [ϐαρ.
404 1168 620 1240 XXIX]
645 1171 977 1239 Congregata
1004 1178 1127 1224 sunt
1152 1185 1279 1235 ergo
1315 1168 1617 1224 Pliilistbim
1636 1168 1754 1221 uni-

194 1277 317 1317 versa
338 1263 539 1329 agmina
574 1263 624 1314 in
657 1262 844 1330 Apbee
869 1279 881 1314 :
907 1261 1000 1315 sed
1032 1270 1086 1314 et
1130 1261 1293 1316 Israel
1340 1269 1750 1315 eastrametatus

195 1364 257 1410 est
278 1370 420 1423 super
445 1354 670 1422 fontem,
703 1354 793 1423 qtti
827 1356 1017 1408 eratin
1048 1352 1278 1408 Jezrael.
1306 1351 1752 1422 Etsatrapznqui-

196 1449 290 1502 dem
320 1446 611 1501 Pbilistbim
638 1447 960 1502 incedebant
988 1448 1039 1501 in
1066 1447 1331 1502 centuriis
1362 1454 1415 1501 et
1462 1445 1698 1499 millibus
1732 1461 1748 1498 :

198 1540 325 1595 David
347 1553 519 1594 autem
542 1550 598 1595 et
627 1539 730 1594 viri
757 1539 875 1609 ejus
897 1550 1054 1595 erant
1096 1541 1147 1595 in
1197 1540 1493 1594 novissimo
1540 1541 1751 1610 agmine

196 1646 288 1685 cum
314 1630 485 1686 Aeltis.
522 1632 892 1701 Dixerttntque
922 1631 1190 1702 principes
1221 1631 1528 1685 Pltilistltim
1562 1628 1749 1703 thtIg.

196 1726 292 1779 add.
318 1725 375 1779 ad
404 1724 622 1794 Aeltisj:
648 1723 785 1791 Quid
808 1724 911 1778 sibi
940 1726 1130 1779 volunt
1162 1723 1372 1779 Hebrtci
1400 1726 1483 1777 isti
1506 1724 1584 1795 jh.
1612 1723 1747 1789 Quid

198 1817 366 1872 llehrtei
398 1819 477 1871 i~ti
500 1818 548 1887 ξι
579 1817 645 1872 Et
674 1818 749 1870 ait
785 1816 950 1872 Aebis
979 1817 1043 1871 ad
1070 1815 1343 1887 principes
1400 1815 1703 1871 Pliilistltim
1736 1831 1749 1871 :

198 1911 299 1965 Nutu
356 1913 612 1980 ignoratis
648 1910 859 1977 David,
910 1911 998 1978 qui
1048 1911 1146 1965 fuit
1196 1925 1386 1965 servus
1433 1910 1563 1965 Sml
1610 1910 1753 1977 regis

199 2003 343 2068 Israel,
371 2015 419 2059 et
446 2014 533 2059 est
561 2004 701 2074 apud
734 2020 817 2057 ttte
847 2004 1029 2058 multis
1056 2002 1265 2069 diebus,
1293 2003 1374 2055 vel
1400 2002 1551 2056 annis
1576 2002 1653 2073 Ib.
1672 2004 1752 2056 An

198 2110 279 2149 non
306 2096 393 2149 iste
418 2095 584 2147 David
617 2109 805 2148 servus
825 2094 949 2149 Sattl
981 2095 1121 2164 regis
1149 2091 1312 2148 Israel
1340 2134 1355 2159 ,
1389 2093 1479 2163 qui
1504 2101 1586 2147 est
1613 2092 1754 2163 apud

199 2205 263 2242 me
286 2186 454 2243 diebus
484 2189 573 2242 th
601 2185 803 2255 anttisl,
837 2199 886 2238 et
920 2202 1024 2241 non
1054 2187 1230 2239 inveni
1267 2187 1315 2239 in
1340 2200 1404 2240 eo
1426 2184 1717 2254 quidquam
1738 2226 1752 2249 ,

196 2296 245 2334 ex
272 2281 347 2335 die
373 2295 469 2349 qua
501 2279 785 2349 transfugit
819 2279 883 2332 ad
916 2296 1019 2345 me,
1056 2294 1225 2347 usque
1250 2276 1313 2330 ad
1369 2277 1511 2331 diem
1562 2276 1701 2330 hanc
1731 2278 1754 2331 τ

199 2373 247 2443 [T
276 2371 523 2443 LXXIX]
556 2372 678 2425 Irati
708 2382 831 2426 suttl
854 2380 1031 2426 autem
1058 2372 1315 2424 adversus
1338 2386 1457 2423 eum
1484 2369 1757 2439 principes

198 2461 483 2529 ΡΙιὶΙιειιιιιιι,
520 2473 576 2517 et
606 2464 859 2517 dixerunt
889 2463 935 2518 ei
966 2480 979 2518 :
1013 2462 1335 2517 Revertatur
1366 2460 1465 2525 vir,
1488 2470 1541 2514 et
1572 2461 1753 2514 sedeat

198 2558 354 2612 inloco
378 2573 499 2623 suo,
530 2558 580 2610 itt
613 2573 719 2627 quo
749 2556 1076 2610 constituisti
1107 2570 1229 2610 eum
1251 2596 1263 2618 ,
1296 2563 1351 2609 et
1384 2569 1485 2609 uoa
1525 2554 1753 2607 descen-

195 2648 266 2702 dat
292 2650 562 2704 nobisemn
590 2650 644 2703 in
672 2648 943 2718 praelium,
972 2663 1038 2701 ne
1072 2648 1159 2700 ﬁat
1184 2646 1339 2699 nobis
1368 2646 1711 2699 adversarius
1739 2686 1755 2712 ,

195 2760 289 2797 cum
319 2744 547 2815 prmliari
574 2744 905 2812 emperimus
932 2760 945 2796 :
982 2742 1257 2813 quomodo
1278 2741 1419 2795 enim
1458 2742 1614 2795 aliter
1645 2741 1760 2811 pla-

193 2851 291 2890 care
315 2838 509 2903 poteris
538 2835 820 2890 dominum
856 2847 1035 2896 suum,
1069 2832 1170 2887 nisi
1231 2834 1283 2886 in
1330 2833 1599 2903 capitibus
1657 2848 1755 2885 no-

192 2928 333 2983 stris:
362 2928 548 2983 Nonne
580 2928 684 2982 iste
724 2936 807 2981 est
851 2927 1013 2980 Dat-id
1044 2968 1059 2993 ,
1110 2926 1195 2981 cui
1245 2928 1539 2980 cantabant
1589 2934 1614 2963 α
1664 2940 1760 2996 per

191 3019 373 3087 choros,
405 3022 653 3075 dicentes
683 3038 695 3073 :
729 3020 1003 3075 Percussit
1030 3020 1156 3074 Saul
1180 3009 1239 3073 in
1266 3020 1505 3075 millibus
1535 3019 1670 3083 suis,
1704 3028 1758 3075 et

196 3112 329 3166 David
352 3117 401 3167 in
431 3115 625 3168 decem
650 3114 885 3167 millibus
914 3113 1079 3165 suis?
1138 3112 1360 3168 Vocavit
1405 3128 1540 3183 ergo
1593 3113 1757 3167 Acltis

192 3203 413 3271 DIVid,et
443 3208 519 3261 ait
539 3208 590 3262 ei
620 3224 632 3260 '.
666 3206 815 3261 Vivit
852 3205 1132 3272 Dominus,
1161 3208 1281 3277 quia
1310 3216 1492 3261 rectus
1513 3220 1572 3262 es
1602 3217 1681 3273 tu,
1706 3215 1761 3262 et

190 3298 331 3355 bonus
352 3302 401 3355 in
427 3309 728 3371 conspectu
752 3315 911 3365 meo;
936 3310 993 3355 et
1016 3302 1191 3356 exitus
1218 3309 1342 3356 tuus
1363 3341 1378 3366 ,
1411 3308 1467 3357 et
1505 3301 1757 3357 introitus

191 3398 287 3449 tuus
312 3408 513 3449 meeunt
543 3402 629 3449 est
654 3392 705 3449 in
729 3392 925 3447 castris
978 3393 1056 3463 |It.
1088 3392 1222 3449 vivit
1280 3393 1538 3457 Dominus
1558 3435 1573 3460 ,
1632 3393 1757 3463 quia

190 3496 336 3541 rectus
362 3505 417 3543 es
448 3498 529 3554 tu,
554 3498 608 3543 et
636 3487 808 3542 bonus
843 3488 894 3541 in
928 3497 1220 3557 σολλερεειιι
1251 3502 1396 3555 meo,
1430 3488 1607 3547 exitus
1635 3494 1757 3543 tu‘us

190 3587 230 3632 et
254 3578 486 3635 introitus
514 3591 641 3635 tuus
674 3593 880 3634 meeum
912 3579 962 3633 in
986 3576 1207 3646 castris!
1232 3618 1247 3642 ,
1285 3589 1339 3633 et
1370 3593 1475 3645 non
1500 3578 1678 3639 juveni
1705 3580 1756 3634 in

188 3681 227 3725 te
246 3672 518 3743 quidquam
544 3671 782 3736 mali,ex
816 3670 904 3724 die
936 3686 1043 3741 qua
1073 3670 1270 3724 venisti
1302 3668 1367 3724 ad
1414 3684 1536 3738 me,
1588 3686 1756 3741 usque

187 3764 228 3820 itt
251 3767 377 3823 diem
404 3770 589 3823 bane:
636 3767 731 3820 sed
789 3766 1019 3834 satrapis
1050 3781 1154 3818 non
1207 3764 1409 3833 places.
1464 3764 1757 3822 Revertere

186 3874 309 3929 ergo,
335 3873 387 3917 et
404 3862 540 3917 vade
563 3863 615 3916 in
645 3876 795 3931 pace,
829 3869 881 3914 et
912 3875 1017 3914 non
1045 3857 1172 3933 [Μδ.
1232 3857 1758 3928 offendesloii‘endas

187 3957 343 4010 oculos
369 3967 711 4025 satraparum
768 3952 1098 4008 Pliilistlrim.
1151 3953 1401 4022 Dixitque
1473 3950 1638 4005 David
1689 3954 1753 4005 ad

187 4051 353 4106 Aeltist
378 4053 515 4119 Quid
544 4052 690 4106 enim
727 4048 851 4116 feci,
882 4058 936 4103 et
962 4048 1090 4119 quid
1120 4046 1374 4101 invenisti
1410 4046 1460 4100 in
1486 4061 1571 4099 me
1600 4061 1757 4100 servo

188 4152 259 4197 tuo
281 4146 351 4217 [ιι.
382 4145 435 4200 in
462 4160 631 4199 servo
659 4140 793 4212 tuo].
818 4156 848 4195 a
882 4141 967 4195 die
996 4157 1098 4211 qua
1146 4139 1219 4194 fui
1264 4140 1313 4193 in
1342 4147 1633 4208 consrectu
1666 4148 1757 4195 tuo

188 4252 330 4307 usque
352 4239 415 4293 ad
442 4238 589 4293 diem
621 4236 783 4303 hanc,
813 4242 873 4288 ttt
899 4234 927 4275 δ
955 4249 1060 4295 non
1109 4232 1321 4288 veniam
1356 4272 1372 4298 ,
1420 4243 1473 4287 et
1524 4246 1754 4302 pugnem

186 4342 340 4383 cnntra
366 4331 619 4386 inimicos
653 4326 868 4383 Domini
900 4329 1005 4381 mei
1034 4325 1218 4396 regis?
1266 4324 1626 4395 Respondeas
1661 4342 1754 4379 au-

186 4430 270 4475 tem
300 4424 491 4477 Achis:
523 4423 739 4476 loeutus
765 4432 848 4474 est
890 4418 954 4475 ad
988 4419 1153 4473 David
1202 4432 1217 4471 :
1260 4418 1385 4472 Scio
1412 4419 1535 4487 quia
1577 4418 1749 4474 bonus

185 4529 228 4565 cs
250 4526 297 4568 tu
330 4519 377 4569 in
406 4517 578 4571 oculis
612 4516 771 4579 meis,
799 4516 937 4569 sicut
966 4512 1205 4582 Angelus
1234 4511 1327 4566 Dei
1361 4530 1373 4564 :
1425 4511 1517 4566 sed
1549 4512 1745 4581 princi-

184 4612 572 4678 pesPhilistbim
604 4610 857 4665 dixerunt
894 4623 910 4664 :
962 4608 1076 4663 Non
1103 4605 1365 4662 ascendet
1390 4605 1670 4662 nobiscum
1695 4606 1747 4660 in

186 4706 613 4775 pr.elium.|gitur
634 4719 903 4772 consurge
935 4716 1091 4755 mane
1140 4712 1226 4763 ttt,
1274 4708 1327 4753 ct
1350 4699 1491 4753 servi
1540 4696 1749 4751 Domini

185 4799 258 4859 lui.
276 4799 356 4865 qui
386 4806 656 4853 venerunt
688 4808 863 4850 tecum
885 4802 968 4849 :et
989 4808 1108 4847 cum
1132 4793 1197 4845 de
1224 4800 1378 4845 nocte
1404 4789 1750 4844 surrexeritis

184 4894 224 4938 et
240 4892 454 4959 creperi:
484 4890 840 4949 dilucescere.
876 4885 1100 4955 pergite.
1131 4884 1216 4957 ['l‘.
1249 4880 1754 4950 LXXXISurrexit

182 4978 329 5049 itaque
348 4983 414 5035 de
432 4993 578 5035 nocte
596 4982 603 5053 ι
620 4982 675 5034 lt.
704 4997 808 5034 non
835 4978 1016 5048 habet]
1032 4977 1196 5030 David
1224 4977 1339 5043 ipse
1359 4985 1413 5028 et
1440 4976 1519 5027 vir
1539 4976 1677 5042 ejus,
1696 4982 1753 5026 ttt

182 5076 630 5140 proﬁciscerentur
677 5088 835 5127 mane
866 5116 879 5138 ,
930 5079 984 5125 et
1058 5075 1462 5123 reverterentur
1512 5065 1575 5119 ad
1639 5074 1749 5119 ter-

181 5184 271 5221 nm
308 5169 655 5227 Pltilistltitn;
708 5164 1018 5221 Pltilistbim
1056 5171 1235 5221 autem
1284 5160 1648 5217 ascenderunt
1699 5158 1750 5213 in

180 5261 385 5320 teztaei.

237 5433 257 5459 “
285 5425 497 5480 Omittit
522 5426 609 5481 hic
640 5439 854 5496 quoque
883 5422 1180 5479 Veronens.
1203 5436 1304 5476 ms.
1334 5419 1495 5475 verba
1521 5434 1611 5489 per
1632 5417 1753 5472 cho-

178 5530 265 5575 ros.
292 5534 408 5589 qua-
434 5520 489 5573 in
514 5520 737 5573 llebrteo
761 5527 938 5572 tamen
960 5525 1087 5572 sunt
1114 5500 1358 5581 mima.

238 5611 259 5647 δ
288 5612 502 5668 Excidit
530 5611 752 5682 negandi
805 5612 1067 5679 particula
1098 5627 1128 5668 a
1161 5610 1457 5668 Veronens.
1503 5624 1605 5666 ms.
1639 5620 1759 5680 qua:

180 5709 339 5760 tamen
371 5708 421 5763 in
452 5704 677 5763 ltebrteo
702 5712 786 5764 elt
807 5710 900 5772 κ’).

3346 215 3452 295 ut

1923 327 2074 402 [ϐαρ.
2094 322 2292 399 XXX]
2315 324 2558 401 Cumque
2571 325 3029 389 venissentDavid
3047 339 3100 389 et
3128 330 3225 389 viri
3253 332 3371 403 ejus
3395 333 3453 392 in

1856 418 2167 489 Sicelegdie
2192 422 2370 487 tertia,
2405 422 2717 477 Amaleeltm
2742 426 3000 494 impetum
3038 436 3059 463 ο
3091 424 3333 480 fecerant
3383 441 3452 482 ex

1859 523 2010 582 parte
2036 516 2256 569 australi
2284 516 2334 569 in
2357 515 2570 587 Sit-eleg
2597 516 2673 589 [b.
2701 517 2751 572 iu
2774 519 3372 589 partemaustralem,et
3398 519 3451 574 in

1858 606 2094 677 Sieeleg]
2115 651 2127 671 ,
2142 616 2197 662 et
2212 611 2826 680 percusserautSiceleg,
2844 620 2899 667 et
2914 612 3308 668 succenderant
3331 627 3449 667 eam

1859 700 1990 770 igni.
2022 700 2079 755 Ei
2104 704 2345 770 εειριινιδ
2366 702 2636 756 duxerunt
2659 705 2918 759 mulieres
2940 722 3005 759 ex
3040 721 3135 775 ea,
3166 721 3195 760 a
3228 706 3456 760 minimo

1859 806 2030 861 usque
2061 791 2126 844 ad
2155 807 2407 857 magnum
2440 810 2453 849 :
2479 802 2533 847 et
2562 808 2667 848 non
2696 787 3081 850 intetfi-cet’a'nt
3103 813 3456 868 quemquam,

1856 885 1952 939 sed
1983 900 2165 941 secum
2200 886 2487 955 duxerant,
2521 896 2573 940 et
2606 888 2903 957 pergebant
2940 890 3132 945 iti:.ere
3164 905 3287 945 suo.
3317 889 3453 945 Cum

1856 993 1986 1047 ergo
2021 980 2254 1033 venisset
2289 977 2455 1033 David
2486 992 2537 1033 et
2566 979 2667 1035 viri
2698 982 2814 1050 ejus
2852 985 2919 1036 ad
2955 984 3226 1039 civitatem
3251 1027 3265 1050 ,
3297 996 3345 1038 et
3376 984 3461 1038 itt-

1855 1073 2137 1127 venissent
2161 1088 2278 1128 eam
2303 1090 2620 1129 succensatn
2653 1077 2783 1146 igni,
2814 1086 2868 1133 et
2890 1093 3094 1133 tuures
3122 1094 3265 1143 suas,
3302 1087 3358 1133 et
3400 1077 3462 1131 tl-

1857 1162 1955 1217 Iios
1988 1179 2136 1230 suos,
2167 1174 2221 1220 et
2256 1167 2391 1221 iiIi-ts
2422 1168 2611 1221 ductas
2638 1184 2759 1223 esse
2790 1170 3033 1240 Captivas
3068 1212 3081 1233 ,
3141 1170 3459 1225 levaverunt

1863 1256 2030 1310 David
2054 1265 2110 1312 et
2137 1258 2366 1328 populus
2389 1259 2477 1331 qui
2513 1271 2631 1315 erat
2681 1276 2799 1316 cum
2823 1278 2890 1317 eo
2918 1304 2932 1329 ,
2988 1278 3151 1318 vocrs
3199 1277 3324 1317 suas
3354 1304 3367 1327 ,
3412 1271 3465 1317 et

1860 1350 2210 1428 planxerunt,
2242 1351 2414 1408 donec
2445 1353 2742 1408 deﬁcerent
2775 1357 2825 1409 in
2858 1357 2937 1410 eis
2979 1357 3250 1428 laeryma‘.
3282 1354 3466 1428 Siqui-

1855 1426 2065 1497 dem'et
2093 1442 2212 1497 duae
2255 1459 2451 1500 uxores
2503 1444 2675 1500 David
2731 1448 2960 1515 captiva:
2998 1426 3171 1503 dttetm
3202 1426 3414 1503 inerant
3444 1491 3458 1515 ,

1855 1532 2122 1590 Altinoem
2146 1536 2480 1603 Jeztealites,
2512 1548 2563 1593 et
2586 1537 2795 1609 Abigail
2827 1556 2964 1595 uxor
2994 1540 3161 1597 Nabal
3182 1541 3457 1597 Cbartncl.

1859 1625 1923 1679 Et
1951 1635 2301 1681 contristatus
2327 1636 2413 1683 est
2444 1629 2604 1681 David
2634 1630 2791 1685 valde
2826 1648 2837 1682 :
2874 1631 3085 1686 volebat
3140 1633 3283 1686 enim
3335 1648 3457 1687 eum

1857 1719 2085 1787 populus
2110 1718 2366 1789 lapidare,
2401 1721 2523 1790 quia
2552 1738 2733 1776 amara
2764 1732 2879 1778 erat
2916 1725 3089 1779 anima
3112 1725 3459 1794 uniuscujus-

1855 1824 1959 1876 que
2010 1808 2110 1862 viti
2142 1824 2307 1879 super
2339 1810 2465 1866 ﬁliis
2501 1815 2613 1866 suis
2642 1824 2695 1869 et
2728 1815 2943 1870 ﬁliabus
2974 1835 2985 1870 :
3016 1818 3351 1871 eunl'ortattts
3379 1826 3462 1871 est

1858 1912 2037 1955 autem
2072 1900 2239 1957 David
2275 1906 2326 1958 in
2360 1903 2587 1959 Domino
2616 1906 2725 1961 Deo
2755 1922 2875 1961 suo.
2913 1907 2981 1961 Et
3009 1909 3080 1962 ait
3105 1907 3171 1962 ad
3204 1907 3464 1963 Abiatltar

1856 1992 2191 2047 sacerdotem
2226 1993 2395 2049 {ilium
2426 1995 2744 2052 Abimeleelt
2768 2014 2785 2051 :
2805 1999 3028 2069 Applit-a
3053 2000 3117 2053 ad
3148 2015 3233 2055 me
3256 1998 3459 2069 epbod.

1859 2082 1928 2137 Et
1954 2084 2243 2153 applieavit
2272 2086 2399 2158 ldis.
2436 2088 2735 2160 .applieuit]
2763 2091 3025 2145 Abiathar
3055 2091 3231 2161 epltod
3262 2094 3327 2146 ad
3362 2092 3465 2147 Da-

1858 2174 1981 2238 vid,
2021 2182 2075 2229 et
2121 2178 2392 2232 consuluit
2440 2180 2603 2234 David
2656 2180 2942 2236 Dominum
2972 2225 2986 2248 ,
3044 2183 3279 2237 dicens:
3337 2183 3466 2239 Per-

1855 2282 2055 2339 sequar
2084 2270 2417 2327 latrunculos
2458 2273 2579 2338 bos,
2623 2283 2679 2329 et
2713 2276 3177 2344 comprehendam
3224 2293 3343 2346 eos,
3388 2294 3459 2332 an

1860 2366 2006 2416 non?
2029 2361 2104 2433 [Ιι.
2132 2379 2238 2418 non
2260 2365 2441 2429 habet,
2470 2382 2537 2421 an
2562 2382 2669 2420 non
2687 2367 2730 2437 η
2764 2367 3015 2435 Dixitque
3037 2369 3085 2423 ei
3113 2366 3139 2405 ά
3163 2370 3455 2425 Dominus:

1862 2455 2196 2527 Persequere
2223 2474 2234 2509 :
2271 2457 2479 2529 absque
2511 2459 2679 2513 dubio
2701 2461 2847 2514 enim
2876 2460 3310 2528 comprehendes
3341 2477 3458 2528 eos,

1860 2560 1914 2603 et
1945 2553 2193 2605 excuties
2220 2550 2482 2621 praedam.
2531 2550 2617 2624 [Τ.
2652 2552 2915 2623 ΙιΧΧΧΜ
2957 2553 3104 2609 Abiit
3130 2570 3262 2625 ergo
3295 2553 3461 2611 David

1862 2652 2001 2723 ipse,
2037 2662 2091 2705 et
2127 2651 2367 2707 sexcenti
2400 2652 2502 2706 viri
2526 2654 2615 2723 qui
2648 2662 2951 2708 erantcum
2981 2669 3069 2719 eo,
3102 2663 3156 2709 et
3196 2664 3463 2709 venerunt

1862 2760 2035 2815 usque
2066 2744 2132 2799 ad
2176 2754 2475 2800 torrentem
2506 2745 2675 2801 Besor
2704 2745 2828 2816 [Με.
2864 2744 3084 2817 Besor]:
3109 2756 3164 2801 et
3191 2747 3315 2801 lassi
3340 2748 3463 2816 qui-

1862 2836 1987 2889 dam
2046 2836 2403 2891 substiterunt
2452 2836 2530 2909 [Ιι.
2584 2837 2777 2907 reliqui
2828 2853 3023 2892 vero...
3056 2838 3466 2911 substiterunt].

1863 2928 2191 2983 Perseeutus
2240 2939 2325 2983 est
2374 2940 2553 2983 autem
2589 2930 2755 2984 David
2801 2930 2938 3001 ipse,
2986 2944 3042 2987 et
3083 2932 3462 3003 quadringenti

1866 3018 1963 3074 viri
1997 3039 2008 3072 :
2062 3021 2422 3075 subSIiterant
2466 3022 2612 3077 enim
2646 3021 2891 3087 ducenti,
2931 3024 3019 3088 qui
3055 3023 3183 3077 lassi
3229 3028 3462 3079 transire

1865 3130 1972 3169 non
2016 3122 2267 3183 poterant
2313 3124 2608 3170 torrentem
2645 3115 2811 3171 Besor
2842 3117 2919 3188 [b.
2962 3118 3053 3187 qui
3082 3120 3217 3188 jussi
3249 3118 3465 3177 fuerant

1865 3222 1932 3261 ne
1965 3205 2257 3261 transirent
2280 3216 2573 3263 torrentem
2602 3209 2813 3280 Besor].
2850 3212 2912 3264 Et
2945 3212 3461 3281 inveneruntvirum

1862 3300 2175 3371 Egyptiutn
2214 3298 2268 3354 in
2311 3315 2459 3369 agro,
2493 3309 2548 3354 et
2585 3300 2936 3357 adduxerunt
2972 3318 3096 3358 eam
3135 3304 3200 3359 ad
3248 3304 3456 3360 David:

1862 3393 2237 3463 dederuntque
2282 3394 2331 3449 ei
2383 3409 2573 3463 panem
2635 3404 2691 3447 ιιι
2736 3394 3079 3461 comederet,
3133 3406 3192 3453 et
3249 3397 3460 3455 biberet

1862 3500 2079 3557 aquam,
2126 3486 2219 3539 sed
2253 3496 2308 3539 et
2354 3484 2597 3556 fragmen
2631 3502 2824 3543 massm
2852 3489 3177 3555 cariearum,
3225 3500 3281 3547 et
3327 3491 3462 3549 duas

1863 3579 2123 3649 ligaturas
2152 3578 2230 3651 [Ιι.
2263 3577 2399 3634 duas
2432 3580 2642 3652 passas]
2675 3597 2791 3635 uvm
2824 3597 3017 3653 passm.
3048 3584 3180 3651 Quae
3210 3600 3332 3640 eum
3364 3601 3462 3642 co-

1862 3672 2148 3737 medisset,
2192 3686 2443 3727 reversus
2479 3682 2562 3727 est
2598 3674 2825 3739 spiritus
2864 3673 3004 3745 ejus,
3039 3685 3091 3731 et
3124 3676 3462 3733 rel'oeillatus

1861 3776 1977 3823 est:
2021 3783 2127 3822 non
2173 3767 2319 3821 enim
2382 3767 2703 3823 comederat
2746 3784 2978 3839 panem,
3029 3785 3205 3839 neqtte
3253 3771 3465 3827 biberat

1860 3875 2077 3931 aquam,
2112 3858 2285 3915 tribus
2307 3859 2496 3914 diebus
2522 3869 2575 3915 et
2609 3859 2783 3916 tribus
2810 3861 3082 3917 noctibus.
3111 3862 3255 3918 Dixit
3284 3863 3463 3934 itaque

1860 3955 1909 4008 ei
1948 3954 2112 4007 David
2144 3969 2159 4007 :
2204 3953 2370 4022 Cujus
2399 3967 2459 4008 es
2493 3952 2593 4007 tu?
2633 3954 2714 4007 vel
2754 3954 2935 4009 unde?
2967 3970 3075 4025 quo
3122 3957 3348 4025 pergis?
3380 3955 3462 4029 [lt.

1860 4060 1969 4100 tton
1996 4037 2184 4112 habet,
2211 4060 2319 4117 quo
2351 4044 2584 4118 pergis?]
2608 4046 2709 4117 Qui
2733 4047 2806 4101 ait
2832 4066 2845 4104 :
2876 4046 3015 4104 Puer
3052 4048 3342 4121 Egyptius
3364 4065 3465 4121 ego

1859 4151 1977 4191 sum
2008 4151 2198 4192 servus
2228 4137 2329 4192 viri
2353 4136 2703 4193 Amaleeitaa:
2726 4137 3019 4209 dereliquit
3042 4152 3223 4195 autem
3250 4156 3335 4195 me
3363 4141 3462 4195 do-

1860 4229 2040 4285 minus
2080 4243 2256 4299 meus,
2289 4230 2413 4298 quia
2454 4239 2721 4300 aegrotare
2749 4232 2888 4299 ccepi
2922 4232 3343 4291 nudiustertius.
3377 4232 3465 4286 Si-

1858 4320 2079 4389 quidem
2122 4336 2222 4375 nos
2249 4322 2528 4389 erttpimtts
2571 4322 2638 4375 ad
2676 4308 2974 4377 australem
3020 4333 3227 4391 partem
3271 4321 3285 4392 [
3306 4321 3458 4395 Vulg.

1859 4412 2093 4483 plagam]
2122 4411 2406 4477 Cberetlti,
2441 4422 2497 4467 et
2521 4424 2714 4469 contra
2743 4412 2963 4477 ludam,
2995 4425 3045 4467 et
3075 4414 3141 4467 ad
3176 4413 3460 4468 meridiem

1856 4507 2083 4571 Cbaleb,
2111 4519 2161 4561 et
2195 4506 2409 4577 Siceleg
2438 4505 2816 4562 succendimus
2845 4506 2976 4576 igni.
3010 4506 3263 4575 Dixitque
3283 4507 3331 4559 ei
3360 4504 3461 4561 Da-

1856 4600 1943 4655 vid
1973 4616 1988 4653 :
2028 4598 2193 4653 Potes
2239 4614 2325 4654 me
2352 4598 2553 4652 dueere
2582 4598 2649 4651 ad
2680 4598 2843 4651 istum
2891 4598 3163 4652 cuneum?
3191 4596 3296 4663 Qui
3341 4602 3419 4653 ait
3448 4616 3459 4651 :

1857 4690 1986 4744 Jura
2036 4690 2167 4745 mihi
2203 4705 2299 4759 per
2329 4690 2518 4753 Deum,
2564 4690 2708 4759 quod
2742 4705 2847 4743 non
2880 4689 3099 4745 occidas
3127 4704 3234 4751 me,
3266 4701 3319 4744 et
3352 4705 3459 4744 non

1861 4782 2042 4837 tradas
2075 4797 2159 4837 me
2191 4782 2242 4835 in
2292 4795 2507 4835 manum
2541 4780 2748 4836 domini
2798 4780 2925 4846 mei,
2965 4792 3018 4835 et
3060 4781 3253 4836 ducam
3304 4791 3356 4837 te
3394 4783 3459 4837 ad

1859 4892 2089 4932 cuneum
2139 4877 2301 4932 istum
2350 4884 2396 4928 ε.
2431 4876 2532 4944 Qui
2579 4891 2701 4930 eum
2742 4875 2996 4931 duxisset
3034 4892 3182 4945 eum,
3217 4894 3346 4932 cere
3392 4878 3465 4943 illi

1859 4966 2273 5023 discumbebant
2314 4982 2478 5037 super
2525 4967 2715 5021 faciem
2750 4969 3023 5022 universa:
3051 4979 3235 5033 terrm,
3278 4984 3465 5026 come-

1859 5061 2049 5117 dentes
2079 5068 2134 5115 et
2160 5058 2430 5124 bibentes,
2465 5069 2517 5114 et
2548 5061 2702 5130 quasi
2730 5059 2923 5113 festum
2954 5060 3299 5115 celebrantes
3320 5062 3463 5117 diem

1862 5154 1939 5226 [ιι.
1993 5170 2096 5209 non
2132 5152 2317 5217 habet,
2354 5150 2545 5223 diem],
2581 5168 2677 5221 pro
2718 5164 2914 5207 cuneta
2951 5152 3154 5222 praeda,
3183 5164 3237 5209 et
3277 5154 3469 5225 spoliis

1861 5262 1986 5319 qua:
2015 5257 2277 5318 ceperant
2306 5244 2376 5301 de
2404 5256 2546 5302 terra
2577 5244 2912 5311 i’ltilistltim,
2939 5255 2993 5302 et
3032 5246 3102 5303 de
3134 5259 3278 5303 terra
3306 5248 3463 5304 Juda.

1944 5419 1966 5444 ι’
1991 5406 2086 5463 Ms.
2125 5404 2421 5459 Vel-oneras.
2461 5403 2711 5474 fecerunt,
2759 5413 2812 5457 et
2840 5415 3234 5475 consequenter
3257 5423 3467 5477 perem-

1865 5494 2063 5540 serum,
2098 5478 2491 5539 sttrcendertmt,
2524 5478 2803 5528 duxtrunt.

1938 5549 1965 5588 τι
1992 5549 2198 5605 Nomen
2244 5547 2520 5619 Dominus,
2561 5562 2736 5615 neque
2778 5561 2880 5604 ms.
2936 5548 3235 5607 Veronens.
3292 5561 3465 5619 neque

1866 5624 1986 5699 ipse
2008 5620 2179 5699 Hebr.
2215 5628 2391 5699 testes
2420 5617 2507 5699 Itic
2539 5620 2719 5699 habet.

1943 5704 1967 5741 ο
1992 5692 2211 5755 Addunt
2241 5689 2476 5765 Vttigati,
2509 5699 2555 5746 et
2585 5690 2772 5763 iuravit
2798 5690 2848 5748 ei
2875 5688 3067 5753 David.
