3964 6344
515 242 622 306 6ιὸ

518 463 746 518 alterius
764 463 892 527 diei.
920 475 975 519 et
999 482 1105 521 non
1130 465 1301 518 evasit
1330 480 1395 520 ex
1419 466 1499 520 eis
1516 464 1825 536 quisquam,
1856 467 1958 520 nisi
1987 482 2143 535 qnar

523 552 793 626 driugenti
826 556 924 611 viri
945 556 1341 618 adolescentes,
1371 560 1458 627 qui
1478 559 1837 613 ascenderant
1857 559 2115 624 camelos,

522 658 578 704 et
623 649 894 720 fugerant.
941 652 1093 706 Eruit
1123 667 1252 721 ergo
1286 650 1452 706 David
1496 654 1675 707 omnia
1718 667 1839 723 qua:
1887 654 2122 710 tulerant

522 743 858 809 Amalecitte,
903 754 958 800 et
997 744 1130 800 duas
1168 758 1375 799 uxores
1415 758 1542 800 suas
1587 744 1750 800 eruit.
1791 744 1903 801 Nec
1950 745 2121 802 defuit

520 836 810 907 quidquam
834 835 959 908 [.lls.
978 834 1284 907 quisquam]
1304 851 1332 888 a
1359 852 1528 907 parvo
1551 852 1722 907 usque
1749 837 1813 893 ad
1840 853 2116 909 magnum,

520 938 629 983 tam
659 928 726 984 de
754 928 878 984 ﬁliis
899 944 1058 997 quam
1090 928 1159 983 de
1190 928 1424 996 ﬁliabus,
1457 938 1511 985 et
1531 930 1599 985 de
1625 931 1850 1000 spoliis;
1898 943 1948 987 et
1971 946 2122 1004 qure-

517 1038 749 1093 cumque
795 1031 1110 1091 rapuerant,
1160 1023 1341 1077 omnia
1391 1021 1611 1079 reduxit
1659 1023 1846 1078 David.
1883 1024 1951 1078 Et
1998 1025 2121 1080 tulit

517 1115 802 1170 universos
830 1129 1021 1185 greges
1048 1124 1104 1168 et
1134 1123 1403 1179 armenta,
1438 1125 1492 1171 et
1511 1116 1737 1172 minavit
1768 1127 1896 1173 ante
1924 1115 2118 1173 faciem

517 1219 709 1260 suam:
750 1204 1149 1276 dixeruntque:
1185 1205 1310 1261 Hinc
1355 1218 1439 1261 est
1490 1209 1670 1277 prteda
1723 1208 1912 1264 David.
1963 1209 2121 1264 Venit

522 1307 702 1354 autem
748 1297 915 1369 David
946 1297 1014 1353 ad
1039 1298 1303 1354 ducentos
1325 1299 1495 1367 viros,
1527 1308 1552 1337 α
1583 1301 1674 1370 qui
1709 1301 1834 1356 lassi
1860 1302 2122 1359 substite-

516 1399 660 1458 rant,
720 1406 822 1447 nee
865 1392 1017 1463 sequi
1063 1400 1352 1460 potuerant
1392 1392 1577 1459 David,
1628 1402 1685 1448 et
1733 1394 1975 1451 residere
2023 1411 2119 1450 eos

510 1482 858 1557 jttsserat[h.
902 1486 990 1555 qui
1018 1483 1157 1552 ,iussi
1184 1483 1403 1541 fuerant
1431 1501 1500 1541 ne
1532 1496 1822 1558 pergerent
1849 1502 1971 1543 eum
2012 1474 2119 1544 Da-

514 1578 642 1633 vid:
683 1588 739 1633 et
774 1578 1017 1634 residere
1056 1593 1150 1634 eos
1189 1576 1487 1650 jusserant]
1536 1580 1589 1633 in
1630 1588 1872 1637 torrente
1912 1580 2115 1637 Besor:

514 1670 607 1741 qui
636 1669 845 1740 egressi
886 1681 1010 1726 sunt
1047 1669 1260 1725 obviam
1293 1669 1462 1726 David
1501 1681 1557 1726 et
1595 1672 1820 1743 populo,
1862 1675 1955 1744 qui
1996 1683 2118 1730 erat

1518 251 1579 310 S.
1620 248 2004 312 IIIERONYMI
2045 250 2282 314 DIVINA
2321 253 2801 318 BIBLIOTIIECA.

519 369 583 426 Et
611 369 877 440 percussit
902 385 996 428 eos
1029 368 1198 429 David
1226 386 1255 427 a
1280 384 1508 441 vespere
1539 387 1711 443 usque
1740 372 1806 428 ad
1835 387 2120 444 vesperam
2152 378 2195 436 Α

3676 271 3765 335 616

2299 375 2451 449 [ϐαρ.
2481 376 2700 451 ΧΧΧΙ.]
2730 376 3037 434 Philisthim
3079 388 3259 437 autem
3288 381 3579 454 pugnabant
3603 389 3770 449 adver-

2222 483 2343 523 sum
2365 468 2563 525 Israel:
2589 480 2638 523 et
2662 469 2915 541 fugerunt
2946 472 3045 528 viri
3078 472 3243 529 Israel
3273 484 3395 530 ante
3424 477 3600 535 faciem
3630 482 3769 539 I‘bili-

2220 562 2384 618 sthim
2400 607 2413 629 ,
2431 575 2482 618 et
2499 565 2806 621 ceciderunt
2837 567 3110 625 interfecti
3131 568 3208 641 [|t.
3224 571 3506 646 vulnerati]
3532 577 3578 629 in
3610 590 3769 636 monte

2220 653 2443 710 Gelboe.
2485 655 2868 729 lrrueruntque
2900 659 3208 715 Philisthim
3241 661 3292 716 in
3319 660 3465 731 Saul,
3494 676 3543 720 et
3570 666 3618 722 iu
3649 668 3769 726 filios

2219 746 2414 815 ejus,et
2434 760 2821 818 percusserunt
2837 750 2986 806 Jonaz
3000 751 3190 819 han,et
3210 755 3563 826 Abinadab,et
3577 760 3773 818 Melchi-

2220 856 2341 907 sue,
2360 842 2497 898 ﬁlios
2512 842 2662 899 Saul.
2679 844 2761 917 ['I‘.
2786 845 3023 903 LXXXII
3035 847 3073 918 .]
3092 848 3393 921 Totamque
3407 852 3603 922 pondus
3625 857 3770 925 praelii

2221 949 2440 991 versum
2459 946 2543 992 est
2565 938 2618 992 in
2640 936 2769 994 Saul
2788 939 2867 1011 [ιι.
2890 953 3240 1012 aggravatum
3264 953 3347 1000 est
3371 944 3526 1002 etiam
3554 950 3771 1018 pra-lium

2219 1026 2273 1082 in
2307 1027 2503 1100 Saul]:
2555 1038 2611 1085 et
2640 1032 2922 1087 consecuti
2966 1041 3094 1088 sunt
3132 1050 3253 1089 eum
3286 1038 3383 1092 viri
3427 1040 3692 1110 sagittarii,
3727 1054 3775 1101 et

2218 1120 2535 1178 vulneratus
2580 1132 2667 1179 est
2708 1124 3065 1183 vehementer
3114 1144 3144 1183 a
3199 1128 3507 1200 sagittariis.
3553 1133 3776 1207 Dixitque

2222 1213 2353 1271 Saul
2388 1215 2453 1270 ad
2491 1217 2822 1287 armigerum
2858 1233 3015 1275 suum
3045 1236 3060 1274 :
3094 1220 3333 1293 Evagina
3362 1223 3584 1293 gladium
3625 1237 3771 1297 tuum,

2218 1318 2273 1362 et
2304 1320 2528 1378 percute
2555 1324 2677 1365 me:
2723 1326 2792 1367 ne
2823 1309 2969 1368 forte
2997 1313 3217 1369 veniant
3253 1316 3608 1373 iucircumcisi
3637 1320 3713 1375 isti
3735 1329 3782 1376 et

2219 1402 2550 1458 interﬁciant
2591 1419 2710 1473 me,
2745 1405 3039 1462 illudentes
3084 1408 3241 1462 ntihi.
3274 1408 3341 1464 Et
3384 1410 3552 1466 noluit
3574 1413 3779 1484 armiger

2218 1494 2360 1565 ejus,
2392 1493 2568 1553 fuerat
2604 1498 2749 1553 enim
2782 1499 2950 1555 nimio
2979 1500 3175 1558 timore
3202 1504 3536 1572 perterritus.
3565 1504 3780 1577 Arripuit

2217 1589 2402 1662 itaque
2430 1591 2563 1648 Saul
2587 1593 2848 1663 gladium,
2879 1605 2933 1652 et
2955 1596 3113 1652 irruit
3141 1613 3310 1669 super
3333 1615 3475 1656 eum.
3505 1600 3648 1670 Quod
3675 1617 3778 1658 cum

2219 1682 2447 1739 vidisset
2492 1688 2732 1758 armiger
2760 1690 2902 1757 ejus,
2939 1688 3195 1746 videlicet
3220 1690 3367 1762 quod
3399 1703 3636 1749 mortuus
3658 1704 3782 1751 esset

514 1781 637 1821 cum
682 1779 768 1820 eo.
820 1764 1101 1819 Accedens
1140 1774 1320 1820 autem
1357 1765 1529 1821 DaVid
1567 1767 1633 1821 ad
1664 1765 1946 1837 ροριιιιιιιι,
1978 1766 2118 1821 salu—
2150 1771 2196 1832 B
2222 1774 2373 1847 Saul,
2405 1777 2560 1834 irruit
2584 1781 2750 1835 etiam
2780 1781 2897 1847 ipse
2917 1797 3085 1853 super
3108 1782 3351 1853 gladium
3371 1800 3548 1852 suum,
3576 1793 3627 1842 et
3653 1802 3781 1843 mor-

516 1857 649 1912 tavit
666 1871 763 1912 eos
786 1856 1035 1927 paciﬁce.
1061 1855 1525 1929 liespondensque
1545 1859 1727 1913 omnis
1752 1857 1835 1913 vir
1851 1859 2117 1928 pessimus

513 1962 568 2007 et
597 1951 834 2019 iniquus,
857 1950 925 2006 de
949 1951 1077 2004 vit-is
1101 1952 1189 2021 qzti
1218 1950 1401 2006 ierant
1426 1966 1550 2007 eum
1574 1950 1767 2021 David,
1795 1951 1960 2007 dixit:
1980 1951 2115 2021 Quia

514 2057 623 2098 non
653 2032 921 2097 venerunt
949 2043 1259 2111 nobiscum,
1297 2059 1403 2098 non
1436 2044 1685 2099 dabimus
1711 2045 1794 2100 eis
1820 2045 2114 2117 quidquam

515 2136 584 2193 de
629 2138 830 2206 praeda,
871 2152 1034 2208 quam
1066 2138 1351 2193 eruimus:
1405 2137 1499 2193 sed
1550 2137 1785 2194 sufﬁciat
1827 2137 2117 2209 unicuique

511 2246 655 2285 uxor
684 2246 779 2286 sua
823 2241 878 2286 et
924 2231 1059 2286 filii:
1093 2247 1231 2300 quos
1277 2247 1402 2288 cum
1451 2233 1789 2303 acceperint,
1831 2231 2113 2289 recedant.

512 2311 660 2380 Dixit
685 2334 867 2381 autem
897 2324 1104 2381 David:
1134 2314 1249 2380 Non
1283 2326 1363 2381 sic
1398 2324 1636 2392 facietis,
1667 2325 1860 2381 fratres
1888 2325 2015 2395 mei,
2044 2326 2114 2383 de

513 2414 599 2472 liis
643 2432 764 2487 qua:
799 2416 1019 2471 tradidit
1052 2416 1311 2471 Dominus
1335 2416 1515 2482 nobis,
1545 2425 1600 2473 et
1629 2417 1868 2473 custodit
1908 2432 2029 2483 nos,
2058 2428 2114 2474 et

512 2508 662 2563 dedit
698 2508 1060 2574 latrunculos,
1113 2509 1201 2579 qui
1234 2520 1532 2579 eruperant
1575 2509 1864 2565 adversum
1909 2525 2009 2566 nos
2058 2510 2110 2566 in

514 2619 706 2659 manus
738 2608 989 2659 nostras:
1019 2617 1119 2657 nec
1149 2602 1334 2657 audiet
1356 2617 1456 2658 vos
1483 2602 1769 2672 quisquam
1810 2617 1973 2672 super
1997 2617 2112 2658 ser-

513 2710 677 2752 mone
719 2694 841 2751 hoc.
877 2693 1053 2766 Aﬁqua
1101 2695 1246 2749 enim
1292 2710 1417 2764 pars
1474 2695 1579 2750 erit
1631 2694 2015 2750 descendentis
2042 2695 2109 2750 ad

511 2790 784 2860 pratlium,
816 2801 868 2845 et
900 2788 1234 2844 remanentis
1262 2788 1329 2843 ad
1364 2788 1632 2858 sarcinas,
1663 2800 1717 2843 et
1749 2790 1997 2845 similiter
2023 2789 2109 2845 di-

511 2880 697 2936 vident
737 2879 815 2949 Ih.
844 2879 1007 2934 simul
1034 2878 1320 2951 divident].
1363 2880 1428 2934 Iit
1456 2879 1655 2935 factum
1688 2890 1773 2936 est
1805 2880 1905 2936 hoc
1929 2897 1995 2936 cx
2022 2882 2111 2938 die

508 2975 620 3037 illa,
654 2981 711 3027 et
734 2971 992 3044 deinceps
1021 2973 1380 3027 constitutum
1407 2981 1461 3026 et
1488 2973 1836 3043 praefinitum,
1864 2985 1917 3029 et
1956 2977 2108 3044 quasi

511 3066 601 3121 lex
638 3066 691 3121 in
723 3065 886 3122 Israel
920 3080 1092 3133 usque
1121 3066 1173 3121 in
1203 3066 1348 3120 diem
1376 3065 1537 3121 hanc.
1573 3065 1733 3122 Vertit
1763 3082 1892 3138 ergo
1942 3068 2107 3122 David

507 3160 559 3216 in
597 3160 831 3232 Siceleg,
882 3170 931 3216 et
981 3160 1127 3215 misit
1155 3160 1297 3215 dona
1340 3159 1418 3232 [lt.
1463 3177 1574 3218 non
1623 3161 1808 3229 habet,
1848 3163 2010 3235 dona]
2042 3163 2111 3219 de
2138 3165 2182 3228 C
2217 3195 2231 3235 ε

508 3251 692 3322 pra-da
711 3251 1016 3309 senioribus
1040 3250 1068 3307 ,ι
1077 3252 1177 3307 uda
1205 3252 1466 3323 proximis
1486 3253 1600 3309 suis
1621 3254 1837 3311 dicens:
1862 3254 2107 3326 Accipite

501 3345 938 3402 benedictionem
983 3342 1062 3417 [lt.
1114 3344 1254 3401 Ecce
1282 3345 1434 3400 vobis
1461 3346 1794 3419 benedictio]
1825 3348 1891 3402 de
1924 3332 2104 3419 prtcda

505 3438 743 3495 hostium
775 3438 984 3494 Domini
1012 3454 1026 3493 :
1060 3438 1155 3492 liis
1183 3439 1273 3508 qui
1307 3448 1463 3494 erant
1490 3441 1540 3494 in
1571 3440 1817 3506 Belli-El,
1847 3450 1901 3497 et
1929 3443 2019 3513 qui
2049 3444 2100 3497 in

504 3531 736 3588 Rtmoth
784 3530 911 3604 [51s.
944 3530 1198 3602 Ratuath]
1238 3531 1304 3586 ad
1347 3530 1649 3599 meridiem,
1700 3543 1755 3587 et
1797 3534 1886 3601 qui
1928 3533 1980 3588 itt
2011 3534 2103 3591 Je-

505 3623 647 3689 ther,
678 3631 733 3678 et
758 3625 847 3693 qui
872 3622 926 3678 itt
956 3626 1149 3691 Aroer,
1175 3633 1231 3678 et
1255 3623 1349 3692 qui
1379 3610 1819 3694 in'Sephameth.
1854 3634 1909 3680 et
1929 3626 2018 3697 qui
2045 3628 2099 3683 in

503 3714 781 3779 ESthama,
816 3726 868 3771 et
899 3704 990 3787 qui
1038 3714 1093 3771 iu
1126 3716 1349 3785 Rachal,
1381 3730 1435 3771 et
1462 3718 1551 3789 qui
1584 3719 1634 3773 in
1681 3719 1901 3775 urbibus
1944 3720 2098 3777 Jera-

503 3810 653 3879 meli,
686 3820 740 3866 et
778 3808 871 3881 qui
903 3811 955 3865 in
974 3800 1209 3865 urbibus
1256 3807 1411 3877 Ceui,
1445 3822 1499 3866 et
1526 3812 1614 3881 qui
1658 3810 1712 3867 in
1744 3814 1937 3868 Aratna
1969 3812 2095 3886 [Με.

500 3902 715 3975 Rama],
745 3912 799 3958 et
822 3904 911 3974 qui
945 3901 999 3957 in
1033 3903 1150 3957 lacu
1178 3906 1345 3968 Asan,
1375 3913 1429 3959 et
1456 3907 1543 3973 qui
1573 3903 1628 3960 in
1657 3904 1889 3972 Athaclt,
1921 3918 1976 3962 et
2005 3907 2096 3977 qui

499 3998 553 4054 in
586 3995 827 4075 Ilebron,
868 4005 924 4052 et
954 3998 1178 4069 reliquis
1201 3998 1474 4070 quierant
1514 3999 1564 4054 in
1597 3998 1681 4055 Itis
1709 3999 1863 4071 locis,
1899 4002 2096 4073 quibus

500 4101 869 4150 commoratus
895 4088 1068 4145 fuerat
1098 4090 1261 4145 David
1298 4092 1437 4163 ipse,
1463 4100 1517 4147 et
1542 4092 1641 4148 viri
1667 4093 1806 4165 ejus.

568 4242 595 4271 ι
639 4234 841 4288 Auctor
867 4229 1223 4303 quaestionum
1274 4230 1763 4303 seuitrattitionutu
1806 4232 2097 4290 Hebraiea-

496 4320 615 4360 rum
643 4304 695 4358 in
719 4305 889 4359 libros
917 4308 1118 4365 lteautn
1151 4317 1258 4355 non
1290 4302 1481 4373 probat
1514 4302 1755 4358 Latinam
1786 4308 2091 4363 versionem

496 4375 655 4447 hujus
675 4376 804 4439 loci,
820 4390 980 4445 qnam
1014 4382 1173 4447 negat
1197 4388 1320 4429 esse
1331 4376 1757 4447 convenientem
1778 4391 1899 4431 cum
1926 4377 2090 4433 Ilebr.

500 4443 756 4511 veritate,
784 4443 1004 4502 dii-ens:
1040 4463 1059 4497 ι
1096 4443 1299 4499 Cutnin
1331 4444 1539 4501 Latinis
1564 4446 1842 4501 codicibus
1865 4451 2089 4518 legatur,

494 4519 665 4591 lztssds
693 4518 952 4591 quosdam
994 4518 1306 4591 substitisse
1345 4518 1410 4570 ad
1444 4518 1715 4591 sarcinas;
1747 4527 1803 4591 et
1840 4518 1892 4572 itt
1922 4520 2084 4578 llehr.

494 4586 775 4650 habeatur.
804 4589 985 4658 jussus
1017 4586 1202 4652 fuisse,
1265 4600 1319 4641 ut
1355 4589 1655 4643 residerent
1698 4590 1764 4643 ad
1796 4592 2041 4645 sarcinas
2068 4608 2084 4645 :

496 4661 649 4717 locus
671 4662 757 4717 hic
786 4654 1075 4724 tn0nstrat,
1108 4658 1427 4715 Ilebraieatn
1462 4662 1743 4715 veritatem
1797 4662 1846 4715 in
1875 4660 1978 4717 hoc
2002 4677 2090 4718 se-
2115 4654 2169 4714 Ι)

493 4735 582 4804 qui
610 4734 834 4798 debere,
858 4747 978 4804 qua)
1019 4746 1123 4804 non
1166 4730 1361 4804 lassos,
1395 4732 1489 4787 sed
1542 4732 1726 4802 jUSSUS
1758 4734 2089 4804 remansisse

494 4798 560 4858 ad
592 4804 856 4875 sarcinas,
888 4801 1019 4857 dicit
1045 4801 1264 4875 fuisse.”
1287 4800 1374 4856 Ait
1418 4798 1561 4856 enim
1597 4805 1704 4856 ita:
1741 4798 1921 4868 aliqua
1965 4822 2087 4875 pars

491 4876 586 4929 erit
608 4872 965 4928 descendentis
1009 4874 1078 4926 ad
1116 4872 1373 4944 prndium,
1402 4884 1450 4928 et
1475 4876 1789 4928 remanentis
1834 4878 1900 4926 ad
1927 4872 2089 4930 sarci-

493 4961 608 4998 nas.
635 4944 750 4999 Non
784 4945 891 4999 ait:
923 4945 1012 5014 qui
1040 4946 1163 4999 lassi
1182 4956 1536 4999 remanserunt
1566 4945 1635 4999 ad
1666 4947 1897 4999 sarcinas
1920 4963 1939 5000 :
1961 4950 2084 5015 quia

491 5017 536 5069 si
571 5016 695 5070 lassi
729 5019 1133 5081 remansissent,
1188 5015 1331 5068 nulla
1362 5017 1442 5071 eis
1479 5016 1769 5071 deberetur
1792 5018 1859 5072 tle
1891 5017 2085 5086 prtedis

497 5086 691 5157 portio.
735 5103 753 5136 ›
814 5090 880 5139 At
927 5103 1059 5157 pace
1106 5101 1212 5140 non
1270 5086 1465 5157 indocti
1501 5085 1662 5155 hujus
1701 5085 1983 5151 scriptoris
2013 5088 2087 5141 di-

494 5155 619 5210 cere
648 5156 724 5209 fas
751 5158 839 5221 sit,
870 5155 1069 5223 optime
1119 5156 1219 5226 legi
1272 5155 1325 5210 in
1357 5157 1561 5211 Latinis
1611 5157 1887 5212 codierbtts
1925 5157 2080 5227 juxta

496 5227 817 5284 Hebraicam
840 5227 1144 5290 veritatem,
1169 5228 1255 5294 qui
1276 5228 1400 5281 lassi
1436 5228 1787 5296 substiterant,
1815 5237 1920 5282 etc.
1960 5228 2081 5284 Ver-

494 5299 620 5355 bum
651 5314 794 5370 enim
837 5307 986 5370 π-πςω.
1039 5300 1274 5370 piggcru,
1310 5297 1501 5354 Latine
1526 5300 1790 5365 redditur,
1825 5300 2083 5370 lassifuc-

493 5383 639 5437 runt,
665 5369 752 5425 vel
778 5368 967 5424 debiles
1013 5368 1135 5435 [acti
1175 5380 1318 5442 sunt,
1345 5371 1462 5425 sive
1498 5370 1659 5426 etiam
1688 5371 1939 5442 pigriores
1963 5368 2075 5442 fne-

492 5454 634 5513 rnnt,
670 5458 779 5514 prae
808 5442 928 5495 ticta
951 5443 1153 5514 scilicet
1179 5441 1524 5514 lassitudine,
1549 5441 2076 5514 quant‘simnlabaut,

493 5530 564 5572 ue
594 5511 682 5585 pe;
691 5523 879 5585 gerent
907 5527 1029 5585 cum
1063 5511 1253 5585 David.
1274 5511 1693 5585 Praeterea’cutn
1714 5512 1878 5585 David
1901 5513 2081 5584 jusse-

492 5601 557 5647 rtt
581 5582 677 5646 eos
696 5582 939 5644 residere
965 5584 1031 5640 ad
1060 5582 1468 5655 impedimenta,
1503 5582 1558 5641 id
1581 5594 1685 5656 est,
1716 5583 1785 5641 ad
1814 5582 2076 5658 sarcinas,

2222 1878 2345 1926 tuus
2372 1879 2456 1926 est
2483 1885 2606 1926 cum
2638 1887 2725 1928 eo.
2761 1872 3004 1929 Mortuus
3026 1883 3110 1929 est
3140 1891 3274 1947 ergo
3302 1875 3453 1943 Saul,
3484 1887 3538 1934 et
3563 1889 3666 1934 tres
3705 1879 3788 1935 ﬁlii

2220 1962 2359 2032 ejus,
2403 1971 2458 2019 et
2495 1963 2732 2034 armiger
2763 1965 2928 2034 illius,
2966 1977 3022 2023 et
3064 1968 3311 2025 universi
3348 1969 3450 2026 viri
3490 1970 3601 2042 ejus
3634 1973 3684 2027 in
3711 1971 3786 2027 die

2218 2054 2307 2110 illa
2359 2057 2581 2127 pariter.
2618 2056 2873 2113 Videntes
2920 2066 3102 2116 autem
3151 2062 3252 2117 viri
3305 2062 3490 2133 Israel,
3538 2064 3624 2135 qui
3655 2074 3790 2120 erant

2222 2158 2372 2204 trans
2398 2149 2615 2218 vallem,
2648 2164 2700 2205 et
2730 2162 2881 2207 trans
2909 2151 3228 2219 Iordanem,
3254 2154 3403 2226 quod
3436 2155 3790 2227 fugissentviri

2217 2240 2492 2309 Israelitar,
2533 2253 2590 2300 et
2619 2246 2762 2315 quod
2791 2255 3038 2302 mortuus
3069 2257 3215 2304 esset
3255 2248 3411 2316 Saul,
3442 2258 3497 2304 et
3541 2250 3632 2306 ﬁlii
3663 2251 3790 2320 ejus,

2217 2336 2557 2406 reliquerunt
2579 2339 2828 2394 civitates
2854 2354 3003 2406 suas,
3034 2350 3086 2394 et
3118 2339 3411 2412 fugerunt:
3439 2351 3791 2412 veneruntque

2217 2428 2560 2496 PhiliSthim,
2592 2441 2642 2486 et
2679 2433 3063 2489 habitaverunt
3089 2433 3185 2490 ibi.
3222 2434 3391 2491 Facta
3417 2446 3591 2491 autem
3617 2435 3698 2492 die
3725 2434 3794 2492 al-

2219 2531 2360 2590 tera,
2383 2535 2643 2581 venerant
2665 2525 2990 2605 Philisthim,
3014 2538 3070 2583 ut
3092 2529 3463 2597 exsuoliarent
3484 2529 3795 2595 interfectos,

2217 2622 2274 2669 et
2294 2614 2621 2672 invenerunt
2644 2617 2838 2674 Saulet
2861 2628 2970 2674 tres
2996 2618 3136 2675 ﬁlios
3155 2620 3279 2691 ejus
3297 2625 3544 2689 jacentes
3562 2622 3611 2677 in
3635 2631 3797 2678 monte

2216 2705 2437 2763 Gelboe.
2472 2706 2540 2762 Et
2584 2708 2954 2778 praeciderunt
2984 2723 3146 2780 caput
3186 2711 3345 2777 Saul,
3386 2723 3442 2768 et
3482 2713 3797 2784 exspoliare-

2216 2809 2345 2856 runt
2370 2815 2493 2856 eum
2525 2801 2694 2856 armis
2725 2818 2738 2856 :
2769 2812 2824 2858 et
2850 2801 3119 2858 miserunt
3148 2803 3199 2859 in
3229 2812 3440 2860 terram
3470 2805 3799 2861 Philistltiuo-

2216 2908 2335 2979 rum
2369 2908 2467 2964 per
2495 2894 2808 2964 circuitum,
2838 2906 2897 2951 ut
2922 2896 3350 2954 annuntiaretur
3380 2899 3434 2954 in
3465 2899 3659 2970 templo
3694 2898 3798 2954 ido-

2214 2991 2389 3049 lorum
2422 2992 2451 3033 ιι
2481 3009 2730 3061 suorum,
2776 3003 2833 3052 et
2871 2996 2925 3052 in
2955 2997 3192 3068 populis.
3228 2999 3301 3054 Et
3346 3010 3644 3069 posuerunt
3666 3015 3799 3056 arma

2214 3096 2332 3166 ejus
2362 3096 2414 3151 in
2446 3098 2650 3166 templo
2680 3096 2997 3165 Astharoth,
3026 3114 3228 3170 corpus
3255 3115 3394 3157 vero
3416 3101 3802 3172 suspenderunt

2216 3195 2269 3251 itt
2298 3211 2457 3252 muro
2484 3196 2780 3254 Beth-Sau.
2811 3184 2967 3267 Quod
3012 3215 3136 3256 cum
3166 3201 3457 3259 audissent
3486 3202 3800 3260 habitatores

2210 3300 2372 3357 Jabcs
2401 3301 2624 3370 Galaad,
2658 3304 3045 3378 qumcuntqne[
3077 3306 3132 3360 lt.
3188 3323 3305 3363 non
3345 3309 3535 3375 habet,
3569 3306 3797 3378 cumque]

2210 3393 2453 3451 fecerant
2472 3396 2778 3453 Philisthitn
2809 3398 3345 3467 Saul,surrexerunt
3360 3419 3556 3460 omnes
3580 3405 3676 3461 viri
3705 3403 3802 3460 for-

2206 3498 2430 3562 tissimi,
2461 3507 2518 3553 et
2544 3498 2965 3556 ambulaverunt
2994 3510 3104 3557 teta
3151 3514 3337 3572 nocte,
3372 3515 3430 3560 et
3455 3506 3691 3561 tulerunt
3715 3522 3797 3560 ca-

2196 3598 2377 3655 ‘daver
2431 3599 2585 3667 Saul,
2641 3611 2696 3657 et
2752 3600 3016 3658 cadavera
3069 3604 3309 3660 filiorum
3360 3605 3515 3676 ejus,
3560 3607 3626 3663 de
3661 3622 3802 3662 muro

2214 3699 2306 3756 Bet
2337 3699 2445 3758 San
2476 3720 2488 3755 :
2537 3714 2918 3775 veneruntque
2952 3704 3116 3763 Jabes
3149 3705 3345 3781 [ναις.
3395 3709 3527 3763 add.
3566 3707 3796 3782 Galaad],

2206 3813 2263 3859 et
2294 3804 2715 3860 combusserunt
2739 3823 2801 3862 ea
2834 3807 2907 3862 ibi
2941 3827 2954 3864 :
2994 3818 3049 3865 et
3079 3810 3328 3867 tulerunt
3358 3828 3489 3870 ossa
3520 3831 3726 3884 eorum,
3755 3823 3801 3870 et

2204 3907 2539 3975 sepeliet-unt
2562 3907 2616 3965 iu
2647 3924 2871 3967 nemore
2892 3909 3082 3981 Iabes,
3108 3923 3161 3970 et
3187 3912 3590 3987 jejunaverunt
3608 3927 3797 3991 septem

2203 4008 2414 4066 diebus.

2192 4241 2854 4334 jqrebellantiumlptrrtio
2884 4250 3080 4319 praedae
3104 4252 3184 4334 ei‘s
3214 4255 3554 4326 debebatur,
3572 4260 3801 4334 quamvis

2197 4312 2419 4368 obtentu
2455 4312 2787 4389 lassitudinis
2818 4312 2961 4376 verm
2998 4334 3094 4378 aut
3142 4312 3284 4382 ﬁctze
3331 4312 3799 4389 Vi-t'l

2200 4394 2444 4475 torqente
2468 4386 2952 4475 B-I'SOI'.nCi:El-e.l'llll.l
2973 4399 3268 4475 lteCuliare
3289 4386 3385 4475 (ξεί
3407 4386 3798 4475 scriptorinjatn

2197 4453 2436 4543 laudato,
2468 4467 2628 4527 atque
2651 4459 2942 4543 §cltoliasti
2970 4453 3204 4543 canonis
3226 4453 3797 4543 lle'braviraerveritat-is,

2196 4528 2526 4621 uincentur“.
2560 4539 2710 4613 ΊἾξΞ,
2764 4533 3001 4621 piggeru,
3033 4528 3515 4621 interpretentur,

2193 4608 2333 4675 (sint.
2358 4598 2535 4675 Nemo
2558 4604 2703 4657 enim
2729 4598 2840 4669 eSt,
2855 4598 3002 4674 quod
3026 4598 3284 4674 sciauitts,
3326 4598 3801 4675 naui-Epaiﬁiii'iﬁt

2196 4670 2632 4760 Ilelrratzantium
2675 4670 3055 4760 recentiorum,
3091 4684 3181 4752 qui
3217 4670 3563 4754 ttujttstnotli
3598 4670 3799 4760 signiﬁ;

2191 4741 2793 4829 canliattt_expresseril
2820 4762 2885 4801 ex
2918 4741 3252 4829 ritilicc_"‘13,
3280 4741 3496 4829 éiggeri,
3536 4741 3803 4829 iniiinii.

2190 4829 2300 4903 gat:
2315 4813 2687 4903 fugitantes
2707 4823 3051 4903 consentiunt
3100 4813 3453 4903 ἱιι-Ἰιείίίιῆἦιί
3479 4813 3802 4903 interpr-reia-

2195 4883 2393 4962 tionem
2424 4883 2760 4957 lliemnymi.
2790 4888 2954 4959 Igitur
3004 4908 3111 4948 non
3157 4883 3801 4962 ἰπιινι-οὺειιιὶὶίὲέξέῖειίι

2190 4955 2742 5037 conjectura,_utinm
2788 4955 3150 5037 eamdemque
3201 4955 3801 5031 auctoremnhahuisse

2189 5029 2517 5106 qua-alique};
2539 5029 2651 5097 jam
2673 5029 2831 5106 dicta:
2855 5036 2904 5087 in
2929 5029 3099 5106 libros
3121 5037 3362 5106 Itegutn,
3392 5055 3451 5098 et
3470 5029 3684 5100 scholia
3706 5044 3796 5099 Ca.

2191 5098 2375 5186 nonis”
2404 5096 2551 5153 lIeb.’
2588 5100 2831 5155 veritatis
2849 5104 3143 5186 ;“f!):tximt:
3180 5096 3362 5186 q‘itod'
3412 5096 3800 5186 toturn-molitm

2187 5170 2547 5243 quaestionum
2594 5186 2697 5243 seu
2764 5174 3114 5231 traditionutn
3187 5170 3600 5243 l'lebrzticarum
3670 5170 3797 5241 eon-

2186 5248 2392 5329 textuut
2423 5241 2759 5329 it‘t'veniatur.
2778 5260 2809 5298 e
2827 5245 3078 5329 ‘scho‘liis
3113 5256 3525 5329 marginalihns
3551 5241 3796 5329 ejusdem

2128 5356 2145 5368 ,
2184 5308 2422 5393 Canonis
2451 5311 2616 5395 Iiebr.
2648 5314 2910 5400 veritatis.
2960 5318 3186 5401 Decidat
3210 5308 3274 5378 e3
3314 5308 3527 5401 Lector

2185 5395 2280 5458 pra
2305 5381 2621 5458 scripsimus
2652 5386 2704 5439 iu
2728 5389 2935 5445 nostris
2958 5381 3611 5458 Prolegomenisaarjiaii;

2254 5449 2471 5536 {’Tacet
2495 5453 2796 5515 Veroneus.
2830 5474 2929 5517 ms.
2972 5449 3207 5533 suorum,
3234 5449 3396 5536 quod
3654 5472 3799 5532 addit

2180 5520 2441 5582 Hebraeus
2469 5537 2665 5585 textus.
