4144 6364
328 342 429 399 617

1549 360 1557 375 ·
1575 332 1785 397 LIBER
1822 333 1869 395 11
1906 335 2271 433 SAMUELIS.

3510 337 3615 399 6l8

320 451 3603 481 M—W

1114 544 1687 656 “LIBER
1775 546 1907 659 II
1971 542 2315 654 SAM
2331 542 2831 721 UELIS.

1816 744 2145 762 *-

401 857 551 931 [Cap.
576 853 644 930 1.]
664 855 892 913 Factum
920 862 1005 912 est
1030 862 1233 921 autem,
1257 859 1543 925 postquam
1566 858 1817 908 mortuus
1844 858 1928 907 est
1953 853 2009 914 Α
2032 858 2087 907 et
2108 850 2377 908 armillam
2401 851 2471 910 de
2496 850 2721 910 brachio
2744 851 2914 921 illius,
2938 861 2991 911 et
3012 854 3168 913 attuli
3198 856 3263 914 ad
3281 865 3334 915 te
3349 855 3629 918 dominum

329 950 485 1018 Saul,
515 960 575 1006 ut
605 949 777 1005 David
810 955 1178 1005 reverteretur
1206 962 1236 1003 a
1265 948 1414 1002 caede
1442 945 1688 1013 Amalec,
1729 952 1786 1000 et
1814 958 1930 1000 ma-

328 1056 487 1102 neret
523 1047 577 1101 in
608 1046 822 1116 Siceleg
849 1044 968 1099 dies
999 1042 1160 1099 duos.
1192 1042 1248 1098 ln
1278 1042 1371 1098 die
1399 1051 1579 1097 autem
1621 1040 1803 1109 tertia,
1835 1054 1930 1110 ap-

327 1140 509 1209 paruit
536 1140 704 1194 homo
718 1139 943 1194 veniens
971 1137 1039 1193 de
1062 1136 1260 1193 castris
1284 1136 1602 1202 Sanl,veste
1627 1135 1923 1203 conscissa,

328 1244 388 1291 et
413 1235 635 1305 pulvere
672 1247 927 1305 aspersus
952 1240 1136 1303 caput,
1170 1240 1225 1288 et
1252 1239 1312 1286 ut
1346 1231 1494 1286 venit
1524 1229 1590 1285 ad
1622 1228 1812 1295 David,
1843 1242 1931 1284 ce-

327 1328 462 1385 cidit
510 1343 677 1400 super
706 1326 903 1383 faciem
948 1341 1124 1392 suam,
1169 1334 1224 1381 et
1253 1323 1518 1380 adoravit.
1571 1322 1825 1393 Dixitque
1862 1320 1930 1376 ad

328 1436 456 1477 eum
487 1420 687 1476 David:
720 1420 874 1477 Unde
895 1418 1086 1476 venis?
1110 1418 1211 1488 Qui
1240 1418 1314 1473 ait
1345 1417 1410 1473 ad
1436 1432 1558 1474 eum
1588 1435 1603 1472 :
1633 1416 1711 1473 De
1739 1416 1931 1472 castris

326 1512 493 1569 Israel
525 1511 658 1584 fugi.
692 1512 760 1568 Et
782 1513 919 1569 dixit
941 1512 1008 1567 ad
1036 1526 1158 1568 eum
1186 1510 1360 1565 David
1386 1528 1399 1566 :
1425 1510 1578 1577 Quod
1601 1518 1685 1565 est
1706 1510 1929 1565 verbum

328 1605 477 1677 quod
507 1607 704 1661 factum
726 1606 845 1661 est?
866 1602 1049 1660 Indica
1072 1604 1225 1659 mihi.
1254 1602 1356 1672 Qui
1376 1603 1487 1658 ait:
1520 1602 1677 1671 Fugit
1703 1602 1932 1672 populus

329 1714 399 1754 ex
430 1698 639 1769 praelio,
680 1707 735 1754 et
758 1698 911 1753 multi
941 1706 1258 1753 corruentes
1282 1712 1313 1752 e
1337 1696 1539 1769 populo
1563 1696 1764 1751 mortui
1785 1704 1931 1763 sunt,

328 1789 428 1845 sed
458 1799 515 1845 et
553 1790 681 1848 Saul
713 1799 769 1846 et
811 1788 1081 1847 Jonathan
1116 1790 1260 1844 ﬁlius
1298 1788 1419 1858 ejus
1458 1788 1802 1844 interierunt.
1837 1786 1931 1842 Di-

329 1884 522 1955 xitque
549 1884 713 1940 David
741 1884 808 1940 ad
832 1884 1233 1941 adolescentem
1260 1882 1339 1955 [h.
1371 1880 1644 1954 puerum],
1673 1882 1764 1953 qui
1796 1898 1934 1937 nun-

332 1979 503 2035 tiabat
541 1979 629 2033 ei:
672 1977 836 2035 Unde
878 1978 988 2034 scis
1017 1978 1141 2049 quia
1174 1988 1420 2032 mortuus
1450 1985 1535 2037 est
1564 1976 1714 2042 Saul,
1756 1986 1807 2031 et
1840 1975 1937 2031 Jo-

333 2072 535 2126 nathan
567 2071 712 2127 ﬁlius
741 2071 860 2141 ejus
893 2070 917 2124 ?
952 2071 1018 2125 Et
1060 2071 1135 2125 ait
1165 2070 1505 2135 adolescens,
1553 2070 1649 2139 qui
1681 2071 1936 2127 narrabat

264 2172 269 2175 ’
332 2164 387 2221 ei
411 2181 422 2217 ;
448 2164 589 2220 Casu
610 2165 733 2220 veni
758 2166 813 2220 in
842 2172 1085 2220 montem
1110 2162 1340 2231 Gelboe,
1364 2175 1419 2219 et
1439 2164 1565 2219 Saul
1589 2162 1938 2220 incumbebat

2031 962 2212 1003 meum
2260 949 2383 1004 huc.
2430 948 2863 1020 Apprehendens
2908 960 3087 1007 autem
3120 953 3283 1009 David
3310 955 3633 1012 vestimenta

2029 1057 2125 1097 sua
2147 1042 2328 1112 scidit,
2348 1058 2643 1116 omnesque
2668 1046 2768 1100 viri
2790 1045 2881 1117 qui
2900 1056 3058 1101 erant
3081 1062 3202 1104 cum
3222 1062 3310 1116 eo,
3329 1059 3385 1105 et
3402 1051 3631 1121 planxe-

2031 1147 2196 1208 runt,
2229 1146 2284 1194 et
2324 1138 2625 1207 ﬂeverunt,
2669 1148 2728 1196 et
2766 1140 3155 1211 jejunaverunt
3182 1158 3355 1215 usque
3392 1145 3459 1201 ad
3506 1160 3633 1202 ves—

2033 1246 2217 1301 peram
2248 1246 2413 1304 super
2440 1233 2587 1300 Saul,
2629 1242 2685 1289 et
2710 1249 2878 1305 super
2904 1234 3175 1291 Jonathan
3204 1237 3373 1293 lilium
3407 1238 3545 1309 ejus,
3580 1250 3637 1297 et

2032 1341 2199 1397 super
2223 1326 2488 1398 pOpulum
2516 1328 2751 1399 Domini,
2775 1337 2831 1384 et
2851 1343 3013 1398 super
3036 1329 3258 1387 domum
3287 1332 3637 1406 Israel,quod

2020 1420 2370 1476 corruissent
2395 1420 2596 1490 gladio.
2634 1419 2721 1493 [,T.
2745 1419 3056 1492 LXXXll|.]
3086 1421 3338 1495 Dixitque
3368 1424 3535 1480 David
3567 1426 3638 1482 ad

2027 1513 2282 1583 juvenem
2312 1514 2405 1585 qui
2436 1515 2780 1570 nuntiaverat
2819 1516 2869 1570 ei
2901 1532 2915 1571 :
2948 1515 3102 1571 Unde
3133 1518 3230 1573 es?
3260 1517 3361 1585 Qui
3403 1534 3639 1591 respon-

2033 1607 2145 1663 dit:
2178 1608 2347 1664 Filius
2378 1607 2619 1664 hominis
2648 1608 2871 1665 advena:
2901 1610 3218 1667 Amalecitae
3248 1627 3349 1684 ego
3377 1629 3518 1670 sum.
3568 1614 3641 1671 Et

2036 1701 2111 1755 ait
2153 1700 2219 1755 ad
2264 1714 2389 1756 eum
2419 1699 2626 1757 David:
2658 1688 2838 1770 Quare
2871 1716 2981 1759 non
3013 1704 3240 1760 timuisti
3275 1706 3493 1764 mittere
3522 1723 3639 1765 ma-

2035 1809 2165 1850 num
2198 1802 2367 1861 tuam,
2414 1805 2474 1850 ut
2503 1794 2785 1851 occideres
2811 1795 3075 1852 christnm
3108 1799 3361 1855 Domini?
3389 1800 3637 1859 Vocans-

2034 1901 2142 1958 que
2182 1886 2349 1941 David
2396 1902 2566 1943 unum
2607 1886 2677 1943 de
2717 1889 2905 1959 pueris
2938 1887 3125 1961 [Vulg.
3163 1890 3287 1945 add.
3328 1892 3489 1963 suis],
3523 1895 3637 1949 ait:

2037 1979 2319 2035 Accedens
2346 1979 2493 2036 irrue
2524 1980 2575 2035 in
2608 1995 2752 2036 eum.
2783 1980 2885 2050 Qui
2929 1984 3197 2052 percussit
3223 1998 3387 2059 eum,‘
3413 1995 3469 2041 et
3496 2001 3641 2043 mor-

2036 2081 2162 2129 tuus
2196 2081 2302 2129 est.
2333 2072 2404 2129 Et
2432 2072 2509 2129 ait
2535 2072 2601 2129 ad
2632 2087 2755 2130 eum
2785 2074 2960 2131 David
2999 2092 3013 2129 :
3047 2074 3280 2148 Sanguis
3312 2086 3434 2133 tuus
3476 2094 3644 2151 super

2036 2174 2199 2237 caput
2229 2174 2411 2222 tuum:
2439 2180 2505 2223 os
2529 2166 2673 2223 enim
2698 2175 2846 2222 tuum
2878 2168 3119 2223 locutum
3145 2178 3231 2224 est
3250 2169 3538 2227 adversum
3567 2182 3640 2240 te,

334 2273 502 2329 super
531 2258 743 2313 hastam
784 2272 961 2323 suam,
994 2272 1161 2327 porro
1189 2271 1385 2312 currus
1413 2266 1467 2312 et
1497 2257 1707 2327 equites
1736 2271 1935 2327 appro—
1961 2242 2010 2304 Β
2037 2258 2263 2315 dicens:
2296 2258 2409 2329 Ego
2437 2259 2690 2315 interfeci
2724 2259 2987 2316 christum
3018 2261 3251 2318 Domini.
3291 2263 3507 2320 Planxit
3544 2281 3645 2322 au-

332 2353 671 2426 pinquabant
697 2351 723 2392 b
750 2354 823 2423 ei,
852 2362 907 2410 et
934 2366 1235 2408 conversus
1266 2359 1389 2423 post
1415 2360 1624 2423 tergum
1648 2366 1828 2418 suum,
1857 2350 1937 2405 vi-

333 2449 579 2519 densque
605 2463 693 2503 me
714 2447 947 2504 vocavit.
974 2446 1068 2503 Cui
1088 2460 1211 2501 cum
1239 2445 1642 2516 respondissem
1667 2463 1678 2499 ε
1703 2444 1933 2511 Adsum,

333 2541 472 2597 dixit
498 2542 664 2598 mihi:
695 2542 952 2610 Quisnam
981 2555 1041 2597 es
1069 2540 1165 2595 tu?
1196 2540 1265 2594 Et
1293 2538 1381 2594 aio
1407 2538 1474 2595 ad
1504 2554 1626 2595 eum
1654 2555 1668 2593 :
1718 2538 1933 2594 Amale-

332 2638 475 2693 cites
503 2652 644 2694 sum.
677 2635 749 2691 Et
773 2636 985 2691 locutus
1014 2644 1099 2691 est
1126 2633 1261 2690 mihi
1285 2650 1299 2688 :
1331 2632 1423 2689 Sta
1449 2648 1615 2705 super
1639 2647 1748 2701 me,
1779 2642 1833 2689 et
1854 2632 1937 2688 in-

334 2729 522 2787 terﬁce
551 2745 660 2797 me,
703 2730 960 2802 quoniam
994 2738 1177 2785 tenent
1208 2742 1297 2784 me
1338 2728 1620 2799 angustize,
1662 2736 1717 2783 et
1755 2726 1932 2782 adhuc

334 2832 449 2880 tota
478 2824 657 2880 anima
680 2838 801 2880 mea
827 2823 878 2879 in
910 2837 996 2879 me
1022 2833 1129 2879 est.
1157 2821 1434 2894 Stansque
1464 2836 1629 2893 super
1660 2836 1807 2889 eum,
1835 2836 1931 2877 oc-

330 2919 442 2975 cidi
473 2919 625 2975 illum
658 2934 673 2973 :
723 2917 963 2973 sciebam
993 2918 1139 2973 enim
1186 2916 1329 2988 quod
1375 2916 1557 2972 vivere
1588 2930 1693 2971 non
1725 2922 1938 2987 poterat

329 3025 456 3088 post
477 3015 713 3082 ruinam,
736 3023 791 3070 et
818 3014 914 3070 tuli
936 3013 1186 3069 diadema
1211 3011 1353 3084 quod
1381 3020 1499 3068 erat
1521 3012 1573 3067 in
1597 3012 1772 3082 capite
1793 3010 1933 3082 ejus,

408 3228 433 3258 ι
472 3218 659 3276 Monet
690 3217 777 3274 hic
804 3217 1125 3274 scholiastcs
1146 3224 1352 3281 noster,
1372 3225 1629 3287 quantum
1656 3214 1929 3280 conjicere

336 3292 494 3347 nobis
524 3293 651 3347 licet
682 3307 751 3346 ex
784 3292 868 3347 bis
905 3291 1212 3345 litterarum
1240 3288 1483 3359 vestigiis
1503 3328 1519 3354 ,
1568 3287 1710 3356 apud
1756 3287 1923 3341 Hebr.

334 3366 569 3428 primum
594 3362 860 3419 Samuelis
891 3362 1086 3416 librum
1139 3359 1423 3414 indivisum
1460 3373 1583 3415 esse
1606 3374 1634 3413 a
1663 3359 1923 3414 secundo.

332 3432 389 3490 lil
415 3444 572 3489 antea
601 3434 786 3489 docuit
815 3434 872 3489 S.
906 3432 1268 3504 Hieronymus
1309 3433 1360 3485 in
1404 3430 1719 3504 praefatione
1749 3430 1815 3504 ad
1867 3429 1928 3484 li-

334 3506 466 3561 bros
496 3506 717 3561 Samuel
741 3512 796 3561 et
815 3500 1137 3587 Malachinr',
1170 3502 1363 3587 idest,
1409 3502 1475 3557 ad
1501 3500 1730 3587 ‘Regum
1761 3503 1928 3587 libros
1954 3523 2001 3587 ρ

334 3588 602 3647 quatuor:
631 3591 982 3648 quamquam,
1013 3576 1209 3648 utipse
1237 3574 1435 3629 ibidem
1455 3572 1795 3648 _observ_a_t,_a
1827 3572 1931 3648 ple-

335 3644 670 3731 risquelibri
702 3648 777 3702 illi
808 3644 1056 3731 duplices
1076 3644 1932 3731 haherenturLCanon.Hebraica:

334 3716 581 3775 veritatis
613 3734 711 3789 pro
733 3734 843 3775 uno
870 3718 1029 3773 habet
1060 3718 1198 3772 duos
1220 3718 1387 3772 libros
1410 3716 1701 3785 Samuelis,
1726 3725 1784 3771 ut
1809 3732 1933 3785 pro-

336 3791 844 3857 bantcapitulorum
876 3790 991 3844 sive
1017 3790 1295 3844 titulorum
1329 3789 1542 3845 numeri
1584 3802 1688 3842 una
1716 3803 1780 3843 ac
1802 3802 1934 3842 con-

339 3862 489 3917 tinua
516 3863 659 3918 serie
688 3863 954 3917 annotati.
983 3860 1157 3915 MART.
1340 3906 1343 3909 ,

408 3934 634 3989 —Nulla
661 3932 959 4002 inscriptio,
976 3947 1076 3987 nec
1097 3931 1200 3986 alia
1220 3930 1593 3987 distinctionis
1613 3944 1642 3982 a
1660 3929 1931 4002 superiori

336 4004 482 4061 libro
523 4014 647 4061 nota
692 4008 743 4060 in
786 4001 1083 4059 veronensi
1112 4012 1195 4059 est
1238 4018 1340 4057 ms.
1373 4018 1532 4071 quain
1559 4001 1701 4072 quod
1734 4004 1931 4071 prioris

338 4076 502 4148 hujus
541 4077 702 4132 verba
735 4074 1119 4148 minio_inl‘ecit
1144 4073 1719 4148 antiquarius,g_quiet
1756 4088 1933 4148 anno-

340 4144 475 4203 tavit
505 4149 555 4204 in
586 4149 707 4204 libri
736 4148 880 4211 albo,
901 4145 968 4201 In
990 4147 1215 4217 antiquis
1243 4145 1621 4213 exeniplaribus
1643 4144 1725 4197 hic
1748 4144 1930 4217 incipit

340 4220 468 4276 liber
482 4221 759 4275 secundus.
778 4217 981 4289 Νεωρο
1003 4214 1404 4289 verSim:mn_ex
1421 4216 1612 4289 Grzeco
1633 4222 1733 4271 τῶν
1762 4214 1926 4285 LXX,

300 4336 303 4337 ν
340 4307 459 4362 qua.-
487 4303 611 4348 ante
635 4287 1112 4361 Heroiiymianam
1136 4287 1474 4362 obtinebant,
1499 4288 1724 4362 antiqua
1741 4302 1931 4341 CXt‘m-

341 4360 512 4433 plaria
563 4372 723 4419 Vocat
764 4379 780 4417 :
826 4360 1116 4427 monetque
1170 4360 1362 4433 iisdem
1413 4360 1628 4427 verbis,
1686 4360 1737 4433 in
1794 4373 1928 4413 nova

340 4429 615 4501 versione,
652 4450 811 4506 quam
842 4450 907 4489 ex
946 4434 1176 4488 llebrteo
1208 4429 1779 4506 Hieronymuscndit,
1810 4445 1930 4506 nos-3

344 4515 531 4577 terque
580 4502 684 4565 hic'
725 4506 947 4569 exhibet
998 4519 1102 4561 ms.
1154 4520 1317 4577 unum
1367 4502 1488 4558 (θέτε
1533 4502 1598 4556 ad
1641 4502 1930 4577 archetypi

340 4572 589 4632 normam
633 4578 902 4634 Samuelis
943 4577 1160 4632 librum.
1198 4575 1432 4646 lilipsum
1472 4574 1749 4628 monuisse
1771 4572 1930 4627 scho-

344 4647 533 4702 liastes
554 4650 747 4717 voluit,
779 4649 921 4712 quod
947 4661 999 4703 et
1040 4645 1387 4703 Martianaeus
1412 4645 1777 4717 annotationis
1810 4659 1930 4699 ves-

344 4715 771 4790 tigiisconjeci't.
800 4720 905 4790 Sed
934 4732 986 4773 et
1013 4718 1069 4774 S.
1102 4722 1216 4788 ipse
1252 4720 1411 4774 Pater
1442 4719 1581 4772 idem
1610 4715 1663 4770 in
1707 4717 1929 4790 prologo

342 4787 567 4844 docuit:
602 4788 843 4856 nihilque
873 4789 985 4840 lere
1013 4800 1093 4841 est
1119 4787 1364 4855 dubium,
1393 4790 1590 4857 rejecta
1622 4787 1791 4843 veteri
1818 4787 1929 4841 dis-

345 4860 631 4927 tinctione,
661 4860 746 4913 sui
773 4858 923 4912 illum
964 4860 1289 4927 exemplaris
1328 4861 1522 4913 seriem
1558 4860 1924 4927 continuasse.

2042 2362 2149 2409 tem
2174 2352 2343 2408 David
2379 2353 2650 2424 planctum
2682 2354 2760 2427 [h.
2794 2354 3001 2426 planxit
3023 2368 3206 2414 autem
3236 2357 3404 2415 David
3436 2360 3642 2418 lamen-

2037 2444 2266 2515 tatione]
2306 2445 2680 2516 hujuscemodi
2710 2462 2877 2517 super
2914 2448 3043 2505 Saul
3072 2457 3127 2506 et
3163 2465 3329 2521 super
3366 2454 3639 2511 Jonathan

2039 2539 2206 2594 ﬁlium
2220 2539 2355 2611 ejus.
2378 2540 2468 2613 (Et
2485 2541 2746 2611 praecepit
2762 2540 3090 2599 ntdocerent
3107 2543 3251 2600 lilios
3271 2544 3299 2601 J
3307 2545 3406 2601 uda
3428 2562 3640 2617 arcum,

2042 2643 2066 2673 ο
2100 2632 2243 2688 sicut
2286 2633 2551 2702 scriptum
2590 2643 2672 2689 est
2702 2634 2755 2689 in
2785 2634 2925 2691 libro
2953 2634 3233 2691 Justorum
3266 2635 3347 2709 [h.
3386 2638 3455 2694 Et
3478 2639 3638 2708 dixit,

2038 2735 2098 2782 ut
2125 2725 2349 2782 doceret
2378 2724 2519 2783 ﬁlios
2563 2725 2700 2782 Juda
2742 2741 2949 2785 arcum.
2996 2728 3137 2785 Ecce
3177 2730 3441 2801 scriptum
3471 2743 3554 2788 est
3583 2734 3641 2789 in

2031 2818 2173 2875 libro
2188 2818 2540 2891 Justorum]).
2567 2816 2593 2856 ά
2619 2819 2835 2891 lnclyti,
2853 2819 3045 2889 Israel,
3074 2835 3241 2893 super
3264 2831 3481 2879 montes
3513 2835 3634 2882 tuos

2037 2914 2117 2989 [h.
2153 2931 2317 2987 super
2336 2917 2551 2973 excelsa
2575 2915 2686 2988 tua]
2718 2917 2983 2973 interiecti
3007 2927 3170 2975 sunt:
3201 2934 3309 2991 quo
3337 2922 3501 2979 modo
3546 2938 3636 2979 ce-

2038 3008 2293 3067 ciderunt
2332 3010 2538 3068 fortes?
2582 3010 2763 3068 Nolite
2793 3012 3120 3069 annuntiare
3160 3012 3215 3069 in
3246 3014 3408 3085 Geth,
3460 3032 3637 3089 neque

2038 3226 2214 3283 neque
2240 3211 2639 3290 disputationes
2661 3214 2783 3285 eius
2809 3216 3242 3287 sapientissimas
3266 3222 3335 3279 de
3364 3222 3633 3290 lignorum

2038 3294 2249 3363 natura,
2270 3285 2667 3363 herbarumque
2692 3285 2955 3363 omnium,
2980 3290 3215 3363 itemque
3237 3285 3631 3363 jumentorum,

2037 3357 2342 3434 volucrum,
2392 3359 2667 3434 reptilinm
2705 3367 2774 3434 _et
2815 3361 3068 3434 piscium.
3103 3357 3197 3417 Vel
3237 3357 3464 3434 quodin
3490 3357 3630 3424 libro

2035 3426 2342 3508 _Verborum
2374 3428 2582 3508 dierum
2612 3426 2841 3508 dicitur}
2874 3431 3096 3508 [_ieliqna
3126 3426 3507 3508 verofoperum
3537 3440 3629 3496 Sa-

2034 3497 2291 3577 lotnonis_
2314 3501 2553 3577 priorum
2603 3510 2659 3577 e_t
2708 3497 3129 3577 novissimorum
3169 3497 3365 3577 scripia
3417 3520 3543 3564 sunt
3574 3514 3627 3566 in

2034 3571 2218 3647 verbis
2245 3570 2459 3627 Nathan
2488 3574 2788 3647 prophette,
2821 3584 2876 3628 et
2900 3576 2958 3647 in
2988 3575 3141 3630 libris
3168 3570 3321 3635 Allia:
3348 3578 3625 3639 Silonitis:

2035 3643 2089 3714 in
2118 3644 2327 3714 visione
2355 3658 2571 3714 quoque
2625 3644 2781 3699 Addo
2828 3645 3079 3709 videntis.
3103 3658 3291 3704 contra
3335 3651 3630 3710 Jeruboam

2033 3713 2205 3794 ﬁlium
2235 3713 2450 3794 Nabat_,_
2475 3725 2529 3771 et
2567 3718 2732 3794 multa
2792 3716 3099 3794 hujusmodi
3127 3721 3457 3794 _volumina,
3504 3740 3626 3794 quze

2032 3788 2302 3855 scriptura
2323 3784 2541 3856 quidem
2594 3787 2764 3861 fuisse
2793 3784 2989 3858 probat
3036 3790 3255 3861 scripta,
3308 3795 3401 3849 sed
3443 3784 3626 3853 'ho'die

2033 3867 2247 3931 constat
2275 3873 2551 3931 nonesse.
2594 3857 2813 3914 Vastata
2862 3875 3098 3931 namque
3134 3857 3164 3916 εἰ
3211 3862 3484 3923 Chaldaeis
3521 3869 3622 3925 Ju-

2034 3928 2614 4005 da:a._et_Bibliotlreca
2636 3931 2938 4005 antiquitus
2959 3928 3284 4005 congregata
3316 3938 3455 3993 inter
3482 3939 3620 3995 alias

2034 4001 2329 4082 provincia:
2349 4016 2483 4070 opes
2512 4001 2691 4082 hostili
2728 4012 2813 4082 est
2852 4003 2977 4082 igne
3022 4001 3343 4082 coiisnmpta
3376 4026 3390 4062 :
3419 4024 3486 4065 ex
3515 4028 3623 4082 qua

2034 4071 2191 4140 pauci
2220 4072 2310 4149 qui
2345 4088 2488 4149 nunc
2540 4072 2595 4127 in
2649 4074 2706 4127 S.
2756 4071 3034 4149 §criptura
3079 4071 3427 4149 continentur
3475 4071 3621 4149 libri,

2035 4144 2378 4219 postmodum
2424 4144 2576 4219 Ezra:
2622 4144 2904 4219 pontiﬁcis
2936 4154 2991 4200 et
3038 4147 3317 4219 praphette
3368 4163 3495 4208 sunt
3540 4144 3625 4210 in;

2032 4213 2240 4269 dustria
2258 4215 2567 4269 restaurati.
2605 4233 2624 4267 ι
2654 4215 2781 4269 11ωο
2810 4213 3066 4271 Rabanus
3093 4213 3259 4275 vérbo
3281 4222 3346 4275 ad
3391 4225 3619 4282 verbum

2033 4285 2335 4356 desumpsit
2356 4303 2386 4339 e
2410 4288 2547 4341 libro
2572 4286 2942 4355 Qumsrionum
2974 4288 3189 4356 triginta
3223 4292 3382 4348 Beda:
3406 4295 3460 4349 in
3486 4296 3623 4352 libro

2033 4355 2262 4425 Regum.
2290 4357 2552 4428 Quodque
2574 4358 2821 4429 sequitur
2857 4360 2997 4429 apud
3026 4355 3306 4419 Rabanum
3335 4382 3348 4417 :
3382 4366 3519 4422 Sunt
3540 4378 3625 4422 ta-

2032 4430 2496 4508 nten,quidic_u_nt,
2528 4428 2665 4508 hunc
2714 4428 3215 4508 librum-flustorum
3267 4437 3485 4508 intelligi
3529 4442 3621 4495 de-

2032 4498 2160 4581 bere
2179 4501 2348 4581 ipsum
2370 4500 2839 4581 [iurumHRegu‘ny-
2871 4502 2985 4581 ubi-
3007 4506 3332 4581 continentur
3357 4498 3620 4581 map/tela:

2022 4572 2181 4648 justi,
2209 4571 2423 4648 Samuel
2444 4571 2698 4648 uidelicet,
2725 4571 2839 4648 Gai!
2859 4573 3145 4648 etNatIian
3170 4592 3189 4630 :
3230 4578 3282 4629 in
3312 4571 3528 4648 quorum
3560 4586 3618 4637 li-

2031 4643 2120 4695 bro
2148 4645 2396 4713 scriptum
2416 4652 2509 4708 est,
2534 4643 2758 4713 qualiter
2787 4643 2920 4700 Saul
2960 4650 3197 4700 recedens
3233 4665 3264 4701 α
3300 4643 3478 4706 timore
3508 4653 3618 4709 Do-

2031 4714 2180 4793 mini.
2210 4731 2298 4780 per
2336 4714 2739 4793 inobedieutiam
2784 4732 2934 4793 suam
2984 4719 3156 4793 periit.
3203 4718 3337 4783 Hoc,
3370 4722 3587 4793 inquam

2031 4772 2290 4853 scriptum
2319 4786 2587 4852 reperitur
2638 4790 2691 4841 in
2745 4772 3158 4854 (ιυιιξειὶοῖηὺυε,
3183 4772 3277 4846 seu
3296 4772 3620 4851 Tradition;

2033 4856 2133 4910 bus
2156 4856 2318 4938 ilebr.
2363 4858 2417 4938 in
2442 4857 2610 4938 libros
2656 4856 3053 4938 Reg_tini,_qnte
3081 4862 3256 4938 vulgo
3289 4862 3618 4938 llieronymo

342 4931 456 4987 Nec
494 4923 627 4985 eam
653 4936 830 4983 tamen
865 4923 1287 4983 revocare'nnnc
1325 4930 1541 4983 demum
1568 4939 1651 4983 est
1692 4924 1927 4995 animus,
1957 4923 2012 4984 D
2036 4926 2285 4993 ascripta:
2328 4927 2658 4981 referuntur.
2692 4923 2848 4982 Liber
2882 4923 3283 4997 Justorumfait
3312 4923 3618 4995 l'alsus'ille

345 5002 441 5056 sed
471 5002 726 5056 lectorem
758 5000 858 5054 hac
878 5000 945 5053 de
969 5015 1028 5053 te
1055 5002 1326 5055 monuisse
1353 5000 1420 5054 sit
1447 5002 1598 5053 satis.

420 5072 447 5110 δ
478 5070 597 5127 Non
628 5074 788 5127 habet
827 5072 874 5126 ei
912 5070 1209 5127 Vet'oncus.
1242 5088 1343 5125 ms.
1377 5072 1519 5140 quod
1551 5080 1727 5127 tamen
1760 5071 1813 5125 in
1844 5070 1940 5125 hc-

348 5166 497 5222 brteo
526 5148 580 5225 τί)
604 5173 779 5221 sonat.

423 5248 443 5274 ε
470 5237 915 5309 DiximusUtujus
936 5235 1058 5309 edit.
1086 5236 1187 5309 col.
1206 5235 1301 5289 181
1324 5243 1482 5309 not._a
1525 5236 1546 5306 )
1574 5235 1696 5304 quid
1722 5236 1788 5289 de
1810 5235 1940 5289 libro

349 5308 617 5364 Justorum
658 5305 877 5363 Hieron.
922 5307 1200 5373 scripserit
1235 5324 1247 5358 :
1280 5305 1532 5375 quoniam
1564 5315 1741 5361 autem
1786 5309 1939 5376 plura

351 5382 525 5435 adhuc
551 5382 619 5435 de
637 5379 829 5435 eodem
860 5379 1131 5433 volumine
1154 5376 1255 5432 hoc
1288 5378 1407 5431 loco
1429 5377 1653 5431 dicenda
1691 5378 1943 5447 promisi-

351 5467 492 5514 mus,
533 5460 812 5521 superest,
852 5460 910 5503 ιιι
954 5449 1159 5504 Raban.
1204 5448 1441 5503 Maurum
1494 5448 1666 5516 capite
1710 5450 1740 5521 l_
1767 5448 1925 5502 Com-

352 5532 519 5578 ment.
564 5518 617 5577 in
648 5538 685 5577 ll
717 5522 810 5577 lib.
847 5522 1052 5590 Regum
1105 5523 1177 5575 ita
1219 5523 1580 5576 disserentem
1621 5518 1922 5574 audiamus.

358 5612 377 5647 ι
410 5594 563 5662 Quod
587 5609 716 5649 vero
736 5594 1000 5663 sequitur,
1035 5592 1243 5663 inquit:
1274 5591 1413 5645 sicut
1438 5592 1698 5663 seriplum
1754 5602 1835 5645 est
1874 5592 1929 5645 in

351 5665 493 5721 libro
517 5662 825 5730 J'ustornm,
846 5675 951 5718 etc.
984 5662 1161 5733 Ipsum
1194 5664 1389 5717 librum
1440 5662 1599 5718 hodie
1644 5675 1931 5730 nusquam,

352 5753 528 5807 neque
548 5738 687 5804 apud
713 5739 853 5805 ipsos
874 5735 1129 5807 Hebraeos
1149 5734 1377 5807 inveniri
1408 5750 1566 5804 posse
1588 5740 1932 5807 asseverant;

351 5803 491 5877 sicut
519 5803 619 5864 nec
664 5803 858 5863 lib—rum
909 5806 1186 5861 Bellorum
1228 5803 1466 5873 Domitii,
1516 5807 1673 5877 cujus
1716 5804 1767 5859 in
1792 5803 1938 5859 libro

352 5873 705 5938 Numerorum
734 5878 939 5933 mentio
969 5887 1055 5932 est
1086 5895 1098 5930 :
1131 5892 1307 5949 neque
1338 5873 1935 5947 carmiita'Salomonis,

635 5973 904 6037 Panos.
953 5969 1251 6035 XXVIII.

2040 4997 2580 5082 Hieronymushliber
2602 4999 2859 5082 Sqqmelis
2884 5011 2979 5065 est,
3004 5003 3090 5055 ubi
3130 5005 3457 5082 continentur
3501 5029 3622 5082 pro-

2041 5068 2369 5141 pltetwjusti,
2400 5076 2506 5125 etc.
2534 5070 2613 5125 Ex
2644 5072 2733 5126 illa
2765 5087 2906 5127 nunc
2942 5075 3329 5130 sententiarum
3365 5068 3629 5139 varietate

2046 5142 2180 5193 satis
2203 5143 2388 5209 liquet,
2419 5157 2571 5211 a'que
2602 5142 2842 5197 diversas
2870 5146 3148 5199 exstitisse
3185 5147 3254 5201 de
3282 5149 3416 5205 libro
3443 5151 3626 5208 Jusno-

2045 5228 2165 5266 rum
2188 5214 2470 5282 Opiniones
2492 5213 2859 5295 aptid‘veteres
2880 5215 3277 5295 ecclesiasticos
3304 5223 3623 5295 scriptores,

2047 5299 2111 5337 ac
2136 5298 2250 5347 eas,
2276 5300 2394 5354 qua:
2415 5287 2575 5339 modo
2592 5284 2836 5340 obtinent
2864 5288 3003 5355 apud
3026 5289 3245 5343 criticos
3259 5284 3619 5353 recentiores;

2047 5364 2101 5425 et
2131 5355 2272 5424 quod
2301 5356 2571 5425 praecipue
2593 5357 2870 5411 observari
2902 5358 3081 5423 velim,
3106 5357 3378 5417 diversum
3406 5380 3528 5421 esse
3554 5371 3625 5424 ab

2050 5424 2411 5496 llieronytno,
2446 5427 2621 5491 Beda,
2665 5438 2719 5481 et
2774 5427 2996 5482 Rabano
3048 5430 3233 5484 Mauro
3276 5434 3621 5495 scholiastem

2035 5495 2272 5575 {iunonis
2318 5496 2482 5575 llebr.
2534 5500 2779 5575 veritatis
2826 5511 3211 5575 auctoremque
3256 5509 3623 5575 quaestionum

2036 5566 2421 5622 Hebraicarum
2448 5568 2501 5622 in
2533 5568 2701 5624 libros
2731 5570 2958 5641 Regum.
2992 5566 3172 5628 Mser.

2083 5658 2137 5742 _d
2162 5660 2389 5745 Addant
2426 5661 2657 5745 Vulgati,
2698 5660 2764 5715 Et
2794 5665 2866 5717 ait
2899 5681 2919 5719 :
2960 5666 3272 5745 ‘Considera,
3315 5670 3503 5740 Israel,
3535 5692 3633 5745 pro

2042 5731 2119 5784 his
2143 5733 2231 5817 (ηεξ
2262 5734 2448 5787 mortui
2470 5744 2604 5817 .sunt
2638 5751 2792 5817 super
2833 5736 3032 5791 excelsa
3062 5749 3148 5817 tua
3178 5744 3428 5797 vulnerati
3459 5731 3631 5816 :qum

2044 5817 2145 5932 {1:0
2164 5803 2574 5933 ΙΗίιεξὲίέιιγιηὶειιιί
2604 5803 2838 5881 codices,
2868 5824 3042 5881 neque
3069 5808 3331 5870 Hebrwus
3362 5816 3482 5887 ipse
3512 5803 3630 5879 ὠχε-

2111 5890 2136 5931 s
2182 5893 2227 5932 ta
2330 5914 2347 5937 ο
