4144 6364
427 326 535 391 619

1434 330 1496 390 S.
1539 329 1926 390 lllERONYMl
1966 330 2197 392 DIVINA
2244 326 2729 393 BlBLlOTllECA.

3628 328 3735 397 610

429 444 771 503 annuntietis
801 441 855 502 in
880 445 1132 519 compitis
1160 445 1469 515 Ascalonis,
1511 462 1582 504 ne
1614 449 1754 505 forte
1784 448 2040 505 iactentur
2064 451 2120 514 Α
2145 450 2391 521 piscinae,
2443 458 2498 508 et
2530 449 2613 506 illi
2640 466 2705 505 ex
2733 447 2928 506 altera.
2959 445 3221 523 Dixitque
3246 447 3434 508 Abner
3460 449 3528 507 ad
3555 450 3736 510 Joab:

374 565 377 568 ν
422 542 551 597 lilia:
580 540 919 607 Philistliim,
945 557 1014 599 ne
1042 542 1323 599 exsultent
1350 541 1477 599 filiae
1502 542 2035 602 iucircumcisorum.

424 635 637 691 Montes
663 633 890 706 Gelbue,
926 650 1025 691 nec
1073 636 1164 693 ros
1191 640 1290 692 nec
1320 634 1498 707 pluvia
1526 637 1754 692 veniant
1780 634 1909 711 [Με.
1941 654 2036 694 ve-

423 726 563 799 niat]
608 743 777 798 super
806 743 927 794 vos,
958 743 1134 798 neque
1178 728 1291 783 sint
1331 729 1445 801 agri
1493 730 1879 800 primitiarum,
1908 732 2033 801 quia

425 821 500 876 ibi
533 820 778 891 abjectus
807 828 893 875 est
918 821 1141 892 clypeus
1172 820 1417 887 fortium,
1449 823 1674 895 clypeus
1705 823 1857 893 Saul,
1879 825 2033 897 quasi

433 929 545 971 non
578 923 723 971 esset
744 922 938 970 unctus
966 913 1108 970 oleo.
1136 914 1182 971 A
1210 916 1475 987 sanguine
1499 917 1932 985 interfectorum,
1964 918 2035 975 ab

423 1006 585 1078 adipe
624 1007 868 1073 fortium,
903 1008 1096 1078 sagitta
1123 1007 1392 1064 Jonathan
1430 1028 1723 1084 numquam
1752 1012 1913 1068 rediit
1943 1028 2034 1069 re-

425 1114 687 1170 trorsum,
708 1084 990 1174 etgladius
1008 1103 1133 1158 Saul
1162 1119 1268 1160 non
1295 1115 1378 1161 est
1400 1121 1659 1162 reversus
1682 1107 1878 1163 inanis.
1898 1107 2030 1164 Saul

423 1205 478 1252 et
501 1195 771 1253 Jonatban
801 1195 1065 1251 amabiles
1089 1182 1144 1253 et
1173 1196 1358 1253 decori
1392 1199 1446 1253 in
1473 1198 1583 1254 vita
1614 1214 1732 1268 sua,
1761 1198 1814 1254 in
1855 1208 2031 1256 morte

421 1305 640 1363 quoque
671 1306 777 1347 non
808 1299 933 1346 sunt
962 1290 1144 1360 divisi,
1192 1291 1388 1363 aquilis
1425 1293 1752 1362 velociores,
1779 1291 2029 1350 leonibus

418 1383 691 1441 fortiores.
721 1384 871 1441 Filiae
904 1385 1094 1453 Israel,
1118 1403 1282 1459 super
1310 1387 1439 1444 Saul
1468 1388 1615 1456 flete,
1644 1392 1733 1463 qui
1760 1391 2030 1447 vestiebat

413 1490 511 1531 vos
547 1477 771 1533 coccino
811 1480 862 1532 in
901 1476 1134 1544 deliciis,
1178 1479 1270 1550 qui
1307 1480 1584 1550 praebebat
1632 1490 1657 1520 α
1704 1491 2026 1557 ornamenta

420 1583 583 1623 aurea
635 1569 804 1624 cultui
849 1581 1053 1625 vestro.
1086 1570 1373 1639 Quomodo
1418 1573 1741 1632 ceciderunt
1771 1576 1942 1633 fortes
1972 1577 2023 1632 in

422 1662 611 1732 prazlio
640 1682 652 1718 :
683 1661 954 1719 Jonathan
986 1662 1041 1719 in
1069 1666 1303 1722 excelsis
1335 1667 1445 1725 tuis
1476 1669 1691 1727 occisus
1721 1680 1826 1727 est.
1859 1672 2025 1729 Doleo

415 1770 579 1825 super
608 1762 682 1826 te,
715 1755 884 1813 frater
904 1758 977 1812 nti
998 1757 1296 1827 Jonatltan,
1321 1759 1519 1818 decore
1556 1763 1718 1819 nimis
1748 1764 1824 1837 [h.
1851 1764 2026 1821 Decor

2140 541 2381 615 Surgant
2407 541 2595 615 pueri,
2625 548 2681 598 et
2703 539 2896 598 ludant
2926 556 3111 598 coram
3140 541 3322 600 nobis.
3355 543 3427 600 Et
3456 544 3740 616 respondit

2137 635 2274 694 Joab
2298 655 2310 691 :
2349 636 2607 708 Surgant.
2635 632 3013 693 Surrexerunt
3043 652 3174 709 ergo
3195 646 3251 694 et
3280 638 3624 695 transierunt
3644 656 3740 695 nu.

2136 743 2291 786 mero
2308 727 2598 785 duodecim
2627 727 2696 784 de
2711 726 3018 799 Benjamin,
3039 744 3106 785 ex
3126 736 3282 801 parte
3308 729 3604 787 Ilisboseth
3637 730 3736 786 lilii

2135 822 2296 891 Saul,
2327 832 2383 879 et
2411 821 2703 878 duodecim
2731 821 2802 879 de
2840 825 3029 895 pueris
3057 821 3253 880 David.
3282 822 3377 897 [Τ.
3407 823 3733 899 ιχχχνι.]

2135 918 2614 991 Apprebensoque
2656 919 3034 991 unusquisque
3067 919 3249 990 capite
3295 921 3570 991 compari:
3601 920 3731 992 sui,

2134 1011 2325 1066 defixit
2346 1010 2583 1082 gladium
2615 1011 2667 1066 in
2706 1011 2850 1067 latus
2878 1011 3184 1081 contrarii,
3233 1021 3292 1069 et
3316 1012 3636 1070 ceciderunt
3660 1014 3732 1069 si-

2134 1092 2288 1161 mul:
2322 1112 2683 1176 vocatumque
2727 1113 2812 1161 est
2858 1120 3058 1163 nomen
3106 1105 3212 1163 loci
3255 1107 3442 1165 illius:
3473 1106 3620 1180 Ager
3649 1124 3735 1164 ro-

2132 1196 2441 1267 bustorum,
2493 1199 2545 1254 in
2576 1198 2821 1255 Gabaon.
2857 1201 2924 1256 Et
2963 1212 3142 1263 ortum
3177 1211 3262 1259 est
3300 1184 3506 1259 bellum
3534 1202 3728 1259 durum

2139 1292 2278 1347 satis
2307 1289 2450 1363 [Ms.
2500 1300 2642 1348 tacet
2669 1291 2833 1365 satis]
2858 1293 2912 1349 in
2960 1292 3050 1350 die
3098 1295 3227 1364 illa,
3278 1295 3600 1367 fugatusque
3647 1309 3734 1353 est

2129 1384 2314 1440 Abner
2335 1425 2350 1451 ,
2382 1392 2433 1441 et
2475 1386 2575 1440 viri
2606 1385 2792 1451 lsrael,
2855 1401 2907 1440 a-
2932 1389 3117 1458 pueris
3143 1387 3231 1460 [ιι.
3263 1404 3292 1442 a
3321 1387 3495 1462 viris]
3526 1387 3720 1445 David.

2129 1479 2303 1535 Erant
2327 1489 2508 1536 autem
2540 1480 2614 1536 ibi
2648 1490 2759 1537 tres
2788 1479 2878 1536 filii
2906 1481 3137 1548 Serviat,
3156 1482 3315 1553 Joab,
3344 1490 3401 1539 et
3430 1482 3637 1551 Abisai,
3670 1490 3729 1539 et

2130 1575 2294 1631 Asacl
2325 1592 2338 1629 :
2365 1590 2534 1646 porro
2565 1576 2726 1632 Asael
2741 1591 2933 1632 cursor
2954 1576 3337 1635 velocissimus
3359 1574 3460 1633 fuit
3480 1575 3566 1649 [ιι.
3601 1592 3727 1647 por-

2128 1682 2192 1723 ro
2227 1667 2390 1724 Asael
2420 1668 2798 1726 velocissimus
2842 1671 2895 1727 in
2924 1670 3157 1742 pedibus
3186 1669 3346 1742 fuit],
3377 1671 3532 1743 quasi
3581 1686 3726 1727 unus

2127 1776 2200 1816 ex
2248 1762 2484 1834 capreis,
2526 1778 2647 1833 quas
2691 1772 2981 1819 morantur
3030 1765 3084 1820 in
3113 1765 3265 1821 silvis
3293 1764 3380 1838 [h.
3435 1765 3488 1821 in
3515 1764 3719 1838 agris].

414 1846 584 1922 enim]
607 1891 621 1916 ,
665 1857 721 1905 et
765 1849 1016 1913 amabilis
1059 1868 1226 1922 super
1253 1869 1498 1911 amorem
1544 1856 1833 1913 mulierum
1891 1856 2020 1931 [Ms.
2051 1856 2099 1919 Β
2127 1854 2571 1927 Persequebatur
2600 1868 2783 1915 autem
2818 1860 2976 1916 Asael
3008 1860 3217 1929 Abner,
3249 1868 3307 1918 et
3333 1876 3441 1917 non
3481 1860 3723 1918 declina-

414 1941 708 2023 mulieris].
739 1943 765 1982 ι)
796 1942 1081 2013 Quomodo
1112 1945 1428 2005 ceciderunt
1469 1948 1703 2020 robusti,
1744 1959 1801 2006 et
1836 1942 2019 2024 perie-

414 2018 541 2091 runt
565 2052 712 2091 arma
740 2037 956 2095 bellica.

485 2125 649 2199 [Cap.
682 2124 791 2200 ll.]
824 2128 994 2202 lgitur
1022 2142 1149 2203 post
1188 2131 1307 2190 haec
1335 2134 1612 2192 consuluit
1633 2135 1803 2193 David
1836 2137 2021 2194 Domi-

414 2238 568 2291 num,
606 2221 793 2280 dicens
825 2243 838 2279 :
870 2224 1007 2282 Num
1056 2229 1349 2285 ascendam
1381 2230 1435 2285 in
1483 2246 1645 2286 unam
1677 2231 1747 2287 de
1775 2232 2017 2288 civitati-

414 2318 515 2373 bus
545 2316 728 2372 Juda?
761 2316 827 2373 Et
854 2320 927 2375 ait
959 2320 1219 2378 Dominus
1242 2322 1308 2378 ad
1337 2339 1460 2379 eum
1494 2342 1507 2378 :
1542 2325 1811 2382 Ascende.
1848 2327 2018 2383 Dixit-

418 2425 527 2479 que
574 2410 788 2466 David:
827 2411 945 2481 Quo
989 2415 1326 2472 ascendam?
1372 2417 1441 2473 Et
1487 2416 1774 2490 respondit
1821 2419 1871 2475 ei
1908 2436 1921 2473 :
1952 2419 2013 2476 lu

420 2501 667 2558 llebron.
697 2503 963 2561 Ascendit
986 2522 1117 2580 ergo
1143 2507 1309 2565 David
1337 2553 1353 2579 ,
1384 2519 1439 2567 et
1477 2510 1598 2567 dua:
1630 2528 1827 2569 uxores
1856 2512 1973 2584 ejus
1996 2554 2014 2581 ,

415 2593 685 2652 Abinoeni
714 2594 1038 2655 Jezraelites
1059 2641 1073 2665 ,
1107 2610 1162 2657 et
1209 2599 1424 2673 Abigaii
1470 2618 1608 2660 uxor
1636 2603 1807 2660 Nabal
1840 2604 2015 2662 Char-

418 2688 546 2743 meli
572 2706 585 2742 :
618 2686 713 2744 sed
743 2687 914 2756 viros,
943 2690 1035 2763 qui
1056 2704 1209 2750 erant
1241 2709 1364 2750 cum
1392 2710 1482 2763 eo,
1515 2695 1673 2751 duxit
1704 2696 1873 2754 David
1895 2697 2010 2754 sin-

417 2780 600 2851 gulos,
648 2797 771 2837 cum
805 2781 969 2839 domo
995 2799 1114 2854 sua,
1147 2795 1540 2844 etmanserunt
1565 2789 1619 2845 in
1664 2789 1877 2862 oppidis
1908 2789 2013 2848 He-

416 2874 574 2930 bron.
610 2872 704 2945 [T.
755 2872 1078 2950 LXXXIV.]
1130 2877 1520 2951 Veneruntque
1574 2878 1676 2936 viri
1727 2880 1906 2949 Juda,
1956 2892 2011 2939 et

404 2976 685 3023 unxerunt
713 2965 783 3023 ibi
813 2967 1007 3037 David,
1043 2980 1095 3025 ut
1127 2982 1377 3044 regnaret
1403 2988 1566 3044 super
1585 2973 1803 3031 domum
1844 2975 2004 3033 Juda.

408 3057 480 3115 Et
505 3057 809 3114 nuntiatum
840 3069 924 3115 est
955 3060 1146 3129 David,
1177 3061 1319 3133 quod
1352 3064 1450 3119 viri
1478 3063 1644 3120 Jabcs
1691 3064 1894 3122 Galaad
1922 3081 2009 3123 se-

406 3149 672 3220 pelissent
712 3151 863 3211 Saul.
911 3151 1058 3209 Misit
1104 3170 1235 3227 ergo
1282 3155 1723 3214 David-nuntios
1762 3158 1829 3215 ad
1860 3160 2007 3218 viros

2124 1947 2201 2005 vit
2224 1949 2290 2004 ad
2313 1949 2592 2005 dexteram
2620 1966 2799 2023 neque
2820 1951 2960 2025 [Μσ.
2991 1952 3138 2027 sive]
3165 1953 3233 2011 ad
3255 1954 3536 2012 sinistram
3562 1957 3722 2012 omit-

2123 2054 2245 2100 teus
2293 2046 2551 2116 persequi
2584 2046 2788 2103 Abner.
2840 2047 3111 2119 Rexpexit
3147 2050 3333 2122 itaque
3374 2050 3560 2107 Abner
3598 2060 3724 2123 post

2120 2145 2333 2209 tergum
2365 2154 2547 2208 suum,
2588 2148 2643 2196 et
2670 2140 2750 2197 ait
2782 2160 2796 2196 ι
2822 2140 2978 2199 Tune
3007 2158 3068 2198 es
3095 2143 3309 2200 Asael‘l
3353 2143 3454 2213 Qui
3486 2160 3715 2216 respono

2116 2231 2236 2289 dit:
2268 2233 2383 2304 Ego
2428 2249 2571 2290 sum.
2624 2233 2877 2305 Dixitque
2904 2235 2957 2290 ci
2986 2235 3173 2292 Abner
3199 2254 3213 2292 :
3253 2235 3404 2294 Vade
3431 2237 3498 2293 ad
3530 2236 3718 2294 dexte-

2116 2337 2272 2392 ram,
2315 2324 2434 2380 sive
2461 2324 2527 2380 ad
2560 2325 2880 2394 sinistram,
2923 2335 2981 2383 et
3025 2327 3379 2399 apprehende
3424 2338 3591 2385 unum
3647 2330 3717 2387 de

2115 2415 2570 2473 adolescentibus
2615 2416 2714 2490 [h.
2747 2418 2816 2475 de
2845 2418 3097 2493 pueris],
3140 2430 3196 2479 et
3235 2421 3364 2478 tolle
3396 2422 3491 2480 tibi
3539 2423 3713 2493 spolia

2115 2508 2253 2578 ejus.
2285 2508 2473 2565 Noluit
2516 2520 2698 2566 autem
2750 2512 2913 2568 Asael
2955 2514 3255 2583 omittere,
3303 2516 3435 2586 quin
3493 2527 3718 2589 urgeret

2113 2614 2259 2656 eum.
2293 2600 2635 2673 Rursumque
2670 2602 2884 2660 locutus
2911 2614 2995 2661 est
3026 2605 3213 2663 Abner
3241 2606 3308 2663 ad
3336 2607 3500 2666 Asael
3534 2626 3549 2664 :
3598 2608 3709 2666 Re-

2111 2693 2271 2760 cede,
2318 2695 2432 2750 noli
2466 2712 2553 2751 me
2579 2698 2755 2769 sequi,
2800 2714 2869 2756 ne
2893 2700 3197 2772 compellar
3241 2702 3537 2760 confsdcre
3578 2715 3628 2760 te
3654 2704 3710 2760 in

2112 2794 2335 2857 terram,
2369 2797 2423 2846 et
2447 2789 2631 2846 levare
2672 2807 2779 2846 non
2822 2802 3012 2861 potero
3043 2794 3238 2851 faciem
3266 2810 3441 2853 meam
3470 2796 3537 2853 ad
3572 2795 3710 2855 Joab

2110 2878 2334 2936 fratrem
2363 2892 2535 2936 tuum.
2569 2882 2671 2951 Qui
2700 2884 2894 2942 audire
2921 2888 3274 2959 contempsit,
3313 2898 3370 2946 et
3394 2891 3576 2946 noluit
3613 2893 3709 2948 de-

2110 2973 2333 3030 clinare.
2369 2974 2466 3049 [T.
2516 2976 2868 3053 LXXXVll.]
2900 2980 3177 3039 Percussit
3205 2998 3339 3055 ergo
3368 2999 3495 3041 eum
3524 2983 3709 3042 Abuer

2108 3082 2301 3123 aversa
2331 3067 2489 3125 basta
2518 3070 2571 3126 in
2605 3073 2821 3144 inguine
2845 3116 2861 3143 ,
2901 3083 2959 3131 et
2986 3076 3277 3133 transfodit
3297 3093 3422 3134 eum
3453 3078 3594 3151 [318.
3626 3077 3709 3136 1³4

2106 3171 2195 3217 cet
2221 3162 2379 3236 eum]
2404 3171 2458 3218 et
2499 3173 2746 3221 mortuus
2778 3176 2859 3223 est
2889 3166 2942 3223 in
2972 3168 3165 3225 eodem
3210 3169 3332 3225 loco
3364 3188 3376 3223 :
3407 3187 3706 3244 onmesque

410 3240 578 3298 Jabes
607 3241 809 3299 Galaad
832 3286 846 3310 ,
877 3243 1126 3317 dixitque
1152 3246 1218 3303 ad
1248 3262 1343 3305 eos
1377 3265 1391 3303 :
1442 3248 1727 3307 Benedicti
1754 3266 1851 3308 vos
1891 3254 1998 3309 Do-
2030 3251 2076 3318 C
2104 3252 2199 3325 qui
2232 3255 2536 3313 transibant
2558 3273 2653 3329 per
2683 3258 2886 3331 locum,
2920 3259 2975 3317 in
3001 3278 3111 3334 quo
3133 3263 3407 3320 ceciderat
3430 3240 3631 3335 Asael,‘
3652 3273 3707 3322 et
3762 3294 3767 3299 -

412 3335 584 3403 mino,
615 3335 708 3407 qui
735 3335 945 3394 fecistis
984 3339 1417 3397 misericordiam
1460 3340 1601 3400 hanc
1624 3358 1746 3401 cum
1783 3346 2004 3406 domino

407 3436 596 3484 vestro
624 3427 792 3497 Saul,
843 3440 898 3486 et
926 3433 1201 3502 sepelistis
1249 3448 1394 3490 eum.
1452 3432 1516 3490 Et
1549 3448 1695 3493 nunc
1742 3438 2005 3497 retribuet

415 3519 643 3591 quidem
667 3520 822 3578 vobis
854 3522 1111 3580 Dominus
1134 3526 1566 3585 misericordiam
1597 3538 1651 3587 et
1683 3530 1962 3590 veritatem
1988 3555 2000 3589 :

412 3611 508 3667 sed
539 3618 596 3668 et
623 3627 722 3684 ego
751 3612 974 3670 reddam
1030 3616 1282 3688 gratiam,
1317 3634 1383 3676 eo
1422 3620 1568 3692 quod
1612 3621 1854 3683 feceritis
1881 3642 2006 3682 ver-

408 3704 537 3760 bum
568 3703 733 3761 istud.
764 3704 865 3778 [T.
895 3707 1197 3783 LXXXV.]
1241 3712 1632 3772 Confortentur
1656 3733 1848 3775 manus
1881 3734 2003 3778 ves-

413 3811 528 3866 tras,
561 3812 617 3858 et
654 3810 838 3859 estote
863 3802 961 3860 filii
994 3803 1349 3862 fortitudinis.
1379 3807 1535 3866 Licet
1575 3812 1724 3867 enim
1757 3824 2005 3871 mortuus

405 3893 479 3948 sit
518 3892 775 3949 dominus
810 3904 999 3953 vester
1049 3898 1177 3954 Saul
1203 3943 1217 3968 ,
1270 3908 1453 3957 tamen
1501 3919 1589 3961 me
1618 3906 1782 3962 unxit
1809 3907 2003 3966 domus

408 3980 548 4041 Juda
582 4000 764 4057 regem
793 3987 923 4044 sibi.
949 3988 1136 4046 Abner
1174 3999 1357 4049 autem
1388 3994 1533 4051 filius
1561 3995 1702 4066 Ner,
1748 3999 2005 4072 princeps

363 4096 370 4105 ·
408 4076 681 4134 exercitus
696 4079 847 4147 Saul,
863 4081 985 4136 tulit
1007 4080 1297 4140 Ilisboseth
1316 4082 1486 4142 filium
1513 4085 1667 4156 Saul,
1689 4097 1748 4147 et
1772 4089 2005 4148 circuiu-

415 4171 569 4227 duxit
600 4188 722 4229 eum
748 4189 847 4245 per
875 4185 1057 4233 castra
1090 4177 1179 4249 [h.
1229 4178 1281 4235 in
1314 4180 1586 4237 mabnaim
1614 4226 1629 4250 ,
1661 4185 1805 4257 quod
1836 4187 2004 4245 inter-

408 4274 679 4337 pretatur,
704 4268 936 4343 castra],
967 4286 1258 4344 regemque
1292 4278 1577 4334 constituit
1612 4294 1777 4351 super
1800 4283 2001 4341 Galaad

410 4368 467 4413 et
495 4372 661 4430 super
687 4360 881 4418 Gesuri
915 4361 1005 4434 [h.
1033 4364 1276 4438 Assuri],
1309 4374 1364 4423 et
1390 4383 1554 4440 super
1579 4371 1811 4442 Jezrael,
1838 4384 1891 4431 et
1911 4391 2003 4433 su-

411 4466 509 4522 per
561 4452 858 4524 Ephraim,
903 4464 959 4512 et
1001 4470 1165 4530 super
1214 4452 1517 4532 lieujainin,
1564 4474 1620 4521 et
1645 4482 1808 4539 super
1835 4468 2002 4528 lsrael

406 4543 745 4603 universum.
762 4546 1126 4621 Quadraginta
1142 4566 1409 4609 annorum
1430 4567 1545 4612 erat
1561 4558 1844 4617 llisbosetli
1860 4563 2002 4622 ﬁlius

2106 3360 2355 3405 mortuus
2392 3359 2539 3421 erat,
2589 3352 2984 3410 subsistebant.
3030 3354 3492 3429 Persequentlbus
3523 3368 3705 3416 autem

2107 3439 2244 3496 Joab
2289 3450 2344 3497 et
2388 3441 2570 3500 Abisai
2622 3442 2918 3517 fugientem
2948 3446 3136 3505 Abner
3164 3449 3252 3522 [Ιι.
3298 3461 3417 3522 post
3446 3446 3661 3526 Abuer]
3688 3496 3703 3521 ,

2106 3532 2190 3588 sol
2233 3533 2509 3605 occubuit,
2556 3545 2612 3593 et
2653 3548 2919 3595 venerunt
2959 3556 3129 3613 usque
3166 3541 3235 3599 ad
3286 3544 3493 3602 Colletu
3552 3561 3707 3617 aquae

2113 3623 2334 3693 ductus,
2362 3627 2453 3696 qui
2500 3638 2586 3683 est
2614 3644 2680 3685 ex
2710 3630 2949 3688 adverso
2987 3634 3145 3689 vallis
3178 3635 3386 3692 itineris
3417 3637 3619 3694 deserti
3651 3640 3704 3694 in

2110 3715 2363 3774 Gabaon.
2383 3717 2819 3794 Congregatique
2841 3723 3079 3782 sunttilii
3096 3724 3379 3799 Benjamin
3407 3728 3473 3784 ad
3498 3728 3702 3797 Abner,

2110 3821 2165 3867 et
2222 3812 2531 3885 conglobati
2562 3813 2700 3890 [Με.
2730 3818 3077 3894 congregati]
3108 3822 3159 3877 in
3209 3838 3377 3879 unum
3425 3839 3656 3881 cuneum
3685 3867 3702 3894 ,

2110 3917 2385 3966 steterunt
2414 3910 2467 3965 in
2495 3914 2808 3971 summitate
2836 3916 3031 3973 tumuli
3064 3918 3242 3973 unius.
3272 3918 3341 3974 Et
3379 3921 3706 3977 exclamavit
3766 3918 3773 3921 ’

2106 3997 2289 4056 Abner
2314 4001 2384 4058 ad
2413 4001 2551 4058 Jonb
2580 4010 2636 4060 et
2665 4007 2740 4061 ait
2765 4024 2777 4060 :
2805 4006 2944 4063 Num
2978 4023 3148 4081 usque
3176 4008 3244 4069 ad
3271 4009 3703 4069 internecionem

2108 4096 2231 4149 tuus
2257 4091 2349 4165 [h.
2385 4109 2491 4151 non
2526 4095 2713 4167 habet,
2761 4098 2913 4173 tuus]
2946 4098 3442 4159 mucrodcsaaviet?
3464 4104 3708 4176 anigno-

2105 4200 2196 4242 ras
2223 4186 2368 4257 quod
2417 4190 2723 4258 periculosa
2759 4192 2829 4248 sit
2873 4192 3228 4266 desperatio?
3259 4196 3349 4269 [h.
3379 4214 3447 4255 an
3488 4198 3706 4271 ignoras

2107 4280 2252 4352 quod
2283 4294 2500 4337 amarus
2530 4284 2635 4340 erit
2669 4284 2792 4340 linis
2819 4285 2878 4359 i]
2925 4300 3207 4360 usquequo
3260 4306 3366 4345 non
3412 4290 3552 4349 dicis
3606 4307 3703 4363 po-

2107 4375 2256 4446 pulo,
2289 4386 2347 4431 ut
2378 4378 2593 4435 omittat
2620 4380 2879 4452 persequi
2911 4380 3110 4441 fratres
3149 4399 3312 4453 suos,
3341 4397 3393 4443 et
3422 4388 3498 4444 ait
3525 4387 3663 4445 Joab
3691 4408 3702 4444 :

2111 4467 2252 4525 Vivit
2280 4468 2422 4528 Deus
2442 4472 2485 4527 si
2516 4472 2733 4530 locutus
2759 4473 2977 4544 fuisses,
3011 4492 3174 4535 mane
3197 4482 3510 4538 recessisset
3536 4498 3707 4554 popu-

2107 4558 2193 4616 lus
2235 4575 2570 4634 persequens
2617 4562 2841 4622 fratrem
2887 4582 3069 4623 suum.
3113 4567 3362 4627 Insonuit
3400 4588 3532 4646 ergo
3569 4573 3704 4631 Jo:ub

413 4637 571 4707 Saul,
601 4656 727 4696 cum
759 4657 992 4713 regnare
1021 4644 1279 4715 cmpisSet
1307 4661 1478 4720 super
1498 4649 1687 4721 lsrael,
1710 4662 1765 4711 et
1789 4656 2000 4717 duobus
2025 4658 2077 4721 D
2108 4653 2363 4723 buccina,
2394 4665 2449 4713 et
2473 4658 2626 4715 stetit
2655 4662 2835 4717 omnis
2864 4662 3137 4720 exercitus
3158 4660 3177 4738 [
3196 4664 3250 4720 Ιι.
3281 4637 3572 4741 populiis],
3602 4685 3703 4726 nec

407 4730 565 4785 annis
595 4732 845 4803 regnavit
876 4750 890 4789 :
923 4734 1038 4791 sola
1063 4746 1246 4793 autem
1278 4734 1474 4799 domus
1500 4741 1636 4801 Juda
1663 4750 2000 4820 sequebatur

401 4821 591 4878 David.
622 4822 691 4879 Et
721 4824 822 4880 fuit
864 4842 1127 4885 numerus
1156 4829 1373 4889 dierum
1440 4851 1580 4906 quos
1623 4852 1997 4903 commoratus

401 4925 481 4971 est
513 4914 707 4985 David,
737 4918 1017 4990 imperans
1043 4922 1097 4979 in
1126 4922 1342 4982 llebron
1372 4942 1540 4999 super
1565 4929 1787 4989 domum
1814 4935 1950 4993 Julia
1980 4980 1994 5005 ,

400 5018 614 5079 septem
642 5025 937 5082 annorum,
964 5024 1018 5072 et
1045 5029 1143 5072 sex
1184 5020 1477 5077 mensium.
1512 5022 1888 5100 Egressusque
1913 5040 1998 5087 est

399 5100 587 5156 Abner
617 5101 763 5158 filius
795 5103 939 5177 Ner,
976 5114 1030 5162 ct
1056 5110 1213 5179 pueri
1255 5110 1546 5168 Ilisboseth
1582 5113 1677 5171 filii
1706 5116 1832 5175 Saul
1855 5162 1871 5188 ,
1927 5121 1997 5180 de

398 5195 601 5251 castris
629 5195 637 5263 Ι
669 5194 726 5251 b.
758 5196 828 5254 de
859 5199 1169 5273 mabnaim]
1200 5203 1254 5258 in
1285 5202 1532 5262 Gabaon.
1567 5206 1738 5266 Porro
1776 5211 1912 5272 Joab
1939 5217 1999 5273 ll-

395 5284 502 5340 lius
529 5283 763 5355 Sarviaa,
793 5296 848 5344 et
872 5290 1027 5360 pueri
1047 5290 1209 5347 David
1238 5296 1448 5364 egressi
1476 5305 1624 5367 sunt,
1660 5307 1716 5357 et
1740 5316 1999 5360 occurre-

392 5385 521 5433 runt
559 5379 642 5435 eis
664 5381 819 5450 juxta
852 5381 1121 5452 piscinam
1165 5382 1411 5444 Gabaon.
1457 5387 1524 5446 Et
1567 5404 1690 5447 cum
1738 5393 1791 5448 in
1822 5411 1992 5453 unum

2104 4748 2383 4819 persecuti
2412 4761 2541 4808 sunt
2571 4752 2711 4809 ultra
2744 4754 2939 4825 lsrael,
2976 4772 3152 4826 neque
3197 4758 3369 4817 iniere
3395 4772 3699 4822 certamen.

2104 4839 2292 4897 Abner
2320 4852 2500 4899 autem
2526 4852 2586 4898 et
2620 4846 2725 4899 viri
2752 4844 2873 4916 ejus
2918 4845 3173 4904 abierunt
3199 4862 3296 4921 per
3334 4860 3659 4926 campestria
3682 4903 3698 4929 ,

2106 4937 2218 4988 tota
2249 4942 2409 4990 nocte
2437 4934 2550 5002 illa,
2582 4947 2639 4993 et
2664 4938 3005 4995 transierunt
3029 4939 3325 5001 Iordanem
3347 4987 3363 5014 ,
3393 4955 3449 5005 et
3474 4949 3701 5009 lustrata

2106 5027 2255 5082 omni
2282 5028 2613 5102 Beth-Oron,
2638 5043 2907 5090 venerunt
2931 5032 2999 5091 ad
3026 5045 3204 5093 castra
3231 5038 3329 5112 [ad
3363 5041 3636 5100 malmaim
3656 5045 3696 5117 1.

2104 5116 2277 5173 Porro
2323 5120 2461 5176 Joab
2496 5137 2753 5180 reversus
2777 5166 2794 5193 ,
2827 5120 3034 5183 omisso
3076 5126 3297 5198 Abner,
3349 5116 3700 5207 congregavit

2101 5226 2322 5269 omnem
2355 5216 2610 5287 populum
2629 5257 2647 5285 ,
2675 5227 2731 5274 et
2766 5217 3060 5275 defuerunt
3087 5220 3156 5277 de
3185 5224 3371 5294 pueris
3398 5226 3570 5284 David
3600 5228 3696 5285 de-

2097 5321 2220 5362 cem
2251 5317 2305 5364 ct
2355 5322 2555 5366 novem
2587 5310 2725 5377 viri,
2763 5320 2996 5383 excepto
3041 5313 3256 5371 Asaele.
3309 5314 3466 5373 Servi
3515 5330 3695 5378 autem

2098 5398 2269 5457 David
2318 5414 2715 5476 percusserunt
2760 5405 2829 5463 de
2873 5406 3177 5480 Benjamin,
3225 5420 3281 5468 et
3319 5411 3385 5467 de
3430 5413 3562 5474 viris
3605 5417 3698 5488 qui

389 5473 814 5543 convenissent,
854 5491 884 5532 e
923 5474 1155 5547 regione
1184 5476 1484 5551 sederunt,
1527 5480 1584 5539 bi
1609 5498 1677 5540 ex
1708 5500 1812 5543 una
1841 5500 1995 5559 parte
2095 5473 2406 5553 erantcum
2435 5496 2640 5568 Abner,
2689 5507 2965 5557 trecentos
2999 5500 3284 5573 sexaginta
3320 5514 3344 5544 α
3378 5504 3570 5576 Viros,
3603 5473 3695 5580 qui

457 5633 564 5707 Fin
597 5635 907 5693 Veronens.
947 5652 1081 5707 ms.,
1127 5640 1451 5699 indumenta.

449 5703 477 5743 δ
502 5707 725 5794 Addunt
754 5707 992 5794 vulgati,
1016 5703 1167 5794 5:56:41
1194 5723 1360 5769 mater
1380 5717 1765 5794 unicumgpwt
1804 5723 1978 5794 ﬁlium

374 5793 525 5858 suum
553 5796 570 5833 :
600 5779 674 5862 ita
697 5796 787 5865 ego
807 5788 860 5865 Le
879 5781 1156 5865 diligebam
1181 5800 1200 5850 ;
1227 5800 1346 5865 qua;
1373 5791 1571 5865 nedum
1601 5779 1979 5865 Hieron'ymia;

376 5849 430 5903 ni
460 5865 592 5907 mss.
624 5846 773 5923 juxia
806 5846 1093 5912 Hebraeum
1123 5846 1431 5930 cntemplar,
1464 5846 1560 5919 sed
1591 5846 1976 5936 etvipsa-Ediii—o

2102 5665 2203 5714 τῶν
2224 5657 2380 5732 LXX
2406 5661 2642 5732 ignorat.

2165 5740 2187 5768 ο
2221 5730 2388 5815 Tacet
2417 5730 2522 5791 ms.
2550 5731 2853 5794 Veronens.
2888 5736 3030 5794 viros
3055 5778 3071 5807 ,
3111 5737 3255 5812 quod
3286 5744 3341 5797 et
3369 5739 3583 5815 Vulgati
3614 5743 3694 5801 fa-

2086 5800 2259 5859 ciunt.
