4144 6364
343 360 443 421 621

1642 354 1848 415 LIBER
1888 354 1935 415 II
1973 356 2342 419 SAMUELIS.

3536 368 3644 426 622

344 485 402 534 et
431 472 634 533 mortui
666 480 816 531 sunt.
862 472 1235 548 Tuleruntque
1266 473 1460 540 Asael,
1511 481 1570 530 et
1614 473 1947 542 sepelierunt
1974 475 2024 538 Α
2055 474 2143 530 vid
2174 474 2397 531 salvabo
2425 473 2687 546 populum
2720 489 2900 533 meum
2930 476 3097 534 Israel
3130 476 3201 534 de
3226 492 3393 536 manu
3438 479 3639 537 Philis-

346 590 471 630 eum
501 574 553 629 in
582 572 835 643 sepulcro
866 572 1034 644 patris
1060 573 1144 628 sui
1171 573 1225 627 in
1249 570 1601 637 Deth-Lcem,
1625 578 1680 625 et
1704 567 1950 623 ambula-

345 676 539 725 verunt
574 674 685 722 tota
718 675 877 722 nocte
906 664 1045 722 Joab
1068 676 1122 722 et
1153 667 1257 722 viri
1290 666 1382 738 qui
1414 671 1574 721 erant
1597 678 1719 719 cum
1748 678 1846 733 eo,
1894 668 1952 719 et

348 764 402 819 in
435 763 552 833 ipso
584 759 913 831 crepusculo
942 770 1307 832 pervenerunt
1338 759 1394 817 in
1427 758 1669 816 Hebron.

423 855 591 932 [Cap.
623 855 750 930 ιιι]
785 855 948 911 Facta
971 866 1208 928 estergo
1235 856 1396 928 longa
1436 853 1777 911 concertatio
1807 853 1952 909 inter

346 954 573 1009 domum
609 952 739 1010 Saul
768 962 822 1008 et
860 951 1003 1009 inter
1044 952 1265 1009 domum
1311 952 1481 1008 David
1513 969 1526 1005 :
1578 950 1744 1006 David
1789 948 1953 1020 profi-

351 1045 709 1120 ciens[Vulg.
731 1044 1123 1118 proficiscens],
1145 1057 1197 1102 et
1214 1062 1324 1103 sem
1334 1061 1429 1117 per
1442 1046 1625 1115 seipse
1651 1043 1948 1109 robustior,

346 1141 546 1196 domus
633 1151 819 1197 autem
902 1139 1032 1195 Saul
1117 1140 1442 1195 decrescens
1519 1136 1786 1209 quotidie.
1853 1136 1948 1210 [T.

346 1232 723 1306 LXXXVIIH
775 1233 1009 1304 Natique
1059 1242 1187 1290 sunt
1232 1234 1325 1288 lilii
1376 1231 1542 1288 David
1584 1233 1635 1287 in
1683 1231 1948 1287 llebron:

347 1329 560 1398 fuitque
608 1326 1002 1397 primogenitus
1049 1326 1166 1397 ejus
1196 1328 1407 1381 Amnon
1452 1325 1519 1381 de
1548 1324 1817 1381 Altinoem
1856 1323 1950 1380 Je-

346 1420 654 1487 zraelitide,
704 1432 758 1475 et
799 1430 923 1491 post
970 1435 1095 1474 cum
1141 1417 1382 1475 Cheleab
1432 1418 1500 1473 de
1541 1416 1757 1488 Abigail
1788 1430 1954 1471 uxore

346 1514 517 1570 Nabal
545 1513 821 1583 Cltarmeli
849 1530 862 1565 :
894 1527 1057 1583 porro
1096 1512 1289 1566 tertius
1318 1512 1601 1576 Absalom,
1635 1509 1778 1564 [ilius
1808 1508 1955 1564 Maa-

348 1607 450 1663 cha
482 1607 613 1662 filia:
640 1606 894 1662 'I‘holmai
926 1606 1069 1677 regis
1095 1605 1292 1662 Gesur.
1326 1606 1565 1673 Quartus
1594 1615 1773 1661 autem
1807 1603 1955 1659 Ado-

350 1701 493 1766 nias,
521 1698 663 1753 filius
693 1697 915 1769 Aggith,
946 1707 997 1754 et
1018 1698 1238 1770 quintus
1261 1696 1545 1769 Saphatia,
1578 1697 1724 1751 filius
1747 1695 1952 1751 Abital.

354 1790 562 1847 Sextus
586 1806 800 1862 quoque
831 1788 1136 1859 Jethraam,
1169 1790 1239 1846 de
1270 1789 1405 1861 Agla
1451 1805 1621 1845 uxore
1664 1789 1852 1845 David.
1891 1787 1953 1842 lli

2053 566 2185 622 thim
2205 609 2219 633 ,
2250 576 2307 624 et
2336 568 2578 623 omnium
2624 569 2969 629 inimicorum
2997 569 3136 641 ejus.
3170 568 3410 628 Locutus
3436 582 3521 628 est
3547 588 3643 629 au-

2022 671 2160 719 ~tem
2188 663 2374 719 Abner
2414 665 2577 721 etiam
2605 666 2671 721 ad
2699 665 3005 737 Benjamin.
3039 667 3109 724 Et
3148 668 3280 725 abiit
3309 677 3369 725 ut
3395 670 3644 743 loquere-

2052 767 2138 814 tur
2165 761 2232 814 ad
2270 758 2440 814 David
2490 760 2546 816 in
2601 760 2859 830 llebron,
2916 763 3103 818 omnia
3153 780 3277 833 quae
3326 765 3644 836 placuerant

2053 850 2241 907 lsraeli
2268 863 2322 907 et
2355 852 2609 909 universo
2638 853 2942 925 Benjamin.
2986 855 3257 926 Venitque
3289 860 3354 914 ad
3387 860 3555 915 David
3588 862 3643 917 in

2052 946 2270 1002 Hebron
2300 962 2421 1003 cum
2451 949 2644 1019 viginti
2672 948 2825 1015 viris,
2852 961 2909 1006 et
2936 948 3063 1006 fecit
3093 952 3263 1008 David
3305 954 3489 1010 Abner
3514 997 3530 1023 ,
3586 966 3643 1010 et

2052 1040 2187 1095 viris
2220 1040 2338 1112 ejus
2369 1042 2460 1111 qui
2493 1049 2757 1097 venerant
2785 1057 2910 1097 cum
2942 1058 3010 1099 eo
3041 1045 3373 1100 convivium.
3408 1046 3473 1101 Et
3503 1046 3647 1103 dixit

2054 1134 2241 1190 Abner
2268 1133 2335 1189 ad
2364 1134 2534 1189 David
2563 1153 2576 1189 :
2611 1136 2864 1205 Surgam,
2898 1147 2957 1191 ut
2999 1151 3328 1209 congregem
3359 1138 3425 1194 ad
3458 1148 3511 1194 te
3541 1140 3645 1195 do-

2056 1227 2265 1283 minum
2296 1244 2474 1284 meum
2500 1233 2683 1298 regem
2717 1227 2807 1301 [h.
2848 1227 3075 1300 Surgam
3100 1238 3157 1284 et.
3184 1230 3401 1298 vadam,
3431 1240 3491 1285 ut
3519 1246 3651 1287 con-

2053 1335 2273 1391 gregem
2297 1320 2363 1374 ad
2394 1320 2673 1375 dominum
2725 1336 2907 1376 meum
2950 1319 3165 1393 regem]
3194 1336 3411 1378 onmem
3442 1321 3608 1379 Israel
3633 1368 3649 1393 ,

2056 1425 2111 1471 et
2142 1414 2168 1454 ιτ
2194 1416 2378 1471 ineant
2412 1427 2592 1472 tecum
2624 1415 2821 1483 foedus,
2853 1424 2907 1472 et
2929 1415 3172 1487 imperes
3196 1418 3479 1482 omnibus,
3511 1419 3654 1474 sicut

2056 1506 2332 1563 desiderat
2371 1508 2550 1563 anima
2603 1516 2715 1563 tua.
2766 1507 2904 1563 Cum
2950 1522 3082 1579 ergo
3127 1509 3445 1566 deduxisset
3478 1510 3652 1566 David

2058 1599 2263 1668 Abner,
2291 1608 2347 1657 et
2376 1601 2465 1657 ille
2491 1603 2623 1658 isset
2650 1602 2702 1657 in
2729 1616 2895 1671 pace,
2948 1603 3131 1657 statim
3167 1604 3319 1673 pueri
3359 1602 3445 1676 [h.
3476 1604 3651 1676 servi]

2062 1692 2232 1748 David
2259 1704 2313 1748 et
2338 1692 2476 1747 Joab
2506 1702 2803 1759 venerunt,
2823 1694 2982 1749 caesis
3012 1694 3343 1762 latronibus,
3368 1710 3494 1751 cum
3517 1711 3656 1766 pra:-

2059 1784 2125 1839 da
2170 1800 2358 1854 magna
2389 1784 2572 1840 nimis.
2608 1785 2794 1841 Abner
2817 1794 2998 1841 autem
3033 1802 3141 1841 non
3170 1795 3291 1842 erat
3332 1804 3456 1843 cum
3488 1789 3656 1844 David

353 1885 466 1940 nati
490 1894 614 1939 sunt
640 1883 808 1938 David
841 1883 894 1938 in
925 1881 1169 1939 lIebron.
1205 1884 1339 1939 Cum
1371 1898 1506 1954 ergo
1538 1892 1683 1939 esset
1707 1882 1954 1953 praelium
1986 1880 2032 1941 B
2062 1877 2117 1934 in
2149 1879 2368 1934 llebron
2394 1919 2411 1947 ,
2453 1879 2578 1949 quia
2620 1879 2733 1949 jam
2765 1880 3050 1936 dimiserat
3077 1896 3202 1936 eum
3230 1927 3245 1951 ,
3297 1891 3352 1937 et
3381 1882 3657 1952 profectus

350 1979 498 2034 inter
529 1978 750 2033 domum
785 1976 915 2033 Saul
960 1988 1015 2035 et
1063 1977 1284 2034 domum
1321 1976 1491 2034 David
1517 2021 1533 2046 ,
1575 1976 1759 2033 Abner
1810 1975 1955 2046 ﬁlius

356 2070 469 2126 Ner
501 2072 581 2144 [h.
629 2087 736 2126 non
780 2068 965 2142 habet]
1014 2071 1238 2143 regebat
1280 2072 1501 2128 domum
1559 2070 1714 2128 Saul.
1758 2069 1958 2127 Fuerat

354 2176 536 2221 autem
566 2163 715 2220 Sauli
764 2164 1067 2219 concubina
1115 2164 1336 2221 nomine
1366 2164 1625 2236 Respha,
1674 2163 1781 2219 filia
1831 2162 1953 2234 Aja.

356 2259 615 2332 Dixitque
640 2270 664 2297 α
696 2258 987 2316 llisboscth
1040 2260 1107 2316 ad
1140 2261 1343 2317 Abner.
1376 2262 1554 2329 Quare
1586 2261 1870 2333 ingressus
1899 2276 1959 2317 es

355 2355 423 2409 ad
456 2351 817 2409 concubinam
846 2354 1016 2424 patris
1043 2354 1151 2410 mei
1175 2354 1198 2409 ?
1229 2353 1332 2423 Qui
1364 2356 1533 2410 iratus
1558 2354 1722 2411 nimis
1740 2365 1959 2425 propter

357 2448 520 2501 verba
558 2446 871 2512 llisboseth,
896 2448 973 2501 ait
999 2466 1011 2503 :
1045 2446 1321 2520 Numquid
1349 2456 1515 2519 caput
1538 2449 1690 2505 Canis
1713 2464 1814 2521 ego
1839 2465 1958 2504 sum

358 2541 653 2597 adversum
684 2541 880 2598 Judam
910 2541 1073 2598 hodie
1098 2584 1113 2611 ,
1147 2542 1237 2614 qui
1268 2542 1494 2599 fecerim
1525 2544 1958 2599 misericordiam

360 2649 526 2706 Super
556 2634 780 2691 domum
817 2635 900 2707 [h.
946 2634 1109 2691 hodie
1152 2635 1256 2692 feci
1300 2636 1736 2693 misericordiam
1792 2653 1961 2707 super

362 2724 604 2799 domum]
630 2727 761 2784 Saul
798 2728 965 2799 patris
991 2731 1099 2796 tui,
1148 2736 1203 2785 et
1249 2744 1418 2800 super
1454 2729 1662 2787 fratres
1693 2741 1747 2786 et
1779 2732 1966 2802 proxi-

359 2837 479 2877 tnos
506 2821 623 2892 ejus
644 2864 658 2890 ,
706 2830 762 2878 et
792 2838 900 2879 non
938 2822 1165 2877 tradidit
1193 2831 1245 2879 te
1278 2822 1333 2878 in
1379 2839 1543 2879 manu
1574 2822 1744 2879 David
1774 2840 1788 2873 ς
1823 2834 1874 2879 et
1906 2835 1963 2881 tu

360 2914 643 2986 requisisti
674 2914 726 2969 in
762 2932 871 2984 me,
900 2916 1043 2987 quod
1066 2930 1332 2989 argueres
1371 2931 1469 2987 pro
1501 2916 1734 2973 muliere
1758 2916 1963 2972 hodie?

362 3008 494 3064 Ilaec
525 3006 689 3063 faciat
720 3008 863 3065 Deus
909 3009 1115 3078 Abner,
1154 3018 1209 3066 et
1239 3009 1356 3065 haec
1385 3009 1550 3065 addat
1578 3010 1627 3066 ei
1649 3054 1664 3079 ,
1701 3010 1804 3065 nisi
1829 3025 1965 3082 quo-

334 3101 526 3155 .modo
548 3100 754 3171 juravit
782 3102 1046 3157 Dominus
1078 3102 1275 3169 David,
1306 3103 1387 3157 sic
1417 3102 1610 3157 faciam
1639 3118 1761 3159 cum
1794 3118 1883 3172 eo,
1908 3113 1966 3158 ut

362 3193 726 3249 transferatur
776 3210 1003 3266 regnum
1057 3194 1127 3250 de
1172 3194 1337 3251 domo
1394 3193 1557 3261 Saul,
1615 3205 1671 3251 ct
1726 3195 1966 3251 elevetur

2062 1971 2238 2027 fuerat
2270 1972 2322 2026 in
2354 1987 2507 2043 pace.
2536 1972 2601 2026 Et
2626 1972 2782 2041 Joab,
2822 1982 2880 2029 et
2909 1974 3092 2030 omnis
3121 1975 3395 2030 exercitus
3423 1977 3511 2046 qui
3540 1986 3659 2033 erat

2061 2080 2184 2121 Cum
2210 2080 2298 2131 eo,
2327 2076 2518 2134 postea
2548 2074 2830 2121 venerant.
2860 2066 3175 2123 Nuntiatum
3204 2078 3289 2124 est
3312 2068 3495 2139 itaque
3520 2071 3658 2127 Joab

2061 2175 2090 2213 a
2120 2159 2470 2216 narrantibus
2498 2177 2510 2212 :
2544 2158 2709 2215 Venit
2736 2159 2923 2217 Abner
2951 2160 3095 2217 ﬁlius
3122 2161 3233 2218 Ner
3256 2162 3323 2218 ad
3354 2178 3571 2239 regem,
3604 2172 3661 2221 et

2061 2253 2266 2309 dimisit
2294 2271 2441 2321 eum,
2482 2262 2535 2309 et
2568 2254 2705 2309 abiit
2735 2254 2786 2313 in
2815 2270 2969 2326 pace.
3005 2256 3073 2311 Et
3104 2260 3383 2327 ingressus
3413 2266 3497 2313 est
3525 2257 3660 2316 Joab

2062 2346 2130 2401 ad
2163 2362 2372 2417 regem,
2400 2355 2456 2403 et
2483 2347 2559 2402 ait
2584 2364 2596 2403 :
2621 2348 2761 2417 Quid
2791 2349 2969 2405 fecisti
2993 2351 3015 2404 ?
3043 2350 3181 2407 Ecce
3209 2352 3358 2407 venit
3386 2351 3574 2409 Abner
3590 2356 3658 2411 ad

2066 2446 2117 2493 te
2153 2455 2167 2492 :
2195 2453 2367 2508 quare
2395 2437 2650 2493 dimisisti
2675 2454 2827 2507 eum,
2858 2450 2911 2496 et
2939 2441 3073 2496 abiit
3100 2452 3155 2497 et
3199 2445 3474 2500 recessit?
3504 2445 3660 2517 Igno-

2063 2549 2155 2591 ras
2184 2536 2371 2592 Abner
2405 2534 2575 2591 lilium
2606 2536 2747 2605 Ner,
2796 2539 3053 2609 quoniam
3088 2540 3153 2595 ad
3200 2540 3305 2597 hoc
3346 2542 3497 2598 venit
3528 2552 3551 2583 ο
3589 2543 3661 2600 ad

2065 2638 2142 2697 te,
2171 2639 2233 2687 ut
2262 2630 2542 2702 deciperet
2576 2639 2651 2699 te,
2693 2638 2747 2687 et
2775 2633 2945 2686 sciret
2972 2633 3175 2688 exitum
3205 2644 3355 2689 tuum
3384 2645 3438 2691 et
3467 2635 3661 2692 introi-

2064 2733 2181 2781 tum
2231 2735 2422 2791 tuum,
2464 2733 2533 2781 et
2570 2733 2760 2781 nosset
2802 2725 2982 2782 omnia
3014 2742 3133 2798 quae
3176 2728 3336 2799 agis?
3390 2729 3662 2801 Egressus

2065 2818 2247 2890 itaque
2273 2818 2411 2875 Joab
2438 2834 2467 2873 a
2502 2819 2670 2874 David
2699 2861 2714 2887 ,
2762 2819 2911 2876 misit
2942 2821 3163 2877 nuntios
3189 2828 3315 2893 post
3336 2822 3524 2880 Abner
3548 2867 3561 2891 ,
3608 2836 3665 2880 et

2067 2914 2283 2971 reduxit
2340 2914 2422 2986 [h.
2476 2924 2531 2971 et
2579 2914 3097 2987 reduxerunt]eum
3147 2932 3178 2972 a
3215 2917 3452 2974 cisterna
3502 2919 3662 2989 Sira,

2066 3009 2357 3079 ignorante
2374 3006 2822 3081 David.Cumque
2852 3010 3314 3070 rediisselAbner
3335 3015 3389 3070 in
3418 3014 3660 3084 llebron,

2068 3116 2316 3157 seorsum
2345 3100 2571 3157 adduxit
2609 3117 2732 3157 eum
2800 3100 2938 3159 Joab
2969 3104 3036 3159 ad
3067 3104 3306 3161 medium
3343 3117 3513 3177 portae
3540 3150 3554 3175 ,
3608 3118 3667 3165 ut

2070 3193 2386 3264 loqueretur
2414 3194 2487 3261 ei,
2532 3195 2585 3249 in
2619 3194 2768 3249 dolo.
2802 3194 2901 3266 [T.
2934 3195 3267 3268 LXXXIX]
3296 3198 3363 3253 Et
3395 3203 3664 3269 percussit

362 3291 590 3343 thronus
623 3287 788 3343 David
817 3304 984 3360 super
1012 3289 1201 3356 Israel,
1234 3302 1288 3346 et
1314 3304 1477 3361 super
1504 3289 1699 3346 Judam
1727 3331 1741 3358 ,
1786 3305 1816 3345 a
1849 3291 1958 3345 Dan
1989 3276 2031 3337 (ἶ
2068 3289 2219 3345 illum
2252 3288 2321 3344 ibi
2350 3289 2407 3343 in
2438 3288 2686 3359 inguine,
2717 3294 2775 3343 et
2805 3298 3056 3345 mortuus
3073 3300 3159 3345 est
3179 3290 3233 3345 in
3258 3291 3517 3347 ultionem
3541 3294 3695 3348 san-’

360 3396 537 3453 usque
557 3380 891 3437 Ber-Sabce.
922 3382 989 3436 Et
1022 3398 1128 3438 non
1159 3382 1341 3455 potuit
1371 3382 1708 3455 respondere
1733 3384 1784 3437 ei
1808 3376 1966 3455 quid-

362 3488 558 3544 quam,
587 3475 711 3543 qnia
739 3476 1019 3531 metuebat
1050 3476 1222 3531 illum.
1257 3475 1406 3532 Misit
1445 3492 1578 3549 ergo
1607 3476 1796 3532 Abner
1827 3493 1965 3532 nun-

365 3568 470 3622 tios
503 3567 570 3622 ad
599 3567 766 3624 David
796 3585 894 3639 pro
918 3584 978 3626 se
1009 3569 1198 3625 dicens
1234 3588 1246 3623 :
1278 3569 1446 3641 Cujus
1476 3578 1560 3627 est
1590 3570 1768 3627 terra?
1815 3571 1882 3627 Et
1907 3580 1968 3627 ut

362 3660 763 3732 loquerentur:
799 3662 907 3718 Fac
946 3678 1158 3720 mecum
1202 3664 1472 3721 amicitias
1530 3664 1611 3737 [h.
1652 3663 1874 3737 ftedus],
1910 3674 1964 3722 et

362 3754 473 3809 erit
504 3770 697 3809 manus
728 3771 846 3811 mea
881 3764 1081 3822 tecum,
1109 3764 1164 3812 et
1192 3756 1449 3813 reducam
1476 3757 1543 3814 ad
1568 3768 1619 3813 te
1648 3759 1966 3815 universum

364 3846 558 3903 Israel.
608 3848 708 3916 Qui
740 3849 818 3903 ait
849 3868 861 3904 :
890 3850 1105 3921 Optime
1139 3868 1151 3904 :
1186 3865 1287 3922 ego
1320 3860 1500 3907 tecum
1550 3850 1744 3907 faciam
1776 3853 1969 3908 amici-

368 3942 477 3995 tias
517 3941 593 4013 [b.
630 3939 829 4012 ftedus]
860 3960 872 3996 :
907 3943 1002 3997 sed
1033 3959 1194 3998 unam
1226 3958 1344 4007 rem
1378 3953 1504 4014 peto
1536 3960 1563 3998 a
1599 3952 1653 4000 te
1677 3985 1694 4010 ,
1723 3944 1914 4000 dicens
1951 3961 1965 4002 :

364 4036 487 4091 Non
522 4037 734 4093 videbis
760 4039 950 4094 faciem
983 4054 1177 4108 meam,
1213 4050 1503 4111 antequam
1535 4038 1837 4095 adduxeris
1864 4038 1968 4095 Mi-

366 4130 495 4185 chol
530 4131 696 4185 tiliam
734 4130 885 4199 Saul,
920 4140 975 4187 et
1004 4132 1085 4188 sic
1116 4131 1328 4199 venies,
1358 4142 1416 4190 et
1444 4131 1657 4188 videbis
1686 4147 1797 4189 me.
1824 4126 1971 4189 Misit

368 4232 553 4279 autem
597 4223 765 4280 David
802 4224 1021 4282 nuntios
1063 4228 1131 4281 ad
1162 4225 1452 4281 llishoseth
1484 4224 1657 4282 lilium
1689 4226 1841 4296 Saul,
1887 4227 1969 4282 di-

369 4332 501 4372 cens
533 4334 546 4369 :
577 4317 762 4373 Redde
794 4334 1021 4375 uxorem
1050 4333 1227 4373 meam
1261 4317 1482 4385 Michol,
1515 4334 1675 4389 quam
1704 4318 1968 4389 despondi

372 4409 505 4464 mihi
530 4398 746 4466 centum
773 4411 1054 4483 pratputiis
1081 4411 1414 4467 Philisthim.
1440 4411 1587 4466 Misit
1612 4427 1744 4484 ergo
1772 4412 1970 4469 Hisbo-

365 4502 509 4569 seth,
543 4511 599 4558 et
631 4505 750 4558 tulit
779 4520 899 4560 eam
930 4519 959 4559 a
991 4505 1109 4559 viro
1143 4521 1243 4561 suo
1272 4504 1401 4576 [non
1426 4505 1614 4573 habet,
1646 4504 1769 4576 suo]
1807 4505 1970 4562 Phal-

370 4594 497 4661 tiel,
531 4597 641 4649 tilio
672 4597 820 4652 Lais.
862 4597 1316 4669 Sequebaturque
1342 4614 1461 4655 eam
1495 4599 1579 4655 vir
1624 4613 1755 4655 suus
1778 4642 1793 4667 ,
1848 4600 1968 4670 plo-

2066 3380 2244 3453 guinis
2276 3382 2438 3437 Asael
2468 3380 2656 3436 fratris
2684 3382 2823 3451 ejus.
2859 3381 3014 3450 Quod
3054 3398 3178 3438 cum
3220 3383 3465 3441 audisset
3495 3385 3666 3443 David

2068 3472 2093 3512 ἀ
2124 3490 2237 3531 rem
2260 3474 2373 3545 jam
2401 3484 2630 3546 gestam,
2658 3475 2735 3530 ait
2760 3492 2772 3530 :
2804 3476 3038 3531 Mundus
3063 3490 3165 3549 ego
3192 3493 3334 3547 sum,
3362 3487 3418 3536 et
3440 3496 3670 3552 regnum

2068 3583 2276 3635 meum,
2326 3567 2470 3639 apud
2509 3567 2800 3624 Dominum
2849 3584 3025 3641 usque
3058 3571 3111 3626 in
3162 3572 3593 3644 sempiternum,
3636 3591 3669 3631 a

2067 3661 2329 3732 sanguine
2350 3659 2538 3716 Abner
2567 3661 2665 3716 filii
2689 3660 2819 3731 Ner,
2854 3669 2910 3719 et
2947 3663 3132 3720 veniat
3155 3679 3321 3737 super
3344 3677 3506 3738 caput
3528 3669 3668 3725 Joab

2068 3762 2128 3809 et
2164 3768 2331 3825 super
2368 3768 2587 3809 omnem
2640 3755 2865 3811 domum
2910 3758 3082 3828 patris
3126 3758 3243 3830 ejus
3276 3777 3290 3817 :
3322 3776 3423 3819 nec
3454 3764 3672 3822 deﬁciat

2069 3846 2139 3902 de
2161 3846 2326 3903 domo
2352 3846 2489 3903 Joab
2518 3846 2725 3903 fluxum
2750 3850 2976 3931 seminis
2997 3853 3299 3922 sustinens,
3318 3866 3372 3912 et
3394 3858 3667 3931 leprosos,

2073 3951 2263 3998 tenens
2293 3941 2511 4007 fusum,
2540 3950 2597 3998 et
2625 3942 2825 3999 cadens
2866 3927 3079 4017 gladio,
3124 3954 3182 4004 et
3216 3927 3465 4023 indigens
3506 3927 3669 4025 pane.

2071 4033 2239 4106 Igitur
2268 4034 2408 4092 Joab
2435 4033 2686 4092 ctAbisai
2718 4036 2887 4094 frater
2907 4039 3028 4110 ejus
3050 4040 3443 4101 interfecerunt
3461 4046 3669 4118 Abner,

2071 4140 2138 4181 eo
2167 4127 2313 4197 quod
2347 4125 2640 4183 occidisset
2668 4127 2831 4185 Asael
2865 4128 3088 4187 fratrem
3116 4148 3307 4190 eorum
3338 4136 3391 4192 in
3420 4137 3667 4209 Gabaon,

2072 4220 2126 4276 in
2158 4220 2367 4290 prazlio.
2399 4220 2546 4276 Dixit
2584 4232 2770 4278 autem
2800 4222 2968 4280 David
3005 4225 3073 4281 ad
3099 4226 3237 4283 Joab
3271 4238 3326 4285 et
3354 4230 3422 4286 ad
3446 4247 3666 4290 onmem

2072 4313 2331 4384 pupulum
2359 4355 2375 4381 ,
2420 4315 2514 4385 qui
2556 4324 2679 4373 erat
2719 4331 2843 4372 cum
2886 4331 3001 4373 eo:
3049 4316 3294 4376 Scindite
3340 4325 3669 4382 vestimenta

2073 4417 2275 4477 vestra,
2306 4417 2359 4463 et
2381 4409 2725 4481 accingimini
2751 4411 2948 4481 saccis,
2978 4421 3034 4469 et
3072 4413 3313 4487 plangite
3348 4426 3474 4475 ante
3513 4435 3670 4477 exsc-

2073 4503 2230 4577 quias
2260 4504 2469 4561 Abner.
2497 4506 2668 4563 Porro
2700 4520 2797 4564 rex
2816 4507 2991 4564 David
3017 4511 3351 4579 sequebatur
3382 4514 3669 4573 feretrum.

2072 4598 2320 4670 Cumque
2346 4600 2677 4669 sepelissent
2719 4601 2904 4658 Abner
2952 4601 3007 4659 in
3040 4603 3283 4674 Ilebron,
3329 4607 3529 4666 levavit
3573 4626 3673 4667 rex

367 4704 498 4743 rans
527 4703 699 4756 usque
727 4688 1008 4757 Bahurim,
1034 4702 1087 4745 et
1114 4691 1252 4747 dixit
1278 4692 1345 4748 ad
1376 4708 1499 4749 eum
1533 4693 1719 4750 Abner
1746 4712 1760 4748 :
1794 4691 1963 4761 Vade,
1996 4683 2048 4745 D
2075 4690 2257 4765 [Vulg.
2278 4692 2403 4747 add.
2434 4692 2624 4765 David]
2654 4707 2845 4749 vocem
2874 4709 3049 4764 suam,
3078 4706 3132 4751 et
3160 4696 3312 4754 flevit
3339 4700 3416 4773 [h.
3439 4701 3670 4777 planxit]

367 4787 677 4836 revertere.
709 4778 809 4845 Qui
843 4795 1097 4837 reversus
1133 4792 1238 4839 est.
1269 4787 1591 4843 Sermonem
1639 4801 1857 4856 quoque
1888 4786 1972 4842 in-

368 4870 501 4929 tulit
529 4869 713 4926 Abner
756 4871 823 4927 ad
854 4874 1102 4930 seniores
1142 4874 1350 4944 Israel,
1401 4879 1633 4936 dicens:
1678 4879 1810 4936 Tam
1852 4879 1970 4936 heri

371 4981 536 5037 quam
578 4964 981 5021 nudiuStertius
1018 4970 1349 5038 qumrebatis
1380 4971 1583 5043 David,
1633 4983 1691 5030 ut
1720 4983 1974 5045 regnaret

373 5073 540 5129 super
568 5072 686 5113 vos.
718 5058 873 5114 Nunc
904 5074 1034 5130 ergo
1064 5059 1261 5116 facite:
1293 5067 1551 5134 quoniam
1598 5066 1862 5124 Dominus
1892 5068 1972 5124 lo-

374 5160 536 5207 cutus
562 5159 645 5206 est
677 5150 743 5206 ad
778 5150 971 5219 David,
1007 5152 1197 5210 dicens
1228 5172 1239 5208 :
1268 5155 1329 5211 In
1358 5171 1523 5214 manu
1553 5159 1701 5216 servi
1733 5160 1839 5218 mei
1870 5162 1975 5217 Da-

450 5298 471 5325 η
515 5287 572 5344 S.
612 5288 972 5363 Hieronymus
1011 5290 1154 5347 libro
1206 5291 1274 5351 de
1320 5295 1632 5353 nominibus
1686 5298 1966 5356 Hebraicis

378 5360 562 5441 docuit
592 5376 712 5427 nos,
757 5360 1045 5441 legendum
1088 5380 1211 5421 esse
1260 5367 1540 5441 Ilisboseth
1588 5386 1709 5425 cum
1765 5373 1971 5441 aspira-

383 5434 559 5498 tione,
586 5450 705 5488 cum
730 5437 871 5511 enim
903 5452 930 5490 c
964 5436 1110 5511 libro
1132 5440 1373 5495 secundo
1408 5440 1611 5511 Regum
1665 5434 1971 5498 recensuis-

381 5515 465 5585 set
492 5516 747 5585 .quatuor
791 5508 888 5562 ista
933 5507 1194 5585 notiiina,
1226 5511 1443 5585 Hiram,
1489 5507 1723 5579 'llistob,
1781 5512 1967 5585 Iliras,

382 5572 682 5643 llisboscilt,
713 5581 850 5634 hanc
879 5579 1086 5634 addidit
1107 5572 1545 5638 observationem
1576 5600 1590 5638 :
1626 5572 1836 5640 Idcirco
1854 5572 1971 5640 cuni

380 5649 697 5726 aspiratione
728 5652 835 5726 [nec
867 5652 1087 5726 nomine
1125 5655 1499 5726 opposuimus:
1520 5658 1642 5725 quia
1672 5659 1817 5725 apud
1857 5657 1969 5712 He-

382 5720 543 5797 braeos
573 5732 635 5797 et
666 5724 804 5793 apud
855 5720 1064 5778 ercos
1095 5720 1599 5797 per'diplilltongtim
1649 5720 1963 5783 scribuntur.

380 5791 517 5849 Quid
572 5793 639 5845 ad
683 5791 1009 5860 prmsentem
1042 5791 1444 5852 annotationem
1476 5791 1749 5856 'hodierni
1803 5803 1971 5858 llebr.

384 5863 719 5940 grammatici
777 5866 1210 5940 reSpondehunt,
1268 5870 1356 5937 qui
1414 5882 1613 5940 negant
1661 5872 1825 5930 ullam
1895 5874 1976 5931 di-

386 5929 720 6000 phthongum
752 5929 947 5992 essein
977 5936 1157 6008 lingua
1190 5929 1453 5998 llebraica
1472 5929 1705 5999 ivlllanr.

2072 4799 2237 4856 super
2277 4785 2545 4841 tumulum
2588 4784 2819 4842 Abner:
2874 4786 3024 4844 ﬂevit
3079 4788 3166 4861 [h.
3196 4790 3440 4866 planxit]
3489 4804 3671 4854 autem

2075 4889 2131 4937 et
2181 4880 2363 4935 omnis
2404 4882 2661 4951 pOpulus.
2723 4880 3103 4955 Plangensque
3165 4901 3263 4940 rex
3306 4895 3361 4943 et
3402 4897 3424 4925 ο
3484 4889 3675 4962 lugens

2079 4972 2168 5045 [h.
2197 4972 2537 5043 lamentans]
2568 4971 2776 5040 Abner,
2812 4974 2923 5029 ait:
2946 4974 3295 5048 Nequaquam
3329 4987 3388 5034 ut
3415 4983 3552 5036 mori
3582 4998 3677 5039 so-

2078 5065 2194 5122 lent
2220 5066 2422 5137 ignavi,
2452 5075 2699 5122 mortuus
2730 5076 2816 5123 est
2841 5067 3050 5123 Abner.
3076 5068 3267 5125 Manus
3290 5078 3393 5129 tuae
3421 5088 3529 5130 non
3548 5088 3678 5133 sunt

2078 5162 2285 5234 ligatae,
2315 5168 2371 5217 et
2404 5161 2570 5232 pedes
2597 5160 2674 5217 tui
2704 5177 2812 5217 non
2844 5170 2972 5218 sunt
2996 5163 3351 5234 compedibus
3364 5169 3676 5240 aggravati:

2079 5372 2092 5384 ο
2151 5299 2177 5339 b
2205 5300 2405 5357 lterum
2430 5316 2554 5359 cum
2588 5301 2834 5373 Vulgatis
2882 5309 2937 5358 et
2980 5302 3174 5361 Graeco
3212 5320 3316 5363 ms.
3368 5306 3672 5367 Veronens.

2072 5388 2266 5426 meam.

2157 5444 2450 5526 é‘Yoculas
2480 5446 2550 5500 ad
2571 5455 2639 5513 te,
2674 5461 2795 5517 qua:
2816 5460 2993 5518 neque
3014 5448 3069 5505 in
3092 5449 3325 5509 Hebraeo
3347 5462 3495 5525 sunt,
3525 5455 3691 5526 igno-_

2080 5520 2167 5570 rat
2197 5515 2503 5571 Veronens.
2531 5534 2632 5573 ms.

2152 5582 2179 5623 ἀ
2208 5585 2541 5671 Dectissime
2563 5590 2876 5671 _Veronens.
2906 5608 3009 5648 ms.
3054 5592 3239 5661 habet,
3274 5613 3329 5653 re
3352 5600 3468 5671 jam
3491 5608 3635 5669 gesta
3659 5615 3679 5653 :

2079 5657 2223 5747 quod
2266 5668 2351 5746 est
2381 5661 2432 5713 in
2478 5659 2711 5718 Hebraeo
2755 5672 2934 5734 postea
2975 5673 3030 5754 ἶ)
3061 5657 3257 5730 Han
3299 5657 3440 5725 et'in
3486 5657 3678 5725 Graeco

2080 5749 2211 5800 μετα
2241 5752 2430 5786 ταυτα.

2160 5811 2182 5837 θ
2204 5800 2592 5886 Abest_i_te_rum
2626 5821 2654 5859 a
2686 5804 2989 5866 Veronens.
3023 5808 3147 5867 cod.
3196 5821 3240 5867 et
3268 5811 3453 5884 lugeas
3474 5854 3490 5885 ,
3536 5814 3681 5886 quod

2085 5886 2266 5945 neque
2296 5876 2351 5930 in
2381 5876 2608 5933 Hebraeo
2647 5892 2888 5937 resonat.
