4144 6364
406 330 515 395 625

1413 328 1473 388 S.
1516 320 1900 387 IIIERONYMI
1939 320 2175 386 DIVINA
2216 323 2693 385 BIBLIOTIIECA.

3606 320 3711 382 694

402 449 505 510 sed
570 448 712 506 sicut
779 445 961 505 solent
1024 444 1225 504 cadere
1282 458 1467 503 coram
1521 444 1646 498 ﬁliis
1709 439 2191 513 EniquilatisAgis
2226 456 2394 508 nunc,
2446 456 2567 497 cum
2616 437 2864 496 homines
2909 436 3061 510 impii
3105 434 3479 495 interfecerint
3533 438 3709 494 virum

417 544 439 618 [
460 543 620 615 Vulg.
642 541 845 596 addunt
867 537 979 612 sic]
997 539 1271 595 corruisti.
1295 537 1803 607 (longeminansqne
1828 535 2007 590 omnis

416 637 653 710 populus
682 633 832 690 ﬂevit
860 631 950 706 [h.
977 630 1214 704 planxit]
1256 646 1420 701 super
1454 645 1598 684 eum.
1645 628 1888 699 Cumque
1917 644 2009 683 ve-

417 730 593 784 nisset
619 726 877 782 universa
899 722 1192 779 multitudo
1221 722 1307 794 [h.
1349 720 1635 776 universus
1665 718 1911 791 populus]
1932 718 2012 774 ci-

413 823 546 879 bum
593 833 791 890 capere
834 831 957 872 cum
991 815 1179 881 David,
1207 825 1233 852 ει
1263 815 1407 869 clara
1446 812 1624 868 adhuc
1667 813 1780 880 die,
1807 811 2010 882 juravit

414 912 608 982 David,
633 912 858 966 dicens:
890 908 1019 963 Haec
1059 906 1220 961 faciat
1242 905 1375 961 mihi
1404 905 1568 974 Deus,
1600 913 1658 959 et
1690 905 1806 959 hare
1826 902 2006 968 addat,

414 1008 464 1063 si
501 1013 629 1060 ante
674 1016 931 1058 occasum
972 999 1106 1055 solis
1135 1009 1427 1070 gustavero
1470 1013 1695 1069 panem,
1751 998 1832 1052 vel
1862 996 2008 1051 aliud

418 1096 739 1170 quidquam.
766 1093 1063 1164 Omnisque
1094 1092 1327 1163 populus
1357 1091 1565 1146 audivit
1588 1090 1668 1163 [h.
1698 1087 2005 1161 cognovit],

417 1199 474 1247 ot
500 1188 820 1259 placuerunt
848 1186 930 1242 eis
969 1194 1163 1241 cuncta
1188 1200 1309 1256 quae
1337 1186 1463 1241 fecit
1492 1200 1589 1241 rex
1629 1186 1682 1239 in
1712 1191 2009 1256 conspectu

416 1282 498 1355 [h.
528 1281 584 1336 in
618 1279 816 1349 oculis]
845 1278 1015 1333 totius
1056 1278 1265 1349 populi.
1302 1278 1369 1333 Et
1396 1278 1649 1349 cognovit
1679 1293 1846 1332 omne
1891 1278 2013 1331 vul-

414 1388 517 1445 gus
542 1381 600 1429 et
623 1372 911 1427 universus
939 1370 1103 1426 Israel
1131 1371 1186 1426 in
1217 1371 1307 1426 die
1346 1370 1459 1440 illa,
1492 1370 1749 1441 quoniam
1782 1385 1888 1426 non
1920 1385 2012 1426 ac-

414 1479 529 1521 tum
561 1464 753 1521 fuisset
782 1479 812 1519 a
859 1478 989 1535 rege
1020 1472 1077 1519 ut
1104 1462 1451 1519 occideretur
1482 1463 1668 1519 Abner
1710 1462 1853 1518 ﬁlius
1880 1461 2009 1520 Ner.

414 1557 564 1613 Dixit
598 1570 817 1627 quoque
866 1571 962 1611 rex
1011 1555 1078 1610 ad
1130 1569 1316 1611 servos
1361 1554 1699 1610 suoszNum
1749 1553 2013 1623 ignoratis

414 1649 672 1720 quoniam
698 1648 951 1717 princeps
974 1656 1027 1702 ct
1045 1646 1313 1701 maximus
1330 1644 1530 1701 cecidit
1550 1646 1709 1701 hodie
1730 1645 1781 1699 in
1808 1645 2011 1700 Israel?

412 1744 529 1815 Ego
551 1750 730 1799 autem
758 1741 937 1797 adhuc
958 1740 1244 1804 delicatus,
1278 1748 1333 1795 et
1362 1747 1560 1795 unctus
1588 1738 1673 1813 [h.
1708 1739 1819 1810 Ego
1852 1739 2011 1796 hodie

2109 536 2414 601 innoxium,
2451 536 2503 591 in
2536 536 2699 590 domo
2732 549 2851 599 sua,
2894 549 3058 604 super
3087 533 3344 588 lectulum
3394 548 3571 596 suum,
3601 547 3709 587 non

2111 646 2349 701 quaeram
2399 629 2718 699 sanguinem
2759 627 2879 696 ejus
2920 627 2990 682 de
3034 642 3194 681 manu
3243 635 3443 687 vestra,
3476 635 3529 681 et
3558 623 3710 679 anfe-

2111 740 2225 780 ram
2268 737 2365 779 vos
2419 724 2487 777 de
2542 720 2721 778 terra?
2772 720 3039 790 Praecepit
3088 719 3273 790 itaque
3310 718 3478 772 David
3529 717 3712 787 pueris

2114 815 2300 888 [ναις.
2356 815 2557 869 addunt
2587 812 2754 885 suis],
2804 820 2864 867 et
2900 812 3301 867 interfecerunt
3344 826 3441 864 eos
3472 827 3483 862 :
3515 808 3708 879 prmci-

2113 909 2415 981 dentesque
2441 924 2636 964 manus
2660 916 2712 963 et
2737 905 2903 977 pedes
2931 919 3145 972 eorum,
3173 903 3577 975 suspenderunt
3618 916 3713 958 eos

2112 1018 2280 1073 super
2309 1004 2573 1073 piscinam
2603 1001 2656 1057 in
2690 1000 2905 1056 llebron
2942 1017 2955 1053 :
2989 1007 3153 1073 caput
3196 1007 3377 1052 autem
3424 995 3711 1051 Hisboscth

2116 1095 2382 1164 tulerunt,
2428 1105 2483 1152 et
2523 1094 2860 1167 sepelierunt
2903 1095 2957 1149 in
2996 1093 3253 1164 sepulcro
3288 1090 3472 1148 Abner
3512 1091 3567 1145 in
3608 1088 3715 1145 Ile-

2114 1192 2273 1247 bron.

2184 1283 2271 1355 ['I‘.
2303 1283 2487 1354 XCIII,
2529 1283 2660 1357 Cap.
2693 1281 2784 1355 V.]
2816 1282 2881 1337 Et
2912 1287 3179 1337 venerunt
3210 1278 3481 1335 universae
3536 1273 3714 1332 tribus

2112 1376 2276 1433 Israel
2307 1377 2374 1433 ad
2416 1377 2581 1432 David
2628 1378 2678 1431 in
2728 1375 2977 1445 llebron,
3016 1375 3261 1430 dicentes
3294 1390 3305 1427 :
3340 1370 3482 1427 Ecce
3510 1383 3629 1439 nos,
3652 1383 3715 1423 os

2114 1480 2263 1526 tuum
2289 1480 2344 1526 et
2377 1484 2506 1525 caro
2547 1480 2635 1525 tua
2681 1484 2887 1526 sumus.
2923 1468 3032 1525 Sed
3061 1477 3117 1523 et
3153 1465 3271 1521 heri
3304 1475 3359 1521 et
3404 1463 3715 1519 nudiuster-

2114 1565 2245 1632 tius,
2276 1579 2399 1620 cum
2427 1574 2569 1620 esset
2605 1563 2735 1620 Saul
2762 1579 2857 1619 rex
2889 1577 3052 1632 super
3079 1576 3203 1630 nos,
3240 1569 3295 1614 tu
3326 1573 3449 1615 eras
3478 1556 3715 1613 educens

2114 1668 2170 1715 et
2198 1658 2470 1715 reducens
2497 1658 2661 1714 Israel
2691 1673 2704 1710 :
2738 1657 2878 1712 dixit
2904 1665 3085 1712 autem
3120 1654 3381 1710 Dominus
3406 1650 3474 1707 ad
3505 1659 3557 1707 te
3590 1668 3603 1703 :
3633 1650 3715 1705 'I‘u

2116 1766 2309 1823 pasces
2342 1751 2602 1823 populum
2647 1765 2829 1807 meum
2860 1748 3048 1816 Israel,
3078 1757 3135 1805 et
3171 1758 3225 1802 tu
3272 1746 3383 1802 eris
3413 1746 3523 1800 dux
3551 1759 3716 1813 super

412 1846 578 1905 tener,
604 1844 659 1890 et
689 1832 921 1903 unctus]
948 1849 1041 1888 rex
1069 1850 1081 1886 :
1108 1847 1272 1903 porro
1298 1832 1398 1887 viri
1429 1833 1517 1887 isti
1546 1831 1639 1887 filii
1663 1832 1872 1888 Sarvia:
1894 1832 2010 1888 duri

2122 1845 2304 1902 Israel.
2337 1845 2616 1900 Venerunt
2652 1859 2870 1915 quoque
2901 1857 3062 1898 senes
3093 1842 3172 1913 [h.
3205 1854 3398 1896 omnes
3433 1835 3615 1909 senes]
3648 1836 3716 1891 dc

415 1937 545 1983 sunt
573 1926 707 1983 mibi
739 1944 753 1981 :
781 1925 1049 1982 retribuat
1080 1925 1342 1981 Dominus
1370 1924 1590 1981 facienti
1632 1926 1832 1981 malum
1857 1926 2011 1996 juxta

413 2020 679 2078 malitiam
711 2034 883 2075 suam.

492 2112 648 2186 [Cap.
694 2112 807 2186 IV.]
861 2112 1081 2169 Audivit
1126 2120 1305 2169 autem
1356 2111 1543 2184 [Vulg].
1577 2112 1776 2169 addunt
1821 2114 2017 2171 Hisbo-

420 2204 567 2277 seth]
597 2204 746 2262 ﬁlius
773 2203 925 2271 Saul,
956 2204 1100 2277 quod
1140 2205 1426 2262 cecidisset
1464 2206 1652 2262 Abner
1685 2207 1740 2263 in
1771 2206 2012 2279 llebron,

415 2296 768 2353 etdissolutte
796 2305 925 2352 sunt
951 2312 1146 2352 manus
1164 2296 1301 2367 ejus,
1319 2297 1600 2368 omnisque
1624 2297 1785 2355 Israel
1808 2311 2019 2368 pertur-

417 2390 579 2445 batus
630 2397 736 2445 est.
796 2389 911 2443 Duo
957 2397 1136 2444 autem
1180 2387 1209 2427 ι)
1262 2389 1362 2443 viri
1413 2388 1685 2459 principes
1738 2390 2017 2447 latronum

418 2489 580 2538 erant
608 2480 722 2536 ﬁlio
750 2479 904 2548 Saul,
938 2495 1139 2535 nomen
1166 2480 1262 2535 uni
1304 2480 1504 2547 Baana,
1539 2489 1595 2536 et
1634 2496 1831 2538 nomen
1859 2484 2017 2540 alteri

420 2573 669 2642 Rechab,
704 2574 801 2629 ﬁlii
825 2573 1089 2630 Remmon
1120 2574 1415 2629 Berothitze
1438 2574 1503 2630 de
1530 2574 1659 2632 filiis
1690 2576 1975 2648 Benjamin
2001 2595 2015 2633 :

412 2667 686 2739 siquidem
719 2677 773 2723 et
802 2665 1007 2722 Beroth
1038 2676 1287 2739 reputata
1324 2668 1454 2741 [Με.
1482 2671 1777 2744 reportata]
1826 2682 1911 2729 est
1966 2673 2018 2728 in

422 2759 735 2830 Benjamin.
771 2759 839 2815 Et
884 2759 1136 2830 fugerunt
1164 2760 1459 2816 Berothitre
1491 2761 1542 2816 in
1575 2761 1869 2829 Getthaim,
1904 2763 2016 2819 fue-

418 2860 656 2924 runtque
686 2850 762 2906 ibi
789 2849 1016 2908 advena:
1039 2867 1209 2922 usque
1236 2854 1289 2907 in
1318 2861 1530 2923 tempus
1570 2854 1724 2911 illud.
1761 2854 1851 2927 [T.
1879 2855 2017 2928 XC.]

422 2945 558 3001 Erat
585 2952 769 3000 autem
793 2943 1046 2999 Jonathte
1069 2944 1183 2999 ﬁlio
1208 2945 1336 3000 Saul
1360 2946 1502 3000 ﬁlius
1523 2946 1721 3003 debilis
1747 2949 1978 3019 pedibus
2004 2968 2020 3005 :

420 3038 790 3111 quinquennis
839 3039 982 3094 enim
1037 3037 1158 3106 fuit,
1218 3040 1435 3110 quando
1480 3041 1629 3095 venit
1682 3042 1905 3098 nuntius
1953 3043 2023 3099 de

421 3128 557 3187 Saul
583 3138 639 3185 et
665 3128 939 3185 Jonatban
961 3144 1031 3185 ex
1059 3129 1524 3188 .lezrael.'l‘ollens
1554 3132 1737 3203 itaque
1767 3150 1891 3189 eum
1924 3150 2024 3189 nu-

2116 1938 2283 1995 Isracl
2314 1938 2381 1995 ad
2414 1953 2600 2010 regem
2630 1938 2683 1992 in
2716 1937 2952 1999 llebron,
2983 1945 3037 1991 et
3070 1934 3338 2005 percussit
3365 1946 3489 1987 cum
3519 1930 3599 1985 eis
3620 1944 3714 1984 rex

2118 2030 2286 2086 David
2314 2029 2491 2086 foedus
2530 2029 2585 2084 in
2619 2028 2835 2083 llebron
2882 2042 3070 2083 coram
3118 2024 3383 2080 Domino:
3414 2031 3719 2077 unxerunt-

2117 2139 2223 2196 que
2254 2123 2421 2178 David
2454 2123 2509 2177 in
2537 2136 2719 2192 regem
2750 2134 2914 2191 super
2940 2118 3127 2175 Israel.
3156 2117 3329 2174 Filius
3363 2115 3585 2187 triginta
3616 2130 3716 2168 an-

2120 2230 2312 2272 norum
2341 2223 2461 2270 erat
2493 2213 2681 2279 David,
2721 2227 2846 2268 cum
2887 2226 3121 2283 regnare
3164 2209 3446 2280 coepisset,
3488 2213 3543 2262 et
3581 2221 3720 2277 qua-

2120 2308 2367 2380 draginta
2400 2306 2558 2363 annis
2600 2304 2876 2377 regnavit.
2921 2304 2978 2360 In
3031 2304 3251 2360 llebron
3282 2302 3530 2373 regnavit
3557 2314 3722 2371 super

2119 2399 2315 2457 Judam
2339 2406 2546 2469 septem
2571 2398 2727 2453 annis
2758 2406 2813 2452 et
2842 2411 2940 2452 sex
2968 2395 3249 2451 mensibus
3280 2409 3295 2448 :
3330 2393 3382 2449 in
3412 2391 3720 2450 Jerusalem

2123 2501 2302 2546 autem
2351 2490 2597 2562 regnavit
2633 2489 2853 2560 triginta
2896 2489 3073 2545 tribus
3107 2488 3265 2545 annis
3310 2503 3477 2557 super
3504 2502 3721 2542 omnem

2125 2584 2286 2639 Israel
2326 2592 2382 2639 ct
2427 2582 2643 2640 Judam.
2697 2583 2764 2638 Et
2811 2582 2947 2638 abiit
2981 2597 3109 2647 rex,
3157 2591 3214 2637 et
3263 2594 3455 2637 omnes
3496 2579 3602 2635 viri
3632 2576 3725 2648 qui

2126 2686 2283 2733 erant
2309 2691 2433 2732 cum
2456 2692 2545 2741 eo,
2573 2677 2627 2732 in
2655 2676 2979 2743 Jerusalem,
3008 2676 3075 2731 ad
3102 2675 3417 2731 Jebusmnm
3457 2674 3728 2729 habitato-

2125 2787 2241 2828 rem
2276 2780 2438 2827 terrze
2471 2789 2484 2825 :
2512 2772 2822 2842 dictumque
2848 2781 2933 2827 est
2960 2770 3026 2826 ad
3050 2769 3217 2825 David
3246 2769 3317 2825 ab
3344 2770 3424 2825 eis
3452 2787 3463 2822 :
3493 2767 3611 2824 Non
3641 2767 3726 2822 iu-

2124 2864 2387 2935 gredieris
2422 2864 2551 2932 huc,
2592 2864 2695 2919 nisi
2748 2864 3041 2920 abstuleris
3071 2879 3249 2921 carens
3288 2874 3342 2919 et
3381 2862 3607 2919 claudos
3647 2861 3730 2917 di-

2124 2966 2311 3012 centes
2360 2956 2521 3012 :Non
2569 2956 2912 3027 ingredietur
2955 2957 3123 3013 David
3171 2959 3299 3013 huc.
3347 2956 3505 3027 Cepit
3543 2963 3728 3011 autem

2126 3049 2293 3105 David
2317 3064 2499 3105 arcem
2526 3048 2658 3105 Sion
2684 3065 2697 3102 :
2732 3051 2955 3121 haecest
2979 3051 3173 3106 civitas
3206 3050 3397 3105 David.
3425 3050 3732 3120 Proposue-

2127 3144 2379 3201 ratenim
2410 3143 2576 3200 David
2600 3145 2653 3200 in
2684 3144 2773 3200 die
2819 3144 2912 3200 illa
2946 3145 3255 3215 praemium,
3290 3145 3385 3215 qui
3423 3144 3730 3216 percussis-

420 3224 530 3279 ῑΐῖι
561 3238 682 3289 sua.
732 3221 865 3293 ίυϐίι
899 3238 912 3274 ε
944 3236 1183 3291 cumque
1211 3220 1497 3278 feSlinarel.
1532 3234 1589 3278 ul
1616 3224 1846 3295 fugeret,
1875 3227 2023 3282 ceci-
2051 3234 2097 3297 ι]
2129 3247 2213 3290 set
2256 3234 2590 3303 Jcbusmum,
2646 3245 2701 3293 et
2753 3236 3027 3308 tetigisset
3078 3237 3359 3293 domatum
3404 3237 3636 3303 ﬁstulas,
3676 3246 3734 3292 et

422 3316 526 3386 dit,
577 3326 634 3373 et
677 3314 906 3371 claudus
938 3313 1166 3370 effectus
1196 3324 1281 3370 est
1314 3332 1326 3368 :
1361 3314 1659 3387 habuitque
1697 3319 2023 3375 vocabulum

426 3407 825 3481 Miphiboseth.
872 3406 958 3477 [T.
990 3404 1153 3478 XCI.]
1184 3406 1485 3463 Venientes
1526 3410 1695 3480 igitur
1729 3410 1825 3466 ﬁlii
1856 3411 2023 3469 Rem-

421 3517 551 3559 mon
601 3499 924 3567 Berothitaz,
965 3497 1191 3555 Rechab
1235 3508 1290 3554 et
1335 3499 1557 3569 Baana,
1616 3503 1849 3572 ingressi
1898 3514 2027 3560 sunt

420 3593 668 3649 fervente
697 3592 787 3647 die
826 3591 1052 3646 domum
1101 3590 1397 3649 Hisbosetb
1430 3610 1443 3647 :
1471 3595 1562 3664 qui
1602 3594 1911 3653 dormiebat
1934 3614 2028 3654 su-

425 3692 527 3757 per
553 3692 781 3740 stratum
827 3696 987 3738 suum
1031 3682 1264 3739 meridie
1298 3695 1342 3739 ο.
1389 3684 1622 3757 ingressi
1665 3698 1795 3743 sunt
1844 3698 2025 3745 autem

422 3780 645 3836 domum
664 3790 1005 3834 assumentes
1025 3776 1202 3848 spicas
1226 3776 1409 3846 tritici,
1430 3788 1485 3835 et
1507 3794 1888 3851 percusserunt
1902 3783 2026 3840 eum

427 3874 484 3930 in
516 3872 736 3944 inguine
767 3869 987 3927 Rechab
1015 3879 1073 3926 et
1095 3870 1274 3926 Baana
1302 3870 1471 3927 frater
1499 3873 1644 3943 ejus,
1670 3886 1725 3931 et
1752 3876 2025 3947 fugerunt.

427 3967 565 4025 Cum
595 3973 774 4022 autem
802 3963 1031 4035 ingressi
1060 3961 1291 4020 fuissent
1318 3964 1563 4035 domum,
1592 3966 1684 4022 ille
1723 3967 2033 4025 dormiebat

430 4074 596 4131 super
623 4056 882 4114 lectulum
932 4069 1089 4110 suum
1148 4056 1202 4110 in
1242 4058 1511 4126 conclavi,
1564 4067 1617 4113 et
1663 4063 2032 4130 percutientcs

430 4146 823 4209 interfecerunt
856 4162 979 4203 eum
1016 4164 1029 4200 :
1060 4146 1383 4220 sublatoque
1404 4149 1581 4218 capite
1615 4150 1754 4220 ejus,
1779 4153 2033 4210 abierunt

434 4259 533 4315 per
562 4242 701 4297 viam
724 4240 929 4295 deserti
967 4248 1077 4293 tota
1106 4248 1286 4306 nocte,
1315 4248 1369 4295 et
1390 4242 1690 4299 attulerunt
1719 4256 1881 4315 caput
1914 4247 2032 4303 His-

435 4334 630 4394 bosetlt
656 4332 723 4389 ad
748 4331 917 4388 David
949 4332 1001 4386 in
1035 4331 1250 4387 llebron
1280 4349 1292 4385 :
1335 4333 1695 4405 dixeruntque
1718 4335 1783 4391 ad
1808 4353 2028 4409 regem:

2129 3329 2375 3395 claudos,
2406 3340 2457 3385 et
2488 3344 2664 3385 caecos
2694 3330 2949 3386 odientes
2977 3330 3213 3385 animam
3244 3330 3416 3386 David
3448 3330 3525 3402 [h.
3556 3328 3623 3385 Et
3652 3329 3732 3384 di-

2128 3421 2205 3475 xit
2249 3421 2301 3476 in
2330 3421 2417 3476 die
2441 3421 2534 3476 illa
2577 3421 2769 3490 David,
2798 3423 2889 3493 qui
2935 3422 3270 3493 percusserit
3308 3422 3641 3492 Jebusmum,
3676 3432 3735 3478 et

2131 3514 2369 3584 tetigerit
2410 3514 2671 3581 ﬁstulam,
2705 3525 2754 3570 et
2794 3515 3022 3570 claudos
3044 3525 3097 3571 ct
3125 3530 3300 3571 caecos
3331 3516 3589 3572 odientes
3616 3516 3735 3571 ani-

2130 3622 2271 3661 mam
2316 3605 2534 3680 David].
2568 3606 2775 3663 Idcirco
2816 3608 3019 3663 dicitur
3065 3609 3119 3664 in
3162 3609 3452 3680 proverbio
3485 3627 3499 3665 :
3540 3609 3733 3664 Caecus

2130 3707 2185 3753 et
2207 3698 2433 3754 claudus
2465 3714 2571 3753 non
2617 3700 2897 3754 intrabunt
2936 3701 3197 3771 templum
3229 3701 3308 3773 [h.
3338 3699 3592 3775 domum].
3629 3701 3735 3757 Ila-

2132 3789 2326 3844 bitavit
2356 3799 2539 3845 autem
2575 3790 2742 3846 David
2786 3792 2841 3847 in
2882 3807 3046 3857 arce,
3080 3801 3138 3848 et
3169 3795 3385 3850 vocavit
3422 3808 3566 3861 eam,
3597 3793 3732 3849 civi-

2133 3892 2297 3939 tatem
2330 3884 2517 3949 David,
2545 3893 2600 3939 et
2626 3884 2923 3941 mdiﬁcavit
2964 3901 3062 3957 per
3098 3902 3292 3959 gyrum
3318 3903 3349 3942 a
3374 3886 3541 3942 Mello
3568 3893 3624 3942 et
3645 3886 3733 3941 in-

2134 3976 2419 4032 trinsecus.
2454 3977 2519 4032 Et
2560 3977 2966 4049 ingrediehatnr
3007 3976 3034 4014 ἀ
3076 3979 3369 4051 proﬁciens
3409 3988 3573 4050 atque
3612 3993 3735 4035 suc-

2132 4085 2407 4134 crescens,
2436 4080 2491 4126 et
2524 4058 2784 4127 Dominus
2816 4072 2959 4127 Deus
2985 4074 3326 4129 exercituum
3349 4082 3469 4128 erat
3490 4089 3612 4127 cum
3642 4088 3732 4131 ρο.

2135 4160 2219 4233 [Τ.
2254 4161 2463 4233 XCIV.]
2497 4162 2643 4218 Misit
2663 4179 2879 4236 quoque
2920 4165 3103 4222 Hiram
3132 4182 3230 4222 rex
3265 4167 3394 4238 Tyri
3428 4166 3645 4221 nuntios
3667 4166 3734 4220 ad

2136 4254 2326 4324 David,
2352 4265 2406 4311 et
2444 4256 2583 4328 ligna
2613 4258 2858 4326 cedrina,
2897 4269 2951 4315 et
2982 4260 3224 4316 artifices
3255 4260 3550 4330 lignorum,
3601 4261 3736 4315 arti-

2135 4348 2373 4419 ﬁcesque
2411 4351 2649 4420 lapidum
2687 4352 2752 4407 ad
2786 4354 3043 4424 parietes,
3083 4366 3137 4410 et
3182 4354 3598 4410 aediﬁcaverunt
3637 4353 3735 4408 do-

440 4432 581 4487 Ecce
609 4437 772 4498 caput
798 4426 1089 4482 Ilisboscth
1122 4425 1214 4481 ﬁlii
1242 4425 1370 4482 Saul
1411 4428 1613 4484 inimici
1638 4431 1735 4497 tui,
1764 4433 1854 4501 qui
1884 4449 2034 4504 quze-
2137 4456 2284 4495 mum
2318 4441 2505 4497 David.
2538 4442 2603 4497 Et
2633 4448 2887 4514 cognovit
2922 4444 3093 4500 David
3133 4448 3388 4516 quoniam
3416 4445 3738 4500 confirmas-

434 4524 593 4581 rebat
621 4520 857 4575 animam
882 4528 1050 4584 tuam,
1090 4528 1143 4574 et
1175 4519 1327 4574 dedit
1364 4519 1628 4577 Dominus
1657 4522 1880 4581 domino
1910 4541 2034 4582 meo
2137 4539 2222 4587 set
2252 4531 2331 4603 [h.
2363 4533 2642 4606 ﬁrmasset]
2668 4551 2789 4590 eum
2834 4535 3098 4591 Dominus
3142 4551 3325 4607 regem
3352 4551 3515 4607 super
3544 4534 3736 4596 Israel.

435 4616 552 4688 regi
579 4615 815 4670 ultiones
846 4611 1030 4684 [ναις.
1078 4611 1363 4684 ultionem]
1407 4613 1567 4669 hodie
1606 4614 1675 4670 de
1703 4615 1854 4685 Saul,
1881 4629 1936 4674 et
1964 4618 2034 4677 de
2062 4636 2112 4697 ι)
2138 4634 2193 4681 et
2212 4626 2468 4694 quoniam
2492 4628 2790 4683 exaltasset
2817 4644 3048 4699 regnum
3072 4628 3189 4700 ejus
3204 4644 3368 4699 super
3390 4628 3467 4701 [h.
3493 4625 3734 4698 prapter]

435 4712 646 4768 semine
673 4710 811 4779 ejus.
861 4706 946 4778 [T.
996 4704 1181 4778 XCII.]
1228 4705 1591 4776 Respondeas
1628 4719 1811 4765 autem
1865 4712 2035 4769 David
2142 4720 2398 4788 p0pulum
2442 4734 2599 4776 suum
2664 4719 2851 4777 Israel.
2895 4723 3124 4793 Accepit
3166 4740 3297 4795 ergo
3349 4722 3513 4777 David
3560 4722 3739 4777 adhuc

436 4802 683 4869 “eehab.
712 4808 769 4857 θῑ
792 4799 973 4853 Βίιθιλα
1017 4798 1169 4851 fratri
1206 4797 1345 4868 ejus,
1388 4798 1513 4855 ﬁliis
1548 4798 1817 4857 Remmon
1870 4803 2038 4862 Bero-
2139 4811 2475 4866 concubinas
2513 4819 2569 4865 et
2608 4827 2815 4869 uxores
2857 4813 2925 4869 de
2956 4813 3280 4881 Jerusalem,
3326 4825 3612 4885 postquam
3644 4828 3739 4867 ve-

435 4896 615 4963 tbitze,
643 4892 782 4949 dixit
804 4889 872 4945 ad
892 4889 1484 4955 eos:vivitDominus,
1519 4891 1609 4961 qui
1630 4894 1773 4948 eruit
1797 4895 2034 4952 animam
2140 4913 2295 4958 nerat
2347 4903 2416 4959 de
2465 4902 2707 4959 llebron.
2740 4904 2828 4978 [T.
2875 4905 3060 4979 XCV.]
3106 4906 3338 4978 Natique
3391 4916 3520 4962 sunt
3569 4907 3737 4962 David

435 5003 617 5045 meam
643 4986 711 5042 de
732 4984 883 5041 omni
911 4981 1160 5054 angustia
1197 5001 1209 5037 :
1241 4984 1496 5054 quoniam
1528 4998 1677 5054 eum,
1707 4988 1797 5057 qui
1823 5003 2037 5046 annun-
2141 4993 2219 5066 [h.
2250 5002 2308 5051 et
2327 4994 2517 5067 adhuc]
2549 4996 2640 5051 alii
2670 4997 2769 5052 ﬁlii
2799 5006 2857 5053 et
2881 4998 3036 5063 ﬁlim,
3067 5008 3120 5054 et
3149 4999 3268 5055 lucc
3298 4999 3519 5055 nomina
3545 5014 3734 5056 eorum

435 5086 667 5139 tiaverat
721 5078 879 5145 mihi,
922 5086 978 5133 et
1024 5077 1273 5133 dixerat:
1310 5077 1558 5132 Mortuus
1609 5087 1693 5134 est
1743 5080 1892 5150 Saul,
1945 5083 2038 5154 qui
2137 5086 2230 5155 qui
2270 5089 2379 5141 nati
2424 5089 2621 5143 suntei
2658 5088 2710 5143 in
2746 5088 3074 5159 Jerusalem,
3107 5091 3330 5158 Samua,
3364 5101 3419 5146 et
3454 5091 3655 5158 Sobab,
3683 5100 3739 5146 et

436 5176 665 5249 putabat
690 5188 751 5229 se
783 5185 1040 5242 prospera
1070 5171 1344 5233 nuntiare,
1371 5170 1540 5239 tenui,
1572 5180 1627 5226 et
1649 5174 1819 5229 occidi
1845 5175 1861 5245 [_
1876 5175 2033 5249 Vulg.
2138 5176 2379 5243 Natltan,
2412 5189 2465 5235 et
2520 5179 2784 5237 Salomon
2807 5221 2821 5245 ,
2870 5193 2927 5238 et
2974 5182 3171 5239 Ibahar
3196 5194 3248 5239 et
3296 5184 3476 5240 Elisua
3497 5226 3513 5252 ,
3548 5193 3603 5239 et
3628 5184 3737 5240 Ne—

436 5268 640 5325 addunt
696 5261 845 5336 eum]
888 5263 941 5319 in
987 5262 1221 5332 Siceleg,
1266 5262 1353 5315 cui
1384 5262 1670 5332 oportebat
1714 5279 1801 5320 me
1847 5266 2034 5340 [Vulg.
2142 5272 2307 5344 pheg,
2350 5284 2406 5329 et
2430 5273 2648 5345 Japltia,
2681 5285 2739 5332 et
2765 5276 3020 5345 Elisama,
3057 5285 3113 5334 et
3145 5278 3333 5334 Eliada
3373 5277 3500 5351 [Μδ.
3535 5278 3735 5350 Elida],

435 5369 606 5418 ιαεεηι
645 5358 755 5432 me]
800 5357 932 5414 dare
959 5354 1272 5411 mercedem
1304 5369 1404 5424 pro
1436 5356 1648 5411 nuntio.
1675 5356 1891 5423 Quanto
1921 5378 2033 5417 ma-
2134 5377 2192 5423 et
2216 5368 2506 5440 Eliphelet.
2540 5370 2844 5429 Audierunt
2883 5388 3014 5444 ergo
3043 5373 3351 5429 Pliilisthim
3382 5374 3526 5445 quod
3552 5374 3739 5429 unxiso

508 5528 534 5556 ⁸
561 5516 708 5573 Satis
727 5511 1074 5571 contentiose
1104 5508 1487 5588 ad_IIebraenm
1517 5514 1801 5588 exemplar
1831 5518 2041 5588 respuit

433 5606 538 5649 ms.
576 5589 880 5653 Veronens,
914 5597 1105 5639 vocem
1143 5582 1310 5636 clara.
1351 5582 1559 5654 Nempe
1604 5594 1689 5640 est
1720 5587 1793 5643 ibi
1828 5582 2034 5645 tanium

435 5664 608 5718 adhuc
633 5661 687 5715 in
714 5660 817 5713 die.

502 5756 530 5794 δ
560 5753 656 5811 llic
684 5766 787 5808 ms.
818 5749 1127 5807 Veronens.
1161 5754 1303 5801 tacet
1345 5747 1443 5803 viri
1469 5765 1488 5804 :
1532 5764 1655 5805 mox
1689 5748 1870 5808 Banaa
1902 5767 2033 5812 con-

418 5835 637 5891 stanter
664 5824 793 5897 legit
823 5836 923 5895 pro
953 5818 1157 5876 Baana.
1199 5819 1364 5882 IIebr.
1396 5830 1558 5891 71:373.

2194 5532 2217 5561 ο
2244 5522 2477 5606 Addunt
2512 5526 2732 5606 Yulgati
2751 5547 2761 5583 :
2780 5527 2848 5583 Et
2877 5530 3093 5606 ostiaria
3116 5532 3303 5606 daturis
3336 5550 3565 5606 purgans
3597 5534 3736 5588 trili-

2142 5610 2258 5648 cum
2308 5596 2639 5677 obdormiuit
2667 5615 2686 5654 :
2724 5617 2842 5677 qua;
2889 5600 3204 5677 adAHebrmi
3236 5596 3518 5677 archetfpi
3551 5606 3732 5672 ﬁdem,

2140 5680 2243 5744 ms.
2266 5684 2497 5744 quoque
2530 5671 2934 5743 Hieronymiani
2970 5674 3248 5744 ignorant.

2210 5736 2235 5773 ά
2266 5738 2370 5794 Ms.
2409 5736 3136 5823 'Yeronens,'proﬁcis£ens,
3189 5747 3424 5807 fortasse
3492 5749 3740 5823 pressius

2134 5822 2366 5889 Hebraeo
2392 5814 2545 5919 7315.1.
