4144 6364
422 427 530 484 6'25

1711 425 1919 482 LIBER
1958 427 2001 484 II
2040 427 2411 488 SAMUELIS.

3621 434 3730 496 636.

419 549 543 597 sent
574 539 744 597 David
801 540 854 595 iu
883 553 1066 611 regem
1111 554 1275 612 super
1321 538 1512 606 Israel,
1558 546 1612 594 et
1651 539 2019 595 ascenderunt
2043 542 2178 604 Ain
2215 543 2382 598 domo
2423 543 2777 600 Obed-Edom
2825 513 3059 603 Gcttbmi
3102 549 3273 605 tribus
3324 550 3627 619 mensibus,
3671 561 3730 608 et

419 634 667 690 universi
724 642 784 688 ut
836 641 1149 704 quaererent
1181 632 1349 687 David
1383 631 1567 703 :quod
1615 646 1738 688 cum
1783 631 2025 688 audisset

423 726 586 785 David
614 770 629 794 ,
666 725 949 783 descendit
992 725 1045 781 in
1094 724 1432 796 praesidium.
1475 724 1792 780 Pbilistbim
1839 732 2023 780 autem

420 825 704 880 venientes
742 821 924 879 diffusi
961 829 1089 876 sunt
1129 821 1183 876 in
1211 821 1348 876 valle
1393 819 1683 889 Rapbaim.
1724 819 1792 873 Et
1827 832 2025 873 cmisu-

420 917 517 972 Iuit
555 915 727 971 David
775 914 1088 981 Dominum,
1121 915 1313 968 dicens
1342 929 1356 968 :
1391 913 1447 969 Si
1475 912 1769 967 ascendam
1802 910 1868 965 ad
1897 910 2025 966 Phi-

419 1008 659 1064 listbim?
694 1017 749 1064 et
776 1008 822 1063 si
852 1007 1011 1062 dabis
1041 1022 1137 1062 eos
1167 1007 1222 1060 in
1254 1021 1416 1061 manu
1458 1005 1621 1060 mea?
1661 1004 1726 1059 Et
1755 1004 1890 1059 dixit
1920 1005 2025 1059 Do-

419 1103 600 1158 minus
629 1101 697 1157 ad
744 1100 910 1156 David
940 1116 956 1155 :
984 1099 1259 1166 Ascende,
1301 1099 1430 1170 quia
1475 1097 1692 1153 tradens
1728 1097 1867 1153 dabo
1899 1098 2024 1153 I’hi-

420 1194 624 1249 Iisthim
658 1195 712 1248 in
745 1208 907 1248 manu
941 1202 1051 1247 tua.
1087 1192 1247 1247 Venit
1271 1207 1403 1263 ergo
1435 1190 1605 1246 David
1638 1191 1689 1245 iu
1720 1190 2022 1245 Bil-lI-PIIII‘

418 1288 608 1355 rasim,
642 1295 700 1343 et
730 1286 999 1354 percussit
1024 1299 1119 1340 eos
1148 1284 1248 1350 ibi,
1275 1293 1332 1339 et
1360 1283 1501 1338 dixit
1545 1300 1559 1336 :
1604 1283 1800 1337 Divisit
1840 1282 2025 1338 Domi-

419 1395 522 1434 nus
548 1378 799 1434 inimicos
821 1392 975 1434 meos
996 1393 1180 1434 coram
1209 1393 1320 1444 me,
1344 1377 1487 1433 sicut
1513 1375 1828 1431 dividuntur
1844 1390 2020 1445 aqum.

419 1475 715 1545 PrOpterea
742 1483 996 1529 Vocatum
1025 1481 1111 1528 est
1150 1488 1350 1528 nomen
1382 1472 1487 1526 loci
1523 1472 1689 1541 illius,
1725 1470 1851 1525 Baal
1887 1471 2027 1525 Pha-

418 1571 609 1623 rasim.
640 1568 708 1624 Et
758 1568 1098 1639 reliquerunt
1141 1567 1216 1622 ibi
1247 1565 1517 1637 sculptilia
1564 1579 1667 1620 sua
1701 1578 1860 1633 :quae
1897 1563 2028 1619 tulit

422 1661 616 1726 David,
645 1671 695 1716 et
731 1661 831 1715 viri
863 1661 1003 1730 ejus.
1051 1661 1120 1715 Et
1148 1659 1477 1715 addiderunt
1507 1659 1688 1713 adhuc
1715 1656 2026 1712 Philisthim

419 1763 481 1808 ut
523 1752 902 1820 ascenderem,
941 1761 1012 1806 'et
1054 1750 1233 1807 diﬁ‘usi
1279 1761 1407 1805 sunt
1450 1749 1505 1804 in
1551 1748 1696 1803 valle
1732 1746 2022 1817 Rapbaim.

420 1847 709 1904 Consuluit
730 1858 914 1903 autem
943 1845 1111 1901 David
1146 1845 1432 1900 Dominum
1465 1862 1478 1897 :
1513 1851 1540 1881 λ
1562 1843 1664 1910 Qui
1700 1840 2022 1913 respondit:

2127 636 2408 692 benedixit
2458 638 2716 694 Dominus
2744 639 3122 707 Obed-Edom,
3156 652 3211 698 et
3252 659 3470 700 omnem
3500 645 3724 701 domum

2126 730 2264 799 ejus.
2297 729 2720 802 Nuntiatumque
2742 744 2827 788 est
2847 733 2959 804 regi
2982 734 3148 790 David
3180 752 3195 790 :
3226 736 3720 810 Benedixit[Vulg.

2126 824 2271 893 quod
2299 823 2688 898 benedixisset]
2734 826 2992 882 Dominus
3023 827 3410 895 Obed-Edom,
3439 837 3498 886 et
3535 831 3720 886 omnia

2126 916 2266 984 ejus,
2319 927 2544 987 pt‘Optcr
2582 933 2760 974 arcam
2790 919 2908 975 Dei.
2949 919 3099 974 Abiit
3143 935 3276 991 ergo
3319 920 3510 988 David,
3544 930 3600 976 ct
3628 921 3724 978 ad-

2127 1007 2282 1063 duxit
2333 1025 2516 1065 arcam
2551 1011 2644 1065 Dei
2679 1011 2748 1067 de
2778 1011 2941 1066 domo
2965 1011 3327 1068 Obed-Edom
3359 1013 3413 1068 in
3440 1013 3718 1069 civitatem

2130 1103 2294 1158 David
2332 1119 2456 1159 cum
2499 1105 2695 1172 gaudio
2737 1103 2780 1159 τ.
2829 1105 3076 1176 Cumque
3121 1108 3592 1164 transcendisseut
3632 1110 3726 1180 qui

2126 1195 2415 1264 portabant
2460 1211 2644 1251 arcam
2692 1197 2905 1252 Domini
2954 1213 3051 1253 sex
3099 1213 3323 1268 passus,
3369 1200 3725 1258 immolabant

2125 1287 2321 1342 bovem
2345 1297 2399 1343 et
2417 1289 2664 1353 arietem,
2689 1299 2743 1345 et
2766 1290 2932 1344 David
2961 1290 3194 1346 saltabat
3218 1292 3348 1347 totis
3371 1292 3576 1348 viribus
3596 1301 3726 1348 ante

2127 1379 2438 1436 Dominum.
2460 1391 2486 1430 8
2516 1382 2684 1438 Porro
2715 1383 2884 1437 David
2907 1384 3187 1440 accinctus
3214 1384 3529 1456 eratepbod
3557 1386 3723 1441 lineo.

2127 1472 2196 1528 Et
2243 1473 2410 1528 David
2441 1481 2496 1529 et
2523 1475 2704 1530 omnis
2750 1474 2946 1530 domus
2993 1476 3158 1532 Israel
3217 1476 3492 1532 ducebant
3540 1491 3724 1533 arcam

2127 1566 2440 1621 testamenti
2489 1565 2565 1638 [b.
2611 1581 2718 1622 non
2768 1566 2954 1634 habet,
2996 1567 3334 1640 testamenti]
3384 1568 3621 1635 Domini,
3670 1569 3728 1624 in

2121 1665 2296 1734 jubilo
2339 1676 2395 1722 et
2445 1666 2498 1720 in
2551 1667 2809 1737 clangore
2863 1667 3130 1724 buccinte.
3177 1665 3422 1738 Cumque
3468 1669 3728 1724 intrasset

2127 1773 2254 1812 arca
2299 1759 2510 1814 Domini
2552 1758 2605 1814 in
2653 1760 2924 1815 civitatem
2970 1760 3174 1828 David,
3217 1760 3410 1815 Micbol
3442 1761 3551 1816 ﬁlia
3595 1759 3730 1816 Saul

2130 1850 2471 1921 prospiciens
2513 1868 2611 1921 per
2642 1851 2963 1921 fctiestram,
3004 1854 3138 1907 vidit
3175 1868 3357 1923 regem
3385 1853 3554 1909 David
3599 1854 3729 1910 sub-

418 1940 541 1996 Non
578 1938 842 1994 ascendas
879 1936 1069 2011 [Vulg].
1112 1936 1315 1990 addunt
1345 1947 1533 1990 contra
1579 1934 1718 2005 COS],
1771 1933 1867 1989 sed
1890 1949 2020 2005 gyra
2053 1934 2099 1995 B
2128 1943 2400 1998 silientem
2438 1954 2600 2015 atque
2639 1945 2929 1999 saltantem
2975 1959 3158 2000 coram
3181 1927 3442 2000 ’Domino
3468 1986 3482 2012 ,
3522 1954 3579 2001 et
3625 1945 3726 2000 de-

420 2043 548 2103 post
598 2043 808 2103 tergum
846 2047 1060 2098 eorum,
1099 2039 1156 2086 et
1205 2034 1393 2086 venies
1423 2029 1488 2085 ad
1535 2044 1634 2085 eos
1691 2045 1754 2082 ex
1792 2027 2025 2083 adverso

419 2143 678 2200 pyrorum
734 2124 822 2198 [b.
873 2122 1172 2196 ﬂentium].
1210 2123 1276 2178 Et
1323 2138 1446 2178 cum
1502 2121 1741 2177 audieris
1785 2121 2024 2176 sonitum

420 2221 724 2292 gradientis
751 2221 804 2275 in
828 2219 1110 2276 eacutnine
1164 2234 1420 2290 pyrornm
1458 2217 1537 2288 [b.
1580 2215 1871 2287 ﬂentium],
1899 2226 2028 2271 tunc

423 2315 587 2370 inibis
611 2314 855 2386 praelium
891 2331 904 2367 :
939 2315 1068 2381 quia
1095 2322 1226 2368 tunc
1266 2311 1578 2383 egredietur
1613 2311 1871 2366 Dominus
1897 2319 2026 2366 ante

425 2409 617 2464 faciem
664 2417 838 2476 tuam,
863 2417 924 2463 ut
945 2404 974 2444 ι’
1002 2406 1272 2478 percutiat
1307 2413 1488 2460 castra
1520 2403 1851 2459 Philistbim.
1878 2404 2030 2460 Fecit

425 2502 607 2570 itaque
640 2499 806 2554 David
846 2499 988 2556 sicut
1027 2500 1077 2555 ei
1126 2508 1465 2571 praeceperat
1496 2497 1780 2561 Dominus,
1822 2505 1878 2552 et
1905 2511 2029 2565 per-

425 2595 595 2650 tussit
627 2594 968 2661 Philistbim,
1027 2593 1096 2651 de
1149 2593 1352 2664 Gabce,
1399 2608 1572 2664 usque
1605 2601 1627 2631 ο
1658 2590 1787 2648 dum
1843 2591 2030 2648 venias

427 2689 622 2746 Gezer.
886 2690 889 2692 ’

499 2782 586 2856 [Τ.
627 2782 811 2850 XCVI,
844 2781 972 2854 Cap.
1007 2781 1115 2854 VL]
1173 2781 1535 2852 Congregavit
1572 2791 1754 2836 autem
1806 2796 2027 2835 rursum

431 2874 598 2930 David
623 2889 816 2930 omnes
859 2874 1063 2930 electos
1101 2890 1165 2930 cx
1200 2873 1365 2929 Israel
1407 2873 1625 2943 triginta
1673 2871 1861 2928 millia.
1900 2871 2032 2928 Sur-

427 2967 681 3038 rexitque
731 2965 916 3039 [Vulg.
961 2967 1048 3020 ad.
1099 2964 1291 3037 David]
1337 2975 1391 3021 et
1434 2966 1588 3031 abiit,
1639 2975 1691 3021 et
1745 2965 2033 3020 universus

431 3058 665 3129 populus
694 3058 786 3129 qui
825 3067 946 3113 erat
981 3073 1104 3113 cum
1131 3073 1197 3114 eo
1238 3059 1306 3113 de
1336 3057 1470 3113 viris
1499 3057 1663 3122 Juda,
1693 3067 1752 3112 ut
1796 3057 2032 3113 adduce-

438 3161 562 3206 rent
591 3166 773 3207 arcam
808 3151 929 3218 Dei,
971 3167 1136 3223 super
1165 3167 1324 3222 quam
1364 3152 1670 3207 invocatum
1714 3160 1797 3207 est
1835 3167 2033 3206 nomen

439 3243 652 3299 Domini
703 3243 1066 3311 exercituum,
1115 3244 1358 3299 sederatis
1420 3245 1472 3298 in
1521 3243 1818 3299 Cberubim
1868 3257 2032 3312 super

2129 2037 2310 2105 spexit
2335 2053 2456 2091 eum
2491 2039 2542 2091 in
2593 2037 2762 2093 corde
2801 2054 2928 2093 suo.
2961 2038 3030 2094 Et
3075 2038 3506 2094 introduxerunt
3543 2052 3727 2094 arcam

2131 2127 2366 2194 Domini,
2421 2137 2476 2183 et
2515 2139 2818 2200 posuerunt
2860 2144 2980 2185 eam
3021 2130 3073 2184 in
3121 2130 3241 2185 loco
3277 2143 3399 2196 suo,
3449 2129 3504 2185 in
3548 2129 3733 2186 medio

2132 2223 2467 2278 tabernaculi
2499 2224 2641 2294 quod
2677 2225 2980 2280 tetenderat
3007 2225 3057 2279 ei
3088 2223 3280 2293 David,
3321 2234 3372 2278 et
3403 2223 3602 2278 obtulit
3633 2223 3732 2277 Da~

2131 2316 2222 2371 vid
2247 2316 2566 2372 holocausta
2611 2333 2794 2372 coram
2825 2317 3076 2386 Domino,
3101 2326 3157 2372 et
3211 2316 3456 2387 paciﬁCa.
3488 2314 3732 2386 Cumque

2132 2409 2466 2479 complesset
2509 2408 2745 2466 oﬁ'erens
2777 2409 3154 2464 holocaustum
3184 2418 3240 2464 et
3282 2406 3526 2478 paciﬁca,
3563 2407 3734 2463 bene-

2133 2501 2274 2558 dixit
2304 2503 2507 2573 popqu
2536 2503 2589 2556 in
2623 2504 2842 2558 nomine
2870 2503 3089 2558 Domini
3122 2504 3482 2559 exercituum.
3512 2501 3582 2558 Et
3611 2517 3733 2570 par-

2136 2598 2262 2650 titus
2285 2604 2368 2650 est
2397 2595 2729 2650 multitudini
2755 2595 3025 2652 universa:
3064 2595 3252 2660 Israel,
3285 2606 3391 2650 tam
3425 2596 3546 2650 viro
3567 2610 3729 2664 quam

2134 2690 2374 2754 mulieri,
2407 2689 2636 2758 singulis
2658 2689 2958 2744 colliridam
2989 2689 3146 2760 panis
3178 2703 3339 2744 unam
3366 2687 3446 2761 [b.
3478 2688 3728 2758 Iaganam

2136 2785 2296 2854 panis
2323 2782 2536 2854 unum],
2571 2793 2625 2837 et
2653 2789 2958 2838 assaturam
2982 2781 3198 2837 bubula:
3225 2780 3410 2836 carnis
3448 2795 3637 2841 nnatn,
3679 2790 3736 2832 et

2137 2876 2374 2934 similam
2411 2876 2607 2931 frixam
2639 2876 2782 2943 oleo,
2811 2886 2867 2930 et
2905 2874 3038 2929 abiit
3064 2870 3242 2929 omnis
3270 2872 3535 2943 pepulus,
3567 2885 3736 2926 unus-

2135 2969 2366 3039 quisque
2405 2969 2460 3024 in
2494 2967 2714 3023 domum
2745 2981 2919 3022 suam.
2955 2965 3341 3034 Reversusque
3363 2972 3450 3020 est
3478 2962 3649 3018 David
3674 2973 3736 3016 ut.

2137 3065 2487 3121 benediceret
2523 3062 2708 3117 domui
2741 3077 2876 3128 suae,
2919 3067 2975 3115 et
2994 3074 3212 3130 egressa
3242 3058 3436 3115 Michol
3472 3059 3579 3112 lilia
3603 3057 3736 3113 Saul

2137 3158 2190 3212 in
2224 3170 2509 3210 occursum
2552 3153 2744 3218 David,
2775 3157 2890 3207 ait:
2919 3154 3089 3220 Quam
3121 3152 3396 3222 gloriosus
3434 3150 3534 3205 fuit
3563 3149 3730 3203 hodie

2138 3263 2234 3304 rex
2270 3246 2458 3310 Israel,
2492 3245 2900 3314 discooperieus
2926 3259 2986 3299 se
3029 3251 3160 3299 ante
3181 3242 3410 3296 ancillas
3449 3256 3732 3296 servorum

430 3353 573 3394 eam.
617 3337 687 3393 Et
721 3338 1104 3408 imposuerunt
1148 3353 1332 3393 arcam
1381 3337 1476 3393 Dei
1526 3352 1694 3408 super
1732 3338 2035 3407 plaustrum
2065 3329 2110 3392 C
2142 3355 2384 3405 suorum,
2421 3345 2476 3391 et
2522 3335 2753 3390 nudatus
2783 3345 2887 3400 est,
2933 3335 3085 3404 quasi
3133 3333 3180 3388 si
3212 3333 3446 3388 nudetur
3490 3347 3628 3387 unus
3667 3332 3739 3386 de

435 3445 633 3485 novum
671 3430 1064 3500 :tuleruntque
1105 3443 1223 3484 eam
1273 3429 1341 3485 de
1369 3429 1534 3484 domo
1581 3428 1889 3490 Abinadab.
1940 3428 2035 3498 qui

433 3531 552 3578 erat
596 3522 648 3577 in
681 3521 860 3579 Gabaa
893 3540 907 3578 :
936 3522 1044 3577 Oza
1073 3531 1254 3579 autem
1286 3533 1342 3578 et
1383 3523 1526 3578 Ahio
1575 3522 1672 3577 ﬁlii
1723 3521 2031 3587 Abinadab,

439 3613 726 3669 minabant
758 3613 1060 3683 plaustrum
1111 3629 1330 3668 uovtnu.
1358 3612 1604 3683 Cquue
1636 3612 1893 3668 tulissent
1916 3627 2035 3667 eam

436 3707 504 3762 de
525 3706 688 3764 domo
710 3707 1015 3772 Abinadab,
1041 3707 1132 3779 qui
1154 3719 1270 3763 erat
1292 3709 1345 3764 in
1374 3708 1577 3775 Gabaa,
1604 3708 1922 3764 custodiens
1947 3724 2036 3762 ar-

435 3816 552 3856 cam
586 3801 677 3857 Dei
727 3800 870 3856 Ahio
919 3800 1262 3872 prtem-debat
1305 3817 1508 3858 arcam.
1544 3803 1712 3858 David
1756 3813 1935 3857 autem
1982 3810 2038 3857 et

437 3897 620 3950 omnis
664 3894 828 3951 Israel
870 3895 1129 3950 ludebant
1174 3911 1361 3951 coram
1395 3897 1647 3964 Domino,
1693 3897 1746 3951 in
1784 3896 2037 3952 omnibus

441 3990 598 4061 lignis
627 3988 961 4055 fabrefactis,
993 3999 1050 4044 et
1074 3989 1300 4044 citharis
1326 4000 1378 4044 et
1403 3988 1536 4062 lyris
1565 3999 1620 4044 et
1668 3990 1938 4062 tympanis
1984 3999 2038 4043 et

439 4081 614 4136 sistris
659 4091 713 4137 et
757 4081 1043 4153 cymbalis.
1087 4080 1380 4151 Postquam
1429 4091 1616 4136 autem
1661 4083 1933 4135 venerunt
1972 4080 2036 4134 ad

441 4180 634 4233 Arcam
663 4176 907 4241 Nacbon,
939 4177 1047 4233 Oza
1088 4177 1332 4232 extendit
1365 4191 1587 4230 manum
1613 4174 1681 4230 ad
1712 4190 1893 4230 arcam
1942 4174 2037 4230 Dei

440 4279 495 4326 et
523 4271 691 4326 tenuit
721 4285 839 4326 eam
891 4269 1187 4340 :quouiam
1233 4269 1600 4324 calcitrabant
1642 4268 1836 4324 boves.
1881 4267 2042 4322 dIra--

440 4371 633 4434 tusque
677 4371 762 4418 est
815 4361 1188 4434 indignatione
1259 4361 1525 4417 Dominus
1588 4372 1777 4417 contra
1835 4360 2036 4428 02am,

444 4465 500 4511 et
523 4455 786 4526 percussit
816 4472 938 4510 eum
961 4471 1129 4524 super
1155 4456 1462 4511 temeritate
1494 4471 1506 4509 :
1538 4455 1628 4524 qui
1677 4462 1928 4508 mortuus
1956 4459 2042 4506 cst

445 4549 518 4605 ibi
541 4550 692 4619 juxta
715 4565 894 4605 arcam
941 4551 1056 4606 Dei.
1088 4549 1456 4605 Contristatus
1485 4557 1568 4604 est
1620 4559 1799 4604 autem
1849 4547 2040 4612 David,

447 4655 514 4695 eo
543 4641 687 4710 quod
717 4642 1078 4711 percussisset
1118 4641 1198 4714 [b.
1231 4640 1528 4713 divisisset]
1562 4641 1827 4696 Dominus
1850 4639 2040 4705 02am,

2137 3431 2364 3487 scurris.
2395 3428 2650 3499 Dixitque
2681 3426 2850 3481 David
2882 3425 2948 3481 ad
2979 3425 3181 3482 Micltol
3207 3443 3219 3478 :
3249 3425 3391 3480 Ante
3418 3424 3732 3485 Dominum,

2137 3523 2232 3595 qui
2263 3520 2432 3592 elegit
2471 3535 2556 3575 me
2596 3518 2774 3590 putitts
2801 3534 2960 3588 quam
2994 3527 3199 3588 patrem
3249 3527 3421 3585 tuum,
3471 3523 3529 3571 et
3575 3531 3735 3584 quam

2139 3630 2354 3671 omnem
2382 3613 2601 3669 domum
2627 3613 2768 3678 ejus,
2797 3621 2851 3666 et
2882 3610 3141 3681 praecepit
3165 3609 3318 3672 mihi,
3345 3618 3406 3664 ut
3424 3623 3603 3665 essem
3626 3608 3738 3663 dux

2140 3725 2307 3782 super
2338 3707 2595 3778 populum
2624 3706 2841 3761 Domini
2865 3706 2919 3759 in
2951 3705 3142 3772 Israel,
3165 3715 3219 3759 et
3243 3693 3448 3771 Iudam,
3480 3712 3538 3760 et
3577 3703 3740 3758 vilior

2141 3804 2265 3859 ﬁam
2299 3805 2581 3875 plusquam
2613 3801 2790 3857 factus
2820 3815 2963 3869 sum,
2996 3808 3052 3855 et
3088 3814 3186 3856 ero
3218 3800 3436 3857 humilis
3466 3800 3520 3855 in
3563 3799 3740 3855 oculis

2142 3897 2297 3962 meis,
2331 3905 2383 3950 et
2410 3909 2531 3949 curn
2555 3893 2786 3961 ancillis,
2818 3892 2885 3947 de
2906 3893 3102 3962 quibus
3123 3893 3302 3948 locuta
3334 3907 3417 3958 es,
3447 3891 3740 3964 gloriosior

2141 3989 2436 4062 apparebo.
2462 3985 2549 4060 [T.
2592 3985 2826 4058 XCVII]
2857 3987 3026 4057 Igitur
3067 3984 3263 4041 MicItuI
3295 3984 3419 4039 ﬁlia:
3458 3985 3590 4042 Saul
3627 3999 3737 4040 non

2142 4095 2226 4142 est
2254 4093 2410 4139 natus
2445 4083 2588 4136 ﬁlius
2619 4096 2792 4150 usque
2822 4085 2888 4135 ad
2916 4081 3058 4136 diem
3087 4081 3277 4136 mortis
3297 4095 3434 4135 suae.

2216 4179 2364 4251 [ϐαρ.
2400 4173 2539 4249 Vll.]
2572 4176 2792 4231 Factum
2824 4183 3108 4232 estautem
3139 4190 3264 4230 cum
3298 4173 3536 4230 sedisset
3564 4188 3656 4230 rex
3689 4172 3744 4227 in

2143 4275 2307 4330 domo
2332 4288 2450 4336 sua,
2495 4279 2552 4327 et
2579 4271 2836 4328 Dominus
2869 4269 3109 4326 dedisset
3134 4269 3183 4324 ei
3217 4269 3458 4338 requiem
3505 4267 3746 4335 undique

2143 4367 2213 4422 ab
2240 4365 2507 4420 universis
2559 4363 2792 4419 inimicis
2822 4362 2956 4429 suis,
3001 4361 3133 4417 dixit
3170 4362 3236 4416 ad
3275 4359 3486 4415 Nathan
3512 4358 3746 4428 prophe-

2148 4469 2254 4513 tam
2285 4457 2563 4514 :thesne
2591 4455 2734 4524 quod
2765 4469 2865 4525 ego
2896 4455 3137 4510 habitem
3167 4453 3222 4507 in
3244 4452 3406 4507 domo
3427 4451 3668 4508 cedrina.
3695 4457 3751 4505 et

2145 4568 2271 4608 arca
2305 4551 2398 4606 Dei
2447 4549 2618 4620 posita
2650 4547 2724 4604 sit
2755 4549 2808 4602 in
2838 4548 3016 4602 medio
3061 4545 3322 4616 pellium?
3357 4544 3607 4611 Dixitque
3640 4542 3749 4596 Na-

2149 4644 2277 4699 than
2303 4643 2368 4697 ad
2403 4658 2583 4711 regem
2618 4658 2629 4694 τ
2662 4641 2834 4696 Omne
2862 4639 3005 4708 quod
3030 4649 3112 4692 est
3154 4639 3204 4691 in
3236 4635 3404 4692 corde
3437 4646 3560 4698 tuo,
3586 4632 3747 4692 vade.

448 4741 503 4785 ct
532 4742 554 4769 ο
581 4742 833 4789 vocatum
864 4743 949 4789 est
976 4711 1175 4789 nomen
1205 4736 1314 4790 loci
1341 4711 1821 4804 illius,‘percussio
1845 4732 1924 4805 [b.
1957 4733 2043 4786 di.
2076 4729 2126 4788 D
2153 4738 2238 4794 fac
2269 4756 2281 4792 :
2314 4737 2437 4808 quia
2469 4736 2727 4790 Dominus
2753 4743 2934 4788 tecum
2983 4741 3086 4787 est.
3119 4729 3202 4802 [Τ.
3228 4727 3486 4796 XCVIII]
3531 4711 3751 4782 Faenum

453 4823 616 4895 visio]
647 4825 775 4893 Oza,
809 4840 979 4896 usque
1015 4827 1068 4880 in
1097 4827 1240 4882 diem
1274 4827 1433 4882 hanc.
1467 4827 1536 4880 Et
1579 4826 1833 4882 extimuit
1875 4824 2045 4879 David

453 4917 745 4974 Dominum
774 4921 826 4974 in
864 4920 952 4974 die
988 4920 1099 4984 illa,
1136 4922 1324 4975 dicens
1357 4940 1368 4974 :
1396 4922 1684 4989 Quomodo
1711 4921 2050 4992 ingredietur

452 5011 520 5066 ad
554 5027 640 5066 me
667 5028 791 5067 arca
824 5012 1074 5066 Domini?
1103 5013 1166 5066 Et
1192 5013 1368 5068 noluit
1387 5015 1664 5071 divertere
1687 5014 1753 5070 ad
1778 5030 1839 5070 se
1866 5030 2049 5070 arcam

455 5103 666 5160 Domini
695 5106 748 5161 in
776 5106 1048 5161 civitatem
1079 5105 1247 5162 David
1279 5125 1290 5162 :
1333 5108 1431 5164 sed
1462 5109 1680 5165 divertit
1719 5124 1837 5164 eam
1871 5108 1923 5163 in
1954 5110 2053 5165 do-

453 5211 602 5253 mum
629 5197 986 5256 Obed-Edom
1017 5197 1269 5256 Gettbaai.
1302 5199 1372 5256 Et
1392 5200 1660 5258 habitavit
1683 5216 1810 5259 arca
1837 5202 2054 5261 Domini

529 5389 552 5416 ⁸
613 5383 844 5437 Ilursnm
893 5381 1099 5436 addunt
1137 5382 1353 5454 Vulgati
1388 5401 1400 5435 :
1439 5383 1498 5439 Si
1537 5383 1817 5438 ascendant
1872 5395 2056 5438 contra

457 5451 819 5525 Philisthwos,
848 5461 896 5508 et
941 5455 1117 5510 tradas
1153 5451 1332 5508 eos—in
1366 5472 1548 5510 manus
1584 5456 1759 5509 ineas?
1787 5471 1910 5525 quae
1957 5471 2059 5512 nec

457 5523 718 5651 gemmeus
763 5525 947 5595 habet,
995 5540 1099 5582 nec
1150 5526 1596 5600 Hieronymianae
1652 5523 1922 5583 versionis
1966 5542 2062 5584 co-

497 5609 626 5651 tces.

497 5609 626 5651 ICBS.

531 5666 558 5705 δ
581 5669 675 5742 Ms.
697 5668 1023 5736 Veronens.,
1049 5677 1103 5723 ut
1134 5668 1419 5742 percutias.
1451 5668 1646 5738 Hebr.,
1664 5668 1967 5737 indeﬁnite,
1992 5670 2061 5724 ad

461 5741 880 5809 percutiendum.

538 5822 562 5850 ο
593 5811 737 5866 Idem
775 5828 875 5867 ms.
908 5828 1026 5866 cum
1051 5813 1221 5868 uenies
1255 5811 1442 5866 (ἕηκεν.

539 5879 566 5918 ἀ
596 5882 807 5955 γωςξιιί
841 5883 1070 5949 addunt,
1097 5893 1143 5938 et
1167 5882 1561 5938 declinaverunt
1585 5901 1716 5951 eam,
1749 5884 1893 5955 quod
1917 5894 2069 5944 cent-

473 5964 572 6009 ma
599 5954 883 6023 Ilcbracus,
909 5964 966 6013 et
1004 5970 1108 6013 ms.
1133 5955 1543 6029 Hieronytniani
1572 5954 1843 6029 ignorant.

2156 4841 2238 4886 cst
2258 4838 2434 4884 autem
2468 4831 2519 4882 in
2549 4827 2639 4882 illa
2671 4835 2850 4893 nocte,
2878 4835 2934 4880 et
2952 4840 3079 4880 ecce
3104 4839 3286 4879 sermo
3319 4821 3528 4876 Domini
3557 4819 3622 4874 ad
3651 4819 3756 4874 Na-

2157 4925 2311 4988 than,
2365 4906 2555 4976 dicens,
2594 4937 2608 4975 :
2657 4919 2806 4974 Vade
2848 4930 2902 4974 et
2945 4919 3166 4986 I0quere
3205 4915 3271 4971 ad
3313 4930 3527 4970 servum
3575 4928 3752 4967 meum

2161 5015 2330 5070 David
2364 5033 2375 5068 :
2407 5015 2535 5069 Ilaec
2564 5013 2698 5068 dicit
2727 5012 2990 5066 Dominus
3019 5026 3034 5063 :
3067 5005 3337 5076 Numquid
3380 5016 3433 5058 ttt
3466 5003 3759 5060 a‘diIicabis

2161 5107 2292 5163 mihi
2325 5108 2544 5161 domum
2579 5105 2644 5158 ad
2689 5101 3076 5158 habitandum?
3124 5099 3307 5170 Neque
3338 5101 3480 5152 enim
3524 5096 3762 5153 habitavi

2159 5202 2216 5259 in
2246 5201 2406 5258 domo
2433 5215 2505 5268 ex
2536 5198 2624 5255 die
2654 5195 2681 5234 ιι
2713 5197 2825 5264 illa,
2853 5212 2959 5267 qua
2987 5195 3148 5252 eduxi
3171 5195 3310 5251 ﬁlios
3334 5192 3501 5250 Israel
3527 5194 3596 5249 de
3619 5201 3766 5248 terra

2239 5395 2260 5424 ο
2303 5384 2612 5458 Veronens.
2637 5396 2765 5449 ms.,
2793 5380 2856 5435 Et
2884 5381 3104 5449 vocavit,
3137 5381 3351 5437 rectius
3376 5379 3443 5454 ad
3473 5379 3765 5437 Hebraeum

2236 5466 2316 5509 ΞἺἺ
2326 5498 2338 5509 .

2236 5469 2338 5516 ῑνπ.

2160 5470 2282 5565 m"
2317 5530 2370 5581 In
2398 5526 2642 5596 Vulgatis
2675 5528 2944 5582 adduntur
2971 5525 3156 5594 verba,
3193 5533 3241 5579 et
3282 5533 3426 5578 erant
3447 5540 3578 5596 non
3603 5521 3772 5596 Dnrid

2164 5608 2364 5668 septem
2387 5593 2566 5664 Cltofi,
2593 5607 2638 5651 ct
2660 5598 2863 5652 victima
2887 5597 3064 5665 vituli,
3098 5593 3221 5667 quas
3251 5611 3427 5668 neque
3460 5595 3511 5648 in
3539 5593 3768 5668 I_I_eb‘r:no

2166 5663 2336 5727 sunt.
2372 5686 2548 5738 neque
2596 5670 2650 5722 iu
2698 5663 3134 5740 I-lierouymiauis
3187 5663 3426 5740 antiquis
3470 5663 3775 5740 codicibus.

2245 5752 2269 5788 ϐ
2310 5740 2545 5796 Consule
2589 5756 2712 5812 qua:
2761 5741 2830 5795 de
2881 5737 3057 5809 ephod
3117 5739 3566 5812 Iincoulegttntur
3625 5737 3769 5800 apud

2177 5814 2568 5881 Hieronymum
2595 5807 2648 5866 in
2677 5807 2929 5879 epistola,
2957 5826 3120 5878 quam
3153 5809 3216 5863 ad
3260 5807 3572 5864 Marcellam
3603 5820 3772 5878 supe-

2179 5885 2294 5943 rius
2316 5884 2571 5949 scriptam
2595 5883 2830 5936 dixituus
2858 5882 2966 5936 col.
2993 5882 3117 5935 ⁸555.
3147 5881 3323 5935 Mam.
3741 5939 3747 5942 _

2249 5953 2275 5994 ¹³
2300 5955 2398 6010 Ms.
2416 5953 2716 6026 Vct‘oueus.
2744 5966 2807 6009 ea:
2827 5955 2908 6008 die
2923 5968 3024 6023 qua
3042 5951 3216 6007 eduxi.
3230 5991 3245 6020 ,
3267 5949 3496 6009 ΗΘΜ·ωο
3513 5949 3755 6022 pressius
3770 5993 3782 6012 ,
