4144 6364
384 305 490 363 627

1389 304 1448 361 S.
1489 300 1871 359 HIERONYMI
1912 301 2151 362 DIVINA
2190 304 2669 365 BIBLIOTHECA.

3578 312 3686 370 6‘28

387 420 631 496 Egypti,
660 436 833 496 usque
858 420 912 478 in
942 422 1086 480 diem
1111 423 1288 481 hanc:
1318 421 1415 478 sed
1445 421 1784 478 ambulabam
1812 421 1870 478 in
1901 429 1979 477 ta-
2008 424 2064 489 Α
2086 421 2337 492 Domine,
2361 422 2633 499 Domine].
2673 423 2904 498 Propter
2930 426 3156 484 verbum
3198 435 3370 496 tuum,
3402 436 3457 485 et
3485 442 3686 486 secun-

386 517 704 583 bernaculo,
730 526 786 574 et
812 518 865 573 in
899 517 1153 575 tentorio.
1180 517 1284 573 Per
1296 525 1486 573 cuncta
1505 515 1645 582 loca,
1665 531 1787 589 quae
1813 524 1986 572 trans-

390 613 463 670 ivi
510 627 634 670 cum
674 613 929 670 omnibus
955 612 1081 669 ﬁliis
1110 611 1296 682 Israel,
1339 611 1598 684 numquid
1630 612 1860 684 loquens
1903 612 1986 668 lo-

387 716 548 764 cutus
574 724 693 765 sum
721 707 791 764 ad
833 722 994 765 unam
1020 706 1090 764 de
1115 706 1363 763 tribubus
1389 705 1579 775 Israel,
1609 705 1697 762 cui
1728 706 1981 778 prateepi,

390 812 451 859 ut
477 811 725 873 pasceret
767 801 1023 873 populum
1063 815 1242 858 meum
1275 800 1475 870 Israel,
1517 800 1703 857 dicens
1747 817 1762 856 :
1803 800 1987 869 Quare

388 910 499 952 non
528 894 835 952 mdiﬁcastis
861 895 991 950 mihi
1021 893 1241 952 domum
1268 895 1580 952 cedrinam‘l
1606 897 1674 953 Et
1700 911 1843 953 nunc
1867 896 1988 953 haec

389 990 544 1047 dices
572 1003 732 1046 servo
775 1003 899 1045 meo
925 988 1092 1045 David
1119 1007 1133 1043 :
1168 989 1297 1046 Haec
1325 989 1457 1046 dicit
1498 989 1759 1047 Dominus
1779 989 1989 1047 exerci-

389 1092 539 1139 tuum
574 1101 587 1137 :
620 1082 732 1152 Ego
754 1081 853 1138 tuli
882 1089 934 1139 te
960 1082 1029 1137 de
1066 1070 1283 1153 pascuis
1310 1091 1630 1155 sequentem
1662 1097 1903 1154 gregem,
1928 1090 1991 1138 ut

390 1189 542 1233 esses
568 1175 675 1231 dux
697 1189 861 1244 super
882 1175 1148 1248 pupulum
1177 1192 1357 1233 meum
1382 1176 1569 1243 Israel,
1615 1183 1672 1234 et
1699 1175 1771 1231 fui
1804 1184 1985 1232 tecum

314 1300 319 1309 ρ
388 1268 445 1324 in
471 1269 725 1326 omnibus
753 1268 1076 1341 ubicumque
1120 1268 1433 1339 ambulasti,
1478 1279 1533 1326 et
1568 1266 1816 1326 interfeci
1861 1268 1986 1324 uni-

388 1374 579 1417 versos
608 1361 853 1417 inimicos
884 1369 1003 1417 tuos
1026 1376 1056 1416 a
1081 1361 1219 1418 facie
1246 1372 1337 1417 tua
1369 1381 1381 1417 :
1431 1359 1644 1433 fecique
1673 1361 1769 1417 tibi
1792 1373 1988 1417 nomen

387 1454 627 1525 grande,
662 1454 815 1525 juxta
849 1469 1051 1511 nomen
1096 1470 1416 1527 magnorum
1446 1455 1535 1527 qui
1569 1453 1778 1510 suntin
1821 1461 1986 1510 terra.

393 1545 464 1602 Et
507 1562 709 1618 ponam
763 1547 941 1604 locum
984 1548 1185 1620 populo
1235 1561 1359 1604 meo
1401 1546 1604 1611 Israel,
1634 1553 1691 1602 et
1735 1544 1992 1617 plantabo

391 1654 540 1707 eum,
571 1649 628 1696 et
655 1640 919 1697 habitabit
942 1641 1045 1697 sub
1064 1655 1152 1707 eo,
1182 1648 1239 1697 et
1264 1654 1372 1696 non
1398 1639 1704 1695 turbabitur
1723 1638 1988 1710 amplius:

394 1750 496 1793 nec
539 1733 742 1793 addent
797 1736 893 1792 lilii
943 1735 1263 1808 iniquitatis,
1313 1745 1371 1791 ut
1416 1734 1658 1806 affligant
1691 1749 1815 1789 eum
1851 1732 1994 1789 sicut

2090 515 2219 571 dum
2247 528 2345 572 cor
2372 525 2521 572 tuum
2567 517 2739 573 fecisti
2785 519 2967 575 omnia
3015 519 3285 591 magnalia
3338 518 3479 589 haec,
3527 520 3595 575 ita
3629 528 3688 576 ut

2089 619 2280 665 notum
2330 607 2539 665 faceres
2585 624 2744 665 servo
2792 618 2904 665 tuo.
2950 610 3154 668 Idcirco
3197 610 3572 685 magniﬁcatus
3600 628 3684 678 es,

2091 702 2317 759 Domine
2357 702 2499 759 Deus
2529 701 2610 777 [ιι.
2638 701 2667 743 h
2702 703 2951 769 Domine.
2994 703 3267 780 Domine],
3299 701 3445 776 quia‘
3467 721 3573 761 non
3604 714 3690 779 est

2088 797 2282 855 similis
2314 797 2413 864 tui,
2453 812 2630 869 neque
2657 799 2802 855 enim
2845 806 2931 854 est
2959 799 3098 853 Deus
3129 809 3283 856 extra
3314 805 3391 868 te,
3425 798 3480 854 in
3510 798 3691 855 omni-

2089 891 2192 948 bus
2218 908 2339 963 quae
2362 891 2666 950 audivimus
2692 892 2916 949 auribus
2956 893 3174 950 nostris.
3207 894 3337 964 Quae
3367 904 3453 951 est
3480 902 3688 962 autem,

2091 995 2147 1041 ut
2171 985 2402 1065 populus
2426 995 2548 1043 tuus
2571 984 2759 1056 Israel,
2782 1002 2916 1059 gens
2938 986 3019 1061 [h.
3050 987 3177 1060 una]
3201 988 3254 1043 in
3279 998 3445 1057 terra,
3469 996 3690 1060 propter

2089 1094 2252 1151 quam
2274 1079 2371 1135 ivit
2400 1080 2567 1151 Deus,
2618 1091 2676 1137 ut
2701 1082 2997 1139 redimeret
3025 1098 3149 1140 eam
3175 1081 3280 1139 sibi
3317 1081 3372 1138 in
3403 1081 3687 1155 populum,

2091 1186 2147 1233 et
2171 1186 2401 1248 poneret
2440 1176 2542 1233 sibi
2574 1192 2774 1232 nomen
2803 1218 2818 1244 ,
2852 1177 3163 1250 faceretque
3187 1179 3267 1235 eis
3308 1177 3600 1248 magnalia,
3635 1187 3693 1234 et

2092 1266 2376 1326 horribilia
2406 1286 2570 1342 super
2595 1280 2820 1340 terram,
2852 1286 2883 1325 a
2913 1269 3048 1329 facie
3076 1271 3260 1344 populi
3292 1272 3392 1339 tui,
3423 1287 3582 1342 quem
3606 1286 3697 1328 rc-

2094 1363 2311 1421 demisti
2340 1365 2435 1420 tibi
2468 1380 2539 1422 ex
2582 1364 2845 1438 Egypto,
2886 1376 3125 1438 gentem,
3155 1376 3210 1424 et
3237 1367 3401 1423 deum
3446 1366 3565 1439 ejus
3606 1365 3688 1442 [b.

2093 1457 2343 1530 gentibus
2379 1466 2435 1514 et
2479 1457 2582 1513 diis
2618 1457 2853 1533 earum].
2895 1458 3153 1516 Firmasti
3191 1462 3337 1517 enim
3386 1461 3480 1517 tibi
3524 1475 3697 1532 popu-

2093 1551 2205 1607 lum
2245 1559 2392 1607 tuum
2420 1550 2586 1607 Israel
2634 1553 2686 1608 in
2734 1552 2991 1624 populum
3035 1554 3463 1626 sempiternum,
3514 1562 3571 1609 et
3609 1560 3694 1620 tu,

2096 1644 2324 1701 Domine
2356 1641 2542 1717 [Vulg.
2572 1644 2769 1700 addunt
2799 1645 2983 1719 Deus],
3012 1644 3187 1703 factus
3212 1662 3273 1703 es
3300 1648 3381 1703 eis
3417 1646 3468 1701 iu
3498 1646 3690 1703 Deum.

2101 1750 2121 1779 ο
2154 1737 2308 1795 Nunc
2355 1753 2511 1810 ergo,
2546 1737 2777 1795 Domine
2824 1741 2967 1796 Deus
3006 1739 3084 1812 [Ιι.
3133 1756 3239 1796 non
3286 1739 3451 1796 habet
3501 1737 3693 1815 Deus],

393 1829 565 1899 prius,
596 1844 661 1885 ex
700 1828 791 1885 die
822 1843 930 1900 qua
981 1828 1239 1885 constitui
1284 1827 1495 1899 judices
1534 1841 1699 1895 super
1729 1826 1991 1897 populum
2022 1819 2070 1881 Β
2099 1832 2322 1889 verbum
2370 1830 2517 1903 quod
2572 1831 2785 1888 locutus
2849 1846 2911 1888 es
2956 1847 3125 1903 super
3173 1847 3391 1888 servum
3440 1840 3588 1887 tuum
3638 1839 3695 1886 et

394 1937 576 1978 meum
608 1923 796 1994 Israel,
837 1932 893 1979 et
920 1923 1161 1994 requiem
1208 1922 1352 1979 dabo
1382 1921 1477 1978 tibi
1506 1921 1575 1977 ah
1604 1921 1857 1976 omnibus
1890 1920 1991 1976 ini-

397 2012 552 2070 micis
592 2014 722 2070 tuis.
772 2014 1251 2086 Pratdicitquetibi
1294 2013 1573 2081 Dominus,
1598 2013 1740 2084 quod
1768 2012 1992 2070 domum

396 2108 560 2165 faciat
596 2110 689 2165 tibi
732 2109 1012 2166 Dominus.
1044 2108 1290 2180 Cumque
1328 2109 1583 2181 completi
1630 2108 1830 2164 fuerint
1876 2108 1993 2165 dies

398 2203 497 2269 tui,
525 2211 582 2259 et
604 2202 896 2259 dormieris
924 2219 1046 2259 cum
1078 2202 1322 2274 patribus
1351 2203 1477 2271 tuis,
1509 2202 1785 2259 suscitabo
1805 2217 1994 2259 semen

399 2305 548 2351 tuum
572 2306 697 2367 post
736 2303 812 2361 te,
840 2296 985 2368 quod
1023 2295 1331 2368 egredietur
1361 2295 1429 2353 de
1465 2306 1624 2353 utero
1664 2306 1777 2363 tuo,
1809 2305 1866 2353 et
1897 2296 1994 2367 ﬁr-

400 2387 563 2444 mabo
592 2403 817 2461 regnum
846 2389 969 2460 ejus
1008 2407 1020 2445 :
1069 2388 1186 2461 ipse
1227 2389 1514 2447 mditleabit
1543 2389 1760 2445 domum
1792 2387 2003 2445 nomini

399 2498 546 2552 meo,
575 2494 626 2540 et
652 2483 923 2539 stabiliam
954 2482 1208 2540 thronum
1243 2482 1396 2556 regni
1430 2485 1550 2553 ejus
1572 2498 1746 2553 uSque
1775 2482 1828 2537 in
1854 2496 1999 2539 sem-

399 2577 689 2644 piternum.
726 2579 840 2649 Ego
875 2593 970 2635 ero
994 2578 1043 2635 ei
1073 2578 1126 2634 in
1156 2587 1391 2650 patrem,
1420 2588 1475 2634 et
1517 2579 1632 2649 ipse
1653 2578 1757 2634 erit
1787 2577 1915 2633 mihi
1944 2577 1998 2633 in

398 2669 567 2726 ﬁlium
600 2690 615 2726 :
654 2673 741 2742 qui
774 2673 818 2726 si
852 2672 1033 2744 inique
1063 2671 1263 2744 aliquid
1311 2673 1563 2743 gesserit,
1611 2686 1835 2743 arguam
1868 2686 1999 2728 eum

397 2764 454 2820 in
486 2765 635 2835 virga
687 2765 950 2833 virorum,
1007 2775 1060 2821 et
1100 2764 1155 2820 in
1205 2765 1377 2836 plagis
1415 2764 1646 2820 ﬁliorum
1694 2764 1995 2820 hominum.

401 2855 834 2913 Misericordiam
864 2866 1044 2931 autem
1076 2871 1253 2913 meam
1283 2873 1387 2913 non
1412 2856 1655 2913 auferam
1678 2858 1747 2913 ab
1770 2872 1858 2926 eo,
1894 2858 2001 2915 sic-

400 2957 465 3004 ut
502 2948 698 3004 abstuli
734 2964 764 3003 a
794 2948 955 3018 Saul,
997 2964 1160 3021 quem
1206 2950 1383 3005 amovi
1422 2947 1633 3007 a‘facie
1677 2958 1702 2989 α
1743 2966 1877 3011 mea.
1935 2952 2003 3009 Et

330 3084 337 3089 .
403 3038 579 3096 ﬁdelis
619 3042 725 3097 erit
768 3042 961 3099 domus
1002 3048 1092 3098 tua
1124 3086 1138 3111 ,
1187 3051 1247 3099 et
1294 3057 1523 3115 regnum
1580 3052 1733 3099 tuum
1763 3088 1778 3113 ,
1831 3059 2002 3116 usque

401 3137 458 3190 in
502 3144 766 3191 aeternum
822 3144 949 3192 ante
993 3136 1184 3194 faciem
1240 3146 1384 3193 tuam
1418 3179 1435 3205 ,
1488 3146 1544 3194 et
1602 3137 1827 3196 thronus
1875 3148 2001 3196 tuus

399 3228 506 3285 erit
548 3229 734 3285 firmus
778 3228 999 3302 jugiter.
1052 3230 1359 3289 Secundum
1409 3232 1593 3289 omnia
1645 3233 1812 3289 verba
1855 3233 1993 3305 haec,
2027 3211 2075 3278 δ

370 3329 455 3378 ’ct
493 3321 646 3393 juxta
676 3323 983 3381 universam
1015 3323 1284 3381 visionem
1330 3324 1524 3391 istam,
1554 3325 1633 3381 sic
1663 3325 1874 3382 locutus
1918 3336 2001 3382 est

402 3415 614 3473 Nathan
662 3417 730 3473 ad
771 3417 961 3474 David.
994 3417 1080 3491 [Τ.
1111 3417 1324 3493 XCIX.]
1373 3420 1654 3492 Ingressus
1693 3431 1777 3479 est
1816 3431 1998 3477 autem

400 3530 501 3572 rex
549 3515 742 3584 David,
785 3523 840 3571 et
864 3514 1004 3571 sedit
1030 3530 1212 3571 coram
1260 3514 1510 3583 Domino,
1546 3528 1598 3571 et
1629 3516 1765 3572 dixit
1810 3534 1823 3571 :
1872 3517 2000 3586 Quis

399 3620 502 3681 ego
530 3624 674 3675 sum,
733 3608 962 3665 Domine
994 3609 1156 3674 Deus,
1202 3620 1257 3666 et
1305 3627 1424 3682 qua:
1454 3608 1648 3666 domus
1680 3626 1823 3677 mea,
1874 3612 2001 3680 quia

399 3703 673 3759 adduxisti
706 3719 790 3760 me
812 3702 1126 3776 hucusque?
1155 3704 1263 3762 Sed
1284 3713 1341 3761 et
1367 3705 1469 3759 hoc
1501 3720 1688 3775 parum
1717 3703 1890 3759 visum
1919 3716 2004 3762 est

400 3801 453 3855 in
477 3810 768 3870 conspectu
796 3808 888 3856 tuo
918 3799 997 3874 [Ιι.
1015 3799 1067 3855 in
1090 3799 1261 3856 oculis
1286 3799 1434 3873 tuis],
1451 3798 1681 3856 Domine
1703 3797 1870 3867 Deus,
1896 3796 2000 3855 nisi

399 3893 637 3966 loqueris
658 3893 822 3950 etiam
847 3895 915 3951 de
942 3894 1104 3950 domo
1126 3895 1271 3951 servi
1292 3896 1364 3949 tui
1399 3896 1450 3949 in
1479 3894 1831 3966 longinquum
1857 3912 1870 3948 :
1896 3895 1999 3951 ista

400 3995 487 4043 est
527 3988 671 4043 enim
716 3988 803 4044 lex
854 3987 1026 4044 Adam
1073 3986 1152 4062 [Ιι.
1201 3986 1482 4062 hominis],
1554 3990 1779 4047 Domine
1833 3991 1991 4047 Deus.

401 4084 539 4154 Quid
567 4098 699 4155 ergo
724 4082 929 4140 addere
976 4082 1173 4154 poterit
1208 4082 1386 4139 adhuc
1415 4082 1605 4150 David,
1647 4094 1704 4140 ut
1743 4083 1995 4157 loquatur

398 4178 468 4233 ad
498 4178 589 4234 te?
617 4175 695 4232 Tu
718 4175 861 4233 enim
898 4176 1008 4234 scis
1033 4192 1246 4233 servum
1279 4186 1450 4249 tuum,
1481 4172 1712 4236 Domine
1741 4178 1881 4235 Deus
1907 4176 1989 4251 [li.

471 4344 498 4374 ³
535 4333 773 4392 Omnino
808 4334 1013 4392 rectius
1039 4351 1072 4389 a
1112 4335 1245 4405 facie
1286 4343 1376 4391 tua
1420 4335 1643 4407 praefert
1685 4336 1990 4395 Veronens.

400 4443 505 4485 ms.
527 4429 675 4499 juxta
710 4427 996 4485 lIebraaum
1026 4411 1257 4512 3939573.

469 4519 498 4560 δ
537 4519 704 4586 Lxx,
737 4520 1009 4587 similiter,
1033 4500 1287 4588 Domine,
1318 4522 1390 4576 mi
1425 4520 1689 4580 Domine:
1716 4522 1775 4579 In
1822 4523 1987 4580 Hebr.

398 4593 852 4667 script_un_i_liabet
876 4602 996 4653 mm
1028 4593 1357 4667 tremitiun
1388 4595 1584 4667 legitur
1610 4598 1762 4667 juxta
1793 4604 1988 4665 puncta

394 4664 608 4719 vocalia
638 4663 1117 4731 Massoretitarum,
1153 4663 1626 4735 Adonai‘El’oltim;
1649 4684 1755 4722 non
1783 4663 1840 4724 ut
1887 4668 1988 4723 itii-

394 4736 684 4804 peritiores
713 4734 1050 4803 existimant,
1099 4735 1301 4790 Adonei
1336 4733 1543 4792 Jeltovi.
1603 4733 1765 4794 Eloin
1805 4747 1986 4796 autem

393 4822 613 4883 semper
636 4806 776 4862 Deus
806 4808 1192 4883 interpretatur
1217 4807 1400 4883 :_bene
1424 4807 1594 4879 igitur
1622 4813 1694 4883 rS.
1726 4810 1989 4883 liiernny-
2016 4819 2065 4879 ι)

390 4895 514 4934 mus
538 4878 732 4933 Latine
756 4876 965 4948 reddit,
981 4876 1205 4933 Domine
1234 4877 1412 4943 Deus;
1440 4876 1525 4935 cui
1558 4882 1723 4937 etiam
1753 4876 1987 4938 consen-

394 4952 537 5025 tiunt
562 4949 918 5025 Orientalium
957 4951 1311 5025 interpretes,
1354 4950 1665 5025 Clialdmus,
1711 4952 1907 5025 Syrus,
1930 4965 1987 5010 et

390 5020 586 5078 Arabs.
616 5021 724 5076 Nec
754 5019 1420 5089 dissimularepossumus
1476 5019 1827 5081 scholiastém
1881 5027 1982 5081 Ca-

387 5094 548 5149 nonis
580 5093 744 5148 Hebr.
787 5092 1041 5149 veritatis
1070 5091 1423 5148 allueinatum
1468 5096 1633 5151 fuisse
1676 5097 1727 5150 in
1755 5108 1985 5152 annota-

389 5167 537 5219 tione
562 5163 882 5219 immediate
910 5165 1183 5234 sequenti,
1217 5166 1342 5231 quia
1376 5163 1539 5221 Hebr.
1574 5183 1681 5221 non
1724 5167 1885 5223 habet
1908 5168 1983 5224 ibi

387 5245 511 5297 mm
540 5245 697 5309 mn,
711 5235 853 5309 quod
877 5244 1169 5309 utcumque
1187 5244 1505 5309 pateremur
1534 5237 1981 5309 interpretatum,

384 5309 633 5374 Domine,
663 5306 903 5373 Domine,
954 5307 1049 5367 sed
1093 5307 1356 5375 scriptum
1397 5306 1626 5381 legimus
1657 5306 1763 5366 hoc
1790 5306 1981 5367 eodem

383 5402 508 5456 loco
534 5385 714 5474 utr-hu
737 5410 882 5466 νει-ιιι,
905 5399 1111 5455 Adonai
1135 5398 1370 5472 Eloltim,
1398 5401 1541 5474 quod
1565 5402 1853 5474 significat,
1878 5403 1987 5460 Do-

388 5476 525 5528 mine
550 5473 705 5529 Deus.
750 5474 923 5529 ΜΛῐιτ.

455 5545 814 5601 -—Hebraeum
840 5546 1016 5616 ipsum
1044 5543 1374 5616 Scholiasten
1393 5546 1743 5616 reprehendit
1763 5546 1983 5602 Martia-

380 5632 563 5684 nznns,
597 5633 719 5674 cum
768 5614 1030 5685 scriptum
1071 5614 1160 5671 hic
1209 5619 1279 5673 sit
1318 5619 1368 5672 in
1412 5614 1639 5674 llebrmn
1673 5626 1793 5679 rum
1836 5627 1981 5684 ΨΜ,

379 5689 527 5760 quod
575 5704 641 5746 ex
700 5688 1153 5743 Massoretharuin
1209 5704 1480 5759 prmcepto
1532 5692 1562 5745 Ιι
1583 5690 1817 5761 gendum
1875 5702 1979 5758 est,

372 5784 577 5841 Adonei
600 5782 808 5838 Elohim
839 5799 860 5837 :
891 5798 1013 5837 mox
1032 5797 1160 5838 vero
1192 5783 1323 5853 ipsis
1352 5782 1537 5838 verbis
1567 5767 1782 5845 εντηίτιι
1818 5791 1976 5843 υνδε.

367 5859 614 5920 Diximus
640 5855 906 5927 SUSpicat‘i
944 5870 1047 5913 nos
1087 5854 1415 5913 scholiasten
1465 5853 1566 5915 luis
1596 5854 1979 5915 annotationes

2094 1940 2258 1998 Super
2285 1924 2504 1981 domum
2534 1923 2672 1996 ejus,
2704 1927 2905 1981 suscita
2943 1925 2996 1981 in
3028 1927 3418 1996 sempiternum
3466 1940 3480 1978 :
3522 1933 3577 1979 et
3614 1920 3700 1977 fac

2096 2020 2240 2076 sicut
2282 2018 2496 2076 locutus
2534 2033 2617 2084 es,
2650 2025 2711 2073 ut
2750 2017 2880 2091 [Μδ.
2932 2016 3011 2091 et]
3068 2018 3448 2087 magniﬁcelut'
3498 2029 3699 2071 nomen

2100 2126 2248 2171 tuum
2277 2129 2450 2185 usque
2484 2112 2538 2168 iu
2575 2112 2967 2181 sempiternum
2988 2156 3003 2182 ,
3031 2119 3196 2182 atque
3223 2109 3436 2165 dicatur
3467 2125 3482 2164 ε
3512 2107 3699 2163 Domi-

2099 2222 2202 2264 nus
2229 2207 2594 2273 exercituum,
2627 2204 2775 2262 Deus
2810 2219 2976 2276 super
3005 2203 3196 2259 lsrael.
3240 2202 3309 2259 Et
3337 2201 3530 2258 domus
3555 2198 3700 2257 servi

2099 2301 2175 2356 tui
2204 2298 2371 2356 David
2397 2299 2505 2356 erit
2539 2299 2781 2355 stabilita
2809 2314 2991 2354 coram
3016 2297 3246 2353 Domino
3283 2296 3360 2369 [In
3393 2311 3576 2353 coram
3601 2292 3699 2370 te].

2097 2394 2222 2467 quia
2256 2403 2336 2459 tu,
2382 2392 2608 2450 Domine
2651 2392 2988 2449 exercituum
3025 2392 3171 2448 Deus
3202 2390 3392 2461 Israel,
3447 2388 3702 2447 revelain

2099 2504 2288 2545 aurem
2341 2487 2483 2545 servi
2529 2485 2628 2557 tui,
2673 2486 2862 2543 dicens
2906 2505 2922 2543 :
2973 2486 3195 2542 domum
3240 2474 3523 2540 aediﬁcabo
3571 2482 3701 2537 tibi:

2101 2591 2385 2655 propterea
2416 2579 2625 2637 invenit
2666 2595 2854 2635 servus
2889 2587 3015 2634 tuus
3041 2594 3138 2633 cur
3157 2592 3339 2646 suum,
3364 2585 3423 2632 ut
3442 2584 3623 2629 oraret
3649 2582 3704 2629 te

2102 2674 2231 2749 [Ms.
2284 2684 2413 2731 tacet
2462 2672 2539 2748 te]
2583 2673 2829 2729 oratione
2876 2671 3001 2727 hac.
3059 2670 3214 2726 Nunc
3264 2685 3416 2739 ergo,
3470 2667 3705 2724 Domine

2102 2767 2270 2835 Deus,
2300 2779 2355 2824 tu
2382 2784 2442 2825 es
2468 2768 2634 2836 Deus,
2676 2776 2731 2824 et
2756 2766 2923 2823 verba
2957 2776 3043 2821 tua
3083 2775 3241 2822 erunt
3283 2781 3411 2820 vera
3446 2782 3459 2817 :
3492 2763 3704 2818 locutus

2102 2877 2164 2917 es
2190 2862 2336 2917 enim
2364 2859 2431 2916 ad
2452 2876 2669 2916 servum
2700 2868 2851 2915 tuum
2886 2857 3028 2914 bona
3060 2857 3193 2913 inec.
3228 2856 3408 2928 Incipe
3439 2856 3624 2926 igitur,
3646 2864 3704 2912 et

2103 2952 2330 3010 benedic
2356 2953 2536 3009 domui
2564 2954 2705 3008 servi
2729 2952 2828 3023 tui,
2858 2960 2917 3008 ut
2935 2953 3007 3008 sit
3030 2952 3082 3007 in
3110 2952 3501 3022 sempiternum
3519 2963 3702 3003 coram

2104 3057 2155 3103 te
2179 3064 2193 3101 :
2217 3045 2341 3118 quia
2368 3056 2443 3113 tu,
2473 3045 2699 3101 Domine
2719 3042 2882 3112 Deus,
2901 3044 3113 3101 locutus
3144 3059 3227 3113 es,
3251 3052 3306 3100 et
3328 3038 3705 3099 benedictione

2107 3151 2194 3196 tua
2225 3134 2580 3196 benedicetur
2606 3138 2804 3194 domus
2827 3138 2968 3193 servi
2999 3135 3073 3192 tui
3106 3136 3160 3192 in
3187 3135 3598 3206 sempiternum.

2178 3230 2263 3307 [T.
2296 3230 2360 3303 C,
2391 3231 2521 3304 Cap.
2567 3230 2731 3305 VIII.]
2770 3231 2994 3287 Factum
3043 3239 3125 3285 est
3166 3237 3345 3284 autem
3396 3235 3519 3299 post
3564 3225 3700 3293 lure,

2105 3329 2377 3404 percussit
2408 3326 2572 3384 David
2602 3326 2936 3392 Pliilistltim.
2961 3334 3017 3383 et
3040 3321 3344 3379 humiliavit
3364 3336 3485 3391 eos,
3511 3330 3566 3376 et
3584 3320 3707 3375 tulit

2107 3422 2275 3481 David
2300 3420 2513 3479 frenum
2567 3419 2752 3476 tributi
2792 3421 2860 3476 de
2900 3434 3061 3474 manu
3106 3415 3436 3474 Pliilisthim.
3485 3414 3554 3469 Et
3582 3427 3707 3483 per:

2105 3518 2275 3576 cussit
2317 3512 2492 3585 Moab,
2518 3525 2572 3573 et
2605 3530 2828 3571 mensus
2854 3522 2939 3571 est
2984 3528 3083 3571 eos
3129 3511 3386 3579 funiculo,
3415 3522 3706 3581 coaequans

2108 3622 2275 3670 terra:
2318 3630 2331 3667 :
2365 3625 2588 3667 mensus
2618 3618 2702 3664 est
2729 3617 2909 3664 autem
2939 3606 3079 3662 duos
3107 3604 3408 3669 funiculus,
3443 3617 3607 3658 unum
3636 3601 3702 3655 ad

2106 3704 2484 3772 occidendum,
2507 3715 2563 3759 et
2588 3718 2757 3758 unum
2786 3700 2855 3758 ad
2877 3698 3257 3756 viviticandum
3282 3697 3357 3770 [ιι.
3382 3709 3601 3753 mensus
3620 3702 3707 3749 cst

2104 3811 2285 3859 autem
2316 3799 2454 3855 duos
2489 3796 2763 3854 funiculos
2802 3796 2868 3851 ad
2909 3794 3307 3864 occidendum,
3340 3801 3396 3848 et
3432 3807 3598 3848 unum
3637 3789 3703 3845 ad

2101 3890 2506 3963 viviﬁcandum]
2552 3907 2567 3946 :
2619 3891 2897 3957 factusque
2941 3897 3026 3944 est
3064 3887 3221 3943 Moab
3258 3884 3429 3941 David
3461 3884 3704 3940 serviens

2102 3988 2204 4045 sub
2231 3986 2432 4044 tributo
2462 3985 2539 4059 [ιι.
2570 3992 2656 4039 est
2689 3982 2845 4038 Moab
2878 3980 3043 4037 David
3073 3980 3332 4045 serviens,
3371 3977 3550 4035 ferens
3581 3993 3703 4032 mu-

2104 4080 2276 4152 nera].
2328 4080 2394 4134 Et
2441 4076 2707 4150 percussit
2749 4073 2913 4131 David
2947 4071 2974 4111 ἀ
3005 4072 3284 4129 Adadczer
3324 4071 3495 4128 ﬁlium
3528 4069 3702 4135 800b,

2101 4190 2282 4249 regem
2318 4173 2494 4240 Seba,
2539 4170 2755 4243 quando
2799 4170 3075 4241 prolectus
3112 4178 3196 4224 est
3238 4173 3299 4221 ut
3334 4164 3706 4222 dominaretur

2105 4353 2214 4395 non
2259 4352 2325 4395 ex
2372 4336 2603 4394 Ilebrreo
2631 4334 2951 4408 archetypo.
2978 4333 3085 4408 sed
3106 4349 3172 4389 ex
3213 4331 3409 4408 Latino
3439 4329 3701 4408 quopiam

2100 4412 2290 4469 codice
2313 4410 2613 4474 derivasse,
2644 4407 2699 4462 in
2728 4402 2841 4479 quo
2865 4402 3125 4462 nonnulla
3156 4421 3223 4461 ex
3254 4402 3397 4459 LXX
3439 4402 3704 4458 Vcrsione

2105 4485 2279 4539 Veteri
2310 4480 2630 4537 insederint.

2174 4565 2196 4593 ο
2238 4554 2641 4622 Abestquoque
2668 4549 2773 4606 hoc
2794 4550 2914 4606 loco
2936 4546 3080 4622 apud
3108 4546 3255 4622 LXX
3283 4568 3295 4602 ;
3326 4561 3522 4622 nomen
3554 4543 3649 4622 Dei
3683 4564 3696 4599 :

2098 4628 2190 4701 ι(ᾳί
2214 4614 2466 4701 νῦνᾼκύριὲ
2489 4614 2611 4699 μοὶ),
2640 4623 2800 4701 ρῇμα,
2834 4614 3039 4687 θιθ.;’ἰ(1
3063 4632 3147 4701 est
3172 4637 3184 4672 :
3211 4618 3275 4701 [ξι
3299 4635 3457 4701 nunc,
3482 4614 3701 4701 Domine

2096 4700 2188 4765 mi,
2213 4687 2441 4766 verbum,
2489 4687 2605 4751 'etc.
2640 4687 3056 4749 'Exstattameu
3115 4693 3167 4746 in
3235 4690 3500 4745 hodierno
3534 4687 3697 4744 llebr.

2093 4774 2457 4864 texttth’n'Ttt
2475 4796 2595 4864 rem
2616 4796 2789 4864 nm,
2821 4784 3007 4841 Veatta
3058 4783 3262 4864 Adonei
3294 4781 3526 4864 Etenim3
3559 4781 3702 4864 quod

2090 4862 2483 4918 transferturiu
2510 4860 2762 4915 Latinum
2780 4853 3125 4913 sermonem.
3170 4854 3239 4910 Et
3279 4871 3440 4921 nunc,
3485 4853 3702 4907 Domine

2089 4932 2255 4989 Deus.
2290 4934 2477 4988 llestat
2506 4932 2710 4997 itaque,
2752 4930 2858 4986 nisi
2896 4944 2998 4985 nos
3029 4928 3177 4984 fallat
3206 4928 3414 4997 opinio,
3443 4924 3586 4981 LXX
3619 4928 3701 4979 in-

2091 5015 2384 5074 terpretes,
2420 5019 2484 5058 ac
2523 4998 2865 5074 Scholiasten
2907 4998 3334 5074 Canouis_lleb.
3378 4999 3700 5074 veri_t_._u_sos

2088 5065 2211 5134 esse
2240 5065 2641 5145 exemplaribus
2666 5073 2830 5145 llebr,
2856 5069 3132 5145 inquibus
3151 5070 3339 5145 deerat
3360 5065 3700 5145 v'ox_EloItiiit

2088 5157 2214 5220 post
2240 5139 2439 5220 nomen
2479 5145 2721 5220 Adonei,
2739 5139 2851 5208 aut,
2880 5143 2927 5199 si
2960 5140 3420 5220 placet,__1ehava.
3446 5140 3624 5220 Mser.

2149 5249 2223 5260 —
2245 5219 2385 5275 Hinc
2407 5218 2588 5274 denuo
2614 5217 2879 5288 colligere
2892 5224 3010 5288 est,
3029 5214 3361 5288 scliuliasten
3378 5211 3695 5288 Δῐιοςι-ἱιιειιιιι

2095 5290 2381 5417 Ιῦθιιινειξωῐι
2408 5288 2688 5361 exemplar
2714 5283 3075 5355 consuluisse,
3093 5295 3179 5342 est
3206 5284 3352 5341 enim
3377 5283 3434 5340 in
3463 5283 3697 5342 ﬂebrmo

2151 5381 2258 5417 eus.

2151 5381 2258 5417 eus.

2169 5432 2195 5472 ἀ
2238 5434 2292 5488 In
2322 5434 2483 5490 editis
2512 5433 2769 5489 Adarezer
2820 5429 3057 5496 legitur:
3087 5429 3229 5495 quod
3276 5424 3433 5484 ﬁttxit
3477 5440 3505 5480 e
3555 5422 3697 5480 LXX

2096 5505 2518 5581 interpretibus,
2547 5505 2640 5581 qui
2673 5505 2856 5574 legunt
2880 5500 3187 5581 Ἀδρααζὰρ,
3218 5499 3270 5556 id
3293 5507 3398 5569 est,
3429 5511 3468 5557 ’Ἰ
3487 5538 3509 5581 ε
3528 5496 3697 5581 Resclt

2091 5592 2191 5650 pro
2216 5569 2281 5645 ’ᾖ
2310 5575 2519 5633 Daleth.
2547 5569 2804 5650 Hebraeus
2833 5569 2977 5627 cunt'
3005 5569 3272 5650 erunibus
3311 5587 3442 5650 ltlSS.
3489 5569 3697 5650 Ῑέτιιὶιιιε

2090 5641 2486 5720 antiquioribus
2508 5663 2571 5703 ac
2594 5645 2835 5720 melioris
2848 5652 2988 5720 notae
3006 5644 3164 5698 habet
3191 5645 3477 5720 Adadeser.
3502 5641 3693 5720 bina-tn

2087 5749 2160 5763 —
2195 5710 2254 5778 In
2283 5735 2384 5779 ms.
2418 5722 2716 5778 Veronens.
2744 5718 2833 5777 hic
2872 5717 3219 5776 AddaJeazer
3250 5734 3267 5772 :
3301 5715 3513 5787 Vulgati
3547 5710 3694 5767 Ada-

2087 5810 2251 5851 reser.
