4144 6364
416 384 520 447 629

1710 388 1913 447 LIBER
1954 389 2000 447 ll
2040 388 2409 450 SAMUELIS.

3623 404 3728 464 630

416 515 587 573 super
620 501 821 560 ﬂumen
864 500 1214 574 Euphratem.
1251 504 1317 560 Et
1351 504 1525 577 captis
1562 504 1731 561 David
1767 521 1834 563 ex
1862 514 2015 578 parte
2042 510 2099 571 Α
2122 506 2331 564 melech
2358 507 2503 565 ﬁlius
2529 507 2813 580 Abiathar,
2844 522 3001 571 erant
3032 514 3346 572 sacerdotes
3368 531 3382 572 :
3402 522 3462 573 et
3484 516 3725 588 Saraias,

418 597 537 668 ejus
567 598 717 654 mille
747 599 1111 669 septingentis
1140 600 1446 671 equilibus,
1488 611 1544 657 et
1571 602 1759 672 viginti
1786 602 2025 659 millibus

422 692 684 764 peditum,
715 693 1065 761 snbnervavit
1088 708 1279 751 omnes
1304 694 1512 766 jugales
1538 710 1791 751 curruum
1827 713 1839 749 :
1869 694 2027 752 dere-

420 784 579 856 liquit
627 794 812 841 autem
854 801 920 842 ex
949 787 1031 842 eis
1075 794 1292 843 centum
1343 802 1556 843 currus.
1600 788 1762 845 Venit
1810 803 2025 860 quoque

422 877 576 948 Syria
620 875 902 945 Damasci,
946 886 1005 934 ut
1040 877 1350 948 praesidium
1390 878 1556 937 ferret
1591 880 1872 937 Adadezer
1913 879 2025 951 regi

420 970 603 1026 Soba:
635 981 691 1027 et
722 972 994 1042 percussit
1021 972 1189 1027 David
1218 971 1287 1028 de
1318 971 1475 1045 Syria
1506 973 1696 1045 viginti
1725 973 1833 1030 duo
1856 973 2023 1028 millia

419 1062 679 1119 virorum.
729 1064 793 1121 Et
826 1065 1009 1135 posuit
1049 1064 1215 1120 David
1269 1065 1580 1136 prmsidium
1632 1066 1683 1121 in
1736 1064 1890 1138 Syria
1922 1066 2027 1121 Da-

422 1154 591 1209 masci
637 1172 650 1210 :
700 1153 952 1227 factaque
992 1164 1075 1211 est
1124 1155 1280 1227 Syria
1325 1156 1492 1212 David
1525 1158 1769 1214 serviens
1800 1158 1900 1214 sub
1929 1159 2027 1214 tri-

419 1246 549 1304 buto
581 1248 656 1320 [11.
688 1264 844 1306 serva
878 1249 1057 1305 ferens
1086 1250 1334 1324 munera]
1368 1268 1381 1305 :
1417 1251 1765 1323 servavitque
1817 1250 1894 1324 [h.
1920 1252 2027 1307 sal-

420 1340 584 1413 vavit]
626 1342 884 1399 Dominus
934 1342 1101 1399 David
1160 1344 1215 1398 in
1260 1344 1513 1400 omnibus
1559 1344 1625 1399 ad
1671 1361 2027 1418 qumcumque

420 1433 694 1504 profectus
721 1443 821 1491 est.
872 1434 943 1491 Et
975 1434 1092 1491 tulit
1124 1436 1295 1491 David
1328 1446 1550 1509 torques
1578 1446 1604 1474 ι
1636 1452 1850 1507 aureas,
1889 1454 2025 1509 quas

420 1525 692 1583 habebant
712 1528 850 1583 servi
882 1526 1182 1595 Adadezer,
1202 1529 1580 1587 etdetuliteas
1609 1531 1663 1586 in
1694 1531 2023 1589 Jerusalem.

419 1622 483 1676 Et
520 1621 588 1675 de
622 1621 753 1677 Bete
781 1630 837 1677 et
866 1620 932 1678 de
961 1621 1219 1677 Berotl1ai
1253 1622 1380 1695 [Με.
1427 1624 1666 1697 Berotli],
1708 1624 2024 1681 civitatibus

418 1714 719 1784 Adadezer,
753 1714 879 1771 tulit
910 1732 1009 1771 rex
1037 1716 1202 1773 David
1224 1732 1299 1773 aes
1330 1718 1561 1773 multum
1585 1718 1769 1774 nimis.
1800 1718 2028 1774 Audivit

419 1819 599 1863 autem
632 1807 789 1863 Tbou
819 1808 897 1881 [11.
931 1807 1091 1881 Thai]
1118 1825 1211 1866 rex
1243 1810 1459 1879 Emath,
1493 1812 1635 1882 quod
1662 1813 2027 1882 percussisset

2126 601 2305 658 scriba
2338 619 2354 661 :
2384 604 2616 662 Banaias
2641 616 2824 663 autem
2848 608 2990 665 ﬁlius
3014 607 3242 679 Joiadte,
3276 627 3441 680 super
3467 612 3730 672 Cheretbi

2127 702 2182 749 et
2227 694 2472 752 Pbeletbi
2508 697 2585 769 [11.
2618 698 2861 769 Saraias,
2912 702 3087 757 scriba
3141 720 3156 758 :
3205 711 3262 758 et
3308 703 3539 761 Banaias
3584 705 3727 765 ﬁlius

2125 784 2352 856 Joiadae,
2381 797 2435 844 et
2461 788 2717 847 Cheretbi
2757 800 2813 849 et.
2854 791 3125 865 Pl1eletl1i]
3163 812 3174 849 :
3212 794 3309 850 lilii
3342 806 3525 852 autem
3552 796 3722 861 David

2128 879 2442 935 sacerdotes
2469 893 2647 939 erant.

2199 970 2285 1044 ['1‘.
2322 971 2429 1040 Cll,
2447 974 2574 1046 Cap.
2597 975 2714 1049 IX.]
2741 977 2806 1033 Et
2832 978 2965 1035 dixit
2995 979 3168 1035 David
3200 997 3214 1036 :
3248 980 3486 1038 Putasne
3515 989 3599 1038 est
3628 982 3727 1037 ali-

2126 1065 2249 1136 quis
2278 1068 2370 1139 qui
2392 1071 2714 1126 remanserit
2745 1072 2814 1129 de
2847 1073 3009 1132 domo
3037 1078 3258 1146 Saul,et
3285 1077 3410 1151 [51s.
3433 1078 3511 1151 ut]
3534 1077 3727 1135 faciam

2127 1175 2249 1215 cum
2274 1176 2340 1217 eo
2366 1163 2798 1222 misericordiam
2822 1179 3043 1239 propter
3059 1170 3365 1226 Jonathan?
3398 1172 3529 1228 Erat
3547 1180 3729 1228 autem

2126 1251 2195 1309 de
2218 1253 2379 1310 domo
2411 1255 2561 1325 Saul,
2593 1272 2787 1316 servus
2812 1263 3031 1319 nomine
3059 1262 3187 1319 Siba
3214 1282 3225 1317 :
3259 1280 3421 1334 quem
3467 1280 3589 1321 cum
3632 1280 3730 1322 vo-

2126 1356 2305 1404 casset
2328 1364 2422 1405 rex
2449 1351 2515 1405 ad
2548 1352 2797 1423 se,‘dixit
2840 1355 2891 1410 ei
2923 1374 2938 1413 :
2966 1355 3119 1412 Tune
3144 1372 3204 1413 es
3233 1356 3393 1415 Siba?
3433 1367 3488 1414 et
3516 1358 3608 1415 ille
3652 1374 3731 1415 re-

2125 1441 2345 1510 spondit
2375 1459 2391 1499 :
2425 1440 2539 1515 Ego
2569 1462 2683 1500 sum
2710 1446 2787 1518 [11.
2813 1464 2919 1503 non
2950 1448 3135 1523 habet]
3164 1466 3354 1507 servus
3385 1462 3527 1508 tuus.
3563 1453 3628 1509 Et
3657 1454 3734 1508 ait

2126 1547 2248 1587 rex.
2281 1533 2550 1605 Numquid
2581 1548 2829 1610 superest
2857 1541 3050 1611 aliquis
3091 1543 3158 1598 de
3186 1544 3350 1599 domo
3378 1544 3528 1615 Saul,
3561 1552 3623 1599 ut
3648 1544 3728 1599 fa-

2127 1624 2267 1679 ciam
2295 1640 2420 1682 eum
2440 1642 2505 1683 eo
2535 1629 2964 1688 misericordiam
2996 1633 3128 1690 Dei?
3152 1634 3410 1707 Dixitque
3433 1637 3561 1694 Siba
3585 1638 3728 1709 regi:

2128 1716 2392 1786 Superest
2419 1720 2562 1777 ﬁlius
2582 1721 2879 1790 Jonathan,
2899 1725 3092 1782 debilis
3119 1728 3362 1797 pedibus.
3388 1728 3512 1797 Ubi,
3531 1730 3727 1800 inquit,

2128 1809 2246 1864 est?
2273 1810 2339 1864 Et
2367 1810 2492 1867 Siba
2523 1812 2591 1868 ad
2620 1829 2798 1884 regem
2830 1834 2842 1870 :
2876 1816 3037 1885 Ecce,
3074 1818 3172 1887 ait,
3200 1818 3253 1874 in
3299 1819 3464 1875 domo
3502 1828 3587 1875 est
3618 1820 3732 1874 Ma-

419 1902 585 1957 David
627 1900 656 1941 ι)
696 1918 860 1959 omne
905 1903 1070 1961 robur
1116 1903 1417 1974 Adadezer,
1456 1916 1511 1961 et,
1541 1906 1693 1961 misit
1741 1905 1895 1960 Thuu
1943 1905 2020 1977 [11.
2057 1915 2103 1976 Β
2132 1901 2251 1956 ebir
2280 1901 2375 1957 ﬁlii
2409 1904 2585 1960 Amiel
2616 1904 2671 1960 in
2712 1906 2987 1963 Lodobar.
3022 1909 3157 1963 Misit
3184 1924 3315 1980 ergo
3338 1928 3430 1966 rex
3460 1911 3646 1977 David,
3681 1920 3737 1967 et

418 1995 780 2069 Tltoi]Joram
809 1997 977 2053 ﬁlium
1010 2014 1170 2054 suum
1202 1998 1269 2054 ad
1297 2014 1480 2070 regem
1512 1999 1700 2067 David,
1735 2009 1796 2054 ut
1826 1998 2028 2054 saluta-

418 2102 503 2147 ret
531 2105 655 2147 eum
686 2091 1092 2163 congratulans,
1122 2100 1177 2147 et
1202 2092 1403 2164 gratias
1430 2103 1637 2165 ageret,
1670 2108 1735 2149 eo
1763 2093 1906 2166 quod
1927 2110 2025 2150 ex-

417 2196 714 2261 pugnasset
746 2188 822 2261 [h.
854 2198 910 2245 et
934 2189 1285 2248 benediceret
1329 2208 1452 2247 eum
1497 2208 1564 2248 eo
1602 2194 1747 2264 quod
1799 2206 2028 2264 pugnas-

413 2282 517 2356 set]
550 2283 851 2351 Adadezer,
884 2292 940 2340 et
984 2282 1349 2365 percussisset
1377 2301 1523 2342 eum.
1562 2286 1648 2359 [Τ.
1682 2286 1793 2359 CL]
1837 2287 2026 2345 Hostis

415 2378 617 2449 quippe
666 2389 783 2433 erat
814 2378 968 2433 Tbou
1003 2378 1307 2446 Adadezer,
1338 2390 1393 2436 et
1430 2379 1483 2435 in
1517 2396 1681 2435 manu
1708 2381 1827 2451 ejus
1868 2390 2027 2437 erant

417 2484 546 2525 vasa
575 2485 762 2537 aurea,
794 2479 851 2525 et
897 2485 1024 2526 vasa
1054 2482 1332 2543 argentea,
1362 2480 1417 2527 et
1448 2486 1571 2527 vasa
1600 2487 1741 2527 terea
1774 2489 1785 2525 :
1820 2487 1941 2542 qua:
1970 2480 2027 2528 et

417 2565 533 2635 ipsa
565 2564 922 2621 sanetiticavit
950 2580 1045 2621 rex
1080 2565 1248 2621 David
1283 2566 1515 2621 Domino
1553 2582 1675 2621 cum
1709 2578 1937 2635 argento
1961 2568 2025 2623 'et

416 2672 574 2724 auro,
604 2673 723 2729 quae
745 2656 1186 2713 sanctiﬁcaverat
1212 2663 1281 2715 de
1313 2659 1581 2715 universis
1608 2660 1859 2731 gentibus
1886 2674 2027 2731 quas

419 2752 731 2823 subegerat,
776 2752 841 2807 de
895 2752 1091 2824 Syria,
1140 2762 1196 2808 et
1225 2753 1399 2819 Moab,
1435 2764 1490 2809 et
1522 2754 1648 2809 ﬁliis
1682 2754 1936 2819 Ammon,
1970 2764 2026 2811 et

419 2842 753 2909 Philistliim,
779 2851 834 2898 et
862 2841 1105 2909 Amalec,
1133 2852 1187 2899 et
1217 2843 1284 2899 de
1312 2844 1584 2901 manubiis
1612 2844 1896 2901 Adadezer
1928 2846 2024 2901 ﬁlii

420 2936 575 2992 lloob
608 2934 738 3008 [Με.
790 2934 1030 3007 llobotb]
1075 2936 1219 3007 regis
1269 2936 1435 2992 Soba.
1490 2937 1641 2993 Fecit
1669 2953 1887 3009 quoque
1918 2938 2025 2994 sibi

421 3030 591 3085 David
624 3045 842 3095 nomen,
876 3044 999 3085 cum
1032 3039 1402 3086 reverteretur
1430 3041 1584 3102 capta
1624 3031 1783 3103 Syria
1812 3032 1862 3086 in
1886 3028 2026 3088 valle

419 3121 734 3177 Salinarum
758 3160 775 3189 ,
800 3121 957 3177 etesis
988 3131 1009 3159 ε
1048 3121 1236 3177 decem
1269 3128 1325 3178 et
1362 3130 1488 3177 octo
1528 3122 1767 3177 millibus
1798 3139 1813 3177 :
1846 3131 1900 3177 et
1928 3138 2025 3194 po-

420 3214 531 3269 suit
557 3213 610 3269 in
639 3213 874 3269 ldumtea
902 3212 1157 3269 custodes
1184 3254 1199 3281 ,
1250 3214 1542 3285 statuitque
1573 3213 1881 3284 praesidium
1913 3232 1925 3267 :
1968 3223 2025 3270 et

2132 1994 2252 2048 tulit
2275 2010 2399 2050 eum
2421 1994 2488 2051 de
2510 1996 2675 2053 domo
2704 1998 2910 2055 Machir
2924 2000 3016 2055 ﬁlii
3045 2002 3219 2056 Amiel
3241 2002 3309 2057 de
3332 2001 3582 2057 Lodobar
3605 2002 3732 2073 [013.

2128 2089 2419 2163 Lodabar].
2473 2092 2606 2147 Cum
2651 2101 2831 2149 autem
2881 2096 3122 2151 venisset
3153 2095 3541 2167 Ilipbibosetb,
3588 2094 3732 2150 ﬁlius

2127 2183 2422 2250 Jonathan,
2444 2183 2535 2239 ﬁlii
2559 2186 2709 2257 Saul,
2729 2187 2797 2242 ad
2824 2187 3013 2253 David,
3036 2190 3240 2243 eorruit
3266 2190 3317 2242 in
3337 2187 3529 2243 faciem
3554 2203 3730 2257 suam,

2127 2285 2184 2332 et
2209 2278 2477 2334 adoravit.
2522 2279 2773 2352 Dixitque
2803 2282 2974 2337 David
3010 2299 3023 2336 :
3058 2282 3457 2352 Mipbiboscth?
3493 2282 3594 2351 Qui
3645 2298 3731 2338 re-

2128 2373 2347 2443 spondit
2378 2390 2391 2426 :
2424 2373 2629 2429 Adsum
2658 2391 2849 2432 servus
2893 2385 3015 2431 tuus
3048 2393 3061 2432 :
3098 2376 3164 2431 Et
3208 2376 3283 2432 ait
3323 2377 3371 2431 ei
3405 2375 3575 2431 David
3607 2393 3619 2429 :
3651 2375 3729 2430 Nc

2129 2466 2340 2534 timeas,
2370 2468 2496 2536 quia
2526 2467 2731 2523 faciens
2756 2470 2945 2525 faciam
2976 2469 3029 2524 in
3060 2478 3113 2525 te
3138 2468 3568 2525 misericordiam
3600 2482 3734 2538 pro-

2128 2569 2250 2629 pter
2273 2559 2542 2615 Jonathan
2573 2570 2781 2630 patrem
2817 2573 2987 2628 tuum,
3020 2569 3077 2618 et
3098 2562 3384 2618 restituam
3408 2562 3504 2617 tibi
3536 2576 3728 2615 omnes

2128 2665 2287 2721 agros
2312 2650 2439 2706 Saul
2462 2652 2631 2722 patris
2661 2653 2758 2722 tui,
2789 2662 2845 2708 et
2867 2662 2923 2708 tu
2951 2654 3208 2710 comedes
3232 2668 3423 2725 panem
3450 2655 3505 2709 in
3538 2670 3729 2709 mensa

2128 2760 2246 2800 mea
2270 2759 2507 2815 semper.
2540 2745 2641 2813 Qui
2673 2746 2909 2802 adorans
2936 2763 3083 2813 eum,
3117 2748 3255 2802 dixit
3290 2766 3301 2800 :
3330 2748 3460 2814 Quis
3498 2764 3592 2819 ego
3612 2764 3731 2801 sum

2128 2836 2332 2909 [11.11011
2360 2836 2541 2909 habet]
2569 2852 2758 2893 servus
2784 2847 2930 2907 tuus,
2961 2840 3217 2910 quoniam
3248 2840 3539 2911 respexisti
3563 2854 3728 2909 super

2126 2944 2317 2986 canem
2356 2939 2626 2986 mortuum
2670 2931 2906 2988 similem
2953 2933 3104 2987 mei?
3133 2932 3361 2988 Vocavit
3394 2932 3578 3002 itaque
3633 2945 3732 2986 rex

2126 3024 2307 3080 Sibam
2332 3040 2559 3094 puerum
2590 3023 2746 3095 Saul,
2776 3036 2831 3081 et
2858 3026 2996 3082 dixit
3025 3027 3072 3082 ei
3107 3043 3120 3080 :
3151 3025 3346 3081 Omnia
3377 3040 3736 3097 qumcumque

2124 3118 2346 3174 luerunt
2375 3118 2525 3183 Saul,
2573 3130 2629 3175 et
2656 3120 2966 3176 universam
3019 3121 3239 3175 domum
3289 3120 3427 3190 ejus,
3458 3120 3585 3175 dedi
3616 3120 3732 3174 ﬁlio

2125 3210 2331 3266 domini
2363 3212 2462 3267 tui.
2501 3212 2743 3283 Operare
2783 3213 2947 3283 igitur
2974 3213 3023 3268 ei
3069 3220 3268 3267 terram
3304 3222 3377 3279 tu,
3408 3223 3461 3265 et
3493 3211 3590 3265 lilii
3625 3212 3723 3277 tui,

422 3307 562 3362 facta
589 3317 671 3362 est
703 3308 951 3361 universa
976 3305 1207 3361 ldumzea
1241 3307 1484 3363 serviens
1506 3306 1701 3361 David.
1742 3307 1810 3362 Et
1839 3323 2025 3363 serva-
2053 3309 2099 3372 ρ
2130 3313 2186 3362 et
2206 3306 2351 3362 servi
2387 3306 2459 3361 tui
2498 3323 2510 3361 :
2541 3316 2596 3361 et
2619 3306 2823 3363 infcres
2856 3307 2971 3361 ﬁlio
3001 3306 3207 3361 domini
3240 3306 3313 3360 tni
3346 3306 3498 3359 cibos
3524 3304 3601 3376 [11.
3631 3323 3731 3376 pa-

423 3400 500 3454 vit
530 3398 607 3472 [11.
642 3397 891 3471 salvavit]
921 3398 1179 3455 Dominus
1206 3398 1378 3454 David
1411 3400 1464 3455 in
1495 3400 1748 3455 omnibus
1776 3400 1841 3454 ad
1873 3416 2023 3471 quae-

422 3509 655 3565 cumque
679 3492 953 3564 prolectus
984 3500 1087 3549 est.
1132 3493 1197 3547 Et
1226 3492 1471 3564 regnavit
1501 3493 1674 3548 David
1706 3508 1872 3564 super
1896 3509 2019 3549 om-

425 3602 550 3641 nem
584 3586 789 3643 lsrael:
822 3584 1051 3642 faciebat
1072 3602 1285 3658 quoque
1308 3586 1477 3642 David
1499 3585 1758 3657 judicium
1788 3595 1845 3643 et
1867 3588 2025 3658 justi-

428 3680 559 3735 tiam
590 3679 739 3736 omni
762 3679 962 3751 populo
991 3694 1110 3736 suo.
1142 3679 1279 3736 Joab
1309 3689 1489 3737 autem
1516 3681 1659 3736 ﬁlius
1676 3680 1881 3737 Sarvite
1907 3689 2026 3737 erat

424 3789 591 3844 super
621 3775 917 3829 exercitum
949 3790 962 3827 :
996 3789 1161 3842 porro
1186 3774 1488 3843 Josapbatb
1515 3774 1657 3831 ﬁlius
1687 3775 1882 3829 Abilnd
1909 3784 2027 3831 erat

427 3882 460 3922 a
505 3866 912 3924 commentariis
945 3882 959 3921 :
998 3875 1051 3922 et
1080 3865 1295 3922 Sadocb
1319 3866 1462 3923 ﬁlius
1491 3867 1713 3936 Abitob,
1748 3878 1804 3923 et
1831 3864 1857 3904 ἀ
1885 3868 2023 3924 Abi-

504 4040 531 4068 ει
588 4028 897 4086 Veronens.
957 4043 1245 4100 mssieum
1300 4027 1549 4100 Vulgatis
1604 4046 1755 4084 arma
1824 4046 2029 4098 aurea,

431 4118 564 4171 quaz,
596 4111 723 4167 etc.,
748 4101 945 4173 quibus
987 4109 1041 4156 et
1073 4097 1331 4173 Hebrmus
1363 4097 1575 4173 textus,
1610 4112 1664 4156 et
1692 4097 2032 4170 llexaplares

430 4176 604 4232 Graeci
636 4172 962 4244 interpretes
992 4172 1215 4243 prmiius
1240 4172 1524 4227 accedunt.
1784 4196 1789 4199 >

500 4267 528 4307 ιι
567 4267 650 4323 Ad
682 4284 783 4322 ms.
821 4267 1150 4323 Veronensis
1177 4265 1359 4333 ﬁdem,
1382 4274 1494 4322 tum
1520 4266 1737 4324 llebrtei
1764 4275 1947 4323 textus
1974 4278 2030 4324 et

433 4339 630 4406 Graeci,
656 4339 967 4395 Stilfeciuius
991 4339 1078 4394 hic
1107 4338 1336 4394 verbum
1361 4354 1531 4407 omne,
1563 4341 1705 4411 quod
1734 4339 1943 4396 deerat.

506 4446 530 4475 ο
574 4437 675 4491 Pro
707 4436 879 4491 decem
906 4446 951 4489 et
978 4444 1090 4489 octo
1118 4434 1365 4499 millibus,
1395 4432 1611 4489 codices
1628 4449 1902 4490 sacrorum
1935 4434 2025 4489 Bi-

435 4509 664 4563 iliiOl‘Ulll
688 4508 1043 4578 manusCripti
1077 4508 1279 4575 legunt,
1300 4508 1444 4560 cazsis
1471 4504 1748 4560 duodecim
1770 4508 2017 4560 millibus.

438 4581 513 4633 De
542 4594 648 4649 quo
678 4578 917 4649 disputat
938 4579 1143 4634 Auctor
1171 4578 1283 4645 QQ.
1333 4577 1716 4632 llebraiearnm
1760 4580 1811 4632 in
1857 4578 2026 4633 libros

436 4648 664 4719 Regum,
691 4648 877 4705 dicens
910 4666 923 4703 :
954 4648 1023 4721 [Et
1045 4651 1086 4703 si
1108 4667 1257 4719 quem
1307 4660 1488 4717 movet,
1521 4650 1659 4719 quod
1688 4650 1739 4703 in
1770 4650 2027 4721 plerisque

437 4722 746 4774 Latinorum
774 4720 1035 4774 codicibus
1078 4722 1353 4785 invenitur,
1405 4721 1574 4774 David
1618 4738 1721 4775 non
1766 4723 1937 4775 decem
1980 4730 2028 4774 et

440 4802 553 4844 orto
583 4790 746 4843 millia
792 4792 845 4844 in
900 4791 1032 4844 valle
1064 4790 1385 4854 Salinarum,
1425 4793 1513 4845 sed
1559 4791 1827 4846 duodecim
1864 4791 2027 4845 millia
2054 4792 2109 4852 D

439 4862 702 4922 recidisse,
736 4862 927 4915 noverit
969 4862 1065 4915 hoc
1102 4864 1225 4916 vitio
1264 4864 1569 4933 scriptorum
1601 4865 1653 4916 in
1680 4863 1913 4933 ejusdem
1943 4879 2029 4916 co-

440 4933 641 4986 ilicibus
664 4934 881 4987 nolitum
907 4950 1015 4987 esse
1044 4949 1061 4987 :
1089 4935 1331 4987 veraciter
1352 4944 1522 4987 tamen
1549 4933 1714 4987 David
1752 4935 1805 4987 in
1850 4936 2028 4989 eadem

438 5003 572 5059 valle
598 5006 901 5059 Salinarum
924 5004 1103 5058 decem
1120 5014 1169 5058 et
1191 5014 1301 5058 octo
1324 5006 1491 5060 millia
1518 5007 1721 5071 cecidit,
1752 5005 1885 5061 Joab
1910 5022 2027 5060 vero

438 5076 711 5130 duodecim
734 5075 897 5129 millia
921 5092 937 5129 :
966 5076 1095 5148 sicut
1140 5078 1195 5130 in
1249 5076 1396 5131 titulo
1422 5079 1836 5148 quinquagesimi
1866 5077 2029 5132 octavi

438 5148 627 5217 psalmi
669 5148 929 5202 scribitur.
990 5146 1248 5202 Advertat
1305 5146 1474 5203 lector
1518 5146 1756 5204 errorem
1789 5150 1875 5204 hic
1904 5164 2027 5205 esse

440 5223 495 5274 in
515 5233 741 5273 numero
761 5230 865 5274 tam
894 5218 947 5273 in
978 5217 1136 5273 editis
1166 5217 1340 5286 libris,
1364 5236 1521 5289 quam
1541 5221 1592 5273 in
1612 5221 2018 5290 manuscriptis;

440 5306 564 5345 nam
587 5306 685 5361 pro
710 5292 1132 5361 quinquagesimo
1152 5300 1327 5345 octavo
1354 5293 1577 5362 psalmo,
1604 5293 1886 5362 legendum
1914 5306 2019 5358 εει,

440 5364 493 5435 in
523 5363 668 5435 titulo
688 5363 1095 5435 quinquagesimi
1134 5362 1257 5417 noni
1310 5361 1519 5434 psalmi,
1570 5361 1674 5431 vel,
1712 5365 2028 5435 sexagesimi

434 5434 586 5504 juxta
616 5434 893 5491 llebrzeos.
926 5434 1107 5488 Mmr.

503 5505 907 5577 —Vernnensis
927 5520 1140 5575 quoque
1162 5520 1265 5560 ms.
1282 5504 1737 5575 quemadmodum
1755 5515 1811 5561 et
1832 5507 2026 5577 reliqui

444 5591 655 5642 omnes,
684 5593 823 5647 quos
850 5576 1098 5631 Martian.
1132 5578 1403 5633 consuluit
1431 5594 1627 5647 magno
1650 5594 1900 5643 numero,
1934 5576 2032 5634 lia-

442 5647 573 5704 bent
616 5649 898 5703 dumtaxat
945 5648 1217 5703 duodecim
1257 5649 1483 5704 millibus
1512 5667 1527 5703 :
1556 5664 1716 5720 quem
1757 5666 2026 5715 errorem,

443 5721 768 5787 scriptorum
808 5720 937 5774 vitio
984 5720 1227 5775 inclitum
1278 5721 1480 5776 Latinis
1513 5722 1795 5778 codicibus
1819 5722 2027 5789 jamdiu

443 5800 601 5863 antea
650 5795 854 5846 Auctor
876 5792 1189 5863 QnaeSIion.
1217 5793 1469 5849 llebraic.
1498 5796 1548 5848 in
1579 5794 1773 5851 Libros
1800 5795 2025 5863 Regum,

444 5862 513 5935 ab
556 5864 683 5935 ipso,
726 5862 1046 5917 Martianzeo
1091 5863 1361 5927 laudatus,
1410 5868 1786 5935 castigaverat.
1844 5862 1949 5922 Sed
1978 5875 2033 5920 et

448 5931 622 5990 Lucas
669 5934 960 6011 Brugeasis
1006 5944 1317 6008 corruptam
1363 5931 1609 5996 eamdem
1661 5942 1712 5996 in
1754 5938 1867 5995 suis
1900 5952 2028 5993 mss.

2132 3400 2270 3473 nem]
2310 3408 2370 3455 ut
2393 3401 2568 3456 alatur
2601 3418 2614 3457 :
2647 3401 3008 3472 Miphibosetb
3041 3408 3220 3456 autem
3255 3400 3397 3453 ﬁlius
3426 3398 3633 3454 domini
3658 3399 3736 3454 tui

2131 3501 2154 3529 ο
2214 3493 2466 3548 comedet
2508 3507 2726 3563 semper
2771 3509 2965 3565 panem
3017 3508 3182 3563 super
3238 3506 3482 3547 mensam
3528 3506 3730 3547 meam.

2128 3586 2302 3642 Erant
2345 3596 2529 3642 autem
2572 3587 2717 3643 Siba;
2760 3585 3073 3658 quindecim
3112 3586 3224 3651 ﬁlii,
3258 3595 3312 3640 et
3344 3583 3534 3654 viginti
3564 3585 3731 3639 servi.

2128 3681 2382 3752 Dixitque
2410 3681 2539 3738 Siba
2591 3681 2659 3737 ad
2698 3696 2880 3753 regem
2908 3697 2922 3737 :
2952 3680 3108 3737 Sicut
3128 3678 3360 3749 jussisti,
3410 3677 3628 3733 domine
3656 3680 3731 3732 mi

2128 3792 2244 3846 rex,
2282 3792 2446 3833 servo
2477 3786 2600 3847 tuo,
2635 3774 2714 3831 sie
2749 3775 2918 3831 faciet
2956 3788 3148 3830 servus
3190 3781 3355 3828 tuus:
3385 3780 3441 3827 et
3470 3770 3737 3842 Mipliibo-

2126 3871 2245 3928 setl1
2266 3870 2517 3928 comedet
2544 3886 2709 3942 super
2748 3885 2991 3927 mensam
3026 3878 3170 3925 tuam
3212 3866 3292 3940 [11.
3321 3865 3552 3938 meam],
3580 3868 3735 3937 quasi

2136 4030 2424 4086 lectionem
2454 4029 2679 4101 reperit,
2711 4045 2873 4102 quam
2900 4028 2967 4086 ad
2995 4027 3245 4085 llebraici
3274 4026 3605 4099 exemplaris
3632 4042 3732 4082 au-

2134 4105 2441 4157 ctoritatem
2466 4102 2737 4171 repudiat.

2204 4171 2231 4211 ἀ
2262 4174 2458 4228 lterum
2487 4169 2749 4239 corrupte
2794 4173 2990 4241 legitur
3022 4172 3072 4226 in
3117 4171 3419 4226 Veronens.
3461 4184 3564 4225 ms.
3604 4169 3733 4223 Ahi-
3794 4208 3799 4211 ν

2133 4246 2326 4301 melech
2351 4260 2449 4314 pro
2475 4245 2825 4299 Achimelech.
2858 4244 3155 4299 Obtinebat
3195 4243 3285 4298 hic
3310 4257 3465 4314 error
3495 4244 3548 4296 in
3584 4242 3731 4314 Grae-

2131 4320 2212 4373 cis
2252 4312 2403 4372 libris
2445 4316 2553 4386 jam
2599 4316 2742 4372 unde
2791 4317 2859 4370 ab
2893 4315 3110 4369 Eusebii
3157 4313 3507 4381 temporibus,
3553 4312 3731 4386 quiin

2130 4390 2324 4457 psalm.
2343 4385 2507 4443 xxxnl
2527 4389 2605 4442 sic
2620 4388 2867 4443 disserit:
2888 4389 2918 4445 ἡ
2934 4395 3035 4442 τῶν
3057 4386 3324 4460 βασιλειῶν
3336 4389 3502 4460 γραφή
3519 4385 3733 4460 diligi-

2127 4454 2227 4528 ἷεχ
2251 4462 2489 4533 περιέχει
2506 4501 2518 4522 ,
2545 4460 2820 4533 inediae/ﬁ;
2850 4454 3117 4533 arotxeiou
3144 4454 3412 4531 ysuouévng
3440 4454 3455 4485 ³
3477 4454 3622 4533 οὐδὲὺ
3646 4454 3730 4510 δεῖ

2128 4530 2589 4607 κινεῖσθὰιςηπαρά
2626 4530 2743 4607 ’γὰρ’
2780 4537 2868 4590 τὴν
2907 4530 3184 4601 ὁμοιότητα
3210 4534 3301 4607 τοί)
3327 4531 3596 4607 ςτοιχείου
3632 4534 3726 4607 γρῦ

2130 4606 2222 4679 ξοὴθ
2245 4598 2968 4679 πᾳρξἘϐράίοιρίκ-Ξςλονμένοίέ
2993 4605 3077 4655 καὶ
3097 4605 3194 4679 ’τοῦ
3222 4602 3323 4679 Κόςφ
3344 4598 3597 4679 δεαφόρως
3627 4599 3734 4679 ἐξε-

2132 4674 2247 4733 δόθη
2276 4668 2517 4745 τ”ὅνομὰ’
2566 4674 2757 4746 σχεδὸν
2795 4668 2895 4747 ἠάρ
2946 4670 2995 4726 ἓν
3026 4674 3108 4747 noti
3134 4668 3324 4747 ταρτρἶέ
3371 4668 3503 4724 ἐσλξί
3527 4673 3593 4725 τὰ
3638 4668 3729 4747 §oo

2132 4753 2397 4817 στοιχεῖα,
2421 4739 3175 4822 [epulae-cirri;asperius-young
3192 4742 3612 4822 ἐναλλαττοῦσης.
3632 4739 3733 4794 Ile-

2134 4813 2354 4889 gnorirm
2377 4813 2635 4887 scriptura
2655 4813 2977 4869 Achimelecli
2998 4813 3180 4879 habet;
3210 4829 3273 4866 ne
3301 4814 3728 4889 litteriecommu-

2131 4883 2325 4943 latione
2376 4883 2635 4960 quispiam
2690 4896 2999 4960 moveatur:
3030 4896 3413 4960 na1_n_ea_qua:
3456 4883 3727 4960 intercedit

2133 4960 2264 5013 inter
2288 4951 2643 5013 litteras'Betlt
2672 4966 2717 5012 et
2759 4956 2964 5027 Chaph,
2990 4967 3043 5009 ut
3072 4954 3284 5010 Hebraei
3307 4951 3510 5027 vocant,
3536 4951 3725 5007 simili-

2133 5031 2331 5096 tudine,
2363 5032 2561 5085 diverse
2587 5047 2769 5083 nomen
2789 5030 2983 5084 editum
3011 5028 3105 5099 fuit
3145 5042 3163 5081 :
3192 5026 3448 5099 siquidem
3477 5041 3605 5099 una,
3638 5040 3729 5099 ea-

2133 5104 2346 5174 demque
2392 5107 2499 5173 fere
2535 5110 2609 5157 est
2641 5100 2865 5155 duorum
2901 5097 3287 5174 elementorum
3311 5097 3510 5174 ﬁgura,
3537 5097 3727 5174 brevis-

2131 5169 2450 5229 simo'solu'm
2471 5175 2619 5241 apice
2647 5174 3011 5243 distinguente.
3047 5170 3259 5243 Verum
3275 5169 3392 5243 ipse
3418 5169 3595 5243 etiam
3619 5169 3727 5222 Eu-

2132 5244 2315 5300 sebius
2340 5239 2560 5316 fallitur,
2586 5260 2760 5315 neque
2782 5239 2927 5300 enim
2957 5258 3050 5315 per
3077 5255 3109 5302 ζ)
3136 5241 3393 5297 scribitur
3415 5241 3469 5295 in
3494 5239 3725 5316 llebrteo

2130 5321 2367 5419 75,3733,
2389 5338 2483 5395 sed
2502 5314 2595 5409 per
2608 5314 2811 5408 niquae
2828 5350 2931 5392 una
2948 5314 3094 5391 recta
3120 5342 3204 5390 est
3223 5314 3726 5415 scriptioqu’nN.

2134 5431 2496 5507 Subsequitur
2527 5432 2581 5487 in
2603 5430 2911 5507 _V_eronen_si
2938 5428 3062 5507 cod.
3100 5428 3245 5507 ﬁlius
3270 5424 3523 5507 {ibiut/iar-
3553 5438 3727 5507 sacer—

2135 5504 2269 5558 dotis
2300 5493 2546 5559 :iterum
2567 5502 2785 5569 vitiose,
2810 5502 2913 5557 nisi
2938 5502 2984 5557 si
3015 5493 3217 5571 passim
3248 5498 3407 5571 obvia
3441 5497 3481 5551 E
3504 5495 3556 5550 in
3590 5493 3611 5549 Ι
3641 5494 3731 5548 lit-

2139 5584 2375 5650 terarum
2409 5576 2709 5650 mutatione
2736 5617 2749 5639 ,
2783 5570 3079 5650 putandum
3104 5582 3186 5626 est
3227 5570 3389 5625 scribi
3424 5580 3731 5650 prosocer-

2136 5646 2300 5712 dotes,
2330 5647 2663 5717 verbumque
2685 5642 2815 5713 erat,
2849 5642 3151 5715 elegantius
3179 5642 3637 5713 praetermittitur.

2212 5728 2235 5755 θ
2278 5707 2624 5789 Μθηυςοιιίρίἰ
2659 5707 2843 5789 plures
2890 5707 3127 5772 re'tinent
3166 5707 3392 5790 mensam
3430 5720 3593 5773 (nam,
3617 5707 3736 5790 .alii

2132 5790 2329 5861 habent
2363 5788 2595 5845 mensam
2636 5788 2975 5859 meamjuxta
3014 5788 3416 5861 annotationem
3462 5788 3736 5861 margina-

2138 5864 2241 5918 lem
2264 5860 2516 5917 Canonis.
2536 5863 2753 5918 Videsis
2776 5854 2844 5916 de
2863 5863 2952 5914 illa
2972 5861 3216 5913 variante
3231 5854 3738 5925 lectioncquaasﬁo—

2141 5934 2362 6003 nesjam
2390 5936 2582 5991 citatas
2611 5933 2878 6005 suppositi
2911 5929 3253 5999 Hieronymi.
3286 5927 3461 5989 Mter.
