4144 6364
409 360 515 420 653

1717 357 1924 416 LIBER
1964 358 2008 417 11
2046 356 2415 421 SAMUELIS.

3608 360 3716 420 656

408 478 780 552 papilionibus
802 477 879 549 [h.
909 476 1314 551 tabernaculis],
1341 484 1397 533 et
1419 476 1669 534 dominus
1686 492 1839 534 meus
1856 477 2013 547 Joab,
2044 480 2093 539 A
2122 488 2301 536 autem
2335 479 2465 535 nihil
2496 478 2731 535 habebat
2749 478 2991 546 omnino,
3007 486 3204 549 praeter
3233 491 3388 534 ovem
3415 492 3577 535 unam
3595 493 3719 551 par-

410 582 467 629 et
504 573 647 629 servi
678 571 884 628 domini
909 571 1014 627 mei
1055 586 1219 642 super
1250 570 1439 627 faciem
1480 578 1642 627 terra:
1668 579 1887 627 manent
1918 586 1933 622 :
1964 578 2021 626 et

411 682 514 738 ego
544 664 819 737 ingrediar
849 664 1070 721 domum
1101 677 1301 729 meam,
1332 670 1392 718 ut
1415 662 1793 725 comedam,et
1812 662 2014 731 bibam,

412 768 467 813 et
491 756 762 813 dormiam
810 772 934 814 cum
980 770 1153 812 uxore
1183 756 1339 811 mea?
1373 770 1468 824 per
1496 755 1723 811 salutem
1766 763 1934 822 tuam,
1964 763 2020 810 et

410 867 508 922 per
534 850 767 906 salutem
794 849 988 906 animae
1028 859 1155 917 tuae,
1189 858 1215 887 ι
1257 864 1365 905 non
1397 848 1587 905 faciam
1619 864 1731 906 rem
1773 848 1914 905 hanc
1934 847 2013 920 [h.

410 944 577 1002 Vivas
596 953 683 1010 tu,
714 953 768 1000 et
798 944 943 1000 vivat
975 945 1153 1000 anima
1187 953 1297 1013 tua,
1332 959 1439 999 non
1472 943 1665 1001 faciam
1694 944 1832 1000 hanc
1854 943 2013 1016 rem].

413 1038 506 1093 Ait
526 1052 659 1109 ergo
690 1036 857 1093 David
889 1038 956 1093 ad
988 1037 1169 1094 Uriam
1204 1056 1217 1091 :
1253 1037 1408 1093 Mane
1442 1036 1530 1092 hic
1559 1037 1719 1093 etiam
1750 1037 1929 1105 hodie,
1961 1042 2017 1093 et

408 1144 533 1186 cras
555 1130 824 1186 dimittam
858 1140 909 1186 te
947 1130 1026 1202 [h.
1058 1131 1267 1186 mittam
1301 1130 1394 1203 te].
1425 1130 1621 1186 Mansit
1650 1140 1830 1185 autem
1857 1129 2016 1186 Urias

408 1225 462 1279 in
493 1225 799 1281 Jerusalem
824 1225 913 1281 die
944 1225 1034 1280 illa
1067 1233 1123 1282 et
1150 1225 1320 1281 altera
1355 1235 1409 1281 et
1439 1225 1650 1280 vocavit
1675 1240 1797 1280 eum
1824 1223 2012 1289 David,

406 1325 467 1372 ut
498 1317 1014 1373 comederetcoram
1044 1325 1198 1383 se,et
1224 1318 1524 1385 biberet,et
1550 1316 1970 1373 inebriaviteum
1997 1334 2013 1373 :

404 1411 526 1481 qui,
562 1427 819 1485 egressus
854 1427 1105 1484 vespere,
1144 1411 1399 1468 dormivit
1448 1413 1500 1467 in
1549 1419 1718 1466 stratu
1760 1425 1859 1465 sun
1888 1425 2010 1465 cum

406 1507 581 1562 servis
609 1506 815 1562 domini
846 1506 955 1573 sui,
981 1515 1037 1561 et
1065 1508 1119 1561 in
1149 1507 1368 1561 domum
1391 1520 1543 1559 suam
1578 1520 1683 1559 non
1705 1503 2009 1559 descendit.

405 1597 635 1652 Factum
665 1607 751 1653 est
800 1613 929 1669 ergo
963 1612 1144 1664 mane,
1185 1606 1240 1652 et
1274 1597 1492 1667 scripsit
1523 1595 1687 1651 David
1726 1595 2010 1666 epistolam

411 1689 492 1761 [h.
526 1688 748 1761 librum]
779 1690 846 1744 ad
893 1688 1031 1745 Joab
1060 1688 1089 1729 ι)
1124 1708 1136 1744 :
1186 1689 1435 1759 misitque
1466 1704 1561 1759 per
1589 1672 1807 1742 manum
1846 1685 2009 1754 Urias,

404 1782 651 1837 scribens
678 1781 731 1837 in
765 1781 995 1853 epistola
1026 1781 1105 1854 [h.
1153 1781 1205 1837 in
1239 1780 1401 1853 libro]
1449 1798 1463 1835 :
1498 1780 1689 1835 Ponite
1728 1778 1911 1833 liriam
1942 1795 2008 1834 ex

2119 573 2321 639 vulam,
2354 586 2518 643 quam
2550 580 2779 635 emerat,
2814 581 2868 628 et
2894 572 3182 638 nutrierat,
3215 581 3271 628 et
3300 587 3420 644 quae
3469 580 3718 628 creverat

2119 664 2261 734 apud
2281 680 2401 719 eum
2432 680 2554 719 cum
2582 664 2706 721 filiis
2730 664 2848 735 ejus
2880 665 3060 732 simul,
3090 665 3159 721 de
3182 680 3321 734 pane
3347 666 3426 738 [h.
3451 665 3715 739 bnccclla]

2119 757 2265 813 illius
2297 756 2609 823 comedens,
2641 764 2696 812 et
2725 756 2794 813 de
2823 757 2993 813 calice
3030 757 3148 827 ejus
3178 758 3389 821 bibens,
3423 768 3477 812 et
3506 757 3559 813 in
3589 759 3714 816 sinu

2120 850 2262 905 illius
2292 850 2608 907 dormiens:
2653 859 2877 922 eratque
2924 851 2998 906 illi
3040 851 3180 907 sicut
3220 850 3329 906 filia
3359 849 3487 923 [Ms.
3526 850 3711 923 filius].

2100 944 2251 1000 Cum
2278 953 2460 1000 autem
2489 944 2807 1014 peregrinus
2836 943 3054 1016 quidam
3094 944 3331 1000 venisset
3357 943 3425 999 ad
3464 942 3714 1011 divitem,

2117 1052 2345 1108 parcens
2376 1037 2468 1093 ille
2491 1051 2710 1093 sumere
2748 1036 2817 1093 de
2860 1038 3052 1094 ovibus
3089 1047 3145 1093 et
3178 1038 3247 1093 de
3276 1038 3449 1093 bobus
3487 1037 3621 1107 suis,
3654 1046 3715 1092 ut

2115 1130 2407 1187 exhiberet
2431 1130 2736 1186 convivium
2771 1132 3057 1201 peregrino
3073 1130 3171 1199 illi,
3191 1131 3281 1202 qui
3298 1139 3522 1185 venerat
3544 1130 3609 1184 ad
3629 1146 3712 1195 se,

2117 1225 2235 1280 tulit
2265 1240 2422 1281 ovem
2449 1225 2550 1282 viri
2584 1224 2854 1295 pauperis,
2884 1236 2939 1281 et
2968 1226 3294 1297 praeparavit
3321 1225 3474 1281 cibos
3502 1225 3715 1282 homini

2117 1318 2194 1391 [h.
2219 1313 2379 1391 viro],
2406 1320 2495 1390 qui
2526 1318 2828 1376 veneratad
2850 1335 2930 1376 se.
2954 1321 3128 1377 iratus
3147 1329 3325 1376 autem
3346 1320 3714 1392 indignatiune

2118 1410 2283 1466 David
2315 1411 2576 1468 adversus
2599 1411 2871 1467 hominem
2897 1411 2975 1485 [h.
2994 1412 3189 1485 virum]
3213 1412 3362 1468 illum
3383 1412 3562 1474 nimis,
3579 1413 3717 1468 dixit

2114 1505 2181 1561 ad
2202 1504 2413 1562 Natliau
2445 1526 2457 1561 :
2492 1506 2634 1563 Vivit
2662 1507 2944 1569 Dominus,
2977 1507 3231 1575 quoniam
3256 1506 3396 1562 filius
3421 1506 3610 1562 mortis
3633 1514 3717 1562 cst

2116 1599 2224 1664 vir,
2267 1599 2359 1670 qui
2395 1599 2518 1655 fecit
2553 1598 2671 1655 hoc.
2702 1599 2869 1656 Ovem
2914 1599 3101 1656 reddet
3133 1600 3186 1654 in
3227 1598 3612 1670 quadruplum,
3646 1616 3713 1654 eo

2115 1691 2257 1762 quod
2302 1692 2487 1746 fecerit
2527 1691 2751 1747 verbum
2779 1690 2942 1755 ismd,
2972 1699 3026 1745 et
3055 1707 3160 1746 non
3208 1691 3536 1761 pepercerit.
3572 1690 3715 1744 Dixit

2115 1794 2294 1838 autem
2339 1782 2549 1838 Nathan
2582 1783 2651 1838 ad
2682 1783 2846 1837 David
2883 1801 2896 1837 :
2937 1782 3017 1838 Tn
3048 1798 3107 1838 es
3140 1783 3231 1838 ille
3262 1784 3344 1837 vir
3379 1801 3389 1835 :
3427 1782 3551 1838 llmc
3579 1783 3712 1838 dicit

404 1874 640 1931 adverso
672 1875 822 1943 belli,
856 1876 947 1931 ubi
976 1875 1331 1931 fortissimum
1363 1874 1604 1944 prarlium
1621 1880 1704 1928 est
1734 1890 1746 1925 :
1773 1881 1826 1927 et
1852 1873 2010 1928 dere-
2039 1862 2085 1925 Β
2119 1877 2376 1932 Dominus
2409 1876 2550 1931 Deus
2576 1876 2739 1931 Israel
2769 1892 2784 1932 :
2820 1876 2932 1943 Ego
2960 1876 3087 1931 unxi
3132 1886 3184 1931 te
3234 1876 3284 1930 in
3323 1891 3506 1945 regem
3546 1891 3712 1945 super

403 1969 635 2040 linquite
662 1985 811 2038 eum,
840 1978 897 2025 ut
926 1983 1217 2039 percussus
1244 1967 1493 2023 intereat.
1518 1966 1684 2036 Igitur
1714 1981 1837 2021 cum
1872 1964 2007 2021 Joab

404 2064 681 2120 obsideret
706 2064 922 2131 urbem,
954 2064 1133 2133 posuit
1154 2062 1336 2119 Uriam
1356 2063 1409 2116 in
1440 2062 1576 2121 loco,
1602 2060 1655 2115 iu
1675 2075 1781 2130 quo
1802 2059 2008 2116 sciebat

402 2158 549 2212 viros
582 2172 706 2213 esse
745 2156 1097 2213 fortissimos.
1147 2155 1472 2227 Egressique
1515 2152 1615 2208 viri
1656 2151 1725 2207 de
1765 2152 2005 2221 civitate,

404 2251 685 2307 bellabant
717 2251 1006 2311 adversum
1046 2249 1202 2317 Joab,
1249 2259 1303 2304 et
1342 2247 1659 2303 ceciderunt
1703 2243 1770 2297 de
1807 2244 2006 2314 populo

402 2358 685 2399 servorum
736 2340 927 2411 David,
978 2350 1036 2397 et
1082 2352 1324 2396 mortuus
1362 2348 1449 2396 est
1494 2342 1657 2395 etiam
1688 2339 1847 2396 Urias
1878 2337 2007 2393 Het-

409 2435 603 2491 thteus.
654 2435 803 2491 Misit
841 2435 1021 2505 itaque
1060 2434 1221 2500 Joab,
1253 2442 1307 2490 et
1332 2432 1594 2488 nuntiavit
1622 2432 1793 2487 David
1821 2433 2007 2485 omnia

402 2528 569 2585 verba
597 2528 770 2600 prmlii
797 2545 811 2584 :
842 2529 1209 2599 praecepitque
1237 2528 1446 2596 nuntio,
1474 2526 1661 2582 dicens
1684 2527 1848 2586 :Cum
1863 2540 2007 2581 com-

402 2622 645 2691 pleveris
675 2621 960 2677 universos
990 2634 1272 2676 sermones
1306 2619 1431 2675 belli
1467 2617 1534 2673 ad
1565 2633 1770 2690 regem,
1800 2618 1844 2673 si
1881 2632 2002 2673 eum

397 2713 605 2770 videris
650 2714 950 2785 indignari,
982 2722 1037 2768 et
1074 2713 1272 2767 dixerit
1315 2730 1331 2769 :
1375 2712 1553 2779 Quare
1592 2709 1899 2767 accessistis
1936 2709 2003 2764 ad

398 2823 639 2872 murum,
672 2816 731 2861 ut
762 2806 1186 2877 praeliaremini?
1208 2823 1275 2861 an
1305 2806 1639 2876 ignorabatis
1656 2805 1797 2877 quod
1834 2805 2003 2861 multa

394 2900 635 2970 desuper
656 2916 722 2955 ex
757 2915 915 2956 muro
941 2901 1043 2956 tela
1078 2900 1394 2955 mittantur?
1418 2897 1551 2965 Quis
1583 2900 1849 2969 percussit
1876 2898 2005 2953 Abi-

394 2995 606 3051 mclecli
640 2994 809 3049 lilium
837 2993 1125 3050 Jerobeset
1149 2992 1278 3066 [Ms.
1309 2992 1700 3057 llierobosetb;
1731 2990 1999 3062 Vunge-

394 3084 607 3156 robaal]
634 3103 646 3138 :
677 3100 858 3141 nonne
887 3085 1087 3141 mulier
1112 3084 1261 3140 misit
1288 3100 1456 3154 super
1478 3098 1603 3140 eum
1627 3084 1867 3153 fragmen
1886 3097 2003 3137 mo-

394 3182 461 3236 la:
483 3182 551 3238 de
573 3196 750 3247 muro,
774 3189 829 3238 et
852 3170 1129 3237 interfecit
1157 3196 1281 3235 eum
1315 3180 1367 3235 iu
1397 3179 1644 3235 Thebes?
1664 3192 1830 3249 quare
1846 3177 2000 3247 juxta

2112 1970 2303 2037 Israel,
2334 1981 2387 2027 et
2408 1986 2509 2042 ego
2537 1970 2656 2026 erui
2683 1979 2733 2025 te
2762 1970 2831 2025 de
2857 1985 3017 2024 manu
3042 1969 3190 2025 Saul.
3234 1970 3301 2025 Et
3328 1969 3449 2025 dedi
3484 1970 3578 2025 tibi
3614 1972 3711 2022 du-

2111 2078 2255 2118 mum
2288 2062 2494 2118 domini
2522 2062 2699 2128 tui,et
2730 2077 2929 2118 uxores
2974 2062 3179 2117 domini
3219 2061 3295 2116 tui
3337 2062 3388 2116 in
3429 2062 3552 2117 sinu
3594 2070 3707 2126 tuo,

2111 2156 2345 2228 dedique
2368 2156 2465 2213 tibi
2494 2156 2714 2212 domum
2739 2156 2903 2213 lsracl
2936 2164 2991 2212 et
3018 2156 3154 2212 Juda
3187 2173 3202 2210 :
3236 2163 3293 2211 et
3319 2156 3365 2211 si
3390 2170 3549 2224 parva
3583 2164 3709 2208 sunt

2111 2251 2235 2315 ista,
2270 2249 2521 2319 adjiciam
2552 2249 2644 2305 tibi
2673 2250 2843 2304 multo
2875 2248 3075 2319 majora
3109 2248 3187 2321 [h.
3215 2246 3494 2320 duplicia].
3529 2248 3709 2316 Quare

2109 2358 2240 2414 ergo
2267 2344 2641 2410 contempsisti
2675 2342 2899 2398 verbum
2922 2342 3163 2412 Domini,
3185 2351 3241 2397 ut
3270 2340 3479 2397 faceres
3504 2340 3704 2396 malum

2109 2439 2162 2493 in
2203 2446 2499 2508 conspectu
2547 2452 2672 2493 meo
2722 2437 2802 2509 [h.
2853 2436 2904 2490 in
2958 2435 3129 2491 oculis
3156 2434 3329 2507 ejus]?
3363 2434 3543 2491 Uriam
3580 2433 3711 2490 Het-

2111 2530 2308 2586 thzeum
2338 2532 2657 2603 percussisti
2694 2531 2898 2601 gladio,
2930 2540 2983 2585 et
3014 2545 3237 2585 uxorem
3270 2529 3415 2585 illius
3446 2528 3704 2599 accepisti

2109 2623 2201 2678 tibi
2231 2622 2358 2696 [Ms.
2388 2632 2521 2679 tacet
2552 2623 2672 2696 tibi]
2704 2639 2950 2689 uxorem,
2970 2633 3023 2677 et
3048 2622 3364 2677 interfecisti
3388 2636 3509 2676 eum
3529 2620 3709 2691 gladio

2111 2719 2346 2774 filiorum
2369 2720 2622 2774 Ammon.
2644 2717 3009 2787 Quamobrem
3043 2733 3147 2773 non
3175 2715 3391 2772 recedet
3415 2714 3622 2783 gladius
3635 2714 3703 2769 de

2108 2812 2271 2866 domo
2299 2820 2387 2867 tua
2419 2826 2592 2880 usrjue
2609 2813 2659 2865 in
2691 2811 3106 2879 sempiternum,
3127 2823 3195 2865 eo
3216 2806 3360 2879 quod
3384 2806 3703 2876 despexeris

2108 2922 2194 2961 me
2215 2949 2229 2974 ,
2262 2915 2317 2961 et
2354 2905 2541 2961 tuleris
2584 2920 2809 2959 uxorem
2846 2903 2986 2960 Uria:
3018 2902 3280 2966 Iiellluci,
3308 2910 3366 2956 ut
3394 2912 3538 2956 esset
3566 2915 3705 2954 uxor

2108 3008 2223 3054 tua.
2246 2998 2519 3071 Itaque[b.
2550 3014 2657 3052 non
2686 2997 2874 3064 habet,
2901 2995 3100 3069 itaque]
3128 2997 3243 3052 lucc
3260 2995 3392 3049 dicit
3411 2993 3700 3049 Dominus:

2107 3091 2265 3157 Ecce,
2294 3106 2396 3161 ego
2425 3091 2701 3146 suscitabo
2732 3105 2898 3157 super
2929 3098 2980 3165 te
3008 3090 3206 3143 malum
3235 3086 3302 3142 de
3322 3086 3485 3141 domo
3506 3094 3618 3148 tua,
3646 3093 3701 3140 et

2106 3185 2290 3239 tollam
2317 3199 2519 3239 uxores
2546 3193 2664 3238 tuas
2708 3184 2760 3238 in
2790 3183 2963 3239 oculis
2999 3182 3131 3251 tuis,
3174 3192 3226 3237 et
3266 3181 3409 3237 dabo
3448 3180 3700 3251 proximo

391 3290 610 3330 murum
642 3273 985 3330 accessistis?
1019 3273 1169 3329 dices
1201 3292 1213 3325 τ
1250 3272 1429 3327 Etiam
1468 3285 1658 3327 servus
1687 3279 1810 3325 tuus
1839 3269 1997 3326 Urias
2027 3260 2073 3322 C
2106 3283 2220 3341 tuo,
2250 3284 2304 3330 et
2332 3276 2564 3331 dormiet
2589 3291 2711 3330 cum
2740 3276 3007 3330 uxoribus
3034 3274 3140 3329 tuis
3167 3274 3220 3329 in
3249 3273 3421 3328 oculis
3446 3272 3576 3327 solis
3598 3272 3702 3327 hu-

393 3367 681 3423 }letthaeus
706 3366 982 3423 occubuit.
1030 3365 1179 3421 Abiit
1206 3380 1337 3434 ergo
1377 3364 1619 3431 nuntius,
1656 3372 1710 3419 et
1746 3363 1918 3429 venit,
1948 3372 2004 3418 et

390 3461 640 3515 narravit
672 3459 839 3515 David
877 3459 1081 3525 omnia,
1129 3474 1251 3529 qua:
1279 3457 1331 3514 ei
1375 3465 1710 3528 praeceperat
1742 3456 1898 3512 Joab.
1936 3455 2004 3511 Et

390 3552 533 3608 dixit
558 3552 782 3607 nuntius
805 3550 874 3607 ad
906 3551 1070 3607 David
1100 3569 1112 3603 :
1150 3550 1557 3606 Prtevaluerunt
1585 3548 1872 3604 adversum
1897 3562 1999 3603 nos

391 3645 602 3711 viri,et
630 3644 835 3715 egressi
874 3655 1001 3699 sunt
1029 3654 1053 3683 ο
1086 3643 1155 3699 ad
1186 3659 1287 3699 nos
1314 3643 1367 3699 in
1395 3658 1583 3712 agrum
1612 3661 1623 3696 :
1657 3657 1757 3697 nos
1791 3649 1996 3707 autem,

388 3740 537 3797 facto
577 3740 799 3811 impetu,
836 3740 1109 3811 persecuti
1139 3755 1234 3796 eos
1263 3755 1451 3796 sumus
1482 3755 1652 3810 usque
1690 3738 1756 3793 ad
1785 3748 1997 3807 portam

388 3835 657 3892 civitatis.
689 3836 755 3890 Et
802 3835 1123 3889 direxerunt
1174 3832 1349 3903 jacula
1397 3831 1657 3901 sagittarii
1694 3830 1760 3886 ad
1810 3843 2000 3885 servos

388 3938 512 3984 tuos
537 3944 601 3984 ex
628 3943 785 3983 muro
809 3926 1043 3995 desuper
1075 3944 1086 3977 :
1122 3926 1428 3994 mortuique
1459 3934 1584 3978 sunt
1612 3923 1680 3977 de
1708 3923 1881 3978 servis
1914 3937 2000 3977 re-

384 4024 490 4093 gis,
515 4023 833 4093 quinetiam
869 4034 1058 4076 servus
1086 4026 1213 4075 tuus
1246 4018 1406 4075 Urias
1440 4017 1717 4072 llettbzeus
1753 4024 1998 4070 mortuus

388 4126 493 4171 est.
522 4116 586 4170 Et
616 4115 760 4171 dixit
788 4113 956 4169 David
980 4112 1046 4169 ad
1067 4113 1312 4167 nuntium
1341 4130 1354 4167 :
1380 4110 1675 4165 llmcdiccs
1689 4108 1823 4164 Joab
1847 4127 1858 4160 :
1878 4108 1993 4163 Non

388 4215 439 4262 te
468 4206 687 4277 frangat
710 4208 810 4262 ista
842 4222 931 4261 res
958 4223 971 4261 :
1009 4206 1185 4260 rarius
1214 4207 1350 4259 enim
1386 4215 1594 4259 eventus
1626 4210 1697 4257 est
1726 4202 1891 4274 pra’lii
1912 4200 1991 4271 [h.

386 4315 494 4354 non
543 4300 749 4371 habet],
778 4309 833 4355 et
874 4300 950 4371 [h.
982 4298 1261 4371 quoniam]
1306 4312 1449 4352 nunc
1479 4298 1641 4365 hunc,
1675 4295 1991 4350 nunciilum

383 4389 409 4428 ἀ
430 4393 701 4448 consumit
722 4393 933 4463 gladius
967 4410 981 4447 :
1012 4391 1259 4448 conferta
1290 4390 1584 4447 bellatores
1619 4400 1739 4443 tuos
1768 4388 1844 4459 [h.
1871 4388 1992 4443 bel-

383 4484 492 4538 lum
529 4486 699 4557 tuum]
722 4486 985 4543 adversus
1017 4486 1230 4549 urbem,
1259 4493 1317 4537 ut
1343 4484 1592 4539 destruas
1626 4497 1769 4547 eam,
1799 4490 1853 4537 et
1890 4497 1991 4536 ex-

385 4577 608 4631 hortare
637 4593 732 4632 eos
763 4578 837 4649 [h.
871 4577 1045 4649 illud].
1075 4576 1293 4632 Audivit
1316 4584 1494 4630 autem
1514 4590 1649 4628 uxor
1666 4571 1989 4642 Uriae,quod

2098 3369 2207 3439 jus.
2256 3369 2338 3425 Tu
2379 3370 2523 3425 enim
2574 3369 2747 3425 feciSIi
2788 3369 3109 3425 abscondite
3144 3388 3154 3421 :
3186 3384 3288 3439 ego
3333 3383 3466 3423 vero
3507 3367 3698 3421 faciant

2100 3464 2327 3519 verbum
2378 3464 2517 3519 istud
2561 3464 2614 3518 in
2646 3473 2941 3532 conspectu
2970 3464 3147 3518 omnis
3175 3461 3360 3529 Israel,
3390 3470 3443 3516 et
3486 3464 3537 3516 in
3560 3478 3694 3516 con-

2101 3563 2290 3627 spectu
2320 3555 2473 3610 solis.
2511 3554 2596 3626 [’1‘.
2627 3552 2785 3626 CVI.]
2823 3555 2892 3610 Et
2923 3555 3064 3609 dixit
3110 3553 3274 3608 David
3319 3552 3387 3608 ad
3436 3553 3643 3608 Nathau
3683 3569 3694 3604 :

2101 3648 2325 3704 Peccavi
2360 3648 2611 3702 Domino.
2636 3648 2881 3715 Dixitque
2899 3646 3106 3701 Nathan
3127 3646 3193 3701 ad
3220 3646 3414 3701 David:
3436 3645 3607 3699 Domi.
3635 3659 3698 3700 us

2101 3756 2314 3812 quoque
2365 3740 2641 3795 transtulit
2683 3751 2963 3810 peccatum
3014 3749 3161 3793 tuum
3212 3758 3222 3791 :
3268 3754 3375 3793 non
3418 3736 3695 3793 morieris.

2108 3837 2509 3902 Verumtamen,
2539 3845 2561 3873 ε
2576 3836 2832 3907 quoniam
2852 3834 3228 3904 blasphemare
3253 3830 3426 3886 feciSIi
3450 3830 3697 3885 inimicos

2102 3932 2336 3997 Domini,
2370 3940 2591 4001 pr0pter
2620 3930 2845 3984 verbum
2867 3927 2989 3991 hoc,
3013 3926 3247 3999 liliuslh.
3266 3923 3696 3993 blasphemando

2100 4023 2486 4091 blaSphemasti
2521 4022 2770 4077 inimicos
2799 4020 3035 4087 Domini,
3070 4026 3292 4088 prepter
3319 4014 3693 4081 verbumhoc,

2099 4116 2263 4170 etiam
2297 4124 2352 4170 et
2379 4115 2564 4185 filius],
2604 4114 2693 4182 qui
2740 4122 2899 4167 natus
2930 4121 3015 4166 est
3048 4111 3165 4177 tibi,
3201 4118 3375 4165 morte
3408 4108 3690 4163 morietur.

2100 4208 2165 4263 Et
2186 4224 2444 4281 reversus
2474 4219 2550 4263 εει
2580 4207 2790 4262 Nathan
2825 4207 2877 4260 in
2908 4206 3131 4259 domum
3163 4217 3336 4258 suam.
3376 4200 3461 4274 [Γ.
3512 4197 3695 4269 CVII.]

2098 4302 2479 4371 Percussitque
2532 4300 2791 4353 Dominus
2842 4298 3147 4367 parvulum,
3198 4311 3357 4365 quem
3410 4300 3697 4362 pepererat

2095 4412 2235 4451 uxor
2265 4394 2408 4452 Uria:
2452 4393 2642 4454 David,
2676 4402 2729 4446 et
2755 4391 3072 4461 ile-peratus
3117 4397 3220 4444 est.
3254 4387 3693 4455 DepreCatusque

2096 4499 2181 4545 est
2221 4487 2382 4544 David
2416 4486 2699 4541 Dominum
2729 4500 2825 4553 pro
2858 4482 3091 4553 parvulo
3123 4491 3213 4535 εει
3239 4476 3504 4549 jejuuavit
3528 4475 3692 4530 David

2093 4583 2299 4651 jejunio
2326 4581 2453 4653 [Ms.
2479 4578 2771 4651 jejunium]
2804 4595 2817 4631 :
2844 4589 2896 4632 et
2929 4578 3206 4646 ingressus
3228 4588 3499 4637 seorsum,
3523 4570 3696 4642 jacuit

382 4679 631 4726 mortuus
659 4680 804 4725 esset
827 4670 988 4726 Urias
1018 4671 1099 4725 vir
1134 4686 1285 4734 suus,
1319 4678 1375 4724 et
1407 4668 1616 4741 planxit
1644 4681 1767 4721 eum
1801 4666 1880 4737 [h.
1915 4666 1993 4718 la-

2106 4691 2264 4743 sutier
2297 4684 2517 4729 terram.
2536 4672 2815 4725 Venerunt
2845 4678 3026 4725 autem
3059 4668 3305 4721 seniores
3333 4664 3528 4719 domus
3550 4663 3692 4731 ejus,

385 4768 627 4814 mentata
651 4759 777 4831 est].
810 4762 1217 4831 Transactoque
1243 4762 1413 4827 luctu,
1443 4761 1590 4815 misit
1621 4758 1809 4827 David,
1838 4769 1891 4812 ει
1917 4758 1992 4811 in-

386 4848 630 4905 troduxit
670 4865 790 4905 eam
832 4852 887 4905 in
918 4850 1138 4905 domum
1169 4867 1345 4917 suam,
1377 4860 1431 4908 et
1466 4851 1606 4906 facta
1629 4860 1715 4906 est
1739 4849 1789 4904 ei
1829 4863 1989 4911 uxor,

390 4942 712 5013 peperitque
738 4944 786 4998 ei
821 4943 989 4998 lilium
1024 4953 1118 5000 :ct
1145 4944 1425 5013 displicuit
1446 4947 1669 4999 verbum
1700 4943 1823 5008 hoc,
1847 4942 1991 5013 quod

385 5035 593 5090 fecerat
626 5034 812 5101 David,
840 5050 1024 5091 coram
1069 5035 1297 5089 Domino
1323 5035 1402 5106 [h.
1445 5036 1495 5090 in
1524 5036 1694 5091 oculis
1729 5032 1989 5105 Domini].

459 5127 549 5201 |T.
574 5127 685 5197 CV,
717 5127 848 5199 Cap.
890 5126 1032 5199 Xl|.]
1063 5128 1208 5182 Misit
1245 5144 1373 5197 ergo
1397 5127 1659 5182 Dominus
1688 5127 1895 5182 Natltan
1923 5128 1989 5182 ad

384 5221 551 5276 David
584 5237 599 5277 ;
630 5222 721 5291 qui
752 5237 875 5275 cum
908 5222 1147 5276 venisset
1173 5220 1239 5274 ad
1268 5235 1417 5288 eum,
1449 5221 1585 5276 dixit
1610 5221 1659 5274 ei
1696 5237 1708 5273 :
1749 5222 1864 5275 Duo
1892 5222 1989 5277 viri

382 5327 538 5371 erant
583 5318 635 5371 in
684 5317 905 5371 civitate
936 5331 1063 5381 una,
1100 5330 1239 5369 unus
1277 5315 1447 5383 dives,
1494 5324 1549 5371 et
1586 5315 1722 5368 alter
1760 5330 1988 5385 pauper.

383 5406 542 5465 Dives
556 5407 791 5466 habebat
814 5423 968 5477 oves,
998 5417 1054 5465 et
1078 5409 1247 5465 boves
1278 5406 1537 5479 plurimos
1568 5405 1743 5463 valde.
1778 5406 1990 5480 Pauper

452 5616 477 5644 ⁸
511 5606 611 5663 Ms.
631 5608 956 5677 Veroueus.,
976 5608 1113 5678 quod
1142 5623 1244 5663 non
1267 5606 1483 5680 faciam,
1511 5606 1737 5664 Hehrma
1765 5609 1978 5679 phrasis

374 5686 485 5749 est,
508 5680 551 5732 si
582 5680 796 5749 faciam.

445 5748 475 5787 ι)
504 5749 793 5806 Recentior
822 5764 1013 5806 manus
1058 5749 1111 5804 in
1156 5748 1459 5805 Veronens.
1510 5752 1634 5806 eod.
1680 5751 1769 5807 hic
1799 5751 1970 5818 addit,

372 5825 535 5896 manu
562 5838 653 5874 sua
681 5822 961 5896 obsignavit
994 5822 1189 5896 mmqu
1219 5838 1335 5896 suo,
1367 5822 1510 5892 quod
1537 5826 1830 5896 glossema,
1855 5822 1970 5881 siin

375 5893 487 5948 alio
514 5908 735 5964 usquam
765 5894 903 5950 libro
932 5902 1127 5959 exstet,
1155 5892 1293 5949 haud
1316 5898 1450 5952 scio.

2098 4774 2354 4837 ciigentes
2381 4780 2505 4818 eum
2538 4771 2598 4817 ut
2640 4768 2891 4830 surgeret
2915 4759 2983 4814 de
3020 4770 3163 4812 terra
3199 4776 3210 4810 :
3241 4757 3331 4827 qui
3366 4755 3561 4819 noluit,
3595 4769 3699 4809 ne—

2098 4875 2203 4929 que
2233 4857 2469 4913 comedit
2495 4872 2617 4909 cum
2638 4856 2724 4912 eis
2751 4854 2929 4908 cibum
2962 4852 3040 4924 ]_h.
3082 4850 3320 4921 panem].
3352 4848 3558 4905 Accidit
3591 4864 3691 4902 au-

2099 4959 2207 5007 tem
2229 4950 2319 5005 die
2349 4949 2577 5019 Septima
2609 4957 2667 5002 ut
2705 4955 3007 5001 moreretur
3041 4944 3217 4998 infans
3248 4943 3326 5014 [h.
3358 4940 3641 5013 parvulus]
3677 4959 3690 4994 :

2098 5038 2504 5104 timueruutque
2534 5034 2677 5089 servi
2706 5032 2874 5087 David
2918 5032 3169 5085 nuntiare
3195 5030 3242 5083 ei
3273 5028 3417 5099 quod
3448 5035 3694 5083 mortuus

2098 5142 2240 5187 esset
2265 5130 2538 5201 parvulus.
2567 5128 2828 5182 Dixerunt
2864 5124 3008 5180 enim
3044 5142 3057 5177 :
3095 5125 3233 5178 Ecce
3268 5123 3395 5176 dum
3438 5120 3693 5191 parvulus

2094 5225 2271 5280 adlmc
2300 5226 2526 5287 viveret,
2561 5220 2920 5291 loquebamur
2950 5217 3018 5273 ad
3047 5234 3194 5281 eum,
3219 5224 3276 5272 et
3303 5230 3408 5271 non
3437 5214 3694 5269 audiebat

2095 5335 2283 5374 vocem
2311 5327 2546 5372 nostram
2583 5331 2594 5366 :
2627 5322 2832 5384 quanto
2863 5311 3032 5382 magis
3054 5310 3097 5364 si
3120 5308 3244 5383 [Μδ.
3278 5318 3407 5362 lucet
3436 5306 3505 5379 si]
3535 5305 3690 5359 dixe-

2098 5413 2267 5469 rimus
2302 5430 2314 5467 :
2347 5411 2589 5467 Mortuus
2618 5416 2702 5464 est
2740 5421 2871 5478 puer
2911 5405 2988 5478 [h.
3019 5403 3322 5477 parvulus],
3361 5417 3420 5458 se
3449 5400 3689 5472 afﬂiget?

2158 5619 2178 5645 ε
2198 5607 2253 5662 In
2274 5607 2579 5665 Veronens.
2602 5622 2732 5675 ms.,
2760 5605 2947 5677 egressi
2970 5603 3381 5677 suntadrersum
3403 5616 3496 5654 nos
3518 5614 3535 5651 :
3564 5597 3696 5653 Ver-

2080 5679 2262 5751 siones
2292 5695 2509 5751 quoque
2531 5682 2670 5741 alim,
2701 5676 2880 5751 contra
2906 5693 2996 5751 uos
3022 5676 3241 5730 habent.

2152 5749 2179 5788 ι¹
2208 5745 2354 5806 Ideni
2390 5745 2493 5807 nis.
2519 5760 2802 5806 consumet.
2834 5749 3095 5806 llehraius
3125 5758 3343 5816 quoque
3370 5745 3541 5816 nam.

2155 5833 2177 5859 ε
2218 5821 2453 5879 Consule
2474 5823 2617 5878 hunc
2650 5823 2831 5879 locum
2894 5820 2945 5876 in
2996 5812 3399 5887 Qumsiioriibus
3431 5812 3595 5875 Hebr,
3634 5817 3687 5874 in

2080 5894 2248 5952 libros
2273 5893 2500 5967 Regum.
2538 5894 2715 5951 Macr.
