3964 6344
494 295 601 355 635

1497 293 1559 350 S.
1599 288 1981 350 HIERONYMI
2019 289 2255 352 DIVINA
2297 289 2780 350 BIBLIDTIIECA.

3673 299 3768 359 636

494 412 632 470 Cum
662 426 793 484 ergo
815 421 842 450 ιι
871 410 1097 469 vidisset
1126 409 1294 468 David
1325 423 1515 466 servos
1560 423 1690 466 suos
1719 409 2092 478 mussitantes,
2119 409 2142 472 Λ

2270 409 2356 485 [Τ.
2375 410 2518 477 CIX,
2542 411 2670 481 Cap.
2684 408 2852 484 Xlll.]
2865 406 2891 448 εί
2909 409 3133 467 Factum
3150 418 3234 468 est
3253 417 3435 467 autem
3451 412 3708 484 posthaec,
3721 426 3773 474 ut

500 503 778 561 intellexit
801 504 944 576 quod
964 515 1208 560 mortuus
1224 513 1369 559 esset
1383 502 1680 558 infantulus
1697 501 1774 576 [h.
1791 500 2094 575 parvulus]:

502 600 742 671 dixitque
772 597 839 653 ad
881 614 1072 654 servos
1094 613 1225 654 suos
1261 615 1273 651 :
1305 595 1446 651 Num
1475 604 1720 652 mortuus
1745 603 1828 653 est
1857 611 1990 667 puer
2016 595 2098 669 [h.

503 690 825 764 parvulus]!
865 690 969 761 Qui
996 689 1404 762 responderunt
1431 691 1480 746 ci
1515 706 1528 744 :
1559 699 1806 746 mortuus
1834 700 1937 746 est.
1969 689 2104 746 Sur-

504 785 647 841 rexit
674 801 807 858 ergo
839 781 1004 840 David
1031 782 1101 841 de
1134 792 1277 839 terra
1313 801 1326 837 :
1375 792 1432 840 et
1473 783 1617 839 lotus
1641 793 1942 854 unctusque
1969 794 2052 840 est
2087 801 2098 837 :

511 875 758 947 Cumque
804 885 1070 930 mutasset
1099 884 1302 940 vestes,
1333 873 1607 946 ingressus
1637 884 1722 932 est
1747 875 1966 932 domum
1993 876 2103 931 Do-

509 967 642 1024 mini
669 988 680 1022 :
709 977 760 1025 et
788 967 1059 1038 adoravit,
1087 979 1142 1024 ct
1170 968 1322 1024 venit
1348 969 1401 1024 in
1427 967 1645 1024 domum
1674 984 1855 1036 suam,
1892 969 2109 1041 petivit-

507 1077 612 1132 que
660 1071 718 1115 ut
769 1069 1038 1132 ponerent
1080 1061 1128 1117 ei
1178 1077 1413 1134 panem,
1459 1070 1516 1117 et
1540 1061 1796 1119 comedit.
1846 1061 2108 1118 Dixerunt

510 1167 690 1212 autem
724 1155 773 1211 ei
806 1157 950 1211 servi
1005 1155 1089 1210 sui
1127 1175 1138 1209 :
1172 1154 1304 1225 Quis
1337 1164 1419 1209 est
1461 1169 1664 1216 sermo,
1694 1171 1852 1225 quem
1894 1154 2110 1210 fecisti?

511 1256 731 1321 propter
754 1250 1018 1304 infantem
1049 1248 1128 1322 [h.
1166 1247 1494 1320 parvulum].
1526 1263 1649 1302 cum
1676 1247 1855 1304 adhuc
1877 1247 2106 1315 viveret,

506 1345 761 1416 jejunasti
793 1355 847 1399 et
875 1343 1045 1399 ﬂebas
1070 1363 1081 1398 :
1109 1353 1324 1398 mortuo
1346 1352 1527 1399 autem
1545 1357 1714 1413 puero
1736 1341 1812 1416 [h.
1842 1340 2110 1414 parvulo],

513 1435 830 1503 surrexisti,
864 1433 1221 1492 etcomedisti
1246 1433 1481 1504 panem?
1508 1432 1610 1501 Qui
1634 1431 1708 1489 ait
1733 1452 1748 1493 :
1780 1433 2008 1506 Propter
2034 1434 2116 1488 irt-

510 1527 718 1584 fantem
763 1527 842 1602 [Ιι.
875 1527 1202 1601 parvulum],
1248 1526 1377 1584 dum
1407 1526 1586 1582 adhuc
1616 1525 1845 1591 viveret,
1872 1525 2116 1597 jejunavi

511 1629 566 1677 et
599 1620 746 1686 flevi,
771 1619 1021 1675 dicebam
1042 1621 1191 1676 enim
1219 1635 1233 1677 :
1267 1619 1398 1688 Quis
1418 1619 1523 1675 scit
1551 1619 1595 1674 si
1630 1619 1770 1675 forte
1799 1617 1960 1674 donet
1991 1633 2116 1673 eum

516 1711 649 1768 mihi
680 1711 967 1780 Dominus,
996 1723 1050 1769 et
1073 1710 1104 1752 ι»
1131 1712 1277 1768 vivat
1308 1710 1487 1768 infans
1514 1711 1589 1784 [h.
1612 1711 1742 1780 Quis
1769 1711 1873 1766 scit
1902 1711 1948 1766 si
1973 1709 2118 1768 forte

2201 504 2457 564 Absalom
2480 505 2574 564 Illii
2591 505 2759 562 David
2775 519 3022 562 sororem
3043 506 3518 578 speciosissimam,
3534 509 3772 582 vocabulo

2201 598 2457 668 Thamar,
2481 599 2758 655 adamaret
2786 598 2998 654 Amnon
3027 598 3166 655 filius
3197 597 3390 664 David,
3417 609 3470 654 et
3486 598 3770 670 deperirete

2204 699 2425 762 propter
2453 707 2594 760 eam,
2616 692 2686 748 ita
2715 698 2773 746 ut
2799 699 3090 762 aegrotaret
3117 698 3338 762 propter
3372 705 3604 748 amorem
3630 693 3733 763 ejus
3761 710 3773 748 :

2205 786 2328 855 quia
2340 802 2464 842 cum
2477 795 2624 844 esset
2643 785 2812 858 virgo,
2825 785 3048 842 difﬁcile
3065 783 3084 826 ί
3099 786 3147 841 ei
3160 784 3443 842 videbatur
3462 785 3774 856 utquidpiam

2209 879 2494 938 inhoneste
2507 890 2687 953 ageret
2703 895 2826 937 cum
2839 894 2925 936 ea.
2948 879 3078 935 Erat
3095 889 3277 935 autem
3297 877 3558 946 Amnonis
3574 879 3774 947 amicas,

2209 975 2427 1030 nomine
2451 973 2721 1041 Jonabab,
2748 973 2892 1030 ﬁlius
2917 972 3168 1030 Semmaa
3198 971 3330 1045 [Ms.
3351 969 3603 1042 Semmai]
3624 971 3782 1028 fratris

2213 1066 2400 1137 David,
2426 1068 2512 1122 vir
2539 1066 2784 1138 prudens
2809 1064 2988 1121 valde.
3009 1063 3111 1134 Qui
3140 1063 3278 1121 dixit
3319 1062 3387 1119 ad
3417 1079 3536 1118 cum
3585 1080 3600 1119 :
3624 1063 3782 1132 Quare

2212 1159 2609 1217 sicattenuaris
2627 1158 2822 1226 macie,
2854 1157 2931 1214 Illi
2951 1156 3116 1228 regis,
3149 1172 3246 1226 per
3271 1157 3514 1227 singulos
3539 1155 3681 1211 dies:
3703 1171 3784 1212 cur

2216 1266 2321 1306 non
2346 1249 2552 1306 indicas
2589 1249 2759 1305 mihi?
2789 1250 3036 1320 Dixitque
3073 1249 3124 1306 ei
3160 1247 3418 1304 Amnon:
3450 1247 3672 1304 Thamar
3705 1263 3784 1303 so-

2215 1359 2392 1402 rorem
2420 1343 2674 1404 Absalom
2703 1342 2888 1399 fratris
2919 1343 3025 1399 mei
3043 1357 3190 1398 amo.
3213 1340 3315 1397 Cui
3339 1341 3618 1411 respondit
3646 1339 3786 1395 Jona-

2217 1438 2324 1495 dab
2351 1453 2367 1492 :
2399 1436 2549 1494 Cuba
2577 1451 2744 1509 super
2770 1437 3032 1492 lectulum
3081 1445 3257 1502 tuum,
3297 1444 3352 1490 et
3396 1433 3693 1504 languorem
3730 1433 3790 1490 si-

2219 1531 2364 1586 mula
2386 1546 2644 1601 :cumque
2671 1532 2882 1587 venerit
2911 1539 3062 1598 pater
3093 1539 3219 1584 tuus
3237 1537 3300 1584 ut
3320 1516 3500 1584 visitet
3524 1536 3597 1595 te,
3621 1526 3698 1582 die
3717 1527 3789 1584 ei:

2221 1622 2436 1693 Veniat,
2470 1638 2592 1691 oro,
2622 1622 2858 1677 Thamar
2882 1637 3039 1678 soror
3063 1636 3205 1690 mea,
3239 1628 3300 1675 ut
3347 1620 3439 1675 det
3484 1618 3614 1675 mihi
3640 1619 3791 1674 cibum

2223 1714 2299 1787 [h.
2324 1712 2564 1786 panem],
2593 1722 2649 1768 ct
2673 1711 2838 1768 faciat
2865 1713 3200 1784 pulmentum
3223 1721 3287 1767 ut
3313 1709 3589 1766 comedam
3609 1708 3674 1765 de
3698 1723 3794 1764 ma-

519 1807 844 1862 misereatur
893 1804 1001 1862 mei
1049 1805 1312 1862 Dominus
1341 1815 1396 1861 et
1431 1805 1575 1862 vivet
1613 1803 1926 1878 parvulus]?
1969 1804 2122 1861 Nunc
2151 1811 2198 1872 Β
2227 1824 2299 1863 nu
2327 1807 2464 1878 ejus.
2498 1807 2766 1864 Accubuit
2795 1807 2976 1878 itaque
3005 1806 3244 1872 Amnon,
3299 1813 3354 1860 et
3381 1803 3534 1873 quasi
3562 1810 3794 1873 a'grotare

519 1910 698 1955 autem
731 1900 856 1971 quia
899 1909 1152 1956 mortuus
1196 1910 1298 1967 est,
1333 1914 1505 1971 quare
1529 1897 1807 1970 jejunem?
1849 1897 2122 1970 Numquid

521 2000 714 2062 potero
742 2007 866 2047 eum
895 2008 1156 2048 revocare
1187 1991 1457 2066 amplius?
1486 2007 1588 2063 ego
1618 1991 1810 2047 vadam
1852 1991 2024 2063 magis
2055 1990 2122 2047 ad

521 2101 646 2141 eum
678 2101 693 2144 :
726 2085 820 2140 ille
849 2100 979 2140 vero
1004 2101 1112 2140 non
1144 2093 1450 2141 revertetur
1478 2084 1543 2154 ad
1572 2101 1679 2140 me.
1716 2085 1783 2140 Et
1811 2084 2127 2139 consolatus

523 2189 610 2234 est
653 2175 823 2233 David
863 2177 1170 2236 Bethsabee
1208 2194 1435 2233 uxorem
1462 2192 1636 2233 suam.
1673 2177 1760 2252 [T.
1803 2175 2011 2248 CVIII.)
2041 2177 2129 2231 Irt-

524 2285 859 2344 gressusque
903 2269 970 2327 ad
1012 2287 1131 2327 eam
1189 2271 1448 2327 dormivit
1484 2287 1608 2327 cum
1643 2288 1704 2326 ca
1736 2288 1751 2327 :
1785 2287 1906 2342 qua:
1943 2270 2131 2341 genuit

527 2365 724 2432 lilium,
747 2373 803 2420 et
835 2365 1044 2418 vocavit
1078 2381 1274 2420 nomen
1313 2364 1431 2434 ejus
1471 2363 1754 2432 Salomon,
1789 2373 1844 2419 et
1871 2364 2132 2418 Dominus

529 2458 887 2516 dilexiteum.
922 2458 1173 2532 Misitque
1215 2461 1269 2515 in
1311 2465 1473 2515 rrianu
1505 2457 1715 2515 Nathau
1749 2457 2047 2530 prophetm,
2076 2468 2133 2514 et

531 2554 746 2610 vocavit
775 2568 974 2608 nomen
1003 2553 1146 2622 ejus,
1180 2553 1446 2608 Amabilis
1475 2551 1726 2618 Domino,
1755 2565 1822 2608 eo
1845 2551 1986 2622 quod
2014 2549 2135 2605 dili-

530 2657 685 2719 geret
714 2663 838 2702 eum
872 2647 1133 2702 Dominus
1171 2646 1248 2720 [h.
1301 2646 1368 2702 Et
1410 2644 1627 2724 vocavit
1677 2660 1875 2700 nomen
1918 2643 2134 2698 Domini

534 2751 755 2812 propter
785 2741 1118 2814 Dominum].
1137 2741 1306 2813 Igitur
1332 2741 1607 2812 pugnabat
1630 2738 1768 2797 Joab
1788 2748 1978 2795 contra
1993 2736 2138 2792 Rab-

535 2833 665 2889 bath
711 2834 882 2890 lilium
912 2835 1170 2902 Ammon,
1196 2844 1249 2890 et
1297 2833 1646 2904 expugnabat
1673 2832 1862 2888 urbem
1905 2831 2134 2901 regiam.

539 2929 792 2998 Misitque
823 2925 961 2984 Joab
995 2929 1214 2984 nuntios
1246 2927 1311 2982 ad
1354 2926 1551 2995 David,
1588 2926 1779 2982 dicens
1807 2942 1825 2985 :
1874 2923 2138 2980 Diniicavi

538 3020 830 3078 adversum
872 3020 1122 3077 Rabbath
1155 3019 1233 3094 [h.
1263 3017 1496 3090 Rabba],
1524 3025 1580 3075 et
1607 3015 1869 3088 capienda
1899 3025 1984 3073 est
2011 3016 2140 3071 urbs

543 3118 842 3185 Aquarum.
889 3114 1047 3171 Nunc
1097 3113 1266 3188 igitur,
1310 3129 1579 3184 congrega
1635 3114 1897 3182 reliquam
1931 3119 2138 3182 partem

2227 1899 2394 1970 C(Bpil.
2422 1916 2438 1954 :
2471 1914 2701 1971 cumque
2726 1899 2965 1955 venisset
3010 1913 3103 1954 rex
3135 1898 3201 1952 ad
3225 1895 3550 1952 visitandum
3577 1911 3708 1962 eum,
3733 1895 3793 1948 ait

2229 1999 2444 2052 Amnon
2473 1994 2541 2050 ad
2573 2008 2757 2065 regem
2787 2009 2802 2047 :
2853 1991 3070 2059 Veniat,
3109 1992 3368 2056 obsecro,
3422 1990 3644 2044 Thatnar
3665 2002 3798 2043 soror

2231 2106 2372 2156 mea.
2401 2099 2460 2145 ut
2488 2088 2655 2145 faciat
2687 2090 2744 2144 in
2774 2088 2947 2144 oculis
2978 2087 3116 2143 meis
3141 2085 3283 2142 duas
3313 2082 3733 2147 sorbitiunculas,
3758 2089 3803 2134 et

2230 2183 2410 2239 cibum
2449 2183 2658 2252 capiam
2711 2181 2780 2237 de
2825 2196 2985 2236 manu
3027 2179 3169 2249 ejus.
3219 2178 3369 2233 Misit
3418 2192 3545 2246 ergo
3572 2173 3723 2231 David
3746 2172 3800 2226 ad

2232 2275 2470 2330 Thamar
2511 2274 2754 2340 domum,
2793 2272 2980 2328 dicens
3015 2288 3031 2327 :
3078 2271 3210 2326 Veni
3259 2271 3315 2324 in
3353 2269 3566 2324 domum
3621 2271 3801 2321 Amncn

2234 2368 2417 2425 fratris
2443 2369 2542 2439 tui,
2575 2380 2629 2424 et
2651 2368 2735 2424 fac
2765 2369 2812 2424 ei
2838 2368 3201 2440 pulmentum.
3229 2364 3500 2434 Venitque
3525 2362 3735 2418 Thamar
3759 2359 3802 2414 in

2234 2462 2456 2518 domum
2485 2462 2698 2515 Amnon
2729 2459 2909 2516 fratris
2931 2460 3047 2515 sui:
3077 2459 3174 2514 ille
3201 2466 3392 2528 autem
3437 2455 3643 2528 jacebat
3665 2471 3679 2509 :
3702 2469 3804 2523 qtne

2238 2554 2440 2610 tollens
2494 2551 2729 2609 farinam
2775 2552 2854 2624 [h.
2884 2565 3234 2621 conspersam
3296 2546 3542 2619 farinam]
3582 2544 3805 2602 commis-

2235 2647 2350 2702 cuit
2384 2664 2396 2701 :
2429 2656 2484 2702 et
2511 2645 2885 2716 liquefaciens,
2917 2644 2973 2700 iu
3001 2642 3176 2698 oculis
3199 2641 3323 2712 ejus
3369 2640 3514 2698 coxit
3547 2637 3803 2694 sorbitiun-

2239 2741 2412 2796 culas.
2431 2740 2760 2810 Tollensque
2781 2739 2925 2810 quod
2951 2746 3198 2804 coxerat,
3220 2736 3437 2802 effudit,
3463 2743 3517 2791 et
3545 2733 3708 2806 posuit
3726 2745 3808 2785 co-

2241 2823 2358 2890 ram
2385 2849 2472 2902 eo,
2504 2845 2554 2890 et
2579 2833 2753 2889 noluit
2775 2832 3064 2888 comedere
3099 2850 3110 2886 :
3153 2831 3399 2902 dixitque
3441 2829 3680 2885 Amnon:
3711 2824 3810 2894 Eji-

2242 2927 2350 2984 cite
2375 2927 2665 2982 universos
2693 2936 2717 2974 ις
2745 2925 2895 2983 foras
2925 2941 2953 2980 a
2983 2940 3090 2980 me.
3125 2926 3376 2997 Cumque
3413 2923 3686 2993 ejecissent
3714 2933 3812 2975 om~

2245 3037 2376 3092 nes,
2403 3020 2544 3076 dix-it
2575 3025 2788 3076 Amnon
2818 3019 2885 3074 ad
2914 3017 3152 3075 Thamar
3184 3037 3199 3073 :
3237 3017 3388 3075 Infer
3415 3017 3592 3074 cibum
3631 3017 3678 3070 in
3704 3029 3813 3069 cou-

2245 3114 2420 3183 clave,
2454 3122 2512 3168 ut
2540 3127 2732 3169 vescar
2781 3111 2852 3168 de
2886 3128 3051 3167 manu
3096 3119 3210 3167 tua.
3258 3111 3411 3167 Tulit
3446 3126 3573 3181 ergo
3611 3107 3813 3163 Thamar

543 3206 751 3280 populi,
784 3217 838 3264 et
867 3206 1059 3264 obside
1088 3207 1390 3275 civitatem,
1417 3213 1474 3262 et
1501 3220 1633 3276 cape
1664 3220 1782 3261 eam
1817 3223 1830 3259 :
1861 3220 1929 3260 ne
1959 3219 2081 3259 cum
2111 3219 2140 3258 a
2164 3206 2212 3274 C
2247 3207 2692 3274 sorbitiunculas,
2715 3223 2853 3276 quas
2880 3208 3102 3269 fecerat,
3127 3215 3184 3262 et
3209 3205 3395 3262 intulit
3420 3205 3484 3260 ad
3504 3207 3700 3260 Amnon
3723 3201 3814 3256 fra-

542 3316 628 3356 tne
660 3309 876 3356 vastata
904 3299 1059 3356 fuerit
1086 3300 1236 3366 urbs,
1268 3301 1476 3354 nomini
1501 3313 1623 3354 meo
1643 3299 1945 3354 ascribatur
1969 3297 2143 3352 victo-

545 3396 645 3449 ria.
679 3393 1034 3465 Congregavit
1083 3394 1268 3465 itaque
1312 3393 1481 3449 David
1530 3411 1747 3452 omnem
1779 3395 2059 3468 pepulum,
2089 3403 2146 3450 et

547 3485 821 3556 profectus
849 3500 934 3541 est
959 3486 1252 3542 adversum
1277 3497 1297 3526 ο
1315 3486 1496 3542 Rabba
1515 3487 1787 3559 :Cumque
1812 3488 2144 3556 dimicasset,

547 3579 692 3646 cepit
741 3593 881 3633 eam.
937 3578 1004 3634 Et
1052 3578 1176 3634 tulit
1217 3578 1465 3635 diadema
1505 3581 1650 3651 regis
1679 3594 1870 3635 eorum
1908 3580 1986 3651 [h.
2019 3579 2153 3636 Mel-

554 3671 734 3738 t-hom,
769 3670 913 3742 quod
942 3671 1460 3740 interpretatur,rex
1485 3670 1698 3746 eorum]
1721 3671 1790 3728 de
1814 3674 1990 3742 capite
2005 3672 2146 3743 ejus,

555 3763 736 3835 pondo
754 3767 869 3818 auri
891 3764 1175 3833 talentum,
1208 3765 1416 3821 habens
1445 3781 1686 3836 gemmas
1706 3765 2149 3836 pretiosissimas,

552 3868 602 3910 et
636 3857 945 3926 impositum
975 3869 1058 3913 est
1087 3873 1251 3929 super
1288 3869 1450 3930 caput
1479 3857 1666 3913 David.
1698 3858 1801 3914 Sed
1825 3867 1879 3914 et
1912 3857 2152 3929 praedam

555 3950 791 4005 civitatis
817 3953 1113 4021 asportavit
1156 3952 1378 4008 multam
1410 3951 1570 4008 valde
1599 3969 1614 4011 :
1651 3953 1906 4024 populum
1938 3966 2155 4024 quoque

556 4040 673 4113 ejus
700 4042 976 4099 adducens
1005 4046 1238 4101 serravit
1262 4056 1318 4100 et
1363 4046 1681 4118 circumegit
1708 4061 1875 4114 super
1917 4061 2012 4102 eos
2051 4044 2158 4100 fer-

557 4148 673 4194 rata
701 4148 957 4210 carpenta
984 4159 998 4202 ;
1030 4139 1320 4212 divisitque
1346 4141 1560 4208 cultris,
1587 4151 1643 4197 et
1675 4140 1911 4197 traduxit
1939 4141 1991 4196 in
2023 4149 2153 4212 typo

558 4233 786 4288 laterum
814 4248 828 4287 :
858 4234 937 4288 sic
977 4235 1102 4290 fecit
1143 4236 1410 4292 universis
1435 4235 1743 4290 civitatibus
1772 4236 2002 4290 filiorum
2025 4233 2128 4289 Am
2152 4264 2164 4275 -

558 4344 706 4385 mon.
756 4330 822 4386 Et
872 4344 1123 4387 revvrsus
1173 4338 1254 4387 est
1289 4331 1478 4400 David,
1515 4339 1570 4387 et
1599 4330 1777 4387 omnis
1803 4331 2075 4386 exercitus
2103 4329 2158 4386 in

559 4420 880 4480 Jerusalem.

637 4592 1162 4685 f‘CodL-V'eroneus.
1208 4594 1471 4661 audisset,
1521 4593 1753 4649 llebraeo
1792 4591 2014 4664 prepior
2058 4589 2158 4645 im-
2185 4623 2238 4685 Β

566 4679 749 4734 pressa
775 4675 858 4721 est
887 4666 1066 4722 lectio.

638 4734 665 4774 ι’
694 4738 834 4792 Idem
866 4753 993 4805 ms.,
1020 4748 1068 4792 et
1098 4739 1258 4792 viret:
1283 4737 1549 4794 llebraice
1570 4737 1734 4793 etiam
1753 4743 1838 4791 est
1862 4743 1968 4795 tm.
1993 4732 2160 4790 Paulo

568 4822 780 4882 quoque
823 4820 962 4882 post,
1001 4813 1190 4882 jejuno
1233 4825 1331 4881 pro
1359 4813 1609 4881 ieiunem,
1641 4808 1880 4881 pressius
1912 4807 2160 4870 llebrrco,

570 4885 625 4931 et
654 4879 872 4935 reliquis
898 4879 1152 4935 textilius.

648 4958 670 4987 ο
687 4949 744 5003 lu
761 4949 986 5007 Hebraeo
1008 4964 1199 5019 arm;
1229 4951 1758 5022 prmfertVerouens.
1782 4965 1883 5006 ms.
1905 4949 2161 5004 Iiabbath.

565 5079 576 5089 -
646 5041 673 5080 ἀ
711 5042 890 5099 Multae
915 5058 1205 5102 occurrunt
1233 5047 1338 5104 hoc
1367 5047 1485 5102 loco
1516 5047 1786 5102 variantes
1817 5045 2080 5100 lectiones
2110 5043 2163 5098 in

576 5129 708 5169 mss.
745 5115 915 5190 libris.
939 5116 1125 5190 Canon
1154 5120 1281 5190 legit
1308 5130 1365 5174 ut
1386 5135 1483 5174 nos
1512 5118 1778 5190 edidimus
1807 5136 1819 5170 :
1847 5117 2048 5190 Regius
2072 5129 2167 5190 at_t-

579 5197 687 5240 tem
716 5187 886 5241 codex
938 5204 1058 5243 cum
1090 5187 1404 5247 Coilieieusi
1459 5207 1565 5244 uno
1603 5207 1658 5246 n.
1686 5189 1776 5256 εἰ,
1819 5199 1873 5244 et
1901 5189 2074 5243 altero
2105 5187 2167 5241 S.

577 5257 918 5331 Germaui‘n.
943 5258 1017 5331 757:
1053 5259 1273 5316 Factum
1298 5274 1373 5317 est
1403 5273 1575 5318 autem
1607 5270 1717 5331 post
1761 5261 1892 5321 haec.
1923 5270 1975 5314 ut
2009 5258 2171 5331 Abea-

576 5332 679 5386 lom
693 5328 986 5406 ﬁlioDavid
1011 5341 1139 5385 esset
1165 5351 1310 5387 soror
1339 5328 1739 5406 speciosissima,
1759 5331 2002 5387 vocabulo
2026 5329 2171 5406 Tita-

582 5418 725 5469 mar;
755 5403 1115 5474 adamarelqne
1138 5419 1250 5457 eam
1277 5401 1493 5459 Antinou
1536 5405 1680 5474 ﬁlius
1710 5401 1900 5468 David,
1950 5413 1999 5458 et
2045 5401 2171 5474 dili-

578 5485 716 5546 geret
736 5473 924 5547 patrie;
951 5473 1024 5526 ita
1051 5484 1106 5527 ut
1132 5488 1402 5547 wgrotaret
1428 5473 1633 5543 propter
1664 5492 1886 5532 amorem
1916 5477 2070 5547 ejus:
2098 5473 2174 5528 Ita

582 5544 694 5602 fere
734 5545 879 5601 LXX
914 5544 1257 5613 interpretes,
1297 5560 1349 5603 et
1395 5549 1476 5603 sic
1522 5548 1686 5604 llehr.
1728 5547 1896 5616 Major
1931 5544 1989 5602 S.
2033 5544 2171 5602 Ger-

582 5619 747 5684 rnaui,
775 5635 826 5671 ιι.
847 5619 932 5683 ll,
965 5618 1214 5672 eumdem
1238 5635 1457 5674 sensum
1476 5621 1762 5689 expres~it,
1784 5619 1876 5673 sed
1901 5618 2023 5671 aliis
2047 5633 2171 5689 vero

581 5691 664 5743 bis
695 5708 705 5742 :
746 5689 961 5744 Factum
984 5699 1055 5744 est
1077 5699 1246 5742 nulth
1275 5703 1385 5757 post
1414 5687 1859 5758 IttBC,ttlAb3l1[0n
1893 5690 2034 5760 ﬁlius
2068 5687 2174 5740 Da-

579 5762 662 5814 vid
677 5761 879 5816 haberet
903 5778 1130 5816 sororem
1157 5763 1610 5830 speciosissimam,
1636 5759 2132 5817 voeabulaT/mmar
2160 5776 2177 5824 ;

581 5833 945 5904 adamaretque
971 5850 1083 5889 eam
1113 5834 1314 5894 Amnon
1337 5833 1478 5908 ﬁlius
1511 5835 1698 5905 David,
1723 5843 1770 5890 ct
1800 5832 2035 5905 diligeret
2066 5848 2176 5888 eam

2249 3311 2386 3357 trem
2415 3316 2574 3356 suum
2600 3301 2654 3357 in
2675 3301 2956 3357 conclave.
2972 3299 3220 3371 Cumque
3239 3300 3526 3356 obtulisset
3545 3299 3592 3354 ei
3614 3296 3730 3370 [Ησ.
3753 3305 3816 3346 ta-

2251 3403 2328 3448 cet
2354 3394 2405 3450 ei
2417 3393 2428 3465 j
2441 3394 2649 3461 cibum,
2669 3394 3031 3464 apprehendit
3053 3409 3200 3459 eam,
3221 3400 3282 3449 et
3298 3394 3402 3448 ait:
3421 3391 3570 3458 Veni,
3583 3391 3709 3446 cuba
3724 3402 3817 3443 me-

2252 3504 2399 3554 cum,
2428 3503 2588 3544 soror
2610 3503 2750 3543 mea.
2783 3487 2917 3556 Quae
2937 3487 3228 3558 respondit
3258 3487 3313 3543 ei
3341 3503 3354 3540 :
3383 3485 3520 3547 Noli.
3553 3483 3704 3538 frater
3736 3480 3816 3544 mi,

2256 3583 2366 3639 noli
2394 3583 2706 3653 opprimere
2728 3598 2836 3647 me,
2854 3597 3031 3652 neque
3049 3580 3197 3636 enim
3231 3580 3342 3638 hoc
3363 3579 3444 3635 fas
3463 3588 3543 3633 est
3573 3577 3624 3633 in
3643 3573 3816 3636 Israel;

2259 3677 2368 3733 noli
2387 3675 2568 3732 facere
2590 3674 2878 3732 stultitiam
2897 3675 3058 3731 hanc.
3079 3675 3192 3746 Ego
3211 3674 3361 3731 enim
3388 3674 3527 3730 ferre
3542 3687 3642 3728 non
3662 3677 3819 3739 potero

2258 3768 2608 3839 opprobrium
2632 3783 2832 3834 meum,
2849 3776 2904 3824 et
2919 3776 2975 3822 tu
2997 3767 3108 3824 eris
3123 3768 3278 3837 quasi
3303 3781 3444 3822 unus
3465 3765 3531 3820 de
3560 3759 3821 3832 insipienti-

2261 3863 2362 3917 bus
2385 3861 2436 3916 in
2451 3860 2647 3916 Israel:
2671 3861 2799 3930 quin
2819 3860 3000 3930 potius
3022 3859 3245 3931 loquere
3263 3858 3332 3915 ad
3353 3874 3551 3929 regem,
3572 3866 3623 3911 et
3639 3870 3730 3910 non
3746 3865 3822 3905 ne-

2261 3955 2409 4026 gabit
2430 3969 2517 4009 me
2531 3953 2653 4008 tibi.
2672 3952 2859 4009 Noluit
2876 3962 3056 4007 autem
3081 3952 3433 4022 acquiescere
3457 3949 3689 4019 precibus
3703 3945 3821 4014 ejus,

2264 4049 2359 4103 sed
2385 4047 2686 4118 praevalens
2711 4046 2918 4102 viribus
2939 4045 3212 4116 oppressit
3241 4059 3362 4100 eam
3381 4084 3398 4112 ,
3423 4054 3478 4100 et
3501 4041 3702 4098 cubavit
3721 4049 3824 4091 cum

2265 4141 2376 4197 illa.
2404 4139 2475 4196 Et
2503 4154 2729 4196 exesam
2769 4154 2888 4196 eam
2929 4137 3119 4194 habuit
3156 4136 3373 4193 Amnon
3413 4136 3537 4192 odio
3561 4146 3736 4203 magno
3759 4129 3826 4184 ni-

2265 4234 2366 4289 mis
2390 4252 2405 4287 :
2438 4233 2511 4289 ita
2541 4243 2598 4287 ut
2618 4233 2791 4302 majus
2816 4241 2962 4288 esset
2982 4231 3164 4286 odium
3183 4246 3292 4300 quo
3310 4229 3500 4285 oderat
3519 4233 3827 4291 eam,amorc

2260 4345 2367 4396 quo
2396 4339 2523 4384 ante
2558 4327 2848 4382 dilexerat.
2893 4325 2979 4398 [T.
3021 4324 3160 4396 CX.]
3211 4323 3465 4395 Dixitque
3506 4323 3555 4377 ei
3598 4318 3825 4375 Amnon:

2262 4424 2454 4496 Surge,
2477 4422 2634 4478 vade.
2655 4421 2786 4491 Quae
2805 4419 3088 4492 respondit
3113 4419 3164 4476 ei
3183 4436 3196 4474 :
3214 4418 3383 4489 Majas
3409 4425 3491 4473 est
3513 4415 3610 4470 hoc
3635 4409 3828 4471 malum,

2262 4589 2411 4644 valde
2437 4605 2455 4644 :
2485 4589 2556 4644 ita
2582 4598 2663 4649 ut,
2693 4596 2802 4644 etc.
2834 4578 3162 4643 Colbertinte
3190 4585 3535 4642 bibliothecas
3563 4581 3682 4645 duo,
3712 4585 3759 4634 et
3778 4574 3828 4629 S.

2266 4661 2522 4718 Germani
2545 4661 2684 4715 alter
2714 4660 2902 4731 legunt
2953 4660 3103 4728 juxta
3132 4656 3420 4728 Vulgatam
3477 4655 3831 4731 Latinamve?

2267 4735 2474 4788 sionem
2515 4727 2793 4795 nostram:
2815 4732 2918 4786 hoc
2955 4727 3132 4784 solum
3179 4727 3429 4798 excepto,
3466 4738 3512 4780 et
3558 4727 3764 4798 deportet
3788 4733 3831 4769 tn

2267 4822 2379 4859 eam
2406 4804 2577 4867 valde,
2612 4820 2710 4872 pro
2739 4790 2995 4873 deperiret
3025 4816 3136 4856 eam
3157 4790 3331 4855 valde:
3348 4790 3584 4866 Denique
3597 4790 3834 4873 Sari-Cp}:-

2269 4876 2544 4931 manensis
2567 4860 2775 4941 noster,
2803 4860 3078 4943 n.7,legit
3105 4873 3158 4928 in
3189 4887 3347 4926 sacro
3374 4860 3704 4943 contevtugt
3725 4860 3833 4914 dili-

2270 4955 2408 5024 geret
2430 4962 2541 5024 eam
2563 4947 2742 5024 ualde;
2761 4938 2813 5024 i_u
2835 4938 3085 5024 margine
3103 4959 3257 5024 vero,
3281 4943 3359 5024 uel
3381 4941 3628 5024 deperiret
3654 4938 3702 5024 in
3715 4945 3830 5024 r5133.

2275 5001 2311 5073 il
2323 5021 2366 5073 is
2379 5017 2641 5073 addendis
2653 5001 2999 5072 Co'rbeieusius
3015 5015 3206 5085 major.
3223 5001 3278 5069 ri.
3290 5014 3312 5069 ι
3326 5057 3342 5082 ,
3359 5001 3506 5068 solus
3519 5022 3694 5080 puram
3707 5001 3834 5085 exhi-

2273 5092 2365 5146 bet
2393 5089 2686 5146 lectionem
2713 5088 2959 5151 Volgatae
2995 5106 3007 5139 :
3041 5074 3164 5142 na'm
3195 5086 3290 5156 qui
3329 5074 3583 5154 superest
3607 5074 3833 5156 expudo-

2272 5163 2374 5217 cim
2399 5177 2529 5216 mss.
2560 5149 2860 5216 codicibus.
2894 5173 3032 5223 quos
3081 5158 3133 5214 in
3183 5149 3287 5213 hoc
3319 5149 3485 5226 opere
3523 5149 3832 5227 contulimus!

2273 5233 2415 5288 hanc
2436 5232 2704 5287 diversam
2730 5231 2796 5284 ab
2822 5220 2947 5286 aliis
2977 5231 3174 5286 retinet
3201 5220 3512 5288 lectio-nem.
3543 5234 3588 5279 et
3617 5220 3833 5292 deperire!

2275 5287 2369 5378 pro
2393 5287 2642 5378 eavalde.
2674 5301 3125 5378 Phrasisisthaec,
3158 5301 3392 5372 deperire
3411 5287 3545 5378 eant.
3577 5287 3833 5378 νειζξξειζῗ

2275 5369 2382 5432 rire
2413 5376 2467 5429 in
2496 5391 2633 5443 eam,
2662 5375 2884 5430 minime
2908 5373 3154 5428 insolens
3184 5369 3270 5428 eSt
3295 5369 3435 5442 apud
3461 5369 3830 5434 Hieronymum.

2279 5455 2338 5504 ut
2361 5448 2475 5504 suis
2496 5447 2631 5503 locis
2661 5446 2991 5502 notabimus.
3021 5445 3204 5500 ΜΑιιτ.
3429 5446 3440 5455 ”
3638 5506 3646 5509 _
3760 5500 3769 5509 ,

2355 5502 2381 5557 εἷ
2401 5520 2532 5573 Cum
2559 5502 2802 5588 Vulgatis
2825 5516 3126 5572 Veronens.
3148 5530 3372 5588 quoque
3393 5527 3518 5588 m_s.,
3535 5517 3591 5588 et
3615 5502 3833 5588 άςρρνζζςι

2274 5609 2385 5646 eam
2411 5571 2584 5645 ealde.
2613 5571 2875 5644 liiihraica
2905 5571 3118 5655 phrasis
3142 5571 3352 5655 longius
3374 5601 3400 5638 a
3435 5571 3613 5655 Latina
3634 5571 3832 5655 abluti“-

2355 5663 2371 5701 ί
2398 5663 2563 5716 Tacet
2589 5662 2870 5717 Veron.ei.
2893 5651 3152 5734 Ilehra-us
3197 5651 3390 5714 nomen
3417 5653 3600 5734 repelil
3622 5651 3785 5734 Γυῖζέ-ςδξς

2351 5745 2374 5782 s
2404 5711 2561 5789 ne};
2583 5711 2869 5789 satis;
2893 5711 3068 5803 ista;
3097 5711 3640 5787 ἰένιῆἕῖοηεῑιὶιιῑυεζ
3691 5711 3834 5770 llcbr-

2280 5813 2442 5899 ibam,
2475 5826 2613 5901 quod
2639 5837 2723 5884 est
2752 5827 2818 5888 ad
2850 5827 3093 5896 verbum,
3126 5825 3344 5899 desuper
3368 5839 3398 5877 a
3420 5835 3515 5874 mc.
