4144 6364
297 380 412 439 657

1614 381 1821 440 LIBER
1860 382 1902 441 ll
1939 381 2312 442 SAMUELIS.

3500 386 3608 442 638

295 495 449 570 quod
480 512 622 553 nunc
652 496 767 568 agis
792 495 1083 552 adversum
1113 511 1220 562 me,
1251 512 1409 568 quam
1434 497 1575 570 quod
1599 509 1725 555 ante
1746 500 1907 555 fecis-
1933 504 1983 563 Α
2011 496 2269 567 quoniam
2305 496 2356 553 in
2388 510 2482 554 ore
2526 496 2784 554 Absalom
2836 504 2955 551 erat
2983 495 3215 568 positus,
3251 511 3318 553 ex
3362 497 3453 555 die
3496 514 3603 569 qua

304 591 374 661 ti,
419 592 697 661 expellens
716 600 762 646 ⁸.
800 592 865 646 Et
905 592 1082 647 noluit
1127 591 1317 649 audire
1365 610 1485 649 eam
1520 594 1658 650 :sed
1712 604 1906 650 vocato

306 702 503 757 puero,
529 684 621 755 qui
654 683 995 739 ministrabat
1034 684 1106 750 ei,
1149 684 1283 741 dixit
1315 704 1328 738 :
1364 686 1512 757 Ejice
1562 686 1700 742 banc
1748 702 1778 741 a
1820 701 1906 741 me

305 777 482 846 foras,
519 786 575 831 et
600 775 793 831 claude
820 776 1018 832 ostium
1065 785 1191 847 post
1232 792 1374 831 eam.
1405 778 1535 845 Qua:
1564 778 1749 834 induta
1792 788 1908 835 erat

306 870 462 925 talari
494 869 674 923 tunica
705 887 719 924 :
750 867 1124 939 hujuscemodi
1158 870 1301 924 enim
1332 871 1456 925 ﬁlia:
1499 869 1642 941 regis
1672 870 1907 941 virgines

308 964 554 1018 vestibus
579 962 886 1018 utebantur.
916 962 1090 1033 Ejerit
1118 963 1298 1035 itaque
1323 978 1442 1019 eam
1482 964 1732 1020 minister
1762 963 1907 1018 illius

306 1057 454 1112 foras
484 1074 495 1109 :
528 1058 831 1128 clausitque
865 1056 1008 1113 fores
1040 1066 1160 1127 post
1182 1073 1327 1113 eam.
1359 1058 1491 1126 Qum
1514 1074 1804 1130 aspergens
1832 1061 1910 1116 ci-

306 1169 498 1209 nerem
540 1152 702 1223 capiti
743 1167 867 1219 suo,
893 1153 1062 1207 scissa
1097 1152 1251 1207 talari
1293 1152 1493 1223 tunica,
1533 1154 1909 1224 impositisque

307 1246 562 1302 manibus
584 1260 748 1316 super
769 1254 929 1315 caput
957 1260 1138 1313 suum,
1188 1246 1299 1302 ibat
1338 1246 1647 1318 ingrediens
1702 1256 1757 1304 ct
1796 1248 1910 1303 cla-

309 1356 486 1395 mans.
522 1339 668 1394 Dixit
700 1348 878 1394 autem
916 1339 964 1393 ei
1006 1339 1265 1396 Absalom
1325 1339 1492 1395 frater
1531 1354 1662 1395 suus
1702 1358 1714 1394 :
1768 1340 1907 1396 Num

308 1433 526 1488 Amnon
564 1432 683 1505 [llic
725 1431 777 1487 lt.
806 1431 1063 1499 Aminon,
1092 1432 1235 1503 quod
1267 1434 1661 1503 interpretatur
1700 1450 1905 1504 exsp...

309 1525 362 1580 in
394 1525 522 1580 aliis
560 1534 741 1579 autem
790 1526 1001 1579 Amnon
1043 1524 1187 1595 quod
1235 1526 1627 1596 interpretatur
1660 1524 1912 1582 fidelissi—

312 1617 453 1690 mus]
479 1621 647 1673 frater
669 1626 793 1671 tuus
820 1618 1117 1673 concubuit
1148 1617 1357 1673 tecum?
1379 1619 1475 1673 sed
1519 1635 1685 1685 nunc,
1727 1636 1906 1685 soror,

311 1719 457 1781 tace,
484 1712 648 1766 frater
672 1721 793 1766 tuus
812 1719 897 1766 est
922 1729 935 1766 ε
964 1728 1140 1782 neque
1162 1712 1376 1782 afﬁigas
1392 1726 1489 1768 cor
1513 1724 1660 1768 tuum
1690 1730 1787 1783 pro
1807 1715 1908 1768 bac

312 1822 371 1860 re
425 1804 506 1877 [h.
533 1822 641 1859 non
680 1820 845 1874 ponas
886 1804 1027 1860 banc
1058 1821 1171 1861 rem
1222 1806 1275 1861 in
1306 1805 1474 1861 corde
1529 1805 1666 1878 tuo].
1713 1807 1908 1861 Mansit

2009 591 2282 660 oppressit
2308 590 2545 647 Thamar
2570 605 2822 647 sororem
2861 591 2998 661 ejus.
3043 589 3202 645 Nunc
3240 606 3373 661 ergo
3410 607 3477 645 ne
3507 606 3604 661 po-

2011 692 2103 737 nat
2147 683 2405 737 dominus
2464 698 2619 740 meus
2664 700 2759 739 rex
2805 698 2976 753 super
3013 699 3109 739 cor
3153 699 3312 738 suum
3379 685 3602 740 verbum

2012 777 2177 844 istud,
2226 777 2415 833 dicens
2449 795 2461 831 :
2491 778 2697 833 Omnes
2734 777 2831 832 ﬁlii
2864 778 3010 849 regis
3052 778 3217 833 occisi
3258 788 3387 833 sunt
3420 795 3434 832 :
3468 795 3605 847 quo-

2011 871 2157 927 niam
2188 872 2399 926 Amnon
2434 871 2583 927 solus
2613 880 2860 925 mortuus
2890 879 2993 925 est.
3022 870 3184 942 Fugit
3224 881 3404 926 autem
3433 868 3601 927 Absa-

2011 966 2120 1021 lom
2168 974 2273 1020 :et
2321 966 2522 1021 levavit
2575 980 2708 1035 puer
2754 966 3071 1034 speculator
3109 965 3304 1021 oculos
3344 980 3499 1035 suos,
3552 976 3608 1022 et

2011 1061 2230 1130 aspexit
2271 1078 2286 1115 :
2327 1071 2381 1116 et
2411 1075 2543 1116 ecce
2573 1059 2809 1131 populus
2852 1060 3054 1115 multus
3084 1061 3342 1116 veniebat
3372 1074 3472 1130 per
3501 1061 3609 1115 iter

2010 1155 2227 1210 devium
2266 1170 2335 1210 ex
2366 1156 2540 1209 latere
2573 1154 2794 1208 montis.
2842 1153 2987 1210 Dixit
3030 1163 3207 1209 autem
3241 1154 3490 1209 Jonadab
3535 1153 3607 1207 ad

2012 1263 2198 1318 regem
2230 1265 2241 1299 :
2269 1246 2411 1303 Ecce
2436 1246 2531 1300 lilii
2560 1246 2704 1317 regis
2734 1245 2935 1302 adsunt
2968 1264 2981 1301 :
3014 1247 3167 1316 juxta
3199 1246 3426 1303 verbum
3461 1246 3606 1301 servi

2013 1343 2090 1397 tui
2135 1343 2215 1397 sic
2256 1342 2451 1398 factum
2484 1349 2588 1397 est.
2632 1340 2877 1411 Cumque
2925 1349 3195 1397 cessasset
3241 1340 3411 1411 loqui,
3444 1354 3609 1411 appa-

2014 1442 2242 1492 ruerunt
2270 1444 2326 1489 et
2350 1434 2448 1489 ﬁlii
2474 1435 2623 1504 regis
2657 1452 2669 1487 :
2696 1446 2750 1489 et
2781 1436 3045 1489 intrantes
3068 1435 3389 1490 levaverunt
3418 1448 3605 1489 vocem

2012 1544 2191 1596 suam,
2222 1538 2277 1583 et
2304 1528 2571 1581 ﬂeverunt
2610 1543 2623 1579 :
2662 1527 2757 1581 sed
2790 1535 2845 1582 et
2885 1542 2979 1581 rex
3008 1535 3064 1580 et
3092 1540 3285 1580 omnes
3316 1525 3457 1579 servi
3488 1523 3608 1592 ejus

2013 1621 2282 1676 fleverunt
2317 1620 2533 1691 ploratu
2574 1634 2769 1689 magno
2799 1618 2986 1673 nimis.
3018 1618 3187 1672 Porro
3219 1617 3477 1671 Absalom
3521 1616 3608 1668 fu-

2010 1717 2187 1783 giens,
2217 1712 2352 1768 abiit
2384 1712 2450 1767 ad
2482 1712 2766 1767 Tliolomai
2796 1712 2875 1783 [h.
2900 1710 3176 1783 Thalmai]
3211 1711 3377 1765 ﬁlium
3408 1708 3607 1764 Amiud

2013 1809 2141 1881 [Με.
2167 1807 2377 1879 Amiur]
2407 1822 2589 1877 regem
2622 1806 2847 1862 Gessnr.
2874 1805 3039 1860 Luxit
3070 1820 3200 1872 ergo
3227 1805 3393 1859 David
3430 1802 3601 1859 ﬁlium

310 1895 494 1964 itaque
524 1895 760 1950 Thamar
783 1896 1175 1952 contabescens
1223 1898 1276 1952 in
1307 1898 1472 1951 domo
1500 1898 1753 1955 Absalom
1795 1898 1907 1953 fra-
1937 1918 1984 1978 B
2012 1919 2166 1958 suum
2194 1902 2406 1957 cunctis
2450 1900 2664 1955 diebus.
2695 1898 2955 1955 Absalom
2994 1910 3172 1953 autem
3202 1914 3326 1953 cum
3361 1897 3606 1968 fugisset,

313 1988 409 2042 tris
436 1989 541 2043 sui.
577 1989 713 2044 Cum
768 1989 1010 2045 audisset
1038 1999 1218 2045 autent
1254 2006 1347 2047 rex
1377 1991 1547 2048 David
1576 1993 1743 2048 verba
1766 1992 1906 2061 haec,

309 2083 667 2138 contristatus
718 2084 794 2155 [h.
844 2084 1036 2156 iratus]
1075 2096 1158 2140 est
1193 2086 1347 2141 valde
1384 2085 1431 2141 δ.
1476 2086 1647 2142 Porro
1670 2102 1777 2143 non
1824 2097 1909 2145 est

310 2175 525 2229 locutus
556 2175 814 2231 Absalum
843 2177 910 2231 ad
942 2179 1157 2233 Amnon
1180 2193 1283 2234 nec
1312 2179 1512 2235 malum
1539 2195 1639 2236 nec
1662 2181 1864 2236 bonum
1891 2197 1905 2236 :

309 2268 503 2322 oderat
542 2267 687 2324 enim
739 2270 1002 2326 Absalom
1045 2272 1286 2339 Amnon,
1332 2287 1400 2328 eo
1448 2274 1592 2342 quod
1645 2273 1909 2331 violasset

310 2360 549 2416 'l'bamar
577 2376 822 2417 sororem
847 2378 1003 2418 suam
1024 2363 1153 2436 [Με.
1186 2364 1350 2436 ejus].
1370 2365 1594 2421 Factum
1618 2377 1698 2422 est
1722 2377 1907 2423 autem

312 2464 437 2523 post
482 2462 695 2525 tempus
742 2455 982 2524 biennii,
1019 2468 1073 2511 ut
1100 2458 1457 2513 tonderentur
1486 2474 1617 2517 oves
1646 2460 1906 2517 Absalom

313 2547 368 2600 in
402 2547 722 2615 Baal-Asor,
752 2563 874 2617 qua:
892 2556 977 2603 est
1002 2548 1156 2619 juxta
1180 2548 1437 2619 prraim
1458 2565 1474 2604 :
1494 2554 1777 2607 etvocavit
1799 2551 1909 2608 Ab-

312 2640 490 2696 salom
520 2657 707 2697 omnes
737 2642 876 2697 ﬁlios
907 2643 1074 2714 regis,
1112 2642 1369 2714 venitque
1397 2643 1463 2699 ad
1502 2660 1706 2715 regem,
1739 2653 1801 2701 et
1835 2646 1910 2700 ait

311 2735 382 2790 ad
429 2750 551 2791 eum
596 2754 608 2789 :
668 2735 810 2791 Ecce
856 2737 1148 2792 tondentur
1195 2752 1327 2794 oves
1365 2739 1506 2793 servi
1551 2739 1627 2795 tui
1658 2756 1671 2793 :
1704 2739 1904 2809 veniat,

308 2844 431 2894 oro,
467 2844 559 2884 rex
588 2844 713 2884 cum
743 2832 918 2885 servis
947 2831 1060 2885 suis
1085 2830 1152 2885 ad
1193 2845 1415 2887 servum
1445 2848 1624 2888 suum.
1655 2833 1911 2905 Dixitque

309 2936 411 2978 rex
440 2922 507 2977 ad
532 2922 789 2978 Absalom
820 2940 833 2977 :
864 2922 1008 2991 Noli,
1042 2923 1117 2979 ﬁli
1150 2926 1245 2994 mi,
1282 2924 1393 2980 noli
1426 2940 1615 2997 rogare
1644 2937 1700 2980 ut
1724 2928 1909 2983 venia-

308 3037 433 3076 mus
487 3036 701 3091 omnes,
753 3032 810 3077 et
858 3036 1149 3092 gravemus
1182 3029 1253 3077 te.
1304 3022 1438 3077 Cum
1461 3031 1645 3078 autent
1692 3032 1912 3094 cogeret

308 3130 461 3182 eum,
496 3125 551 3171 et
580 3116 843 3171 noluisset
868 3116 967 3182 ire,
995 3115 1278 3172 benedixit
1304 3116 1376 3172 ei.
1412 3117 1478 3170 Et
1502 3116 1857 3172 aitAbsalom
1892 3131 1908 3171 :

308 3208 371 3263 Si
402 3223 507 3264 non
537 3208 618 3263 vis
644 3210 855 3274 venire,
885 3208 1094 3277 veniat,
1124 3208 1378 3275 obsecro,
1404 3209 1687 3264 nobiscum
1715 3209 1908 3264 saltem

2014 2009 2063 2052 et
2090 1996 2329 2052 venisset
2357 1996 2410 2049 in
2440 1996 2668 2057 Cessur,
2692 1991 2795 2047 fuit
2840 1991 2911 2048 ibi
2944 1992 3113 2046 tribus
3150 1991 3330 2045 annis.
3359 1989 3378 2027 ί
3406 1990 3606 2045 Cessa-

2014 2092 2199 2160 vitque
2242 2088 2409 2143 David
2452 2102 2543 2142 rex
2575 2085 2828 2157 persequi
2858 2084 2933 2156 [h.
2961 2084 3117 2139 exire
3146 2080 3289 2153 post]
3324 2083 3607 2148 Absalom,

2012 2200 2079 2240 eo
2127 2183 2271 2255 quod
2315 2184 2636 2238 consolatus
2683 2192 2829 2235 esset
2882 2194 3048 2249 super
3098 2186 3307 2233 Amnon
3358 2177 3607 2231 interitu.

2085 2276 2171 2346 ['l‘.
2200 2273 2363 2342 CXII,
2396 2273 2526 2346 Cap.
2557 2273 2721 2345 XIV]
2755 2272 3067 2343 lntelligens
3090 2280 3269 2326 autem
3296 2269 3433 2325 Joab
3464 2268 3608 2323 filius

2014 2369 2217 2425 Sarvia:
2264 2368 2406 2440 quod
2456 2384 2552 2423 cor
2595 2370 2739 2437 regis
2770 2381 2986 2420 versum
3030 2371 3176 2420 esset
3203 2363 3269 2419 ad
3323 2362 3605 2429 Absalom,

2019 2462 2166 2519 misit
2191 2462 2491 2527 Thecuam,
2525 2468 2580 2514 et
2606 2459 2732 2514 tulit
2778 2457 2906 2512 inde
2936 2458 3224 2512 mulierem
3270 2456 3606 2526 Sapientem;

2014 2555 2257 2624 dixitque
2281 2552 2348 2609 ad
2372 2567 2490 2608 eam
2519 2570 2531 2605 :
2561 2552 2771 2622 Lugere
2802 2560 2852 2605 te
2877 2550 3096 2613 simula,
3121 2557 3176 2602 et
3205 2546 3433 2602 induere
3458 2553 3610 2600 veste

2016 2652 2249 2723 lugubri,
2283 2665 2350 2706 ne
2372 2650 2593 2719 nugaris
2614 2648 2755 2712 oleo;
2783 2655 2841 2700 ut
2870 2646 2945 2700 sis
2968 2645 3121 2716 quasi
3147 2644 3347 2697 mulier
3376 2641 3609 2710 plurimo

2010 2750 2120 2820 jam
2170 2759 2417 2815 tempore
2465 2744 2655 2813 lugens
2702 2748 2973 2796 mortuum
3019 2755 3031 2792 :
3079 2745 3135 2792 et
3182 2734 3504 2807 ingredieris
3542 2732 3610 2787 ad

2014 2854 2221 2909 regem,
2254 2848 2309 2893 et
2342 2836 2588 2908 loqueris
2630 2834 2697 2888 ad
2729 2848 2852 2888 eum
2884 2846 3169 2888 sermones
3208 2825 3610 2899 hujuscemodi.

2015 2934 2203 2989 Posuit
2230 2945 2360 3002 ergo
2390 2929 2525 2985 Joab
2557 2926 2723 2982 verba
2756 2927 2808 2980 in
2842 2940 2938 2979 ore
2981 2923 3117 2994 ejus.
3165 2922 3352 2992 Itaque
3377 2934 3499 2975 cum
3532 2919 3615 2972 iii-

2014 3043 2198 3097 gressa
2244 3025 2438 3079 fuisset
2478 3020 2676 3076 mulier
2713 3018 2994 3074 Thecnitis
3052 3016 3118 3070 ad
3162 3029 3369 3085 regem,
3413 3013 3616 3068 cei-idit

2013 3136 2195 3177 coram
2226 3132 2295 3174 eo
2321 3131 2483 3186 super
2507 3125 2729 3181 terram,
2755 3120 2812 3167 et
2831 3109 3078 3165 adoravit
3109 3108 3187 3181 [h.
3226 3107 3428 3163 cecidit
3458 3120 3615 3175 utpar

2015 3214 2202 3283 faciem
2226 3225 2371 3264 suam
2393 3210 2447 3262 in
2488 3216 2695 3262 terram.
2728 3214 2784 3258 et
2822 3200 3113 3273 adoravit],
3145 3209 3200 3255 et
3228 3198 3364 3254 dixit
3398 3216 3411 3253 :
3443 3197 3613 3253 Serva

305 3305 529 3356 Amnon
557 3302 724 3356 frater
755 3316 909 3357 meus
936 3318 946 3351 :
981 3301 1235 3371 dixitque
1264 3301 1332 3357 ad
1362 3316 1485 3358 eum
1512 3316 1606 3356 rex
1634 3319 1647 3355 :
1678 3300 1792 3355 Non
1824 3312 1906 3357 est
1933 3314 1979 3377 ε
2016 3321 2123 3371 me,
2168 3318 2286 3359 rex.
2346 3302 2414 3356 Et
2452 3302 2528 3354 ait
2571 3299 2639 3353 ad
2679 3313 2797 3352 eam
2845 3312 2942 3351 rex
2978 3314 2988 3347 :
3020 3295 3159 3364 Quid
3190 3307 3374 3349 causae
3407 3290 3613 3347 babes?

307 3407 543 3448 necesse
574 3401 635 3447 ut
666 3394 827 3448 vadat
853 3402 1030 3448 tecum
1064 3394 1140 3465 μ»,
1163 3392 1276 3448 Cur
1298 3394 1399 3449 ibit
1429 3392 1688 3464 tecum?].
1718 3393 1912 3463 Coegit

308 3489 498 3559 itaque
528 3503 651 3543 cum
699 3488 981 3551 Absalom,
1019 3497 1074 3543 et
1101 3487 1312 3543 dimisit
1340 3488 1419 3560 [h.
1468 3487 1635 3559 misit]
1678 3502 1803 3542 cum
1843 3503 1910 3541 eo

311 3583 528 3637 Amnon
560 3593 613 3637 et
643 3582 925 3636 universos
950 3581 1090 3635 ﬁlios
1113 3583 1254 3651 regis
1282 3590 1327 3635 ε.
1360 3581 1701 3651 Prmceperat
1728 3590 1907 3636 autem

306 3676 568 3732 Ab5a10m
605 3676 791 3745 pueris
821 3676 955 3741 suis,
987 3675 1176 3732 dicens
1209 3692 1222 3730 :
1249 3674 1548 3731 Observate
1576 3690 1699 3729 cum
1730 3686 1907 3728 temu-

307 3772 492 3828 lentus
534 3771 695 3826 fuerit
732 3771 949 3826 Amnon
976 3770 1128 3839 vino,
1164 3779 1217 3826 et
1245 3772 1438 3825 dixero
1465 3770 1621 3825 vobis
1652 3788 1665 3823 :
1703 3769 1906 3823 Percu-

306 3865 410 3921 tite
452 3882 600 3930 eum,
648 3874 703 3919 ct
750 3864 1036 3919 interficite
1070 3882 1081 3917 :
1117 3864 1286 3919 nolite
1329 3864 1561 3929 timere;
1610 3878 1711 3932 ego
1758 3862 1905 3917 enim

306 3974 430 4014 sum
478 3960 569 4029 qni
600 3955 627 3995 ἀ
656 3960 915 4029 praecipio
966 3958 1118 4011 vobis
1175 3974 1189 4012 :
1233 3957 1590 4021 roboramini,
1638 3965 1693 4011 et
1733 3967 1908 4011 estote

307 4055 413 4109 viri
458 4054 626 4110 fortes
657 4053 735 4125 [h.
771 4054 871 4108 viri
915 4051 1295 4122 fortitudinis].
1330 4051 1414 4123 |'l‘.
1448 4051 1609 4122 CXL]
1638 4051 1909 4106 Fecerunt

308 4162 443 4217 ergo
471 4147 623 4217 pueri
652 4147 910 4202 Absulom
942 4145 1230 4200 adversum
1266 4145 1504 4212 Amnon,
1530 4145 1667 4198 sicut
1700 4158 1907 4213 prmce-

310 4251 470 4310 perat
497 4240 578 4298 eis
608 4241 686 4312 [h.
718 4256 830 4295 non
857 4239 1039 4303 habet,
1068 4238 1169 4309 eis]
1195 4238 1475 4293 Absalom.
1499 4238 1906 4307 Surgentesuue

308 4349 507 4389 omnes
561 4334 656 4387 ﬁlii
708 4335 852 4404 regis
909 4332 1281 4388 ascenderunt
1320 4331 1519 4401 singuli
1564 4330 1737 4386 mulas
1782 4347 1907 4386 suas

309 4428 392 4499 [h.
423 4429 622 4492 mulos,
657 4427 829 4499 suos],
871 4437 925 4483 et
962 4429 1240 4499 fugerunt.
1282 4425 1531 4497 Cumque
1561 4425 1740 4481 adhuc
1781 4441 1907 4495 pcr-

304 4532 502 4592 gerent
533 4520 586 4575 in
619 4520 835 4588 itinere,
877 4520 1017 4576 fama
1058 4520 1307 4591 pervenit
1354 4519 1419 4573 ad
1450 4518 1643 4584 David,
1678 4518 1901 4573 dicens:

306 4614 593 4669 Percussit
642 4613 897 4667 Absalom
935 4628 1127 4668 omnes
1166 4612 1308 4666 ﬁlios
1350 4611 1515 4683 regis,
1564 4619 1619 4666 et
1661 4625 1769 4665 non
1821 4625 1907 4667 re-

2013 3402 2145 3468 Qua:
2171 3395 2451 3465 respondit
2484 3412 2495 3447 :
2528 3393 2667 3459 Heu,
2700 3390 2895 3445 mulier
2926 3388 3084 3444 vidua
3129 3403 3229 3457 ego
3258 3401 3377 3442 sum
3408 3402 3423 3439 :
3458 3400 3605 3438 mor-

2016 3507 2137 3549 tuus
2159 3502 2241 3549 est
2262 3491 2409 3547 enim
2441 3488 2524 3544 vir
2552 3501 2727 3543 meus.
2756 3485 2819 3541 Et
2849 3482 3059 3539 ancillae
3098 3491 3203 3537 tua:
3235 3487 3395 3535 erant
3415 3477 3522 3533 duo
3551 3476 3615 3529 ﬁ-

2014 3589 2091 3651 lii,
2124 3586 2213 3658 qui
2246 3584 2403 3640 rixati
2455 3590 2581 3637 sunt
2610 3580 2903 3636 adversum
2951 3593 3010 3632 se
3054 3577 3105 3630 in
3137 3590 3288 3645 agro,
3321 3571 3613 3640 nullusque

2012 3689 2134 3735 erat
2160 3678 2247 3749 qui
2282 3691 2378 3733 eos
2411 3674 2701 3747 prohibere
2724 3680 2907 3742 posset
2939 3685 2953 3724 :
2987 3678 3043 3725 et
3074 3666 3343 3736 percussit
3367 3663 3504 3718 alter
3535 3661 3616 3716 al-

2013 3785 2216 3841 termn,
2268 3779 2325 3827 et
2374 3767 2650 3825 interfecit
2678 3781 2823 3820 eum.
2858 3764 2925 3817 Et
2968 3776 3098 3817 erce
3128 3770 3458 3828 coasurgens
3496 3755 3614 3809 uni-

2010 3883 2168 3923 versa
2196 3862 2448 3936 cognatio
2464 3862 2752 3917 adversum
2776 3856 3030 3912 ancillam
3056 3864 3223 3917 tuam,
3245 3851 3374 3906 dicit
3402 3868 3413 3902 :
3436 3847 3614 3903 Trade

2012 3979 2158 4028 eum,
2188 3962 2275 4031 qui
2308 3956 2577 4029 percussit
2601 3955 2823 4008 fratrem
2854 3965 3034 4013 suum,
3070 3959 3123 4003 et
3148 3945 3461 4001 occidamus
3489 3955 3610 3995 eum

2011 4070 2109 4126 pro
2141 4054 2319 4109 anima
2356 4049 2540 4104 fratris
2572 4048 2653 4102 sui
2701 4060 2861 4115 quem
2912 4040 3203 4103 interfecit,
3244 4046 3296 4091 et
3331 4034 3613 4089 deleamus

2011 4147 2319 4202 lueredem:
2352 4151 2406 4199 et
2435 4148 2686 4213 qumrunt
2713 4138 3067 4206 exstinguere
3091 4130 3385 4187 scintillam
3407 4143 3610 4189 meam,

2010 4257 2131 4313 qua:
2162 4240 2349 4296 relicta
2381 4246 2485 4304 est,
2510 4244 2567 4290 ut
2595 4251 2701 4289 non
2734 4231 2972 4302 supersit
3003 4229 3124 4283 viro
3155 4241 3278 4282 meo
3311 4238 3531 4289 nomen,
3560 4228 3615 4275 et

2010 4336 2257 4407 reliquiae
2286 4348 2450 4403 super
2507 4343 2710 4385 terram
2752 4327 2829 4398 [h.
2857 4339 3023 4395 super
3060 4319 3249 4376 faciem
3300 4314 3506 4385 terrm].
3547 4313 3617 4366 Et

2011 4431 2086 4485 ait
2118 4445 2209 4484 rex
2238 4426 2304 4481 ad
2345 4424 2627 4481 mulierem
2659 4440 2671 4475 :
2703 4418 2848 4474 \‘ade
2882 4418 2932 4472 in
2966 4415 3188 4469 domum
3229 4420 3395 4473 tuam,
3429 4416 3482 4461 et
3514 4419 3614 4473 ego

2008 4525 2210 4595 jnbebo
2243 4539 2342 4593 pro
2378 4530 2451 4575 te.
2484 4518 2737 4588 Dixitque
2769 4514 2965 4569 mulier
2991 4507 3271 4565 Tliecuitis
3293 4504 3357 4557 ad
3392 4516 3611 4572 regem:

2011 4620 2068 4675 lit
2100 4632 2210 4683 me,
2242 4615 2461 4670 domine
2488 4612 2560 4667 tni
2593 4627 2690 4666 rex
2722 4607 2909 4681 [Vulg].
2944 4604 3145 4657 addunt
3176 4597 3292 4669 sit],
3330 4596 3609 4665 iniquitas,

303 4708 514 4762 mansit
547 4721 614 4759 ex
654 4706 735 4760 eis
764 4707 955 4759 saltem
994 4720 1154 4759 unus.
1196 4704 1448 4759 Surrexit
1487 4704 1670 4775 itaque
1700 4717 1818 4768 rex,
1851 4714 1903 4758 et
1932 4712 1986 4774 1)
2010 4722 2060 4768 et
2093 4712 2146 4766 in
2177 4709 2401 4765 domum
2430 4707 2597 4777 patris
2635 4704 2742 4759 mei
2773 4718 2787 4756 :
2823 4716 2917 4755 rex
2947 4708 3128 4752 autem
3160 4702 3216 4749 et
3238 4692 3467 4746 tlironus
3498 4686 3615 4757 ejus

296 4800 478 4856 scidit
522 4796 841 4851 vestimenta
887 4811 981 4852 sua
1010 4838 1024 4863 ,
1070 4806 1123 4854 et
1180 4798 1381 4853 cedidit
1425 4813 1591 4869 super
1653 4808 1851 4853 terram
1887 4814 1901 4853 :

299 4901 361 4949 et
406 4902 602 4945 omnes
649 4888 794 4943 servi
834 4888 1037 4959 ipsius,
1082 4892 1175 4960 qui
1220 4890 1553 4946 assiSIebant
1593 4891 1675 4953 ei,
1718 4890 1902 4945 scide-

302 4994 439 5043 runt
481 4984 803 5039 vesﬁmenta
858 5000 975 5039 sua.
1029 4983 1382 5055 Respondeas
1430 4996 1612 5041 autem
1655 4984 1904 5041 Jonadab

306 5078 449 5135 (ilius
479 5075 730 5132 Semmaa
754 5076 882 5150 [Με.
913 5076 1175 5148 Semmai]
1206 5076 1386 5133 fratris
1409 5078 1791 5147 David,dixit:
1823 5081 1903 5140 Ne

310 5174 547 5229 aestimet
599 5172 855 5229 dominus
903 5187 1057 5228 meus
1087 5182 1111 5211 ε
1141 5188 1261 5236 rex,
1314 5175 1456 5243 quod
1501 5190 1696 5231 omnes
1749 5178 1902 5246 pueri

312 5268 411 5323 ﬁlii
450 5266 595 5337 regis
626 5265 794 5322 occisi
824 5266 937 5321 sint
983 5265 1244 5322 :Amnon
1291 5265 1442 5322 solus
1484 5278 1731 5325 mortuus
1776 5278 1857 5325 est
1882 5314 1897 5339 ,

383 5438 409 5466 ιι
445 5426 608 5484 Addit
638 5442 784 5484 nunc
814 5442 935 5484 cum
960 5426 1117 5497 Vulg.
1155 5424 1293 5480 idem
1337 5439 1441 5478 ms.
1481 5440 1589 5493 me,
1621 5424 1687 5480 ad
1734 5425 1896 5482 llebr.

313 5505 533 5585 tanbtvb.

381 5594 407 5632 δ
444 5594 647 5664 Vulgati
681 5594 906 5658 addunt,
938 5602 987 5649 ct
1017 5592 1501 5648 noluilcontristare
1519 5593 1762 5662 spiritum
1787 5591 1909 5646 Am-

310 5683 413 5721 non
456 5666 553 5735 ﬁlit
600 5666 704 5730 sui,
758 5669 1001 5738 quoniam
1030 5667 1462 5738 diligelmtdeum,
1494 5666 1616 5733 quia
1644 5664 1905 5736 primoge-

309 5740 444 5789 nitus
470 5746 579 5791 erat
612 5739 657 5789 ei
684 5754 701 5791 :
729 5736 845 5805 quae
872 5740 1113 5804 ignorant
1139 5754 1261 5791 cum
1280 5736 1541 5791 Hebraeus
1574 5744 1771 5800 tenus,
1795 5744 1905 5790 tum

308 5805 741 5879 Hieronymiana:
766 5812 1025 5864 vel‘sinltis
1054 5827 1183 5865 mss.

383 5891 404 5919 ε
445 5878 642 5934 lterum
678 5880 881 5949 Vu'giti
914 5882 1137 5939 addunt.
1170 5881 1487 5951 Feceratque
1517 5878 1745 5934 Absafon
1780 5897 1905 5933 cou-

306 5952 495 6007 tu'vium
517 5954 665 6023 quasi
690 5953 975 6009 convivium
1002 5954 1138 6028 regis
1168 5969 1187 6009 .·
1219 5968 1340 6028 quae
1364 5956 1564 6010 frustra
1586 5953 1639 6011 iu
1673 5952 1903 6011 llebrazo

2010 4808 2083 4859 sit
2106 4805 2388 4858 innocens.
2424 4799 2491 4853 Et
2537 4797 2611 4851 ait
2656 4810 2751 4851 rex
2785 4810 2799 4848 :
2831 4792 2931 4860 Qui
2974 4784 3363 4844 contradixerit
3398 4780 3474 4854 [h.
3509 4778 3613 4848 Qui

2012 4897 2224 4953 locutus
2256 4892 2437 4964 fuerit]
2478 4890 2592 4955 tibi,
2627 4888 2802 4943 adduc
2841 4898 2963 4942 eum
2996 4880 3063 4936 ad
3096 4895 3204 4943 me.
3244 4886 3298 4932 et
3327 4875 3471 4930 ultra
3504 4888 3611 4927 non

2007 4991 2168 5045 addet
2199 4998 2258 5044 ut
2287 4993 2470 5058 tangat
2496 4996 2565 5041 te.
2601 4984 2733 5052 Quae
2765 4981 2842 5035 ait
2873 4995 2887 5037 :
2923 4974 3372 5033 Recordeturrcx
3396 4965 3613 5023 Domini

2010 5086 2104 5140 Dei
2137 5083 2243 5148 sui,
2283 5090 2340 5137 ut
2380 5096 2489 5136 non
2518 5075 2951 5147 multiplicentur
2975 5068 3210 5141 proximi
3240 5061 3521 5134 sanguinis
3545 5059 3613 5114 ad

2007 5174 2375 5233 ulciscendum
2408 5180 2463 5229 et
2493 5183 2830 5240 nequaquam
2862 5162 3187 5220 interﬁciant
3230 5156 3356 5230 [Με.
3408 5152 3615 5208 interii.

2004 5268 2169 5340 cient]
2201 5268 2365 5323 ﬁlium
2394 5280 2592 5321 meum.
2613 5261 2714 5330 Qui
2734 5260 2807 5313 ait
2835 5275 2849 5313 :
2882 5256 3026 5311 Vivit
3056 5251 3335 5314 Dominus,
3361 5246 3487 5318 Quia
3507 5260 3614 5298 non

2010 5441 2248 5498 quaeras,
2278 5423 2442 5498 autin
2469 5414 2906 5498 llieronymianis
2937 5424 3075 5498 mss.
3120 5474 3249 5498 “At

2091 5469 3076 5563 1i6633'véi-Biiéaég'5ai’pmcepa:
3120 5474 3323 5534 rectius
3351 5472 3415 5527 ad
3451 5469 3617 5526 llebr.

2018 5576 2334 5707 ,hllsﬁeque
2365 5635 2651 5703 llebrmus,
2703 5645 2880 5703 neque
2927 5625 3236 5683 Veronens.
3284 5633 3387 5672 ms.
3418 5612 3622 5671 habent

2016 5711 2101 5769 hic
2133 5710 2269 5767 Rex.

2091 5803 2108 5841 ι
2154 5804 2290 5866 Quid
2314 5803 2382 5859 de
2399 5804 2499 5857 ista
2522 5797 2914 5869 persecutionis
2932 5789 3237 5869 cessatione
3264 5776 3617 5869 ἐυῃῒξεηξιιξιξη

2009 5877 2103 5939 sit,
2127 5849 2976 5939 γπῶς-δῖ.δίἰίῖῖοῖἰξξῗξεῖὧιἰξηῖθε
3006 5858 3298 5919 Hebraicas
3333 5850 3456 5907 falsi
3487 5849 3615 5905 Ilie-

2007 5950 2222 6021 ronymi
2242 5950 2297 6005 iu
2322 5946 2533 6022 Regum
2555 5945 2745 6003 libros.
2768 5941 2946 6001 Mur.
