4144 6364
489 324 594 386 659

1491 330 1553 388 S.
1593 329 1976 390 lllERONYMl
2014 332 2249 394 DIVINA
2288 334 2772 393 BIBLIOTHECA.

3696 332 3818 392 650

492 442 650 500 cadet
689 441 757 502 de
806 443 1020 518 capillis
1066 445 1160 502 filii
1199 444 1275 502 tui
1314 459 1478 517 super
1510 453 1730 503 terram.
1779 447 1926 504 Dixit
1967 463 2100 521 ergo
2125 451 2631 516 AduxitAhsalom
2667 453 2722 508 in
2743 451 3072 508 Jerusalem.
3105 452 3248 509 Dixit
3278 461 3460 510 autem
3489 471 3500 508 :
3530 461 3556 491 α
3601 453 3821 511 Rever-

498 538 694 596 mulier
719 554 733 592 :
759 537 1036 609 Loquatur
1063 539 1257 595 ancilla
1287 547 1377 595 tua
1406 538 1474 595 ad
1503 538 1785 596 dominum
1814 557 1992 598 meum
2017 558 2103 599 re-

499 647 623 702 gem
664 631 912 688 verbum.
965 634 1035 688 Et
1079 634 1154 689 ait
1204 652 1219 689 :
1266 633 1532 704 Loquere.
1578 635 1831 707 Dixitque
1881 635 2076 691 mulier

499 724 682 792 Quare
710 725 954 797 cogitasti
987 726 1292 783 istiusmodi
1323 742 1437 784 rem
1467 739 1660 784 contra
1693 729 1946 800 populum
1985 729 2104 796 Dei,

503 828 560 874 et
590 819 799 875 locutus
840 827 924 874 est
970 835 1068 876 rex
1110 821 1332 876 verbum
1365 823 1532 891 istud,
1585 831 1644 879 ut
1672 831 1884 894 peccet,
1915 831 1971 879 et
1999 838 2104 878 non

505 909 729 966 reducat
769 910 1003 979 ejectum
1046 912 1238 968 suum?
1283 912 1484 971 Omnes
1527 915 1812 983 morimur,
1856 924 1912 970 et
1955 914 2108 985 quasi

504 1018 660 1072 aqua:
679 1002 974 1060 dilabimur
1003 1004 1055 1060 in
1082 1014 1304 1076 terram,
1329 1023 1448 1076 qua:
1471 1023 1578 1063 non
1602 1017 1949 1064 revertuntur
1977 1007 2106 1080 [Με.

506 1094 914 1167 revertantur]:
970 1112 1072 1154 nec
1118 1099 1232 1155 vult
1281 1098 1422 1156 Deus
1473 1101 1651 1169 perire
1693 1101 1964 1166 animam,
2013 1100 2109 1155 sed

505 1195 784 1252 retractat.
835 1189 1080 1259 cogitans
1131 1205 1199 1246 ne
1253 1191 1466 1262 penitus
1494 1200 1681 1264 pereat
1725 1192 1815 1262 qui
1866 1193 2111 1262 abjectus

507 1289 611 1334 est.
645 1279 800 1336 Nunc
832 1280 996 1353 igitur
1021 1283 1166 1352 veni,
1197 1295 1256 1340 ut
1302 1286 1495 1357 loquar
1525 1286 1594 1342 ad
1617 1287 1906 1343 dominum
1929 1302 2109 1343 meum

507 1386 694 1443 regem
727 1373 953 1429 verbum
986 1374 1110 1445 hoc,
1141 1387 1410 1446 prtesente
1427 1380 1646 1450 populo.
1701 1380 1767 1434 Et
1822 1379 1967 1435 dixit
2015 1395 2114 1434 au-

513 1465 642 1520 cilla
673 1473 761 1522 tua
794 1485 806 1521 :
841 1468 1062 1540 Loquar
1088 1470 1157 1528 ad
1199 1487 1410 1544 regem,
1440 1473 1484 1529 si
1508 1489 1616 1545 quo
1641 1473 1804 1530 modo
1827 1473 1992 1530 faciat
2017 1489 2114 1528 rex

514 1561 744 1618 verbum
775 1565 989 1620 ancillae
1015 1580 1150 1622 suae.
1185 1565 1255 1622 Et
1281 1567 1491 1624 audivit
1518 1584 1638 1634 rex,
1663 1578 1723 1625 ut
1749 1568 1999 1625 liberaret
2019 1584 2116 1623 an-

513 1654 697 1710 cillam
726 1670 878 1712 suam
901 1658 970 1714 de
995 1676 1152 1715 manu
1179 1662 1420 1717 omnium
1450 1662 1530 1734 [h.
1555 1663 1706 1736 viri],
1728 1665 1820 1734 qui
1846 1663 2106 1720 volebant

513 1745 582 1802 de
612 1747 938 1806 hmreditate
971 1751 1065 1809 Dei
1089 1752 1278 1810 delere
1332 1753 1410 1828 [h.
1439 1755 1779 1829 disperdere]
1829 1772 1939 1823 me,
1971 1767 2026 1814 et
2054 1760 2115 1812 fl-

2205 555 2350 602 tatur
2375 547 2429 602 in
2451 547 2671 603 domum
2701 563 2882 614 suam,
2911 555 2968 602 et
2993 547 3188 605 faciem
3219 564 3397 605 meam
3441 565 3550 605 non
3602 549 3818 606 videat.

2205 640 2480 698 Reversus
2507 651 2592 698 est
2621 641 2802 713 itaque
2833 642 3090 698 Absalom
3146 643 3198 699 in
3257 642 3480 699 domum
3531 658 3708 706 suam,
3751 652 3817 698 et

2207 731 2398 790 faciem
2430 735 2572 804 regis
2594 749 2700 788 non
2731 733 2886 790 vidit.
2929 735 3102 789 Porro
3131 735 3271 790 sicut
3302 734 3559 791 Absalom
3596 733 3677 788 vir
3698 749 3814 788 non

2206 827 2563 896 eratpulclter
2589 827 2642 882 in
2667 827 2815 881 omni
2855 827 3216 899 lsrael,et[h.
3256 841 3364 882 non
3415 825 3598 899 habet]
3643 825 3820 881 deco-

2207 933 2301 973 rus
2325 918 2506 982 nimis,
2560 933 2588 971 a
2636 918 2868 989 vestigio
2909 919 3062 990 pedis
3113 935 3284 990 usque
3313 919 3379 975 ad
3403 920 3665 976 verticem
3700 934 3814 973 non

2187 1016 2326 1064 erat
2354 1009 2499 1065 ineo
2529 1009 2638 1065 ulla
2677 1010 2910 1066 macula.
2942 1009 3009 1066 Et
3054 1009 3274 1080 quando
3319 1009 3582 1066 tondebat
3636 1008 3821 1078 capil-

2209 1102 2320 1157 lum
2355 1102 2553 1171 (semel
2579 1113 2761 1158 autem
2791 1103 2845 1157 in
2865 1117 3008 1158 anno
3040 1102 3366 1158 tondebatur
3389 1102 3466 1175 [h.
3502 1101 3570 1156 Et
3594 1099 3822 1172 quando

2210 1193 2538 1248 tondebatur
2589 1204 2753 1264 caput
2791 1192 2911 1262 eius
2938 1193 3164 1266 (statuto
3192 1202 3373 1248 autem
3415 1203 3665 1263 tempore
3693 1203 3824 1247 ton-

2216 1283 2514 1356 debatur)],
2543 1285 2666 1356 quia
2697 1284 2956 1356 gravabat
2986 1300 3110 1341 eum
3141 1283 3442 1356 ersaries),
3478 1283 3830 1352 pouderabat

2211 1378 2438 1448 capillos-
2460 1377 2657 1448 capitis
2687 1377 2772 1432 sui
2811 1377 3067 1434 ducentis
3112 1377 3263 1433 siclis
3307 1377 3550 1447 pondere
3600 1370 3849 1446 publicu'

2213 1472 2290 1546 [h.
2324 1471 2520 1545 regio].
2549 1471 2670 1528 Nati
2701 1481 2830 1528 sunt
2887 1480 3068 1528 autem
3117 1472 3378 1529 Absalom
3439 1472 3535 1526 filii
3585 1481 3715 1539 tres,
3765 1479 3830 1525 et

2214 1565 2328 1620 filia
2357 1581 2463 1620 una
2487 1567 2708 1620 nomine
2726 1565 2992 1631 Thamar,
3020 1564 3289 1636 elegantis
3316 1561 3527 1633 furmm,
3546 1561 3574 1601 ι’
3599 1563 3831 1618 mansit-

2213 1674 2320 1728 que
2347 1658 2603 1714 Absalom
2630 1658 2682 1713 in
2712 1657 3018 1714 Jerusalem
3062 1658 3273 1713 duobus
3317 1659 3494 1722 annis,
3540 1666 3589 1712 et
3626 1657 3827 1712 faciem

2214 1752 2357 1822 regis
2390 1767 2496 1807 non
2529 1752 2681 1807 vidit.
2714 1751 2799 1824 [T.
2821 1751 3036 1824 CXIV.]
3064 1751 3210 1806 Misit
3235 1739 3516 1821 itaque'ad
3546 1749 3704 1814 Joab,
3760 1758 3828 1804 ut

515 1839 648 1895 lium
673 1857 852 1897 meum
875 1845 1061 1900 simul.
1089 1845 1244 1904 Dicat
1266 1863 1397 1920 ergo
1425 1850 1626 1905 ancilla
1658 1861 1765 1919 tua,
1793 1860 1851 1906 ut
1873 1851 1965 1906 fiat
1986 1867 2111 1907 ver-
2140 1843 2190 1904 B
2216 1846 2454 1900 mitteret
2501 1859 2627 1900 eum
2667 1843 2737 1899 ad
2786 1859 2995 1915 regem,
3043 1844 3137 1915 qui
3160 1844 3332 1897 noluit
3361 1843 3548 1897 venire
3575 1842 3640 1896 ad
3669 1857 3824 1897 eum.

516 1931 647 1989 bum
693 1934 901 1992 domini
950 1938 1056 1994 mei
1107 1941 1254 2011 regis
1289 1942 1440 2008 quasi
1489 1941 1816 1997 sacrificium
1855 1940 1933 2014 [h.
1959 1944 2118 2013 quasi

527 2026 583 2079 in
619 2028 885 2101 requiem].
917 2028 1067 2086 Sicut
1095 2031 1237 2086 enim
1267 2033 1493 2103 angelus
1516 2034 1632 2097 Dei,
1663 2033 1744 2089 sic
1763 2045 1847 2089 est
1867 2035 2120 2090 dominus

521 2134 679 2175 meus
718 2137 839 2190 rex,
889 2133 948 2178 ut
989 2139 1090 2179 nec
1125 2124 1533 2194 benedictidne,
1587 2141 1688 2183 nec
1739 2126 2121 2183 maledictione

521 2221 806 2266 moveatur
835 2211 914 2285 [h.
939 2222 997 2268 ut
1022 2214 1208 2270 audiat
1229 2215 1416 2272 bonum
1467 2225 1514 2270 et
1573 2217 1825 2291 malum]:
1868 2217 2012 2275 unde
2065 2228 2119 2275 et

524 2303 789 2360 Dominus
817 2307 958 2363 Deus
991 2315 1112 2364 tuus
1149 2309 1228 2381 [h.
1257 2320 1312 2364 et
1342 2310 1626 2384 Dominus]
1675 2321 1759 2368 est
1814 2320 2018 2369 tecum.
2057 2312 2121 2367 Et

522 2395 862 2465 respondens
908 2414 1034 2462 rex.
1085 2400 1226 2456 dixit
1253 2401 1321 2456 ad
1351 2403 1635 2458 mulierem
1672 2402 1788 2459 :Ne
1815 2403 2124 2461 abscondas

523 2501 552 2539 a
580 2503 667 2542 me
696 2488 948 2559 verbum,
983 2491 1128 2561 quod
1152 2500 1204 2546 te
1237 2492 1538 2563 interrogo.
1595 2494 1855 2565 Dixitque
1879 2493 2075 2550 mulier
2105 2513 2120 2549 :

528 2577 797 2650 Loquere,
818 2580 1045 2639 domine
1075 2585 1147 2638 uti
1174 2599 1290 2640 rex.
1323 2585 1390 2640 Et
1417 2583 1493 2640 ait
1526 2601 1624 2642 rex
1659 2603 1673 2640 :
1702 2585 1972 2657 Numquid
2005 2603 2123 2643 ma-

526 2687 630 2726 nus
659 2671 796 2729 Joab
823 2683 999 2731 tecum
1058 2686 1146 2732 est
1199 2678 1252 2732 in
1293 2678 1547 2733 omnibus
1596 2679 1758 2734 istis?
1823 2679 2128 2751 Respondit

527 2765 748 2835 mulier,
775 2777 832 2822 et
861 2768 936 2823 ait
963 2768 1102 2824 :Per
1127 2769 1355 2825 salutem
1377 2769 1573 2824 animae
1604 2779 1710 2825 tua:
1736 2770 1815 2843 [h.
1836 2773 1954 2826 vita:
1977 2770 2122 2844 tute],

525 2859 750 2916 domine
776 2862 849 2916 mi
890 2879 1006 2928 rex,
1037 2879 1139 2920 nec
1167 2863 1234 2919 ad
1255 2865 1553 2930 sinistram,
1605 2878 1708 2920 nec
1745 2865 1811 2920 ad
1844 2864 2124 2920 dexteram

528 2963 636 3020 est,
666 2969 736 3010 ex
759 2957 1014 3012 omnibus
1048 2957 1134 3013 his
1163 2975 1282 3028 qua:
1305 2959 1521 3016 locutus
1541 2970 1626 3016 est
1671 2960 1927 3016 dominus
1973 2977 2130 3017 meus

529 3063 628 3104 rex
654 3067 666 3101 :
697 3063 889 3104 servus
915 3050 1062 3105 enim
1087 3059 1210 3106 tuus
1236 3051 1390 3117 Joab,
1442 3052 1560 3123 ipse
1586 3053 1849 3123 pra'cepit
1889 3053 2044 3120 mihi,
2075 3064 2131 3110 et

529 3139 646 3208 ipse
677 3147 856 3210 posuit
877 3139 932 3196 in
955 3158 1018 3198 os
1045 3143 1261 3198 ancillae
1291 3155 1398 3199 tute
1431 3145 1617 3200 omnia
1643 3145 1814 3201 verba
1863 3145 2003 3202 haec.
2060 3145 2132 3202 Ut

2222 1933 2476 2007 Cumque
2495 1935 2741 1992 secundo
2771 1934 3036 2001 misisset,
3087 1944 3142 1991 et
3161 1935 3255 1991 ille
3300 1934 3564 1990 noluisset
3588 1935 3777 1990 venire
3796 1943 3822 1972 ο

2221 2028 2288 2084 ad
2337 2043 2484 2095 eum,
2539 2027 2678 2084 dixit
2708 2028 2882 2083 servis
2909 2026 3027 2083 suis
3051 2045 3066 2083 :
3095 2027 3261 2084 Scitis
3285 2043 3478 2099 agrum
3506 2025 3643 2083 Joab
3665 2027 3826 2096 juxta

2223 2137 2410 2192 agrum
2442 2135 2641 2187 meum,
2668 2120 2959 2176 habentem
2993 2135 3231 2176 messem
3262 2119 3457 2176 hordei
3491 2137 3504 2172 :
3538 2120 3615 2175 ite
3639 2119 3830 2189 igitur.

2223 2224 2276 2269 et
2324 2213 2641 2269 succendite
2688 2227 2814 2268 eum
2854 2213 2986 2285 igni.
3045 2211 3464 2269 Succenderunt
3509 2225 3640 2280 ergo
3682 2208 3835 2265 set-vi

2224 2306 2481 2361 Absalom
2528 2313 2767 2376 segetem
2810 2304 2889 2377 [h.
2945 2303 3158 2376 agrum]
3209 2304 3343 2374 igni.
3386 2301 3413 2340 ά
3461 2302 3833 2374 Surrexitque

2225 2399 2382 2466 Joab,
2404 2407 2460 2456 et
2482 2397 2632 2455 venit
2658 2399 2726 2453 ad
2751 2397 3010 2454 Absalom
3065 2397 3120 2453 in
3149 2399 3370 2453 domum
3399 2396 3537 2467 ejus,
3565 2407 3621 2452 et
3649 2397 3785 2452 dixit
3813 2413 3831 2450 :

2225 2493 2405 2562 Quare
2443 2491 2845 2548 succenderunt
2901 2489 3044 2546 servi
3097 2489 3172 2544 tui
3217 2501 3456 2560 segetem
3498 2505 3674 2544 meam
3739 2488 3824 2560 [h.

2227 2601 2415 2656 agrum
2443 2583 2648 2656 meum]
2680 2583 2826 2654 igni?
2870 2583 2934 2638 Et
2961 2581 3246 2653 respondit
3273 2581 3532 2637 Ahsalom
3563 2582 3631 2636 ad
3653 2580 3790 2636 Joab
3817 2600 3831 2633 :

2228 2679 2347 2736 Misi
2379 2679 2445 2734 ad
2471 2689 2522 2734 te
2550 2681 2870 2744 obsecrans,
2928 2685 2986 2732 ut
3006 2676 3223 2732 venires
3245 2675 3448 2742 ad‘tne,
3476 2683 3532 2730 et
3555 2675 3836 2730 mitterem

2230 2782 2282 2827 te
2304 2770 2372 2827 ad
2395 2784 2600 2842 regem,
2634 2781 2686 2826 et
2720 2768 2845 2842 [Με.
2873 2767 2950 2840 ιιι]
2975 2769 3190 2825 diceres
3218 2769 3267 2825 ei
3301 2785 3314 2822 :
3367 2769 3547 2837 Quare
3593 2767 3721 2822 veni
3757 2768 3836 2823 de

2229 2863 2469 2920 Gessur?
2489 2862 2683 2919 melius
2707 2861 2837 2917 mihi
2859 2872 2980 2918 erat
3005 2862 3078 2916 ibi
3106 2875 3266 2916 esse:
3297 2861 3528 2917 obsecro
3558 2875 3711 2931 ergo,
3763 2869 3831 2915 ut

2229 2955 2444 3013 videam
2471 2954 2661 3011 faciem
2684 2954 2826 3026 regis
2855 2954 2933 3025 [h.
2965 2962 3018 3009 et
3058 2968 3204 3009 nunc
3224 2953 3436 3009 videam
3494 2952 3690 3008 faciem
3717 2969 3834 3008 .re-

2231 3049 2378 3122 gis]:
2431 3049 2578 3120 quod
2620 3049 2669 3104 si
2716 3063 2930 3104 memor
2975 3058 3064 3102 est
3120 3047 3424 3118 iniquitatis
3456 3063 3590 3103 mea:
3622 3046 3700 3119 [h.
3725 3063 3839 3102 non

2236 3145 2418 3211 habet,
2451 3142 2632 3215 meae],
2664 3143 2955 3199 interficiat
2979 3156 3085 3198 me.
3117 3139 3402 3211 Ingressus
3431 3140 3570 3198 Jo:th
3617 3141 3685 3195 ad
3743 3157 3840 3196 rc-

527 3240 803 3289 verterem
836 3234 1061 3304 figuram
1079 3235 1355 3290 sermonis
1383 3234 1570 3306 hujus,
1616 3250 1818 3292 servus
1844 3249 1967 3293 tuus
1990 3237 2129 3293 Joah
2156 3238 2202 3302 C
2232 3251 2378 3308 gem,
2403 3236 2674 3291 nuntiavit
2699 3235 2751 3291 ei
2782 3242 3153 3304 :vocatusque
3181 3233 3441 3290 Absalom
3500 3233 3725 3288 intravit
3767 3231 3842 3287 ad

529 3325 792 3396 prtecepit
819 3326 962 3382 istud
988 3327 1067 3400 [h.
1110 3326 1243 3384 fecit
1279 3328 1486 3400 istud]:
1549 3337 1602 3384 tu
1634 3339 1868 3397 autem,
1912 3331 2134 3386 domine

529 3419 627 3485 mi,
660 3419 880 3488 sapiens
907 3435 985 3487 es,
1019 3420 1158 3477 sicut
1187 3421 1354 3478 habet
1387 3422 1711 3493 sapientiam
1750 3424 1984 3491 angelus
2010 3424 2129 3486 Dei.

533 3519 594 3565 ut
638 3510 913 3582 intelligas
948 3513 1130 3569 omnia
1190 3529 1356 3585 super
1404 3522 1625 3570 terram.
1687 3514 1771 3586 [Τ.
1802 3515 2016 3588 CXlll.]
2068 3517 2135 3572 Et

532 3603 610 3658 ait
635 3619 732 3660 rex
781 3604 847 3659 ad
887 3603 1028 3661 Joab
1058 3623 1084 3676 ες
1113 3606 1254 3662 Ecce
1317 3606 1558 3676 placitus
1595 3606 1699 3662 feci
1721 3607 1947 3663 verbum
1983 3617 2133 3663 tuum

537 3693 616 3766 [h.
644 3695 871 3752 verbum
895 3696 1019 3768 hoc]
1046 3714 1061 3753 :
1099 3697 1232 3755 vade
1259 3714 1412 3770 ergo,
1457 3708 1512 3756 et
1542 3715 1736 3756 revoca
1768 3714 2000 3770 puerum
2026 3701 2138 3757 Ab-

537 3787 730 3842 salom.
762 3785 1087 3861 Cadensque
1118 3789 1256 3845 Joab
1289 3805 1457 3862 super
1495 3791 1684 3847 faciem
1717 3807 1872 3847 suam
1921 3793 1976 3848 in
2030 3803 2138 3848 ter-

539 3896 679 3948 ram,
702 3882 951 3939 adoravit
975 3893 1031 3939 et
1055 3885 1334 3941 benedixit
1365 3887 1499 3956 regi.
1524 3897 1579 3942 et
1599 3887 1736 3942 dixit
1761 3887 1900 3942 Joah
1925 3905 1939 3942 :
1966 3887 2140 3944 llodie

538 3974 813 4030 intellexit
851 3992 1040 4032 servus
1068 3987 1212 4045 tuns,
1252 3979 1376 4048 quia
1403 3978 1586 4034 inveni
1617 3979 1851 4049 gratiam
1882 3980 1936 4034 in
1967 3981 2139 4034 oculis

541 4064 669 4127 tuis,
695 4065 913 4122 domine
943 4068 1014 4122 mi
1042 4083 1137 4124 rex
1168 4087 1181 4123 :
1217 4067 1399 4124 fecisti
1433 4069 1577 4124 enim
1624 4084 1937 4126 sermonem
1987 4071 2133 4127 servi

538 4157 640 4212 tui.
689 4158 935 4216 Surrexit
972 4175 1105 4234 ergo
1131 4162 1290 4219 ‘Joah
1340 4172 1395 4220 et
1439 4163 1572 4220 abiit
1607 4163 1661 4220 in
1709 4164 1936 4233 Gessur,
1968 4174 2025 4220 et
2045 4163 2143 4222 ad-

616 4326 644 4355 ἰ
677 4317 774 4373 llic
798 4334 929 4376 vero
957 4320 1102 4376 addit
1155 4323 1270 4379 Rea:
1318 4323 1620 4382 Veronens.
1669 4340 1774 4382 ms.
1832 4326 2140 4384 rectissime

546 4403 667 4466 cum
691 4389 930 4466 ﬂebrteo
962 4403 1110 4466 textu
1130 4404 1182 4450 et
1215 4394 1476 4466 Vulgatis.

622 4459 650 4499 ιι
690 4461 1055 4539 ῌςςῃρςλὺὶιὶέ
1083 4466 1234 4520 lucus
1265 4459 1486 4537 propter
1510 4468 1936 4524 additamentum
1965 4467 2142 4539 quod-

2238 3343 2423 3400 regem
2457 3327 2538 3399 [h.
2588 3326 2656 3381 In
2678 3335 2868 3381 terram
2889 3326 2958 3381 ad
2989 3327 3150 3397 [acies
3175 3324 3365 3397 regis],
3394 3336 3450 3380 et
3471 3324 3719 3382 adoravit
3746 3339 3846 3379 su-

2239 3437 2339 3493 per
2361 3422 2552 3478 faciem
2577 3429 2738 3477 terra:
2775 3435 2961 3477 coram
3013 3433 3126 3475 eo:
3165 3419 3551 3492 osculatusque
3609 3426 3697 3474 est
3743 3434 3844 3476 rex

2240 3515 2524 3570 Absalom.

2315 3604 2464 3678 [ϐαρ.
2496 3604 2639 3677 XV.]
2663 3605 2831 3677 igitur
2854 3614 2979 3677 post
3003 3607 3119 3662 haec
3144 3605 3274 3663 fecit
3297 3604 3403 3661 sibi
3429 3605 3683 3662 Ahsalom
3714 3619 3852 3660 cur-

2241 3715 2390 3766 rum,
2414 3706 2472 3754 et
2500 3697 2732 3768 equites,
2780 3699 3246 3770 etquinquaginta
3268 3699 3416 3754 viros
3445 3699 3535 3769 qui
3570 3697 3852 3768 prtecede-

2239 3800 2362 3848 rent
2382 3807 2506 3846 eum
2537 3790 2616 3863 [h.
2641 3798 2768 3846 ante
2789 3807 2912 3847 eum
2934 3791 3262 3866 currerent].
3315 3791 3382 3846 Et
3421 3805 3578 3846 mane
3616 3805 3854 3847 consur-

2237 3899 2374 3957 gens
2395 3883 2676 3950 Ahsalom,
2707 3885 3052 3955 stabatjuxta
3078 3885 3356 3940 introitum
3387 3899 3558 3953 porta:
3583 3893 3607 3923 ο
3640 3885 3693 3958 in
3718 3885 3828 3950 via,

2239 3989 2295 4034 et
2319 3993 2536 4033 omnem
2559 3978 2758 4044 virum,
2788 3979 2877 4050 qui
2910 3978 3147 4035 habebat
3170 3979 3468 4050 negotium,
3529 3988 3590 4033 ttt
3632 3978 3858 4033 veniret

2243 4071 2310 4126 ad
2342 4070 2792 4140 regisjudicitnn,
2849 4071 3081 4127 vocabat
3119 4072 3378 4127 Absalom
3415 4069 3480 4126 ad
3512 4085 3593 4138 se,
3625 4079 3678 4125 et
3702 4069 3858 4124 dice-

2243 4165 2379 4222 bat:
2407 4165 2482 4220 De
2506 4177 2615 4236 qua
2654 4163 2876 4220 civitate
2905 4179 2968 4220 es
3009 4163 3102 4220 tu?
3133 4165 3232 4234 Qui
3257 4162 3598 4236 respondens
3622 4161 3803 4218 aiebat
3836 4178 3852 4216 :

2247 4326 2352 4381 mis
2385 4332 2760 4394 portentosum
2817 4323 2869 4377 in
2925 4337 3106 4378 uxore
3141 4323 3385 4379 Ruhoam
3419 4338 3434 4381 :
3467 4321 3592 4393 quia
3627 4320 3730 4375 hoc
3755 4318 3861 4374 fuit

2249 4393 2403 4452 Sara:
2448 4396 2722 4466 singulare
2752 4394 3118 4463 privilegium,
3164 4403 3227 4466 ut
3283 4393 3649 4466 nonagenaria
3691 4405 3854 4466 pare-

2251 4479 2353 4524 ret.
2382 4463 2566 4523 Atnon
2582 4475 2668 4522 est
2685 4466 2972 4532 prmsentis
2995 4467 3096 4520 loci
3122 4465 3452 4535 disceptatio
3469 4465 3660 4518 isthrec
3685 4463 3859 4518 chro-

549 4530 672 4622 dam
704 4532 930 4622 in
958 4549 1105 4622 er‘pr.
1136 4539 1224 4607 qni
1255 4530 1382 4622 posti
1406 4539 1712 4622 htne_verba
1737 4530 2148 4622 .efegantisfor-
2176 4556 2229 4618 υ
2254 4530 2703 4622 nolugica,qt_tam
2728 4535 2883 4603 alibi,
2905 4530 3853 4622 adjuvanteDeo.agitaturIussnmA:

551 4604 1035 4682 ttr_w,§u_ltjttttgtint
1059 4604 1490 4682 consequenter:
1521 4611 1646 4665 "(rc
1673 4611 1767 4682 fuit
1789 4604 1858 4665 in'
1875 4604 2143 4682 matrimo-

552 4675 640 4728 m’o
671 4674 897 4756 Habeam
931 4678 1028 4748 filii
1051 4674 1368 4756 Salomonis,
1411 4693 1458 4735 et
1510 4674 1711 4756 peperit]
1743 4684 1791 4756 ei
1821 4683 2023 4756 Abigm.
2069 4681 2145 4756 Ea

555 4761 769 4828 quoque
788 4747 1041 4817 leguntur
1071 4753 1121 4806 in
1164 4752 1374 4828 aliquot
1409 4747 1544 4828 mss}:
1572 4747 1872 4828 ὀηίιίοψιιὸ
1912 4753 2144 4828 Latinis

557 4826 612 4897 et
650 4824 854 4897 integra
893 4833 1192 4897 supersunt
1214 4825 1390 4897 adhuc
1419 4825 1470 4878 in
1509 4826 1731 4879 Cauone
1763 4824 1901 4879 Hel).
1947 4825 2149 4897 verita-

560 4891 658 4966 tis,
685 4891 779 4945 sed
813 4900 1120 4966 transversa
1161 4895 1296 4949 linea
1349 4895 1660 4966 jnguiantur
1688 4909 1957 4965 tamquam
1991 4895 2144 4950 adul-

559 4961 752 5027 terina,
778 4971 939 5032 atque
969 4965 1171 5021 adscita
1197 4967 1262 5020 de
1292 4961 1496 5022 Graiis
1524 4961 1946 5034 exemplaribus.
1976 4967 2151 5022 Carte-

560 5047 678 5085 rtttn
711 5034 776 5108 ἱη⁸
798 5038 880 5108 his
908 5038 1090 5090 verbis
1122 5038 1496 5092 inextricabile
1525 5038 1738 5108 pondus
1775 5040 2022 5108 exsurgit
2049 5054 2150 5091 ntt-

565 5117 706 5179 peroA
727 5105 924 5162 vindici
953 5108 1419 5179 interpretationis
1449 5105 1652 5165 Graeca:
1678 5105 1969 5165 Senioruni
2016 5111 2153 5178 Sep-

563 5175 844 5252 tuaginta;
873 5193 994 5234 nam
1017 5175 1268 5252 inspecta
1315 5180 1605 5252 diligenter
1648 5179 1852 5252 Regum
1895 5175 2143 5246 historia,

565 5249 976 5322 supptttatisqtte
998 5251 1274 5308 Ab~alomi
1315 5253 1482 5322 patris
1527 5249 1764 5306 Thamar
1791 5253 1968 5314 annis,
1996 5252 2153 5305 Salo-

567 5320 748 5375 monis
774 5320 1010 5393 quoque,
1043 5320 1331 5391 Roboami,
1360 5335 1416 5378 et
1446 5324 1596 5379 Abite
1623 5323 1769 5391 juxta
1797 5324 2156 5389 computatio-

569 5405 692 5445 nem
746 5392 987 5460 ejusdem
1017 5394 1271 5464 ‘vindicis
1320 5410 1382 5448 ac
1426 5396 1756 5450 restitutoris
1812 5396 2154 5464 antiquorum

567 5469 871 5532 tempOrttm
894 5506 906 5526 ,
940 5462 1030 5534 qui
1062 5463 1440 5521 incunctanter
1464 5466 1625 5522 docet
1652 5481 1700 5522 c.
1731 5467 1797 5522 10
1823 5462 1975 5522 novit:
2001 5465 2158 5534 hujus

568 5543 684 5608 rest
709 5536 947 5597 tutionis,
968 5535 1312 5608 Salomonetn
1345 5553 1490 5592 anno
1524 5540 1714 5592 aetatis.
1747 5553 1859 5592 sua:
1890 5541 2155 5608 quinqua—

570 5606 778 5674 gesimo
818 5609 978 5662 tertio
1000 5607 1255 5668 genuisse
1289 5608 1626 5663 linboatnnm
1670 5625 1733 5664 ex
1759 5606 2155 5672 Amnionitide;

572 5691 796 5731 necesse
831 5683 925 5732 est
978 5677 1217 5733 Thamar
1261 5678 1425 5733 filiam
1477 5681 1754 5737 Absalomi
1813 5679 2160 5735 matrimonio

559 5747 810 5814 junctam
835 5749 998 5804 fuisse
1022 5763 1145 5805 cum
1181 5749 1446 5814 iioboam,
1493 5767 1616 5807 cum
1657 5753 1765 5821 jam
1808 5753 1924 5820 ipsa
1954 5751 2162 5819 attigis-

563 5827 654 5874 set
681 5834 810 5873 ann.
842 5821 1017 5875 :etatis
1048 5821 1166 5889 plus
1190 5823 1368 5876 minus
1394 5825 1827 5891 nonagesimum.
1847 5821 1998 5889 Quod
2013 5829 2164 5878 certe

570 5894 640 5945 ita
671 5891 818 5948 credi
851 5892 1142 5950 ridiculum
1169 5903 1334 5963 esset,
1367 5909 1488 5950 meo
1510 5895 1725 5966 quidem
1748 5896 1982 5962 judicio,
2006 5901 2061 5952 et
2084 5892 2165 5948 nis

2256 4604 2573 4665 moue-udus
2592 4619 2772 4663 tamen
2833 4617 2952 4661 erat
2981 4608 3154 4662 lector
3182 4604 3459 4662 studiosus
3497 4622 3563 4663 ex
3598 4605 3700 4660 hoc
3728 4604 3853 4660 loco

2254 4681 2686 4737 illdlSStllllbllcm
2706 4681 2853 4733 nasci
2871 4678 3230 4750 quaestionem
3249 4679 3392 4746 apud
3410 4694 3528 4742 eos,
3543 4678 3635 4744 qui
3658 4685 3859 4746 pra‘tcr

2254 4753 2559 4808 divinarum
2592 4752 2999 4816 Seriptttrarum
3031 4752 3412 4805 auctoritatem
3447 4763 3696 4803 asserere
3740 4762 3852 4801 non

2256 4821 2896 4886 verentur,Su|umonetn
2923 4837 3182 4890 regnasse
3209 4821 3337 4877 totis
3357 4822 3519 4876 anuis
3541 4819 3811 4889 octoginta
3835 4833 3855 4881 ;

2255 4896 2380 4957 etsi.
2405 4895 2686 4962 conceptis
2720 4893 2928 4956 verbis.
2961 4893 3272 4961 Scriptores
3327 4893 3470 4949 sacri
3517 4892 3853 4962 voluminum

2256 4966 2462 5037 Regum
2482 4973 2542 5037 e_t_
2549 4960 3002 5037 Paralipomenon
3022 4960 3352 5037 contrarium
3375 4960 3852 5037 testenturJlLtM.

2257 5034 2466 5092 -”Μς.
2501 5035 2729 5102 Ver0n.,
2763 5035 2985 5106 eieganti
3009 5035 3199 5107 forma.
3231 5035 3286 5088 ltt
3318 5038 3525 5107 aliquot
3553 5034 3860 5107 ntss._.'ll_ar-

2259 5110 2390 5164 tian.
2424 5107 2770 5176 subjnncttttn
2806 5103 2891 5160 hic
2922 5103 3118 5176 reperit
3145 5106 3282 5161 illud
3309 5103 3620 5176 Grzccorunt
3643 5103 3860 5176 addita-

2259 5192 2498 5234 mentum
2528 5175 2544 5232 :
2576 5176 2706 5232 Hatc
2735 5180 2831 5248 fuit
2859 5178 2914 5230 in
2936 5178 3262 5233 matrimonio
3303 5177 3540 5233 Roboam
3566 5175 3663 5242 filii
3704 5175 3862 5230 Salo-

2258 5253 2444 5313 monis,
2473 5261 2520 5304 et
2550 5247 2742 5321 peperit
2766 5250 2812 5303 ei
2839 5247 3022 5305 Abiaut
3047 5264 3066 5303 :
3116 5250 3264 5320 quod
3307 5250 3510 5306 nullius
3552 5247 3726 5304 ferme
3771 5253 3862 5302 est

2259 5322 2621 5379 auctoritatis.

2337 5405 2360 5433 ο
2387 5392 2617 5448 Vuculas
2643 5392 2713 5446 ad
2738 5408 2873 5456 eum,
2899 5391 3061 5463 plane
3101 5409 3227 5449 cum
3285 5392 3514 5450 Hebraeo

2264 5479 2367 5534 ms.
2406 5478 2622 5534 quoque
2649 5463 2956 5520 Veronens.
2982 5463 3205 5519 omittit.

2334 5533 2359 5573 ἀ
2386 5531 2832 5603 Λᾶόυίιινιιιεζτιιί
2866 5551 2879 5586 :
2916 5534 2982 5589 Et
3035 5537 3290 5591 venientes
3337 5536 3472 5591 servi
3526 5533 3648 5600 Job,
3694 5531 3869 5587 scissis

2263 5608 2485 5662 vestibus
2512 5607 2643 5669 suis,
2668 5607 2908 5661 dixerunt
2936 5621 2956 5659 :
3013 5607 3403 5663 Suerendertmt
3444 5606 3576 5662 servi
3621 5604 3869 5659 Absalont

2265 5688 2462 5806 garum
2488 5677 2600 5749 agri
2625 5678 2752 5747 igni,
2777 5693 2897 5760 qua:
2923 5692 3060 5732 mss.
3105 5679 3518 5752 l'lieronymiatti
3557 5678 3708 5748 juxta
3758 5675 3871 5730 lle-

2305 5765 2471 5806 rmum
2499 5756 2703 5804 textum
2732 5758 2999 5803 nescmnt.

2305 5765 2471 5806 ratum
2499 5756 2703 5804 textum
2732 5756 2999 5803 nesciunt.

2342 5832 2366 5858 ο
2407 5822 2540 5875 Cum
2571 5818 2812 5891 Vulgatis
2842 5820 3142 5875 Veronens.
3186 5837 3285 5874 nts.
3323 5831 3460 5877 tacet
3514 5823 3564 5874 in
3609 5819 3692 5872 ria
3761 5815 3867 5872 ile-

2268 5892 2450 5950 Drttiea
2482 5891 2695 5964 phrasis
2718 5899 2804 5950 est
2831 5906 2843 5945 ε
2876 5891 3059 5948 Stabat
3092 5909 3246 5965 super
3275 5908 3484 5949 martum
3508 5894 3587 5947 riu
3612 5900 3794 5961 parm.

3563 5387 3866 5460 exemplari
