4144 6364
254 327 346 386 641

1569 314 1775 378 LIBER
1813 321 1855 380 11
1896 320 2266 382 SAMUELIS.

3455 322 3561 386 612

255 446 326 502 Ex
357 457 464 499 una
495 439 639 497 tribu
660 435 829 496 Israel
872 451 968 511 ego
991 452 1104 492 sum
1131 434 1210 509 [h.
1264 448 1372 492 non
1430 434 1616 509 habet]
1665 452 1855 496 servus
1883 442 2293 503 Aconcurrens
2346 439 2645 511 augebatur
2677 453 2799 497 cum
2862 437 3143 499 Absalom.
3194 437 3357 500 Venit
3398 443 3561 515 igitur

258 549 402 596 tuus.
430 535 926 605 Respondebatque
964 534 1016 589 ei
1044 531 1299 587 Absalom
1337 549 1349 585 :
1403 530 1671 587 Videntur
1722 532 1855 587 mihi

253 644 542 688 sermones
565 629 639 683 tui
670 627 795 680 boni
820 638 875 681 et
902 623 1056 694 justi.
1081 622 1189 679 Sed
1228 638 1335 677 non
1367 634 1446 678 est
1479 624 1571 693 qui
1599 634 1653 679 te
1678 624 1877 681 audiat.

252 724 815 792 constitutusarege.
862 718 1199 788 Dicebatque
1244 717 1539 773 Absalom:
1593 719 1729 787 Quis
1776 733 1862 775 me

253 814 807 885 constituatjudicem
840 825 1007 881 super
1029 818 1253 878 terram,
1291 818 1350 863 ut
1392 809 1457 864 ad
1506 824 1593 864 me
1643 808 1864 865 veniant

254 925 447 967 omnes
488 908 580 980 qui
611 903 1217 975 habentnegotium,et
1257 901 1700 972 justejudicem?
1752 900 1862 956 Sed

257 1014 461 1062 etcum
480 1000 853 1057 accederetad
881 1014 1004 1054 eum
1055 996 1221 1052 homo
1246 995 1325 1068 [h.
1352 994 1455 1067 vir]
1503 1006 1561 1050 ut
1602 995 1866 1051 salutaret

254 1098 429 1167 illum,
464 1094 797 1152 extendebat
833 1105 1055 1147 manum
1105 1104 1285 1155 suam,
1326 1099 1383 1144 et
1425 1088 1863 1159 apprehendens,

257 1192 611 1249 osculabatur
636 1203 781 1244 eum.
839 1185 1201 1255 Faciebatque
1245 1184 1346 1239 hoc
1378 1182 1525 1238 omni
1556 1181 1748 1244 Israel,
1775 1180 1864 1252 qui

256 1282 516 1339 veniebat
537 1281 604 1335 ad
626 1277 915 1349 judicium,
949 1275 1310 1331 utaudiretur
1353 1289 1382 1328 a
1414 1289 1565 1343 rege,
1619 1283 1674 1328 et
1709 1272 1865 1327 solli-

257 1376 463 1432 citabat
490 1372 659 1428 corda
690 1372 934 1426 virorum
967 1369 1153 1425 Israel.
1187 1367 1271 1440 [T.
1301 1365 1489 1439 CXV.]
1519 1367 1646 1422 Post
1676 1375 1703 1403 ι
1730 1380 1867 1437 qua-

266 1468 515 1536 draginta
541 1476 726 1519 autem
773 1476 946 1517 annos
981 1503 997 1527 ,
1062 1460 1200 1516 dixit
1250 1458 1511 1515 Absoluta
1563 1458 1630 1513 ad
1682 1474 1867 1529 regem

262 1561 447 1635 [ναις.
482 1559 682 1613 addunt
709 1554 897 1627 David]
930 1573 944 1609 :
974 1552 1214 1620 Vadam,
1266 1564 1318 1607 et
1349 1552 1570 1607 reddam
1596 1559 1718 1606 vota
1751 1565 1867 1605 mea

260 1668 382 1725 quae
414 1652 536 1707 vovi
564 1648 793 1704 Domino
819 1647 873 1702 in
900 1645 1142 1701 Hebron.
1165 1644 1380 1700 Vovens
1410 1644 1553 1699 enim
1584 1644 1733 1697 vovit
1753 1656 1872 1699 scr-

265 1760 361 1800 vus
390 1753 544 1807 tuus,
572 1756 695 1796 cum
720 1738 747 1777 δ
770 1748 916 1794 esset
944 1737 994 1793 in
1020 1736 1224 1793 Gessur
1269 1737 1466 1809 Syriae,
1523 1736 1711 1791 dicens
1742 1752 1756 1788 :
1811 1733 1869 1789 Si

1965 534 2187 588 nuntius
2218 533 2288 588 ad
2336 532 2523 601 David,
2570 534 2803 609 dicens:
2862 534 3000 589 Toto
3053 534 3219 591 corde
3278 537 3562 595 universus

1963 624 2128 679 Israel
2160 620 2186 661 ά
2216 626 2461 696 sequitur
2495 625 2776 683 Absalom.
2802 626 2887 699 [T.
2921 626 3131 699 CXVI.]
3187 629 3253 683 Et
3282 630 3357 683 ait
3392 630 3563 685 David

1965 718 2140 771 servis
2165 717 2301 787 suis,
2334 719 2424 789 qui
2454 730 2752 774 erantcum
2791 718 2927 775 eoin
2959 698 3257 775 Jerusalem
3284 739 3297 775 :
3320 698 3573 794 Surgite,

1966 807 2257 880 fugiamus,
2313 826 2489 881 neque
2540 812 2683 866 enim
2735 812 2839 867 erit
2878 812 3035 867 nobis
3087 812 3345 884 effugium
3375 814 3567 872 afacie

1966 900 2228 956 Absalom
2261 916 2276 955 :
2330 901 2584 957 festinate
2632 902 2839 973 egredi,
2881 918 2951 958 ne
2980 902 3116 959 forte
3142 908 3371 961 veniens
3402 897 3566 962 oceu-

1968 1004 2058 1063 pet
2087 1008 2185 1049 nos
2215 1002 2270 1049 et
2302 994 2547 1065 impellat
2576 1009 2741 1067 super
2768 1010 2871 1051 nos
2912 996 3123 1053 ruinam
3183 998 3271 1071 [h.
3318 1001 3565 1073 malum],

1967 1095 2020 1141 et
2071 1087 2337 1158 percutiat
2384 1087 2661 1145 civitatem
2714 1090 2767 1144 in
2821 1105 2917 1145 ore
2962 1091 3148 1162 gladii.
3198 1092 3567 1165 Dixeruntque

1966 1182 2109 1236 servi
2135 1182 2278 1253 regis
2304 1181 2368 1237 ad
2401 1196 2524 1238 eum
2558 1200 2571 1236 :
2622 1182 2815 1239 Omnia
2864 1200 3219 1255 quiscumque
3248 1190 3572 1258 prteceperit

1971 1272 2048 1346 [h.
2065 1274 2315 1346 elegerit]
2335 1274 2586 1331 dominus
2608 1286 2795 1333 noster
2816 1292 2934 1344 rex,
2966 1279 3197 1333 libenter
3211 1295 3573 1352 exsequemur

1971 1365 2101 1438 [Με.
2147 1368 2525 1441 exsequimnr]
2566 1371 2711 1425 servi
2759 1372 2853 1426 tui.
2891 1372 3156 1440 Egressus
3182 1383 3413 1446 estergo
3441 1392 3567 1446 rex,

1972 1469 2029 1513 et
2057 1459 2309 1513 universa
2337 1460 2529 1515 domus
2550 1462 2691 1530 ejus,
2716 1462 2945 1531 pedibus
2984 1464 3119 1530 suis,
3176 1474 3233 1520 et
3284 1468 3573 1537 dereliquit

1973 1566 2071 1607 rex
2117 1551 2305 1607 decem
2354 1554 2613 1609 mulieres
2656 1556 2987 1611 concubinas
3038 1559 3104 1612 ad
3158 1560 3569 1619 custodiendam

1973 1644 2213 1700 domum.
2262 1644 2633 1717 Egressusque
2684 1663 2778 1703 rex
2803 1659 2858 1704 et
2882 1650 3058 1704 omnis
3084 1651 3158 1722 [h.
3191 1656 3371 1709 oumis
3397 1672 3570 1726 popu-

1974 1734 2079 1807 lus]
2104 1736 2289 1803 lsra‘el,
2316 1738 2541 1807 pedibus
2569 1740 2681 1794 suis
2711 1739 2863 1796 stetit
2889 1742 3073 1810 procul
3100 1757 3129 1796 a
3160 1742 3344 1813 domo,
3374 1755 3428 1801 et
3451 1748 3571 1803 uni-

264 1837 543 1894 reduxerit
575 1849 663 1889 tne
688 1832 948 1887 Dominus
974 1830 1028 1886 in
1056 1830 1387 1900 Jerusalem,
1438 1828 1762 1885 sacrificabo
1788 1827 1864 1900 [h.
1900 1836 1946 1897 Β
1974 1832 2118 1886 versi
2136 1832 2282 1886 servi
2300 1832 2416 1901 ejus
2447 1832 2792 1888 ambulabant
2812 1834 2960 1903 juxta
2984 1849 3128 1901 eum,
3153 1846 3205 1891 et
3228 1838 3464 1908 legiones
3491 1839 3569 1912 [h.

267 1929 519 2001 serviam]
548 1928 800 1982 Domino.
830 1926 1084 1997 Dixitque
1112 1926 1161 1981 ei
1197 1940 1294 1980 rex
1323 1935 1344 1963 ο
1376 1922 1544 1979 David
1579 1942 1591 1977 :
1623 1922 1776 1977 Vade
1812 1922 1867 1977 in

273 2039 426 2092 pace.
457 2024 521 2077 Et
543 2024 805 2088 surrexit,
829 2030 883 2075 et
913 2018 1047 2074 abiit
1100 2019 1152 2073 in
1200 2017 1446 2073 Hebron.
1492 2017 1637 2071 Misit
1688 2024 1865 2072 autem

267 2117 531 2175 Absalom
556 2116 936 2187 exploratores
967 2113 1019 2168 in
1050 2115 1337 2167 universas
1363 2111 1535 2165 tribus
1562 2110 1754 2176 larael,
1781 2108 1867 2163 di-

268 2224 436 2266 cens:
468 2208 661 2263 Statim
686 2215 745 2262 ut
789 2206 1068 2260 audieritis
1121 2203 1432 2274 clangorem
1482 2201 1743 2267 buccinte,
1788 2200 1872 2255 di-

268 2302 372 2358 cite
402 2316 418 2359 :
444 2300 711 2370 Regnavit
740 2296 997 2353 Ab~alont
1021 2294 1075 2349 in
1111 2295 1352 2350 llebrou.
1404 2294 1573 2349 Porro
1600 2309 1723 2348 cum
1754 2291 1868 2347 Ab-

270 2397 441 2451 salom
475 2398 657 2450 ierunt
686 2391 902 2447 ducenti
928 2390 1026 2445 viri
1062 2388 1131 2444 de
1158 2388 1460 2444 Jerusalem
1506 2386 1707 2453 vocati,
1735 2402 1870 2442 euu-

274 2502 353 2546 tes
383 2488 619 2559 simplici
662 2485 853 2552 corde,
903 2493 959 2540 et
997 2498 1214 2539 causam
1276 2482 1495 2553 penitus
1539 2481 1873 2552 ignorantes.

272 2586 585 2645 Accersivit
605 2598 823 2655 quoque
848 2580 1103 2636 Absalom
1131 2577 1420 2648 Aliitopliel
1449 2577 1721 2633 Giloniten
1744 2590 1875 2631 con-

272 2680 541 2736 siliarium
570 2677 761 2745 David,
789 2676 857 2731 de
883 2676 1103 2730 civitate
1133 2688 1229 2727 sua
1253 2672 1399 2736 Gilo,
1421 2687 1542 2726 cum
1564 2670 1874 2726 immolaret

270 2773 542 2830 victimas.
566 2770 636 2826 Et
667 2770 805 2825 facta
834 2777 919 2824 est
961 2764 1268 2838 conjuratio
1307 2764 1501 2834 valida,
1534 2764 1871 2835 populusque

348 2919 375 2947 λ
420 2907 672 2978 Magnam
701 2904 906 2960 habent
936 2902 1025 2978 hic
1054 2900 1162 2978 loci
1212 2913 1564 2978 numerorum
1597 2895 1885 2978 dissonan-

272 2983 409 3037 tiam
441 2968 550 3034 non
574 2981 750 3033 solum
776 2991 907 3031 mss.
959 2973 1109 3041 libri,
1159 2972 1253 3025 sed
1284 2970 1552 3025 editiones
1599 2969 1766 3041 etiam
1798 2968 1887 3023 Bi-

272 3051 515 3108 bliorum
545 3050 683 3109 Sixti
706 3064 768 3102 ac
796 3045 1122 3102 Clementis.
1150 3042 1501 3111 Manuscripti
1534 3052 1644 3094 tres
1667 3040 1888 3095 codices

274 3123 631 3180 Corbeiensis
671 3117 1030 3175 votuSlissimi
1077 3122 1134 3169 et
1176 3114 1399 3183 optima:
1432 3110 1587 3166 nota:
1635 3110 1890 3179 legebant

277 3197 437 3258 olim.
468 3203 583 3266 post
606 3191 957 3266 quadraginta
988 3196 1163 3242 autem
1185 3182 1387 3266 annos,
1432 3183 1576 3265 quod
1626 3182 1891 3237 emenda-

280 3253 436 3323 tores
464 3253 740 3319 ulularunt
764 3253 1091 3330 iu'quatuor,
1116 3257 1199 3330 vel
1234 3256 1286 3330 in
1317 3253 1460 3330 duos
1500 3253 1666 3330 etiam
1690 3268 1888 3330 _anuos.

278 3338 488 3408 Regius
502 3335 697 3408 codex.
719 3349 771 3387 ιι.
794 3325 1023 3408 ὅξῖϋὸωι
1044 3326 1287 3399 major,S.
1308 3325 1589 3389 Germani,
1607 3341 1666 3382 ιι.
1690 3325 1741 3387 5,
1766 3334 1890 3378 ante

280 3404 725 3464 emendationem
758 3405 977 3475 quinque
1008 3417 1197 3475 annos,
1250 3411 1394 3451 nunc
1430 3404 1622 3475 autem.
1669 3406 1893 3475 quatuor

282 3480 513 3537 habent.
545 3478 603 3532 In
633 3465 925 3531 Canilleb.
963 3472 1121 3527 verit.
1174 3485 1243 3524 ex
1284 3477 1505 3538 quatuor
1535 3465 1624 3521 vel
1671 3467 1895 3536 quinque

284 3555 483 3622 prima:
530 3565 743 3622 manus,
793 3545 1162 3622 quadraginta
1181 3541 1455 3622 posterior
1488 3539 1641 3621 .lecit.
1671 3538 1898 3622 Colitur-

287 3608 462 3689 iinus,
493 3636 550 3677 n.
576 3608 929 3689 181,relinet_
948 3608 1022 3670 ab
1047 3608 1221 3681 ίηιιξίι,
1240 3609 1591 3689 quadraginta
1616 3608 1897 3689 {Seduni-

288 3678 498 3751 cietisis
543 3678 1041 3746 item'tjollertinus
1063 3678 1217 3740 .cum'
1242 3678 1416 3737 tribus
1448 3678 1567 3735 aliis
1601 3681 1805 3733 nostris
1835 3678 1895 3733 S.

289 3750 551 3824 Germani
580 3778 611 3817 a
644 3762 843 3827 Pratis,
867 3769 1092 3829 quatuor
1137 3755 1348 3829 liabet,_
1376 3768 1484 3806 non
1518 3750 1894 3829 quadraginta.

293 3821 471 3894 Durro
499 3834 799 3890 Bibliorum
827 3821 1090 3884 Romanae
1120 3825 1493 3882 eorrectiones
1529 3824 1733 3876 docent
1763 3821 1903 3894 abji-

292 3892 520 3965 ciendos
550 3908 811 3960 numeros
845 3912 899 3957 et
950 3908 1188 3971 quatuor
1213 3907 1266 3971 et
1296 3896 1521 3971 quinque
1540 3904 1593 3971 et
1622 3909 1733 3958 sea‘,
1770 3892 1899 3946 licet

295 3964 521 4052 quatuor
543 3991 651 4052 non
680 3964 973 4029 careatsua
988 3964 1386 4052 probabilitate
1412 3982 1423 4017 :
1456 3964 1595 4019 adde
1625 3973 1681 4052 e_t
1703 3973 1897 4052 aucto-

298 4034 400 4109 in"
415 4062 464 4105 te
489 4091 504 4112 .
539 4049 660 4119 quia
701 4055 923 4116 quatuor
958 4034 1208 4119 similiter
1255 4037 1489 4119 legimus
1525 4035 1663 4105 apud
1698 4034 1898 4119 Syrum

299 4106 357 4179 et
390 4106 621 4178 Ara'bts'm
672 4106 1019 4185 interpretes.
1068 4106 1334 4185 Eamque:
1367 4106 1900 4185 lectionemprobat

301 4177 550 4250 eruditus
598 4177 831 4247 Grotius.
864 4186 1053 4242 dicens
1097 4202 1110 4236 :
1168 4180 1331 4235 Haud
1385 4177 1572 4232 dubius
1622 4177 1705 4250 ltic
1753 4192 1903 4250 error

302 4248 574 4333 scriptura:
596 4262 788 4316 additis
813 4260 879 4333 ad
900 4274 1069 4333 vocem
1086 4265 1173 4333 ij:
1194 4269 1252 4312 ‘sz
1298 4251 1477 4333 litteris
1507 4248 1901 4333 ἀπαραιηριιιι-

458 4317 593 4390 enim
619 4332 961 4389 intercessisse
987 4317 1119 4382 dixit
1140 4317 1905 4401 Josephus,_nec.aliter?‘lteo-

307 4390 534 4464 daretus.
565 4403 632 4459 Et
663 4406 760 4458 hoc
778 4418 955 4457 verum
986 4415 1096 4454 esse
1145 4413 1225 4449 res
1261 4390 1377 4463 ipsa
1424 4392 1676 4464 loquitur.
1707 4390 1903 4444 Verum

313 4463 594 4535 enimvero
619 4476 947 4531 centrariunt
987 4468 1175 4525 docuit
1204 4467 1523 4535 suppositus
1542 4463 1906 4535 Hieronymus

318 4533 456 4606 iam
480 4547 858 4605 Traditionutu
901 4533 1381 4598 llebraicarum'iu
1424 4534 1463 4589 ll
1517 4533 1612 4588 nu.
1654 4533 1905 4606 Regum:

311 4602 682 4697 Carm—lector,
721 4616 915 4697 inquit,
952 4615 1233 4697 plerosque
1285 4606 1560 4662 mendosos
1600 4604 1821 4666 codices,
1850 4602 1907 4655 in

312 4683 503 4761 quibus
521 4690 767 4759 scriptum
792 4683 1073 4761 invenitur2
1108 4690 1221 4761 post
1244 4691 1491 4750 quatuor,
1520 4683 1759 4761 ft-Oiilposl
1777 4690 1909 4755 qna-

1978 1937 2084 1979 non
2116 1923 2277 1980 habet
2307 1925 2569 1996 legiones]
2601 1924 2858 1981 Cheretlii
2897 1937 2951 1983 et
2984 1929 3247 1997 l’heletlii,
3300 1940 3355 1985 et
3380 1946 3572 1989 omnes

1977 2016 2559 2084 Getthaeiﬁsexcenti
2612 2018 2734 2084 viri,
2784 2019 2877 2088 qui
2934 2021 3106 2075 secuti
3158 2037 3303 2087 eum,
3355 2024 3576 2080 fuerant

1976 2110 2192 2182 pedites
2218 2110 2287 2167 de
2308 2111 2470 2178 Getli,
2514 2112 2892 2181 praacedebant
2946 2129 3153 2184 regem.
3200 2115 3345 2171 Dixit
3393 2127 3572 2173 autem

1977 2223 2076 2264 rex
2106 2207 2171 2263 ad
2205 2206 2361 2262 Ethai
2408 2207 2712 2263 Getthzeum
2746 2223 2760 2261 :
2810 2208 2921 2264 Cur
2946 2209 3095 2264 venis
3122 2210 3448 2267 nobiscum?
3492 2229 3579 2269 re-

1978 2310 2216 2365 vertere,
2249 2312 2303 2357 et
2336 2301 2517 2357 habita
2564 2316 2685 2356 cum
2720 2317 2867 2372 rege,
2922 2304 3045 2373 quia
3073 2305 3389 2375 peregrinus
3410 2322 3489 2374 es,
3522 2318 3579 2363 et

1979 2408 2232 2464 egressus
2252 2409 2312 2449 es
2342 2395 2411 2449 de
2439 2394 2557 2448 loco
2589 2404 2680 2448 tuo
2714 2410 2729 2450 :
2760 2393 2876 2449 lteri
2902 2396 3121 2462 venisti,
3150 2407 3207 2452 et
3238 2397 3399 2453 hodie
3424 2414 3545 2455 coni
3564 2430 3578 2439 -

1980 2486 2199 2556 pelleris
2243 2484 2522 2541 nobiscum
2564 2486 2793 2555 egredi?
2837 2502 2936 2557 ego
2981 2498 3160 2543 autem
3226 2489 3419 2545 vadam
3470 2508 3579 2562 quo

1980 2579 2153 2634 iturus
2184 2593 2305 2633 sum
2340 2597 2355 2632 :
2396 2589 2676 2635 revertere
2708 2586 2765 2633 et
2810 2579 2974 2634 reduc
3007 2589 3181 2635 tecum
3216 2581 3411 2637 fratres
3434 2592 3577 2648 tuos,

1984 2667 2006 2709 ί
2039 2671 2293 2742 quoniam
2340 2670 2627 2726 ostendisti
2658 2672 2882 2741 gratiam
2909 2681 2965 2727 et
2992 2671 3150 2729 fidem
3183 2672 3261 2745 [h.
3295 2675 3579 2732 05teudisti

1980 2762 2412 2820 misericordiam
2438 2771 2493 2819 et
2520 2764 2848 2836 veritatem].
2885 2766 2950 2820 Et
2974 2769 3253 2838 respondit
3283 2768 3440 2825 Eiltai
3465 2772 3585 2843 regi

1992 2912 2155 2965 quam
2183 2896 2469 2952 lectionem
2526 2905 2580 2951 et
2625 2897 2955 2955 vetustiores
3009 2900 3306 2959 Martianmi
3364 2906 3583 2963 codices

1993 2969 2314 3040 pricferunt,
2367 2978 2423 3023 et
2461 2984 2791 3043 quamquam
2849 2972 2919 3025 ab
2962 2972 3230 3043 Hebraico
3273 2978 3582 3043 dissentiat,

1996 3044 2191 3116 scitum
2212 3049 2391 3116 tamen
2424 3040 2651 3116 probari
2702 3043 2896 3116 magis,
2959 3042 3171 3116 ipsique
3210 3051 3453 3116 prmlerri
3484 3040 3589 3105 Heé

1996 3112 2156 3186 braca
2175 3113 2365 3186 textui,
2396 3111 2842 3186 quidoctissimis
2867 3111 3096 3168 criticis'
3119 3111 3411 3186 corruptus
3439 3122 3592 3176 vide-

1999 3194 2086 3236 tur
2106 3182 2194 3236 hic
2222 3182 2351 3247 loci,
2384 3182 2583 3236 additis
2611 3183 2677 3236 ad
2706 3198 2889 3240 \ocem
2918 3194 3100 3251 ιιι-ιιι,
3135 3182 3345 3244 duabus
3392 3192 3586 3248 litteris

1998 3261 2018 3300 ει
2046 3263 2198 3313 etc:
2248 3268 2370 3332 nam
2408 3263 2462 3308 et
2490 3255 2748 3308 llebrteos
2794 3256 3010 3332 codices
3058 3260 3272 3332 facilius
3315 3265 3589 3332 corrumpi

2001 3331 2240 3393 patuisse
2265 3340 2327 3378 ea
2354 3326 2405 3378 in
2433 3339 2587 3393 voce,
2640 3327 2984 3394 perspicuum
3012 3337 3114 3382 est.
3176 3330 3282 3385 N05“
3327 3332 3457 3387 illttd
3502 3326 3592 3389 nr-

1918 3370 1964 3431 C
1997 3370 2201 3471 genius
2216 3394 2386 3460 magis
2416 3411 2537 3471 eum
2574 3370 2733 3471 ’Lt'tca

2000 3467 2372 3549 Qumstionunt
2428 3466 2813 3549 Heliraicarum
2864 3466 3126 3549 in_l_ibr0s
3154 3466 3358 3543 Regum
3405 3478 3591 3531 videa-

2001 3550 2118 3622 tur,
2155 3539 2296 3608 quod
2325 3539 2371 3591 si
2406 3540 2532 3622 anni
2583 3547 2806 3622 quatuor
2849 3540 3182 3622 scribantur,
3223 3539 3432 3622 constet
3460 3548 3593 3603 satis

1999 3609 2214 3687 initium
2260 3609 2865 3687 eoruni_ducetidu_tna
2911 3613 3359 3687 reconciliatione
3400 3621 3590 3687 patris,

2003 3680 2106 3736 hoc
2134 3688 2221 3757 _es_t
2248 3685 2317 3757 ab
2342 3681 2671 3757 admissione
2699 3681 2986 3757 Absalonis
3013 3685 3064 3739 in
3096 3680 3428 3753 Jerusalem",
3475 3680 3588 3757 aut,

2001 3751 2155 3830 quod
2172 3752 2565 3830 duobus_annis
2596 3752 3001 3830 posterinseSI,
3052 3757 3118 3809 ad
3144 3751 3457 3830 _videndani
3500 3751 3595 3830 pa;

2005 3824 2101 3878 tris
2133 3823 2347 3895 faciem.
2379 3824 2433 3878 Si
2466 3838 2600 3877 vero
2628 3824 2999 3895 quadraginta,
3053 3828 3196 3883 unde
3240 3828 3349 3884 sint
3402 3823 3594 3887 nume-

2002 3894 2156 3950 randi
2186 3895 2472 3949 commode
2499 3895 2733 3950 inveniri
2762 3911 2866 3949 non
2898 3896 3088 3966 possit.
3150 3901 3374 3965 Adharr,
3422 3915 3477 3958 et
3506 3903 3599 3959 Jo-

2003 3966 2230 4034 sepltuni
2264 3966 2358 4020 lib.
2393 3981 2463 4020 vtt
2518 3966 2803 4037 Autiquit.,
2831 3982 2951 4037 cap.
2985 3970 3017 4023 9
3049 4010 3063 4033 ,
3110 3981 3165 4025 et
3197 3971 3596 4030 'l‘heodoretum

2004 4038 2329 4111 Qum_st_._28,
2363 4046 2584 4111 quatuor
2602 4040 2890 4111 dumtaxat
2924 4054 3215 4110 supputare
3249 4058 3264 4102 :
3294 4060 3400 4098 non
3436 4047 3594 4111 adeo,

2004 4109 2147 4178 quod
2179 4108 2428 4182 H_ebraic_i
2480 4109 2807 4182 exemplaris
2849 4108 3039 4165 vitium
3066 4120 3297 4182 spectat,
3343 4108 3600 4172 dissitan-

2007 4182 2181 4235 lautus
2201 4179 2518 4251 Coisliniani
2550 4180 2755 4234 codicis
2781 4182 2815 4235 2
2844 4191 2983 4251 apud
3012 4179 3469 4242 Montl'aucmiium
3501 4204 3599 4244 no-

2006 4262 2150 4334 tant:
2175 4254 2225 4334 ξν
2238 4260 2311 4334 Et;
2333 4248 2561 4334 ’βξαπλῷ
2582 4248 2980 4334 Τεσσαρᾴκόνεα
2995 4263 3161 4311 κεῖται
3181 4260 3326 4334 παρὰ
3338 4266 3522 4324 πᾶσιν,
3548 4264 3598 4315 ἐν

2006 4323 2060 4402 ᾃέ
2086 4320 2397 4402 τῷἚϐῥριὶῳ
2428 4320 2853 4402 ἈρϐᾳρεζμκῚη
2897 4325 3181 4402 llexaplo,
3232 4320 3597 4402 quadraginta

1998 4394 2309 4468 jtteet‘aptt'tl
2332 4394 2524 4468 omnes,
2554 4394 2605 4447 in
2639 4394 2859 4449 "clter
2883 4409 3051 4451 autem
3082 4394 3321 4454 Arbaitn.

2079 4464 2106 4503 δ
2136 4464 2385 4519 Pressius
2409 4466 2637 4520 Hebraeo
2658 4474 2871 4527 manu,
2924 4468 2976 4521 in
3023 4471 3278 4525 manendo
3315 4488 3409 4527 me.
3464 4470 3601 4530 Cod.

2008 4535 2339 4601 Veroncns.,
2375 4553 2490 4589 cum
2514 4552 2694 4591 essent.

2086 4618 2107 4646 ο
2142 4607 2352 4731 thtt‘stts
2382 4623 2502 4662 eum
2542 4607 2772 4662 Hebraeo
2800 4622 2903 4663 ms.
2940 4607 3241 4667 Veronens.
3295 4611 3467 4669 David
3517 4628 3610 4670 no-

2086 4693 2138 4731 3n
2191 4694 2257 4731 lIC
2292 4688 2456 4731 tacet.

2012 4693 2138 4734 men
2174 4688 2257 4731 Inc
2292 4688 2456 4733 tacet.

315 4746 562 4830 ἇῖάςὶηια
584 4746 742 4830 annos
774 4771 793 4809 :
822 4757 873 4808 in
903 4746 1267 4809 veracio'n'bus'
1294 4767 1411 4830 vero
1448 4748 1734 4830 codicibus,
1762 4756 1809 4798 et
1854 4746 1907 4827 in
1936 4755 1989 4817 ι)
2085 4748 2110 4788 ἀ
2143 4749 2287 4830 Idem
2322 4766 2424 4804 ms.
2470 4750 2785 4830 sequebatur
2834 4749 3100 4807 Absalom.
3147 4752 3315 4812 llebr.
3371 4756 3441 4813 ad
3487 4772 3612 4815 ver-

317 4818 585 4891 IIt'5raica
614 4829 843 4889 veritate,
871 4843 972 4879 non
998 4834 1241 4895 quatuor,
1271 4822 1359 4875 sed
1392 4821 1749 4895 quadraginta
1777 4818 1908 4869 scri-

319 4889 516 4961 buntur
542 4899 690 4952 anni.
717 4897 779 4952 Si
798 4912 914 4949 vero
936 4889 1278 4949 contentiosus
1316 4892 1430 4961 quis
1460 4889 1661 4944 eosdem
1682 4896 1908 4961 quatuor

320 4958 488 5032 annos
516 4982 748 5024 astruere
787 4967 1003 5022 voluerit
1053 4964 1116 5017 ab
1156 4981 1212 5017 eo
1250 4958 1477 5031 tempore
1515 4977 1618 5032 quo
1666 4958 1909 5013 Absalom

322 5030 530 5105 Amnon
557 5043 770 5114 fratrem
790 5053 944 5114 suum
968 5036 1253 5114 interfecit,
1268 5030 1429 5104 usque
1448 5030 1679 5085 ad'illud
1708 5040 1914 5114 tempus

323 5134 425 5187 quo
456 5106 591 5185 patri
618 5113 787 5187 digit:
820 5108 1029 5164 Vadam
1056 5117 1108 5187 et
1126 5106 1339 5159 reddam
1365 5112 1483 5157 vota
1514 5119 1644 5185 mea.
1663 5118 1785 5187 qua:
1801 5106 1913 5155 vari

325 5174 555 5247 Domino
581 5188 635 5238 in
658 5181 905 5236 Hebron:
938 5179 1206 5249 perspicue
1233 5192 1287 5229 se
1316 5192 1488 5249 errare
1515 5216 1529 5238 ,
1559 5174 1617 5249 si
1639 5174 1915 5249 diligenter

330 5244 684 5333 perscrutatus
710 5254 886 5333 fuerit,
916 5244 1133 5333 inveniet
1156 5264 1174 5302 :
1196 5244 1820 5333 cultnnutiqueAbsalom,
1830 5245 1920 5333 lin-

332 5314 547 5403 ierfecto
575 5314 801 5403 Amnon,
831 5314 884 5377 in
898 5321 1112 5403 ndessur.
1126 5319 1265 5391 apud
1295 5315 1533 5403 Tltolmai
1562 5330 1734 5397 regem
1755 5314 1919 5403 tribus

330 5388 501 5465 annis,
534 5410 582 5456 et
618 5400 674 5454 in
699 5388 992 5450 Jerusalem
1020 5390 1143 5465 inde
1160 5388 1459 5452 revocatus,
1485 5402 1586 5443 non
1614 5388 1722 5465 uiso
1748 5392 1918 5453 patre,

333 5456 532 5530 duobus
558 5478 789 5524 moratus
822 5467 975 5538 fuerit
1003 5464 1177 5527 annis,
1205 5471 1249 5513 et
1280 5470 1425 5538 serto
1449 5473 1585 5510 anno
1613 5456 1796 5524 {aciem
1829 5471 1923 5526 pa-

336 5549 429 5600 tris
451 5544 658 5608 viderit,
691 5549 738 5594 et
768 5530 948 5593 contra
996 5550 1115 5589 eum
1161 5530 1572 5608 perduellionem
1602 5541 1925 5608 prtrparave-

333 5599 555 5683 rit,etc.
586 5599 971 5683 A'quoautem
1012 5599 1399 5683 computentur
1444 5599 1524 5683 illi
1570 5599 1925 5683 quadraginta

339 5667 635 5753 anni—vide
650 5667 790 5751 a'pud
812 5680 1063 5736 eumdem
1093 5667 1442 5745 scriptorem,
1466 5680 1519 5727 et
1542 5667 1683 5741 apud
1711 5667 1928 5723 criticos

340 5771 549 5818 Socrus.
583 5756 763 5811 Mam.

420 5828 798 5904 ——Veroneus,
823 5837 953 5881 mss.
976 5834 1077 5901 pro
1105 5816 1474 5895 quadraginta,
1500 5813 1660 5873 habet
1681 5820 1936 5887 quatuor:

2010 4830 2158 4886 bum,
2189 4822 2287 4892 fuit
2311 4830 2425 4891 post
2450 4821 2713 4877 Absalom.

2089 4916 2111 4943 ο
2143 4902 2626 4985 Addunt-Vulgati,
2667 4911 2986 4985 pugnatores
3024 4905 3185 4960 validi
3216 4948 3230 4973 ,
3271 4924 3393 4985 qua:
3442 4910 3609 4965 verba

2013 4990 2194 5036 textus
2224 4986 2276 5031 et
2310 4976 2717 5045 llieronymiaui
2757 4976 2918 5031 eodd.
2974 4977 3245 5046 ignorant.
3290 4976 3416 5037 Mox
3474 4993 3616 5038 tacet

2016 5053 2319 5109 Vetonens.
2365 5063 2466 5101 ms.
2494 5048 2706 5113 pedites,
2758 5048 2905 5117 quod
2957 5063 3132 5119 neque
3163 5048 3452 5108 Chaldmus
3483 5062 3565 5109 est
3597 5070 3613 5119 ;

2021 5154 2200 5200 tamen
2236 5140 2288 5193 in
2320 5138 2552 5193 Hebraeo
2578 5122 2762 5204 15:13,
2796 5138 2847 5192 in
2873 5139 3001 5207 pede
3024 5155 3142 5195 suo.

2094 5235 2114 5273 ί
2159 5226 2413 5303 Ejusdem
2465 5232 2751 5285 sententiae
2780 5231 2915 5286 duas
2949 5232 3052 5287 hoc
3092 5232 3211 5289 loco
3251 5237 3452 5293 retinet
3482 5237 3615 5293 Vul-

2020 5319 2143 5380 gata
2168 5315 2349 5359 nustra
2374 5303 2874 5380 interpretationes,
2893 5303 3380 5380 .llieronxtuianain
3406 5310 3618 5365 scilicet

2023 5371 2087 5434 ac
2120 5386 2385 5435 veterem.
2415 5389 2535 5443 qua:
2584 5371 2716 5426 Itala
2765 5374 3069 5429 dicebatur.
3102 5371 3212 5430 Nos
3245 5394 3406 5434 uuam
3442 5381 3618 5436 edidi-

2032 5465 2153 5507 mus
2183 5446 2318 5502 fonti
2352 5445 2577 5499 Heln-am
2609 5444 3052 5512 respondentem.
3086 5446 3265 5502 Mser.

2098 5519 2509 5589 ——lnte.rserunt
2533 5513 2766 5589 vulgati,
2786 5524 2832 5569 et
2865 5515 3117 5572 Dominus
3140 5520 3292 5589 faciet
3322 5530 3487 5575 tecum
3518 5524 3621 5577 mi-

2027 5588 2365 5648 sericordiam
2394 5596 2442 5640 et
2471 5586 2733 5640 veritatem
2764 5602 2785 5641 :
2838 5602 2960 5658 qua:
3011 5586 3203 5645 eadem
3263 5592 3493 5647 habetur
3520 5596 3622 5649 sub

2033 5663 2157 5734 aliis
2183 5658 2362 5734 verbis
2390 5672 2513 5734 cum
2544 5658 2893 5734 subsequenti
2922 5663 3217 5734 sententia,
3259 5665 3501 5734 quoniam
3542 5682 3628 5719 os-

2041 5733 2245 5789 tendisti
2268 5730 2493 5803 gratiam
2517 5728 2761 5803 etjidem.
2794 5729 2899 5785 Pro
2930 5732 3013 5787 Itis
3055 5728 3306 5787 omnibus
3348 5732 3456 5788 duo
3516 5739 3632 5793 haec

2043 5814 2252 5866 tantum
2272 5801 2442 5861 verba
2463 5801 2518 5861 in
2547 5801 2779 5861 Hebraeo
2802 5813 2932 5863 sunt
2965 5810 3139 5879 textu,
3172 5811 3323 5882 mm
3359 5815 3500 5881 non,
3531 5807 3629 5875 ηιξ.
