4144 6364
443 272 550 332 645

1451 227 1508 339 Sx.
1547 275 1936 337 HIERONYMI
1978 273 2212 336 DlVlNA
2254 275 2738 337 BlBLlOTHECA.

3643 278 3762 338 6M»

443 381 633 452 dicens
665 412 680 454 :
724 394 867 452 Vivit
901 395 1184 463 Dominus,
1216 403 1264 452 et
1299 395 1447 451 vivat
1479 395 1608 467 [Ηε.
1653 393 1809 466 vivit]
1857 394 2039 450 domi-
2067 397 2120 456 Α
2147 392 2228 450 eis
2252 393 2360 450 duo
2382 393 2476 449 filii
2507 409 2724 463 eorum,
2777 392 3036 452 Abimaas
3065 393 3256 470 [Vulg.
3285 396 3377 454 ad.
3409 393 3600 470 ﬁlius],
3653 395 3761 453 Sa-

447 506 547 545 nus
579 504 730 544 meus
761 506 855 545 rex
891 509 902 544 :
930 490 1190 561 quoniam
1223 491 1274 545 in
1306 503 1650 560 quocumque
1700 488 1822 544 loto
1852 488 2044 555 fueris,

447 583 668 638 domine
702 582 771 637 ιιιί
804 598 927 649 rex,
957 584 1074 637 sive
1101 583 1152 636 iu
1184 595 1380 648 tuorte,
1410 583 1525 637 sive
1548 582 1601 635 itt
1629 581 1762 649 vita,
1816 581 1892 636 ibi
1941 581 2051 636 erit.

448 689 641 732 servus
672 684 815 733 tuus.
847 675 1008 730 Etait
1032 674 1199 730 David
1231 675 1424 730 Ethai:
1482 673 1642 738 chi,
1669 684 1722 730 et
1749 673 1937 730 transi.
1982 674 2052 729 Et

449 767 881 824 transivitEtbai
918 766 1217 835 Gettlta'us,
1246 777 1300 823 et
1327 781 1518 824 omnes
1541 766 1642 822 viri
1669 766 1761 837 qui
1807 781 1928 822 cum
1983 779 2050 822 eo

452 869 650 930 erant,
704 868 762 916 et
817 859 1028 930 reliqua
1086 858 1404 917 multitudo.
1472 859 1787 931 Omnesque
1851 853 2052 914 ﬁebant

452 954 533 1028 [b.
565 955 850 1026 omnisque
873 961 1023 1010 terra
1048 951 1238 1026 ﬁebat]
1263 968 1400 1010 voce
1420 967 1639 1026 magna,
1683 960 1740 1009 et
1759 951 2051 1008 universus

453 1050 689 1121 populus
734 1047 996 1105 transibat
1039 1070 1054 1105 :
1110 1063 1208 1105 rex
1262 1063 1480 1120 quoque
1552 1045 2053 1118 transgrediebatur

451 1151 749 1199 torrentem
797 1139 1055 1208 Cedron,
1112 1149 1170 1198 et
1206 1150 1437 1198 cunctus
1488 1143 1720 1212 populus
1766 1138 2056 1197 incedebat

453 1244 647 1291 contra
702 1233 894 1306 viam,
949 1249 1071 1306 quae
1140 1233 1366 1305 respicit
1409 1233 1482 1290 ad
1538 1233 1838 1290 desertum.
1894 1231 2054 1288 Venit

461 1335 647 1384 autem
699 1334 756 1382 et
804 1325 984 1384 Sadoc
1047 1326 1154 1400 [b.
1207 1326 1374 1384 etiam
1433 1333 1492 1383 et
1544 1324 1743 1398 Sadoc]
1790 1335 1818 1364 ι
1866 1337 2054 1382 sacer-

450 1418 572 1487 dos,
625 1428 683 1476 et
725 1419 967 1477 universi
1031 1419 1209 1477 levita;
1255 1435 1381 1476 cum
1437 1434 1504 1478 eo
1547 1427 1828 1491 portantes
1871 1434 2053 1476 arcam

454 1511 680 1568 fcederis
710 1511 832 1579 Dei,
889 1521 941 1569 et
996 1512 1370 1584 deposuerunt
1419 1526 1602 1569 arcam
1641 1513 1737 1570 Dei
1767 1531 1782 1568 :
1812 1512 2060 1570 ascendit

453 1604 744 1672 Abiatbar,
769 1603 946 1662 donec
971 1605 1225 1678 expletus
1276 1612 1428 1662 esset
1453 1605 1634 1661 omnis
1672 1605 1924 1676 populus,
1964 1603 2059 1675 qui

457 1714 710 1770 egressus
733 1698 910 1755 fuerat
955 1698 1025 1756 de
1075 1701 1316 1756 civitate.
1358 1701 1428 1756 Et
1456 1698 1598 1757 dixit
1617 1714 1712 1756 rex
1733 1699 1800 1756 ad
1827 1697 2008 1756 Sadoc
2041 1714 2055 1754 :

2149 486 2251 543 doc
2278 488 2644 556 etJonathan,
2674 485 2936 544 Abiatbar
2967 503 2982 542 :
3031 496 3086 545 et
3135 489 3360 546 mittetis
3413 504 3511 560 per
3541 505 3636 546 eos
3667 487 3754 563 [b.

2151 593 2454 650 permanus
2480 576 2696 650 eorum]
2725 577 2792 634 ad
2825 594 2910 636 me
2937 593 3098 637 omne
3129 581 3355 639 verbum
3385 580 3530 654 quod
3555 580 3748 638 audieo

2148 671 2289 727 ritis.
2315 663 2583 728 Veniente
2613 687 2748 744 ergo
2781 671 2946 728 Husai
2970 672 3146 729 amico
3176 672 3345 730 David
3370 673 3424 729 in
3446 673 3749 744 civitatem,

2149 762 2408 821 Absalom
2431 778 2652 836 quoque
2683 765 2966 836 ingressus
2995 771 3079 821 est
3102 764 3427 823 Jerusalem.

2224 855 2398 932 [Cap.
2431 857 2572 916 XVI.
2600 858 2620 932 ]
2650 855 2896 933 Cumque
2929 859 3099 916 David
3136 858 3429 917 transisset
3470 859 3758 931 paululum

2151 953 2358 1009 montis
2389 951 2677 1021 verticem,
2709 951 2966 1026 apparuit
2989 952 3120 1010 Siba
3149 969 3286 1026 puer
3311 951 3678 1024 Mipbibosetb
3702 952 3755 1009 in

2153 1042 2443 1103 decursum
2466 1044 2610 1119 ejus,
2641 1060 2767 1103 cum
2794 1045 3010 1103 duobus
3037 1045 3236 1113 asinis,
3265 1044 3358 1117 qui
3390 1045 3578 1101 onusti
3599 1051 3763 1102 erant

2154 1139 2406 1197 ducentis
2446 1138 2713 1212 panibus,
2754 1149 2810 1198 et
2846 1148 3065 1198 centum
3095 1139 3402 1212 alligatoris
3432 1153 3550 1194 uvae
3580 1150 3758 1208 passa

2156 1233 2236 1306 [b.
2268 1242 2323 1290 et
2340 1243 2558 1290 centum
2587 1232 2807 1306 passis],
2832 1243 2888 1291 et
2910 1245 3125 1291 centum
3157 1232 3354 1289 massis
3386 1230 3756 1303 palatbarum,

2156 1335 2214 1384 et
2243 1326 2458 1383 utribus
2489 1325 2599 1382 vini
2631 1324 2725 1398 [,h.
2761 1326 3027 1398 amphora
3059 1323 3230 1398 vini].
3265 1325 3333 1381 Et
3375 1323 3513 1380 dixit
3543 1339 3644 1380 rex
3672 1322 3765 1379 Si-

2158 1421 2243 1478 baa
2275 1437 2290 1476 :
2315 1419 2457 1489 Quid
2484 1419 2593 1476 sibi
2612 1419 2976 1478 voluntbaac?
2995 1419 3410 1494 Responditque
3440 1417 3570 1476 Siba
3599 1435 3614 1473 :
3640 1417 3766 1474 Asi-

2161 1515 2241 1584 ni,
2271 1514 2594 1572 domesticis
2625 1515 2770 1588 regis
2812 1523 2875 1572 ut
2921 1514 3178 1585 sedeant,
3212 1523 3269 1570 et
3312 1528 3483 1585 panes
3512 1521 3568 1569 et
3605 1511 3763 1584 pala—

2162 1607 2292 1677 tbae,
2315 1606 2386 1664 ad
2407 1606 2735 1664 vescendum
2767 1608 2955 1678 pueris
2987 1625 3002 1664 :
3031 1604 3059 1644 ἀ
3082 1606 3272 1664 vinum
3295 1615 3501 1674 autem,
3530 1612 3590 1660 ut
3615 1603 3765 1659 bibat

2162 1703 2210 1757 si
2255 1700 2376 1774 quis
2421 1701 2688 1759 defecerit
2734 1702 2788 1758 in
2827 1702 3078 1760 deserto.
3119 1701 3193 1758 Et
3231 1701 3308 1758 ait
3336 1715 3477 1758 rex:
3524 1697 3633 1757 Ubi
3680 1706 3768 1756 est

456 1791 698 1862 Reporta
727 1806 910 1848 arcam
937 1791 1034 1848 Dei
1070 1792 1127 1849 in
1150 1793 1340 1849 urbem
1372 1809 1388 1847 :
1441 1792 1487 1849 si
1524 1793 1783 1849 invenero
1832 1791 2059 1863 gratiam
2090 1790 2140 1854 B
2166 1793 2310 1851 ﬁlius
2346 1794 2554 1852 domini
2586 1796 2698 1852 tui?
2725 1795 3144 1869 Responditque
3169 1795 3296 1854 Siba
3329 1794 3449 1867 regi
3481 1811 3496 1850 :
3525 1793 3770 1852 Reman-

461 1888 518 1945 in
545 1889 720 1945 oculis
745 1889 986 1957 Domini,
1008 1888 1236 1946 reducet
1262 1903 1371 1958 me,
1402 1896 1460 1946 et
1486 1885 1884 1945 ostendetmibi
1913 1901 2059 1956 eam,

459 1991 515 2039 et
545 1981 958 2038 tabernaculum
1004 1996 1163 2039 suum
1219 1981 1298 2055 [b.
1343 1991 1401 2039 et
1433 1982 1749 2055 gloriﬁcabo
1795 1981 1964 2055 eum].
2003 1982 2062 2039 Si

462 2084 645 2130 autem
677 2073 924 2131 dixeritb
949 2075 1082 2131 mihi
1113 2093 1128 2132 :
1155 2074 1274 2132 Non
1296 2075 1482 2147 places
1510 2093 1526 2133 :
1555 2083 1757 2147 praesto
1787 2089 1931 2144 sum,
1977 2075 2061 2131 fa-

462 2168 572 2224 ciat
598 2167 730 2224 mibi
762 2167 948 2241 [Vulg.
982 2177 1114 2225 tacet
1145 2167 1296 2242 mihi]
1348 2168 1492 2241 quod
1535 2167 1734 2225 bonum
1765 2177 1850 2226 est
1876 2182 2061 2226 coram

467 2277 533 2320 se
582 2261 660 2334 [b.
703 2261 849 2334 quod
885 2261 1088 2318 bonum
1129 2271 1216 2319 est
1263 2262 1317 2318 in
1361 2261 1538 2319 oculis
1577 2261 1749 2335 ejus].
1811 2261 1882 2318 Et
1927 2261 2065 2319 dixit

479 2371 576 2411 rex
623 2354 691 2412 ad
740 2353 920 2412 Sadoc
976 2354 1317 2412 sacerdotem
1369 2371 1387 2411 :
1450 2354 1497 2411 Ο
1546 2355 1738 2412 videns
1783 2363 2065 2412 revertere

470 2444 588 2520 [b.
661 2445 721 2503 Si
785 2445 1000 2502 videtur
1069 2446 1213 2514 tibi,
1277 2444 1600 2517 revertere]
1663 2446 1718 2502 in
1783 2446 2062 2503 civitatem

465 2541 521 2598 in
558 2555 728 2612 pace:
781 2551 803 2580 ε
853 2539 1116 2596 Abimaas
1157 2539 1298 2596 ﬁlius
1345 2550 1513 2608 tuus,
1567 2548 1624 2598 et
1676 2539 1949 2597 Jonatban
1995 2541 2065 2596 ﬁ-

466 2635 572 2690 lius
600 2633 884 2700 Abiatbar,
918 2633 974 2690 bi
1023 2633 1134 2690 duo
1183 2633 1280 2690 ﬁlii
1332 2635 1544 2702 vestri,
1597 2634 1709 2691 sint
1755 2634 2061 2692 vobiscum.

470 2727 616 2785 Ecce
655 2742 758 2799 ego
805 2727 1112 2784 abscondar
1169 2725 1252 2800 [b.
1310 2727 1589 2801 morabor]
1640 2729 1693 2785 in
1737 2729 2065 2801 campestri-

465 2822 567 2878 bus
627 2821 866 2890 deserti,
926 2821 1318 2899 donec‘veuiat
1346 2837 1530 2879 sermo
1576 2837 1606 2877 a
1636 2821 1792 2878 vobis
1819 2822 2065 2878 indicans

468 2914 626 2971 mibi.
657 2913 1094 2985 Reportaverunt
1116 2915 1276 2986 igitur
1299 2913 1476 2971 Sadoc
1503 2923 1558 2971 et
1583 2914 1848 2971 Abiatltar
1880 2929 2064 2970 arcam

469 3010 566 3066 Dei
605 3009 659 3065 in
706 3008 1034 3078 Jerusalem,
1082 3018 1138 3065 et
1177 3017 1494 3066 manserunt
1533 3010 1626 3066 ibi.
1682 3009 1852 3066 Porro
1895 3010 2063 3066 David

468 3101 798 3158 ascendebat
824 3103 1023 3158 clivum
1058 3103 1344 3172 olivarum,
1394 3102 1696 3159 ascendens
1721 3112 1775 3160 et
1805 3103 1965 3172 ﬂens,
2008 3113 2064 3159 et

2165 1889 2237 1946 sit
2261 1887 2340 1961 [b.
2373 1889 2514 1946 Ecce
2550 1889 2728 1962 sedet]
2760 1891 2815 1946 in
2844 1889 3175 1956 Jerusalem,
3210 1888 3398 1946 dicens
3427 1907 3442 1944 :
3474 1887 3646 1944 Hodie
3671 1902 3764 1943 re—

2164 1983 2353 2039 stituet
2381 1980 2514 2038 mihi
2547 1983 2747 2039 domus
2775 1981 2942 2039 Israel
2967 1999 3194 2054 regnum
3227 1983 3398 2054 patris
3429 1983 3560 2039 mei.
3592 1981 3666 2037 Et
3691 1980 3772 2036 ait

2163 2091 2266 2132 rex
2296 2075 2441 2133 Sibze
2471 2073 2619 2132 :Tua
2651 2075 2762 2132 sint
2787 2075 2972 2133 omnia
2990 2093 3111 2148 qua:
3134 2077 3349 2135 fuerunt
3373 2075 3763 2147 llliphibosetb.

2166 2168 2422 2240 Dixitque
2450 2167 2579 2226 Siba
2612 2186 2628 2224 :
2656 2168 2767 2226 Oro
2811 2177 2859 2236 ο,
2893 2169 3169 2226 inveniam
3214 2169 3452 2241 gratiam
3483 2183 3667 2224 coram
3713 2178 3769 2224 te

2168 2260 2247 2334 [b.
2276 2262 2330 2318 in
2353 2262 2527 2318 oculis
2558 2262 2708 2336 tuis],
2737 2263 2961 2320 domine
2989 2263 3062 2318 mi
3094 2279 3216 2320 rex.
3247 2263 3330 2336 [Τ.
3361 2262 3620 2336 CXVIII]
3649 2262 3772 2320 Ve-

2167 2356 2248 2412 nit
2274 2368 2408 2426 ergo
2436 2371 2535 2412 rex
2556 2353 2727 2412 David
2757 2370 2931 2428 usque
2960 2355 3248 2423 Balturim,
3275 2365 3333 2413 et
3359 2372 3488 2413 ecce
3517 2356 3772 2428 egredie-

2166 2447 2326 2506 batur
2353 2447 2481 2505 inde
2520 2449 2604 2504 vir
2629 2448 2698 2506 de
2741 2449 3069 2522 cognatione
3121 2447 3317 2506 domus
3354 2450 3505 2517 Saul,
3551 2450 3774 2506 nomine

2167 2542 2370 2610 Semei,
2398 2537 2543 2598 ﬁlius
2572 2541 2734 2612 Gera,
2768 2542 3093 2615 procedebat
3125 2543 3432 2615 egrediens,
3462 2552 3518 2600 et
3547 2542 3776 2598 maledi-

2167 2637 2360 2707 cebat,
2387 2635 2747 2708 mittebatque
2789 2635 2997 2708 lapides
3038 2648 3226 2692 contra
3268 2636 3435 2692 David
3476 2646 3536 2694 et
3562 2645 3772 2702 contra

2170 2732 2458 2787 universos
2487 2746 2678 2787 servos
2709 2731 2852 2802 regis
2875 2729 3044 2785 David
3075 2748 3089 2784 :
3120 2729 3303 2786 omnis
3322 2739 3499 2786 autem
3519 2730 3772 2801 populus,

2169 2832 2226 2880 et
2248 2824 2490 2880 universi
2524 2824 2836 2889 bellatores,
2861 2837 2889 2877 a
2908 2823 3102 2879 dextro
3125 2831 3182 2879 et
3201 2838 3228 2878 a
3253 2825 3476 2880 sinistro
3498 2825 3666 2880 latere
3686 2839 3778 2880 rc-

2169 2916 2253 2988 gis
2277 2916 2618 2972 incedebant.
2651 2917 2722 2971 Ita
2749 2924 2930 2972 autem
2954 2917 3280 2987 loquebatur
3300 2915 3481 2973 Semei
3509 2932 3630 2973 cum
3660 2931 3776 2984 ma-

2169 3009 2433 3066 lediceret
2463 3005 2483 3048 ί
2522 3027 2536 3064 :
2570 3009 2875 3081 Egredere,
2907 3010 2988 3065 vir
3016 3010 3358 3081 sanguinum,
3397 3021 3450 3066 et
3471 3011 3554 3066 vir
3579 3011 3772 3067 Belial.

2168 3103 2422 3159 Reddidit
2455 3104 2552 3160 tibi
2581 3105 2840 3159 Dominus
2861 3105 3177 3159 universum
3226 3103 3546 3175 sanguinem
3577 3102 3775 3160 domus

470 3205 665 3265 operto
694 3194 875 3266 capite
891 3205 946 3250 et
969 3193 1131 3250 nudis
1160 3195 1392 3265 pedibus
1415 3193 1704 3261 incedens;
1737 3193 1832 3250 sed
1860 3201 1915 3250 et
1939 3210 2061 3251 om-
2092 3187 2139 3252 C
2169 3195 2296 3252 Saul
2329 3213 2342 3252 :
2371 3197 2630 3267 quoniam
2651 3195 2897 3252 invasisd
2928 3210 3152 3266 regnum
3179 3210 3275 3266 pro
3298 3209 3386 3262 eo,
3411 3205 3464 3252 et
3490 3193 3640 3250 dedit
3669 3194 3775 3250 Do-

466 3289 552 3343 nis
577 3288 832 3358 populus,
856 3287 947 3359 qui
964 3297 1082 3344 erat
1105 3303 1232 3343 cum
1257 3301 1344 3355 eo,
1366 3297 1557 3358 operto
1580 3286 1780 3358 capite,
1801 3289 2066 3345 ascende-

467 3383 562 3439 bat
591 3385 828 3454 plorans.
885 3381 1201 3438 Nuntiatum
1233 3389 1319 3438 est
1353 3391 1533 3438 autem
1591 3380 1781 3448 David,
1833 3380 1974 3452 quod
2010 3391 2066 3439 et

465 3477 765 3550 Altitopltcl
807 3486 955 3533 esset
991 3476 1044 3532 in
1071 3476 1446 3547 conjuratione
1474 3476 1554 3549 |lt.
1585 3473 1912 3548 rebellione]
1941 3491 2064 3531 cum

466 3570 747 3636 Absalom,
807 3569 1050 3640 dixitque
1099 3568 1315 3624 David:
1355 3568 1588 3633 lnfatua,
1633 3581 1842 3640 quasso,
1884 3569 2066 3624 consi-

469 3663 600 3719 lium
629 3661 940 3731 AltitOpbel,
965 3661 1217 3717 Domine.
1250 3660 1498 3732 Cumque
1541 3659 1866 3717 ascenderet
1896 3661 2064 3717 David

468 3757 836 3813 summitatem
860 3755 1082 3822 montis,
1125 3755 1177 3810 in
1201 3771 1309 3826 quo
1335 3756 1662 3811 adoraturus
1712 3763 1833 3811 erat
1867 3753 2062 3826 Deum,

465 3864 595 3905 ecce
619 3848 860 3904 occurrit
887 3847 937 3904 ei
961 3847 1124 3904 llusai
1152 3845 1465 3916 Aracbites,
1492 3847 1663 3903 scissa
1685 3855 1838 3904 veste
1868 3846 1949 3920 [b.
1976 3856 2065 3902 tu-

467 3940 631 4012 nica],
665 3949 721 3996 et
751 3949 892 3995 terra
925 3939 1088 4009 pleno
1118 3938 1200 4011 [b.
1229 3938 1445 4010 sparso]
1476 3938 1676 4010 capite.
1701 3937 1790 4012 [Τ.
1826 3937 2066 4012 CXVll.]

471 4035 540 4092 Et
588 4033 724 4090 dixit
772 4033 821 4088 ei
868 4029 1083 4088 David:
1143 4031 1198 4088 Si
1238 4032 1454 4088 veneris
1480 4046 1719 4101 meeum,
1769 4031 1880 4089 eris
1934 4033 2067 4088 mihi

470 4126 628 4183 oneri
659 4145 671 4181 :
702 4127 783 4183 sin
808 4136 991 4180 autem
1013 4124 1067 4180 in
1093 4124 1369 4181 civitatem
1398 4127 1718 4192 revertaris,
1747 4133 1803 4181 et
1841 4116 2066 4195 dixeris,

472 4221 732 4279 Absalom
763 4237 779 4276 :
809 4221 1012 4276 Servus
1038 4229 1161 4275 tuus
1181 4233 1302 4274 sum
1326 4233 1427 4291 ego
1468 4217 1598 4292 [Με.
1627 4227 1676 4274 et
1704 4217 1864 4293 Vulg.
1899 4226 2071 4274 lacent

469 4312 617 4387 ego],
642 4328 736 4370 rex
769 4331 783 4369 :
811 4314 951 4368 sicut
978 4312 1053 4368 fui
1073 4325 1263 4368 servus
1302 4311 1471 4382 patris
1495 4310 1594 4378 tui,
1637 4311 1718 4367 sic
1753 4325 1850 4367 ero
1879 4326 2070 4368 servus

473 4417 596 4464 tuus
625 4425 641 4464 :
671 4407 960 4479 dissipabis
995 4405 1288 4462 consiliqu
1314 4404 1630 4474 Abitopbel.
1681 4403 1862 4460 Habes
1885 4413 2069 4461 autem

469 4509 646 4558 tecum
672 4499 851 4558 Sadoc
867 4497 1207 4556 etAbiatbar
1255 4495 1596 4564 sacerdotes,
1640 4502 1699 4551 et
1735 4509 1900 4551 omne
1945 4509 2070 4551 ver-

2170 3289 2353 3346 minus
2380 3297 2605 3361 regnum
2637 3290 2690 3346 in
2736 3305 2899 3344 manu
2945 3288 3204 3344 Absalom
3246 3287 3346 3344 ﬁlii
3392 3288 3470 3343 tui
3507 3305 3520 3342 :
3554 3297 3609 3344 et
3645 3303 3774 3344 ecce

2169 3395 2424 3454 premunt
2455 3391 2509 3437 te
2547 3381 2686 3438 mala
2735 3389 2825 3436 tua
2872 3378 2970 3452 [b.
3002 3379 3073 3436 Et
3099 3394 3231 3436 ecce
3261 3388 3318 3434 tu
3360 3380 3416 3434 in
3453 3380 3596 3434 malo
3623 3389 3708 3435 tuo
3726 3379 3769 3452 ],

2169 3477 2426 3548 quoniam
2455 3475 2539 3530 vir
2567 3475 2889 3547 sanguinum
2919 3489 2998 3530 es.
3037 3472 3182 3529 Dixit
3207 3483 3390 3531 autem
3415 3475 3603 3529 Abisai
3631 3473 3774 3530 ﬁlius

2171 3571 2398 3638 Sarvirc,
2429 3569 2543 3640 regi
2579 3585 2594 3623 :
2625 3570 2803 3636 Quare
2831 3567 3104 3625 maledicit
3126 3568 3279 3624 canis
3306 3567 3394 3624 hic
3419 3576 3443 3617 ε
3473 3568 3772 3625 moriturus

2171 3661 2250 3735 [b.
2285 3660 2553 3732 mortuus]
2582 3661 2806 3716 domino
2839 3677 2962 3717 meo
2992 3662 3144 3731 regi?
3164 3661 3378 3730 vadam,
3402 3663 3774 3732 ctamputabo

2169 3764 2329 3826 caput
2357 3754 2497 3824 ejus.
2528 3754 2598 3809 Et
2621 3754 2697 3808 ait
2719 3768 2814 3810 rex
2846 3772 2858 3807 :
2885 3754 3024 3823 Quid
3050 3755 3188 3810 mihi
3218 3765 3272 3811 et
3303 3756 3479 3824 vobis,
3527 3757 3621 3812 ﬁlii
3642 3756 3773 3813 Sar-

2169 3847 2309 3902 vize?
2338 3845 2593 3903 dimittite
2624 3862 2774 3913 eum,
2802 3843 2831 3883 ιι
2872 3854 2932 3901 ιιι
2961 3847 3252 3903 maledicat
3284 3864 3299 3904 :
3336 3849 3597 3905 Dominus
3625 3849 3771 3905 enim

2169 3941 2432 4012 praecepit
2468 3941 2542 4007 ei,
2575 3947 2632 3994 ut
2669 3939 3025 3996 malediceret
3052 3939 3222 3995 David
3257 3949 3357 3996 :et
3395 3943 3522 4013 quis
3553 3951 3640 3997 est
3685 3941 3777 4013 qui

2168 4030 2367 4087 audeat
2395 4029 2581 4087 dicere
2603 4030 2684 4103 [b.
2707 4039 2762 4086 et
2791 4031 2914 4102 quis
2941 4031 3129 4102 dicet],
3157 4047 3327 4102 quare
3348 4035 3429 4088 sic
3460 4033 3689 4090 fecerit?
3710 4033 3776 4090 Et

2170 4126 2248 4181 ait
2276 4140 2375 4182 rex
2415 4126 2629 4193 Abisai,
2669 4136 2723 4182 et
2748 4126 3021 4182 universis
3051 4129 3229 4183 servis
3263 4128 3377 4183 suis
3408 4145 3422 4182 :
3464 4128 3605 4184 Ecce
3633 4128 3775 4185 ﬁlius

2170 4231 2348 4288 meus,
2379 4220 2469 4290 qui
2501 4235 2756 4290 egressus
2777 4218 2845 4276 de
2869 4228 3029 4275 utero
3049 4236 3171 4276 meo
3194 4219 3280 4294 [de
3303 4221 3580 4277 visceribus
3607 4220 3772 4293 meis],

2171 4312 2368 4385 quaerit
2391 4315 2632 4370 animam
2659 4329 2836 4369 meam
2862 4329 2878 4368 :
2904 4322 3111 4385 quanto
3140 4315 3312 4385 magis
3337 4327 3486 4369 nunc
3511 4313 3656 4369 ﬁlius
3683 4315 3776 4370 Je—

2170 4409 2346 4464 mini?
2383 4408 2601 4463 dimitte
2631 4423 2754 4464 eum
2801 4406 3025 4489 ut_[Ills.
3059 4406 3294 4478 dimitte,
3323 4407 3443 4482 ut],
3478 4407 3800 4476 {maledicat'

2169 4500 2320 4570 juxta
2351 4508 2683 4572 praeceptum
2715 4499 2931 4556 Domini
2953 4518 2966 4555 :
2986 4500 3033 4556 si
3065 4499 3206 4557 forte
3235 4501 3495 4572 respiciat
3513 4500 3774 4558 Dominus

471 4598 597 4652 bum
627 4596 1005 4668 quodcumque
1035 4591 1274 4648 audieris
1302 4590 1370 4648 de
1399 4590 1562 4648 domo
1583 4587 1749 4661 rests,
1802 4589 2070 4646 indicabts
2095 4582 2150 4646 D
2175 4595 2525 4652 afﬁicﬁonem
2555 4610 2756 4665 meam,
2779 4605 2836 4651 et
2856 4593 3056 4651 reddat
3075 4595 3208 4650 mibi
3231 4594 3420 4667 [Vulg.
3446 4594 3649 4650 addunt
3672 4595 3778 4652 Do-

471 4689 650 4748 Sadoc
686 4696 744 4746 et
762 4685 1027 4744 Abiatbar
1064 4683 1463 4744 sacerdotibus.
1516 4682 1656 4741 Sunt
1709 4691 1892 4742 autem
1939 4697 2064 4742 cum

467 4870 751 4946 sericordia
776 4877 824 4928 et
849 4868 1038 4946 veritas
1065 4883 1086 4923 :
1108 4881 1230 4940 qua:
1276 4863 1559 4946 superiori
1611 4865 1866 4946 proxime
1916 4873 1928 4946 ξ

473 4954 662 5009 tecum,
707 4943 916 5013 juncta,
962 4937 1396 5013 bene'Optantis
1450 4952 1618 5013 sensu
1671 4937 2068 5013 proferuniur:

478 5008 668 5070 Tecum
688 5008 1042 5069 misericerdia
1068 5020 1116 5067 et
1143 5008 1328 5067 veritas
1358 5027 1378 5068 :
1417 5010 1533 5066 sive
1561 5008 1704 5080 quod
1742 5008 1897 5080 fidem
1950 5025 2073 5069 esse

468 5087 627 5156 juxta
653 5085 970 5156 llebraicam
994 5083 1234 5156 pbrasim
1265 5099 1376 5139 non
1410 5079 1646 5156 difﬁteor
1673 5079 1927 5156 :_Tec_uui
1952 5099 2075 5154 gra-

479 5151 551 5212 ιὶὶι
580 5168 626 5213 et
651 5156 795 5222 fides.
829 5151 1291 5225 Porro'impressa
1317 5152 1589 5211 sententia
1630 5151 1791 5225 unice
1820 5151 2072 5225 liabetur

479 5245 579 5300 pro
603 5221 1048 5300 Hierouymiana,
1079 5221 1224 5298 quod
1253 5227 1478 5300 concise
1521 5225 1693 5294 magis
1739 5221 2070 5300 Ilebraicum

478 5295 704 5370 referat,
737 5295 916 5372 sitque
961 5295 1137 5372 longe
1173 5297 1604 5372 emendatiorum
1653 5295 2068 5372 exemplarium.

477 5373 628 5428 Adeo
653 5366 855 5429 rectius
880 5366 1074 5442 legerit
1100 5368 1401 5425 Veronens.
1433 5381 1536 5423 ms.
1563 5366 1744 5442 inquo
1774 5366 1948 5442 ipsum
1973 5369 2069 5424 de-

474 5443 744 5570 sidelrgttur
768 5436 1084 5499 adverbium
1129 5443 1406 5512 quoniam,
1463 5437 1609 5512 quod
1652 5436 1709 5494 et
1757 5436 2068 5496 scboliasttn

477 5532 574 5570 nro
647 5525 754 5570 tur.

493 5525 754 5572 irobatur.

475 5533 802 5645 Ιπῗυῧὲξιῐιῖιε
829 5601 953 5642 cum
977 5584 1206 5642 Hebraeo
1235 5591 1387 5640 textu
1430 5597 1630 5640 nomen
1665 5582 1909 5639 sacerdos
1954 5579 2066 5641 Ve-

473 5674 694 5716 ronens.
723 5673 826 5715 ms.
849 5658 937 5713 hic
969 5666 1135 5713 tacet.

539 5729 569 5771 ιι
598 5732 804 5788 lterum
835 5727 1169 5790 adamussim
1189 5725 1406 5792 Hebraei
1447 5735 1635 5789 textus
1659 5726 1751 5789 hic
1780 5735 1925 5789 tacet
1961 5724 2068 5787 Ve-

469 5815 675 5866 ronens
697 5816 809 5866 ms.
837 5799 994 5860 mihi.

2175 4687 2377 4761 minus]
2406 4689 2607 4746 bonum
2626 4702 2728 4761 pro
2738 4687 3125 4746 maledictione
3146 4687 3248 4745 bac
3272 4687 3556 4746 hodierna.
3570 4688 3778 4746 Ambu-

2257 4881 2280 4910 ο
2310 4868 2636 4947 ldemhms.
2717 4870 3020 4947 Adi/limans.
3066 4871 3357 4947 Hebraice
3418 4889 3644 4947 quoque
3695 4884 3778 4932 est

2179 4949 2442 5028 vimina.
2469 4937 2591 5000 Mox
2614 4943 2865 5000 voculam
2887 4947 2942 4998 lu'
2969 4944 3194 5014 omittit,
3237 4963 3402 5018 quam
3431 4937 3488 5004 et
3514 4937 3776 5005 Hebraeus

2176 5045 2408 5184 “ficii;
2441 5105 2747 5184 Veronens.
2778 5123 2909 5184 cum]
2935 5109 3180 5184 Vulgatis
3209 5111 3359 5169 addit
3390 5113 3518 5170 tuis.

2250 5187 2275 5249 φ
2315 5177 2567 5235 Pressius
2593 5180 2827 5237 Hebraeo
2858 5181 3004 5238 idem
3039 5177 3169 5249 ms.,
3209 5185 3415 5240 Adero.

2252 5248 2795 5340 {reddit-idemms.
2839 5267 2961 5310 cum
3001 5248 3263 5340 vulgatis,
3292 5257 3693 5340 regi,_pro_quo
3719 5257 3768 5316 in

2175 5321 2520 5457 gagatem
2547 5325 2598 5379 ei
2629 5340 2647 5380 :
2674 5335 2802 5381 mox
2843 5339 3060 5399 quoque
3103 5321 3255 5384 idem
3280 5321 3385 5386 ms'.
3414 5321 3637 5386 'Reddét
3675 5346 3772 5404 pro

2245 5496 2272 5536 ε
2297 5485 2467 5563 Quod
2501 5486 2827 5563 scholiastes
2856 5495 3102 5562 annotat,
3130 5503 3384 5563 mortuus,
3418 5503 3474 5553 et
3512 5495 3770 5553 Hebrzeus

2172 5561 2398 5632 prd-fert
2422 5569 2477 5616 et
2501 5561 2804 5618 Veronens.
2829 5580 2961 5631 ms.,
2988 5565 3207 5621 demum
3230 5561 3525 5639 etVulgati
3554 5567 3699 5624 libri.

2245 5649 2272 5689 ιι
2313 5652 2371 5707 lu
2400 5651 2708 5710 Veronens.
2751 5669 2855 5710 ms.
2888 5663 2946 5709 ut
2977 5666 3134 5712 vacat
3167 5676 3181 5712 :
3224 5658 3279 5714 in
3313 5659 3545 5716 Hebrzeo
3591 5668 3769 5719 autem

2170 5733 2227 5806 et
2257 5725 2566 5806 proximum
2595 5739 2815 5806 comma
2839 5726 3060 5806 dimittet
3097 5745 3214 5806 eun!
3230 5773 3246 5798 ,
3279 5729 3686 5806 desiderantur,
3721 5740 3776 5793 et

2169 5795 2333 5858 facile
2358 5795 2603 5856 additum
2631 5796 2825 5876 bicjest
2851 5811 2919 5859 es
2936 5796 3150 5876 Graeco,
3179 5795 3331 5876 ἄφετε
3355 5803 3530 5867 αὐτὸν.
