4144 6364
254 332 365 390 645

1584 319 1791 382 LIBER
1826 324 1872 384 Il
1912 320 2279 385 SAMUELIS.

3456 335 3562 396 646

252 449 403 506 labat
424 447 609 519 itaque
640 442 813 503 David
845 452 904 503 et
930 442 1064 503 socii
1087 443 1209 516 ejus
1236 455 1331 514 per
1355 440 1498 499 viam
1539 457 1659 496 cum
1689 458 1746 496 eo
1779 438 1857 513 [Ιι.
1890 442 1940 504 Α
1969 440 2081 497 diet
2120 443 2451 512 quicumque
2481 439 2742 511 audierit,
2774 450 2830 499 et
2860 441 3006 501 dicet
3036 460 3050 502 ε
3090 441 3254 503 Facta
3280 455 3365 503 est
3402 449 3562 521 plaga

254 559 366 599 non
384 538 592 611 habet].
617 539 798 597 Semei
822 549 1001 596 autem
1026 555 1121 611 per
1139 539 1325 611 jugum
1349 534 1551 592 montis
1572 550 1637 591 ex
1669 535 1861 604 latere,

256 642 454 691 contra
488 632 642 688 illum
666 632 1040 703 gradiebatur,
1074 631 1409 687 maledicens
1437 638 1492 685 et
1534 628 1759 683 mittens
1790 627 1867 682 la-

258 727 416 798 pides
462 726 755 781 adversum
809 741 967 793 eum,
1016 730 1326 794 terramque
1376 737 1660 793 spargens.
1706 719 1867 776 Venit

258 820 447 888 itaque
484 833 606 882 rex,
647 828 702 873 et
739 817 1029 874 universus
1060 818 1291 888 populus
1333 831 1455 872 cum
1488 830 1555 870 eo
1582 814 1780 882 lassus,
1813 822 1869 868 et

259 911 604 966 refoeillatus
629 920 656 949 ι
688 920 773 967 est
810 911 906 967 ibi.
941 911 1203 966 Absalom
1242 919 1425 965 autem
1459 920 1513 965 et
1554 907 1733 963 omnis
1775 922 1868 976 po-

260 1005 421 1075 pulus
450 1003 621 1060 Israel
652 1004 883 1075 ingres~i
922 1013 1047 1059 sunt
1086 1003 1415 1070 Jerusalem,
1448 1002 1543 1058 sed
1586 1010 1641 1057 et
1680 1000 1869 1058 Abito-

262 1095 393 1165 pitel
434 1111 557 1151 cum
601 1111 690 1150 eo.
725 1094 859 1151 Cum
890 1105 1069 1150 autem
1100 1094 1343 1150 venisset
1375 1094 1537 1148 Hnsai
1577 1093 1869 1148 Araciiites

259 1186 474 1245 amicus
525 1188 691 1243 David
744 1187 809 1243 ad
854 1188 1133 1255 Absalom,
1193 1187 1409 1243 locutus
1459 1197 1538 1240 cst
1575 1186 1642 1239 ad
1693 1200 1867 1240 eum:

266 1283 452 1349 Salve,
490 1298 609 1345 rex,
645 1281 818 1349 salve,
853 1297 950 1336 rex
979 1280 1057 1351 μι.
1092 1280 1250 1334 Vivat
1282 1294 1407 1343 rex,
1438 1279 1581 1332 vivat
1624 1276 1763 1348 res].
1791 1276 1869 1331 Ad

262 1392 424 1446 quem
457 1375 745 1442 Absalom,
778 1375 893 1430 haec
937 1386 1041 1441 εει,
1091 1374 1287 1444 inquit,
1330 1374 1502 1444 gratia
1527 1371 1545 1445 [
1574 1372 1627 1427 lt.
1663 1372 1873 1427 miscri-

261 1468 495 1539 cordia]
529 1479 621 1521 tua
649 1468 713 1521 ad
738 1466 974 1522 amicum
1010 1466 1195 1521 tuum?
1223 1480 1392 1536 quare
1433 1483 1538 1519 non
1576 1465 1719 1519 ivisti
1750 1480 1870 1520 cum

270 1561 450 1615 amico
493 1560 621 1614 tuo?
660 1558 1075 1629 Responditque
1111 1557 1271 1613 Husai
1311 1557 1377 1611 ad
1425 1558 1678 1612 Absalom
1715 1573 1729 1610 ε
1764 1556 1868 1611 Ne-

263 1667 564 1723 quaquam,
608 1652 732 1720 quia
780 1650 927 1705 illius
972 1665 1092 1716 ero,
1126 1665 1286 1720 quem
1318 1649 1478 1719 elegit
1504 1649 1786 1711 Dominus,
1819 1657 1875 1702 et

276 1747 455 1798 omnis
485 1743 573 1799 hic
622 1742 870 1814 pepulus,
922 1753 977 1798 et
1012 1743 1296 1797 universus
1338 1740 1526 1803 Israel,
1561 1751 1613 1794 et
1643 1756 1765 1797 cum
1807 1756 1873 1796 co

1967 533 2021 590 in
2038 535 2238 606 populo
2255 535 2346 607 qtti
2370 536 2704 607 sequebatur
2720 536 3001 593 Absalom.
3021 538 3085 594 Et
3108 538 3441 596 fortissimus
3460 540 3564 616 [Ιι.]

1966 629 2105 698 ipse,
2143 638 2164 667 ο
2199 629 2358 699 cujus
2388 645 2485 685 cor
2511 642 2595 684 e51
2629 630 2780 701 quasi
2812 631 3008 700 leonis,
3044 646 3252 702 pavore
3280 634 3521 690 solvetur
3552 652 3565 690 :

1968 724 2071 778 scit
2091 724 2235 779 enim
2265 724 2445 778 omnis
2476 724 2665 789 Israel,
2697 723 2897 781 fortem
2928 741 3053 782 esse
3082 736 3288 797 patrem
3318 737 3488 796 tuum,
3512 738 3568 785 et

1968 816 2229 873 robuStos
2257 832 2448 873 omnes
2490 817 2581 887 qui
2615 834 2739 873 cum
2780 833 2845 873 eo
2876 827 3023 875 sunt.
3059 818 3165 875 Sed
3196 820 3298 876 hoc
3327 820 3459 877 milii
3490 824 3569 877 vi-

1968 909 2129 964 detur
2150 918 2361 964 rectum
2387 924 2511 966 esse
2532 911 2821 965 consilium
2857 929 2869 964 :
2896 922 2951 966 ut
2980 911 3103 985 [Μσ.
3131 922 3181 967 et
3219 913 3376 985 Vulg.
3402 924 3567 971 tacent

1971 998 2050 1071 ut]
2079 1010 2441 1071 congregetur
2471 1002 2538 1054 ad
2572 1013 2623 1055 te
2652 1003 2939 1056 universus
2969 1002 3159 1067 Israel,
3188 1020 3216 1059 a
3255 1004 3363 1059 Ι).ιιι
3398 1020 3569 1074 usque

1977 1092 2081 1146 Ber
2113 1093 2311 1159 Sabee,
2355 1095 2510 1163 quasi
2544 1107 2708 1148 arena
2742 1094 2909 1149 maris
2947 1094 3384 1165 innumerabilis,
3431 1107 3483 1153 et
3515 1109 3570 1154 ttt

1972 1185 2081 1239 eris
2110 1185 2161 1239 in
2188 1187 2366 1240 medio
2390 1202 2605 1240 eorum.
2639 1186 2702 1240 Et
2730 1188 3004 1242 irruemus
3026 1202 3191 1259 super
3210 1206 3331 1245 eum
3360 1192 3411 1245 in
3435 1206 3572 1262 quo-

1971 1292 2202 1347 cumque
2236 1278 2356 1332 loco
2386 1278 2605 1333 lueritin
2635 1288 2849 1346 ventus,
2874 1290 2925 1335 et
2954 1282 3263 1350 aperiemus
3293 1298 3441 1352 eum,
3468 1284 3574 1340 sic-

1974 1379 2031 1423 ut
2061 1369 2256 1425 Cadere
2282 1370 2427 1425 solet
2457 1385 2544 1424 ros
2587 1386 2753 1441 super
2780 1380 3009 1437 tcrram,‘
3038 1383 3089 1428 et
3124 1389 3229 1429 non
3296 1377 3574 1447 relinque-

1974 1478 2094 1516 mus
2121 1461 2189 1518 de
2214 1462 2366 1529 viris,
2401 1461 2495 1533 qui
2535 1478 2657 1519 cum
2692 1480 2759 1519 eo
2806 1478 2966 1531 sunt,
3016 1482 3085 1521 ne
3134 1483 3297 1522 unum
3328 1470 3567 1539 quidetu.

1974 1556 2127 1623 Quod
2155 1556 2200 1611 si
2233 1558 2420 1611 urbem
2464 1559 2702 1628 aliquam
2733 1559 2898 1614 fuerit
2931 1560 3231 1629 ingressus,
3263 1563 3572 1619 circumda-

1977 1647 2051 1701 bit
2082 1648 2257 1702 omni.
2288 1649 2455 1703 Israel
2488 1649 2693 1703 civitati
2728 1650 2804 1705 illi
2840 1651 3020 1718 funes,
3055 1660 3108 1706 et
3141 1653 3421 1709 trahemus
3452 1671 3571 1711 eam

1976 1741 1993 1805 (
2028 1740 2180 1794 idest
2215 1740 2424 1812 David)
2456 1743 2506 1795 in
2548 1752 2867 1809 torrentem,
2912 1753 2968 1797 ut
3016 1759 3121 1799 non
3160 1748 3466 1815 reperiatur
3507 1763 3575 1804 ne

266 1836 522 1890 manebo.
569 1835 674 1891 Sed
700 1875 714 1901 ,
769 1844 827 1888 ut
866 1844 917 1889 et
962 1834 1064 1889 Itoc
1102 1834 1352 1898 inferam,
1392 1835 1477 1889 cui
1510 1849 1611 1904 ego
1662 1835 1679 1905 ι
1712 1832 1868 1905 Vulg.
1902 1843 1949 1903 Β
1975 1834 2217 1889 calculus
2246 1834 2464 1904 quidem
2495 1849 2560 1890 ex
2591 1849 2677 1891 ea.
2708 1836 2964 1905 Dixitque
2997 1836 3281 1907 Absalom,
3315 1837 3342 1876 ἀ
3371 1849 3431 1895 et
3459 1856 3576 1894 om-

269 1928 425 1999 crgo]
458 1930 763 1982 serviturus
793 1928 948 1983 sum?
977 1943 1156 1983 nonne
1184 1927 1302 1981 ﬁlio
1330 1929 1506 1991 regis?
1536 1927 1675 1982 sicut
1713 1929 1872 1999 parui

272 2027 409 2094 patri
442 2034 570 2089 tuo,
602 2026 680 2077 sic
713 2025 914 2093 parebo
940 2033 994 2079 et
1026 2024 1141 2078 tibi.
1170 2023 1253 2095 [Τ.
1279 2023 1493 2095 CXIX]
1518 2023 1664 2078 Dixit
1693 2033 1873 2078 autem

270 2119 536 2174 Abs:ilum
571 2119 634 2173 ad
673 2118 1008 2189 Altitopltelz
1050 2118 1183 2174 luite
1219 2118 1518 2174 consilium
1556 2118 1684 2189 quid
1713 2133 1876 2189 agere

270 2214 598 2267 debeamus.
650 2213 717 2266 Et
769 2213 844 2265 ait
878 2211 1171 2282 Aliimpltel
1222 2212 1285 2266 ad
1334 2211 1643 2267 Absaiom:
1697 2213 1878 2282 ingre-

272 2305 405 2359 dere
450 2305 533 2379 ad
561 2303 893 2360 concubinas
935 2305 1100 2373 patris
1144 2306 1241 2370 tui,
1288 2319 1423 2374 quas
1466 2304 1755 2358 dimisitad
1785 2320 1877 2360 cu-

275 2397 623 2452 stodiendam
662 2397 884 2451 domum
921 2414 934 2450 :
971 2405 1029 2450 ut
1059 2406 1182 2451 cum
1230 2396 1462 2451 audierit
1490 2398 1671 2450 omnis
1714 2397 1879 2451 Israel

273 2491 421 2561 quod
458 2491 751 2547 lmdaveris
784 2498 988 2560 patrem
1015 2499 1188 2556 ttttun,
1219 2489 1545 2544 roborentur
1576 2504 1765 2543 manus
1789 2504 1880 2543 eo-

274 2598 397 2635 rum
432 2592 634 2636 tccum.
667 2580 1044 2636 Tetenderunt
1074 2582 1239 2651 igitur
1275 2581 1530 2636 Absalom
1562 2581 1883 2636 tabernacu-

277 2681 387 2734 lttm
416 2679 468 2733 iu
512 2678 739 2743 salario,
785 2679 1176 2748 ingressusque
1209 2686 1292 2731 est
1322 2676 1387 2731 ad
1428 2677 1758 2732 concubinas
1790 2692 1885 2747 pa-

279 2775 381 2828 tris
398 2773 483 2827 sui
506 2787 695 2827 coram
722 2773 979 2827 universo
1007 2772 1195 2827 Israel.
1219 2770 1518 2826 Consilium
1545 2780 1725 2827 autem
1753 2772 1882 2826 Alti-

279 2866 492 2934 tnplicl,
518 2865 663 2936 quod
692 2865 858 2920 dabat
890 2865 941 2919 in
975 2864 1167 2919 diebus
1196 2863 1326 2930 illis,
1351 2866 1501 2935 quasi
1535 2864 1578 2918 si
1604 2864 1726 2933 quis
1753 2879 1884 2919 con-

279 2959 490 3013 suleret
518 2958 687 3013 Deum
719 2974 733 3011 :
772 2958 851 3013 sic
878 2968 995 3013 erat
1035 2972 1200 3012 omne
1234 2957 1523 3011 consilium
1565 2956 1883 3025 AbitOpitel,

279 3062 334 3105 et
383 3066 506 3105 cum
556 3060 703 3107 esset
744 3065 867 3106 cum
918 3049 1105 3117 David,
1143 3058 1199 3105 et
1240 3065 1363 3105 cum
1410 3058 1557 3105 esset
1602 3065 1722 3105 cum
1771 3050 1884 3104 Ab-

281 3146 488 3201 Saloni.

1976 1941 2074 1981 nes
2105 1924 2201 1980 viri
2235 1926 2406 1983 Israel
2446 1945 2458 1981 :
2492 1927 2681 1983 Melius
2713 1935 2796 1983 cst
2825 1929 3118 1983 consilium
3151 1931 3317 1985 llusai
3348 1934 3580 1988 Aracbi-

1979 2034 2045 2076 tae
2073 2023 2303 2077 consilio
2328 2022 2646 2090 AltitOphel.
2689 2022 2899 2077 Domini
2948 2033 3127 2080 autem
3166 2034 3301 2080 nutu
3346 2026 3580 2096 dissipa-

1980 2125 2092 2170 ttttn
2124 2125 2205 2171 est
2232 2116 2523 2171 consilium
2559 2116 2852 2187 Altitopltel
2888 2117 3038 2185 utile,
3064 2126 3123 2173 ut
3156 2119 3439 2176 induceret
3470 2120 3577 2173 Do-

1980 2209 2157 2264 minus
2189 2225 2355 2281 super
2383 2210 2639 2265 Abs:ilout
2671 2211 2893 2266 malum.
2930 2213 2994 2266 Et
3020 2215 3094 2267 ait
3119 2214 3283 2269 llusai
3313 2215 3492 2271 Sndoc
3524 2226 3580 2273 ct

1986 2301 2254 2356 Abiatitar
2282 2302 2650 2358 sacerdotibus
2690 2319 2703 2357 :
2739 2305 2850 2358 ΙΙορ
2877 2314 2932 2360 et
2965 2304 3067 2360 ltoc
3099 2307 3260 2361 modo
3291 2311 3577 2364 consilium

1981 2392 2132 2448 dedit
2179 2393 2473 2463 Altitophcl
2520 2394 2801 2461 Absalout,
2847 2404 2902 2450 et
2947 2397 3253 2453 senioribus
3300 2400 3483 2466 brael,
3529 2412 3583 2457 et

1982 2502 2081 2557 eg.
2118 2488 2227 2542 tale
2271 2498 2320 2543 et
2369 2489 2474 2543 tale
2505 2487 2629 2543 dedi
2671 2489 2981 2544 consilium.
3023 2490 3177 2546 Nunc
3214 2507 3345 2563 ergo
3380 2495 3581 2550 mittite

1982 2580 2115 2645 cito,
2168 2590 2224 2635 et
2281 2582 2529 2634 nuntiate
2580 2579 2782 2647 David,
2829 2583 3125 2638 dicentes:
3159 2584 3236 2639 Ne
3290 2586 3579 2641 moremini

1984 2671 2005 2745 [
2036 2674 2089 2725 lt.
2124 2672 2197 2726 Ne
2228 2688 2549 2741 permaneas
2576 2672 2593 2744 ]
2626 2683 2785 2728 nocte
2830 2673 2929 2729 hac
2959 2675 3010 2729 iit
3059 2677 3458 2759 campestribus
3487 2679 3581 2734 dc-

1984 2765 2135 2831 serti,
2173 2765 2271 2820 scd
2316 2765 2521 2836 absque
2565 2766 2830 2822 dilatione
2877 2770 3307 2840 transgredere;
3347 2787 3413 2827 ne
3442 2770 3586 2830 forte

1986 2859 2349 2914 absorbeatur
2377 2876 2496 2931 rex,
2533 2870 2589 2915 et
2616 2863 2797 2916 onmis
2832 2862 3063 2931 populus
3095 2856 3182 2934 qui
3213 2880 3333 2920 cum
3369 2881 3434 2921 eo
3478 2877 3580 2924 est.

1986 2951 2260 3007 Jonatban
2290 2965 2470 3007 autem
2505 2963 2561 3008 et
2585 2952 2850 3008 Altimaas
2881 2953 3005 3026 [Μδ.
3030 2956 3345 3031 Aeliimaas]
3368 2960 3584 3016 stabant

1983 3042 2136 3113 juxta
2170 3044 2372 3099 fontem
2420 3044 2629 3115 [inge]:
2666 3046 2798 3101 abiit
2837 3047 3034 3101 ant-illa
3074 3059 3128 3104 et
3176 3054 3449 3106 nuntiarit
3482 3054 3583 3121 eis,

1991 3149 2046 3192 et
2080 3137 2155 3191 illi
2205 3137 2437 3207 profecti
2487 3147 2634 3202 sunt,
2688 3147 2744 3193 ut
2776 3139 3043 3195 referrent
3070 3142 3136 3196 ad
3184 3159 3370 3214 regem
3419 3146 3585 3201 David

363 3238 379 3309 [
406 3238 471 3291 Τ.
503 3237 664 3301 CXX,
700 3234 828 3307 Cap.
864 3235 1025 3291 XVII.
1052 3235 1068 3307 ]
1105 3236 1243 3290 Dixit
1284 3235 1446 3306 igitur
1481 3234 1774 3305 AltitOpltcl
1821 3234 1886 3289 ad
1917 3236 1959 3300 C
1997 3230 2241 3284 nuntium
2271 3245 2285 3283 :
2317 3245 2423 3284 non
2453 3228 2596 3284 enim
2631 3239 2882 3299 poterant
2910 3232 3105 3298 videri,
3132 3243 3226 3289 aut
3257 3238 3485 3292 introire
3512 3241 3587 3292 ei-

284 3332 547 3386 Alisalom
583 3350 593 3383 :
640 3330 846 3401 Eligam
904 3330 1037 3385 mihi
1071 3330 1148 3401 lli.
1183 3328 1346 3401 nunc]
1396 3329 1682 3383 duodecim
1724 3329 1891 3384 millia

286 3422 560 3485 virorum,
594 3430 649 3476 et
677 3433 1020 3482 consurgens
1048 3436 1349 3491 persequar
1380 3421 1545 3474 David
1581 3422 1679 3476 liac
1705 3431 1890 3477 nocte.

289 3516 367 3571 Et
392 3517 609 3570 irruens
637 3528 803 3584 super
830 3530 955 3569 eum
991 3514 1215 3585 (quippe
1246 3516 1335 3585 qui
1372 3514 1547 3569 lassus
1578 3524 1683 3576 est.
1724 3524 1777 3570 et
1803 3531 1895 3570 so-

290 3608 424 3663 lutis
458 3606 730 3679 manibus)
764 3610 1064 3677 percutiam
1094 3623 1252 3663 eum:
1285 3622 1517 3677 cumque
1546 3609 1746 3678 fugerit
1778 3624 1897 3664 om-

290 3702 383 3757 nis
409 3701 662 3771 populus,
700 3700 788 3770 qui
815 3715 936 3755 cum
966 3716 1033 3755 ci.
1062 3712 1167 3768 est,
1202 3701 1500 3771 percutiam
1527 3715 1713 3771 regem
1739 3700 1898 3756 desn-

292 3796 489 3851 latum.
520 3795 587 3849 Et
631 3794 890 3850 reducam
936 3795 1250 3848 universum
1288 3796 1580 3865 populum,
1625 3794 1898 3864 quomodo

293 3906 493 3946 omnes
521 3889 548 3928 ι)
583 3890 781 3945 reverti
815 3888 994 3942 Solent
1030 3905 1042 3942 :
1078 3902 1242 3941 unum
1275 3888 1421 3941 enim
1454 3887 1627 3940 virum
1660 3895 1714 3940 tu
1753 3903 1902 3957 (ιιιιη-

294 3985 399 4051 ris,
429 3994 481 4040 et
511 3985 688 4038 omnis
720 3982 949 4054 populus
974 3982 1079 4036 erit
1109 3981 1159 4034 iu
1183 3995 1338 4052 pace.
1376 3980 1688 4050 l‘iacuitque
1717 3996 1901 4036 sermo

298 4077 426 4145 ejus
457 4078 731 4144 Absalom,
777 4082 833 4131 et
861 4074 1074 4129 cunctis
1102 4072 1404 4142 majoribus
1430 4084 1557 4127 natu
1590 4072 1777 4128 Israel.
1814 4074 1904 4129 Ait

298 4178 485 4223 ant-m
511 4167 764 4222 Absalom
799 4185 810 4220 :
846 4177 1038 4220 vocate
1069 4174 1120 4220 et
1154 4165 1321 4219 llusai
1355 4165 1690 4233 Aracltitem,
1728 4177 1780 4220 et
1810 4182 1905 4220 att-

302 4261 519 4315 tliamus
549 4260 674 4330 quid
704 4259 867 4314 etiam
903 4259 1018 4326 ipse
1046 4257 1208 4312 dicat.
1240 4257 1488 4328 Cumque
1520 4262 1759 4313 venisset
1795 4258 1908 4313 llu-

305 4353 388 4406 sai
423 4353 490 4406 ad
513 4352 791 4418 Absalom,
826 4353 899 4406 ait
930 4352 1186 4405 Absalnm
1216 4351 1282 4404 ad
1311 4366 1434 4405 cum
1473 4367 1486 4405 :
1518 4351 1905 4420 llnjusccntodi

305 4461 621 4502 sermonem
650 4446 777 4518 [1113.
812 4446 959 4499 addit
990 4444 1173 4516 quem]
1205 4444 1422 4499 locutus
1461 4454 1539 4499 est
1572 4444 1863 4515 Altitopltel
1894 4463 1905 4501 :

308 4540 495 4595 facere
544 4539 807 4594 debemus
849 4556 913 4593 an
967 4537 1114 4594 non?
1159 4537 1304 4609 quod
1341 4538 1438 4592 das
1479 4537 1803 4592 consilium?
1841 4539 1910 4593 Et

1994 3323 2239 3377 vitalem.
2276 3322 2421 3377 Vidit
2450 3330 2630 3379 autem
2660 3340 2753 3380 eos
2789 3324 3003 3394 quidam
3044 3343 3200 3397 puer,
3231 3338 3285 3385 et
3332 3331 3590 3390 indicavit

1996 3416 2253 3473 Absnlom
2286 3432 2301 3473 :
2330 3417 2409 3471 illi
2440 3433 2567 3472 vero
2598 3418 2815 3473 concito
2843 3420 3010 3490 gradu
3051 3422 3283 3492 ingrcssi
3330 3435 3454 3481 sunt
3485 3428 3585 3481 do-

1996 3526 2142 3565 mum
2174 3510 2452 3579 cujusdam
2486 3512 2584 3566 viri
2638 3512 2689 3566 in
2735 3512 3024 3582 Dalturitn,
3077 3519 3165 3586 qui
3216 3517 3449 3575 habebat
3494 3538 3591 3593 pu-

1997 3616 2141 3660 teum
2174 3605 2225 3660 in
2246 3605 2516 3660 chIibulu
2546 3620 2663 3671 suo,
2692 3613 2749 3661 ct
2772 3607 3170 3665 descenderunt
3193 3612 3244 3665 itt
3272 3628 3417 3669 eum.
3446 3617 3595 3673 'l‘nlit

1998 3709 2177 3754 autem
2221 3699 2436 3765 mulier,
2472 3708 2523 3754 et
2554 3700 2808 3769 expandit
2854 3705 3099 3758 velamen
3139 3722 3303 3776 super
3332 3724 3391 3764 os
3421 3712 3591 3781 putei,

1999 3794 2154 3863 quasi
2186 3792 2394 3848 siccatis
2427 3794 2683 3863 ptisanas,
2720 3806 2767 3849 et
2799 3796 2876 3850 sic
2908 3811 2993 3850 res
3025 3796 3201 3853 latuit.
3232 3800 3473 3873 Cumque
3504 3819 3593 3860 ve-

2002 3886 2209 3942 nissent
2235 3888 2375 3942 servi
2405 3886 2661 3941 Aitsalum
2693 3888 2757 3942 ad
2784 3888 3062 3945 mulierem
3090 3892 3141 3945 in
3169 3893 3411 3961 domum,
3440 3896 3595 3953 dixe-

2001 3988 2130 4033 runt
2162 3997 2175 4033 :
2209 3979 2307 4034 Ubi
2352 3988 2436 4035 est
2473 3979 2731 4036 Abimaas
2769 3989 2824 4035 et
2869 3982 3171 4039 Jonatban?
3213 3984 3277 4040 Et
3309 3972 3600 4060 respondit

2006 4074 2084 4127 eis
2115 4072 2306 4127 mulier
2340 4090 2351 4126 :
2385 4073 2740 4128 Transierunt
2767 4071 2951 4145 [Vulg.
2983 4076 3070 4129 ad.
3108 4074 3471 4154 festinanter],
3499 4099 3601 4154 gu-

2007 4177 2142 4221 stata
2176 4166 2450 4235 paululum
2478 4181 2637 4236 aqua.
2666 4167 2735 4222 At
2775 4168 2825 4222 lii
2869 4169 2958 4239 qui
2994 4172 3306 4240 quaerebant
3336 4192 3457 4231 cum
3492 4195 3599 4235 non

2008 4258 2360 4327 reperissent,
2411 4259 2615 4313 reversi
2655 4267 2778 4313 sunt
2809 4258 3130 4318 Jerusalem.
3168 4264 3406 4336 Cumque
3431 4268 3599 4325 abiis-

2009 4359 2152 4414 Sent,
2179 4350 2547 4405 ascenderunt
2577 4349 2653 4404 illi
2678 4350 2747 4404 de
2780 4359 2963 4421 puteo,
2997 4363 3052 4407 et
3083 4367 3369 4424 pergentes
3392 4361 3603 4414 nuntia-

2011 4455 2202 4499 Verunt
2232 4446 2345 4514 regi
2380 4444 2572 4511 David,
2594 4455 2755 4515 atque
2784 4445 3068 4500 dixerunt:
3094 4448 3331 4518 Surgite,
3353 4462 3404 4505 ct
3431 4462 3605 4508 trans-

2017 4539 2209 4593 iteeito
2244 4537 2460 4591 ﬂuvium
2484 4536 2538 4609 [li
2579 4536 3090 4609 aquam],quoniam
3110 4539 3481 4610 hujuscemodi
3512 4546 3607 4602 de-

310 4635 456 4688 tlixit
490 4634 653 4687 llusai
680 4632 1021 4687 adAbsnlom
1053 4632 1197 4687 :Non
1227 4633 1911 4704 bonumconsilium,quod
1938 4633 1989 4693 D
2018 4632 2093 4687 dit
2115 4632 2402 4688 consilium
2421 4640 2606 4686 contra
2638 4645 2732 4686 vos
2763 4630 3071 4701 Altitopitel.
3092 4631 3484 4709 Surrexitergo
3504 4637 3608 4695 Da-

307 4728 470 4782 tledit
499 4725 790 4793 Aliitopltel
821 4727 921 4780 hac
952 4726 1089 4780 vice.
1122 4724 1190 4779 Et
1233 4740 1449 4780 rursum
1492 4726 1669 4781 intulit
1701 4726 1863 4781 llusai
1892 4743 1906 4781 :

305 4822 403 4877 Tu
448 4818 591 4872 nosti
636 4829 842 4887 patrem
883 4828 1060 4879 tuum.
1108 4827 1163 4873 et
1191 4819 1336 4873 viros
1376 4821 1467 4889 qui
1507 4835 1628 4874 eum
1668 4835 1735 4875 eo
1764 4830 1912 4887 sunt,

312 4927 446 4967 esse.
477 4909 803 4965 fortissimos
833 4919 888 4966 et
918 4925 1106 4964 amaro
1130 4911 1336 4979 animo,
1371 4914 1536 4967 veluti
1568 4914 1611 4967 si
1648 4930 1792 4981 ursa,
1828 4930 1917 4970 ra-

320 5007 433 5077 ptis
460 5002 679 5069 calulis,
715 5002 767 5057 in
795 5003 934 5058 Saltu
975 5002 1161 5057 smviat
1196 5020 1209 5057 :
1258 5003 1353 5058 sed
1395 5014 1448 5058 et
1486 5015 1638 5075 pater
1680 5014 1803 5061 tuus
1838 5007 1922 5061 vir

329 5097 564 5152 bellator
606 5103 711 5159 est,
758 5110 858 5150 nec
905 5094 1208 5149 morabitur
1250 5110 1371 5149 etim
1424 5098 1641 5166 populo.
1672 5097 1920 5153 Forsitan

329 5207 471 5246 nunc
513 5190 689 5244 latitat
721 5188 776 5242 in
822 5188 1015 5255 foveis,
1046 5195 1138 5241 aut
1178 5188 1229 5241 in
1260 5201 1387 5250 uno,
1419 5204 1525 5257 qttn
1554 5188 1810 5256 voluerit,
1845 5191 1926 5245 lo-

332 5300 395 5340 οιι
435 5305 447 5339 :
477 5294 529 5339 et
569 5298 691 5339 cum
733 5282 993 5338 ceciderit
1017 5294 1155 5336 unus
1180 5280 1403 5351 quilibet
1428 5281 1479 5337 in
1509 5284 1798 5354 principio,
1831 5299 1923 5338 au.

409 5529 431 5556 η
461 5517 703 5574 Piuriunt
745 5532 971 5572 numero
994 5515 1155 5571 habet
1187 5512 1487 5569 Veronens.
1520 5525 1621 5565 ms.
1652 5510 1929 5581 refucillnti

336 5591 675 5664 sunt,_magis
706 5592 772 5644 ad
806 5590 1074 5664 Qrmcutu,
1106 5595 1159 5642 et
1190 5602 1310 5639 cum
1339 5584 1602 5664 Vulgatis.
1705 5652 1735 5664 γ.

410 5662 436 5701 ι’
466 5650 665 5718 Verius
715 5664 764 5716 in
823 5650 1125 5717 Veronetts.
1157 5672 1284 5726 ms,
1337 5650 1505 5709 omnis
1538 5652 1735 5726 reverti
1780 5650 1929 5726 solet,

335 5734 489 5803 juxta
550 5732 869 5804 Hebraeum,
912 5724 1367 5804 quemadmodum
1422 5734 1477 5781 et
1536 5724 1934 5804 Eparnotliotcs

340 5797 478 5873 apud
507 5804 702 5857 Lttt-am
734 5797 1062 5873 Brugensem
1093 5800 1378 5873 legentium
1419 5806 1625 5873 monet,
1661 5797 1938 5873 et‘melio-

345 5867 417 5931 ris
450 5890 590 5930 not-.c
625 5867 1193 5947 codices'prmferun't.
1240 5870 1486 5942 Vulgati,
1514 5867 1772 5939 quomodo
1804 5883 1937 5921 uitus

2019 4724 2127 4791 vid,
2152 4734 2205 4779 et
2230 4725 2404 4777 omnis
2428 4723 2660 4793 populus
2689 4723 2918 4792 quierat
2939 4737 3060 4778 cum
3089 4739 3173 4790 eo,
3203 4735 3255 4781 ct
3279 4729 3610 4787 transierunt

2024 4819 2331 4880 Iordanem,
2348 4817 2522 4873 donec
2539 4816 2919 4883 dilttcesceret,
2939 4828 2992 4871 et
3016 4833 3082 4873 tte
3099 4835 3237 4873 unus
3256 4821 3469 4891 quidem
3487 4827 3613 4882 rcsi.

2024 4915 2160 4966 ditus
2183 4910 2309 4975 fuit,
2344 4910 2436 4979 qui
2470 4925 2574 4964 non
2602 4912 2882 4964 transisset
2911 4910 3131 4965 [luvium
3171 4913 3247 4985 [ιι.
3271 4912 3608 4992 .loitlattem].

2026 5008 2112 5081 [T.
2142 5003 2358 5079 CXXI]
2386 5004 2551 5059 Porro
2580 5003 2865 5074 Altitophei
2897 5003 3085 5060 videns
3115 5006 3254 5076 quod
3288 5024 3391 5063 non
3425 5011 3618 5068 luisset

2026 5100 2225 5154 factum
2259 5097 2541 5152 consilium
2573 5110 2751 5163 suum,
2782 5096 2971 5150 stravit
3001 5100 3211 5151 asinum
3240 5112 3393 5154 suum
3424 5112 3471 5157 et
3499 5120 3619 5159 sur-

2029 5190 2169 5247 rexit
2197 5197 2251 5243 et
2279 5187 2408 5242 abiit
2443 5187 2495 5241 in
2527 5186 2745 5242 domum
2778 5200 2927 5240 suam
2962 5196 3015 5241 et
3046 5189 3097 5242 in
3139 5189 3413 5247 civitatvm
3444 5207 3620 5259 suam,

2031 5296 2079 5340 ct
2108 5284 2369 5354 disttosita
2396 5281 2560 5338 domo
2588 5294 2703 5347 sua,
2732 5280 3025 5348 suspendio
3050 5282 3273 5349 interiit,
3301 5293 3357 5339 ct
3380 5288 3624 5357 sepultus

2035 5509 2188 5563 homo
2215 5506 2397 5562 reverti
2420 5504 2572 5557 solet.

2108 5591 2129 5618 ε
2164 5578 2424 5633 llcbrzctts
2459 5576 2626 5628 liabet
2650 5583 2698 5627 et
2728 5573 2835 5643 ipse
2864 5588 3090 5643 quoque,
3128 5584 3202 5635 ελ
3228 5580 3368 5634 MT.
3402 5576 3625 5635 Postre.

2038 5667 2179 5705 mam
2210 5649 2456 5721 voculam
2488 5661 2687 5721 quoque
2716 5646 3013 5721 Veronens.
3046 5662 3149 5721 ms.
3172 5649 3334 5721 habet
3367 5664 3464 5716 pro
3493 5653 3625 5721 ipse.

2040 5723 2160 5778 Mox
2186 5728 2367 5775 autent
2400 5715 2519 5789 plus
2551 5718 2710 5789 habet
2741 5718 2908 5772 cumis
2938 5719 3159 5788 populus
3188 5715 3378 5789 Israel,
3408 5731 3515 5775 etc.

2113 5790 2138 5831 ά
2172 5793 2271 5849 Ms.
2304 5786 2603 5849 Veronens.
2633 5786 2812 5845 Omnis
2840 5786 2947 5859 vir,
2977 5786 3212 5860 pressius
3246 5788 3494 5846 Hebraeo.
