3964 6344
466 293 573 353 647

1468 288 1528 347 S.
1570 284 1958 345 IIIERONYMI
1996 283 2233 344 DIVINA
2274 282 2756 344 BIBLIOTIIECA.

3628 296 3717 358 6&3

466 423 552 471 est
580 413 635 469 in
663 408 917 481 sepulcro
962 406 1138 480 patris
1184 405 1290 463 sui.
1324 414 1351 445 ι
1377 402 1547 461 David
1590 411 1773 458 autern
1819 400 1968 458 venit
2016 400 2071 456 in
2099 404 2149 464 Α
2179 399 2381 467 ηιιιΙιιε,
2412 400 2500 455 cui
2532 399 2825 464 insederat,
2863 396 3234 468 perlransivit.
3267 398 3407 458 Vidit
3436 410 3596 461 autem
3632 408 3719 468 hoc

465 506 656 563 Castra
683 504 702 577 [
727 504 782 559 h.
815 502 1085 559 Mahnaim
1110 499 1152 571 ].
1199 511 1253 555 et
1283 497 1542 555 Absalom
1590 495 1841 550 transivit
1875 492 2068 549 Jorda-

467 614 615 667 nem,
649 598 766 668 ipse
794 604 850 652 et
890 607 1081 650 omnes
1111 591 1137 630 δ
1169 590 1269 646 viri
1312 590 1478 645 Israel
1519 604 1641 644 cum
1688 602 1775 643 eo.
1812 586 2064 642 Amasam

467 708 600 749 vero
639 687 922 746 constituit
948 685 1208 743 Absalom
1236 698 1335 755 pro
1363 680 1501 739 Joab
1528 695 1693 752 super
1714 680 2013 736 exercitum
2049 697 2060 732 :

467 788 665 842 Amasa
698 793 879 839 autem
906 789 1023 837 erat
1049 778 1190 833 ﬁlius
1217 775 1341 843 viri,
1374 775 1462 847 qui
1497 775 1795 830 vocabatur
1816 774 1966 829 Jetra
1997 771 2065 828 de

464 881 663 939 Jezreli
700 879 779 952 [ιι.
812 874 1111 937 lsraelites,
1145 871 1249 926 Ms.
1284 868 1522 941 hiereli],
1555 870 1646 940 qui
1678 869 1952 939 ingressus
1982 876 2065 922 est

466 976 534 1032 ad
559 970 771 1042 Abigail
802 969 879 1041 Ut.
912 964 1126 1036 Abigal]
1160 964 1323 1018 ﬁliam
1348 961 1511 1026 Naas,
1545 975 1789 1016 sororem
1821 958 2060 1027 Sarvite,

463 1082 586 1139 qua:
614 1064 717 1120 fuit
762 1070 938 1117 mater
969 1058 1105 1113 .loab
1134 1056 1235 1128 ib.
1269 1065 1496 1110 matrem
1520 1053 1657 1109 Joab
1680 1050 1722 1122 ].
1758 1051 1825 1105 Et
1851 1058 2061 1106 eastra-

465 1166 705 1215 ructatus
744 1164 828 1209 est
870 1150 1034 1205 Israel
1077 1163 1201 1203 cum
1246 1145 1505 1201 Absalom
1552 1145 1605 1198 in
1655 1154 1796 1197 terra
1834 1139 2059 1197 Galaad.

463 1249 711 1319 Cumque
735 1246 976 1301 venisset
1003 1240 1168 1296 David
1193 1241 1244 1295 in
1265 1238 1453 1294 Castra
1476 1236 1553 1309 [ιι.
1579 1234 1900 1305 Ilalmaim],
1931 1233 2062 1289 Sobi

462 1345 610 1399 ﬁlius
649 1340 790 1396 Naas
820 1337 889 1393 de
916 1333 1165 1390 Rabbath
1210 1330 1445 1386 ﬁliorum
1488 1329 1742 1393 Ammon,
1774 1338 1829 1382 et
1857 1324 2061 1380 Machir

463 1436 608 1493 ﬁlius
634 1430 870 1490 Ammiel
898 1430 968 1485 de
1007 1426 1276 1492 Lodabar,
1328 1430 1385 1478 et
1436 1419 1696 1477 Berzellai
1749 1417 2060 1476 Galaadites

462 1531 531 1586 de
584 1526 851 1596 Rogelim,
900 1519 1217 1577 obtulerunt
1246 1517 1295 1571 ei
1327 1515 1605 1582 stratoria,
1654 1521 1709 1569 et
1758 1513 1979 1582 tapetia,
2007 1517 2063 1565 et

462 1636 590 1679 vasa
632 1617 842 1683 ﬁctilia,
885 1613 1246 1677 frumentum,
1286 1616 1344 1665 et
1385 1607 1673 1675 hordeum,
1706 1614 1762 1660 et
1807 1603 2056 1671 farinam,

462 1724 517 1771 et
545 1712 839 1785 polentam,
870 1716 923 1763 et
971 1706 1170 1771 fabam,
1199 1712 1256 1757 et
1283 1702 1519 1769 lentem,
1552 1700 1747 1755 frixum
1786 1698 1930 1753 cicer
1958 1696 2055 1770 [ιι.

463 1824 570 1864 non
601 1805 785 1872 habet,
819 1803 1015 1856 frixum
1046 1800 1216 1863 cicer,
1254 1794 1349 1851 sed
1386 1794 1662 1865 polentam
1688 1791 1737 1863 ],
1761 1800 1818 1848 et
1847 1790 1975 1857 mel,
2006 1798 2059 1843 et
2089 1801 2135 1861 Β
2163 1810 2258 1850 eas
2305 1795 2361 1849 in
2411 1794 2579 1851 corde
2620 1794 2878 1850 Absalom
2926 1810 2941 1850 :

462 1900 744 1973 butyrum,
775 1909 935 1961 oves,
966 1902 1020 1947 et
1044 1891 1270 1962 pingues
1297 1888 1521 1942 vitulos.
1544 1884 1925 1953 Dederuntque
1948 1882 2056 1937 Da-

461 1998 575 2061 vid,
601 2006 655 2051 et
697 1990 902 2064 populo
928 1988 1166 2059 quicum
1189 1999 1256 2040 eo
1286 1990 1424 2048 erat,
1455 1981 1523 2035 ad
1554 1980 1881 2036 vescendum
1911 1995 1925 2031 :
1959 1994 2055 2033 su-

460 2089 655 2160 spicati
684 2087 831 2143 enim
878 2091 1009 2140 sunt
1040 2078 1299 2151 populum
1339 2076 1483 2131 fame
1522 2083 1577 2130 et
1616 2073 1706 2129 siti
1750 2072 1964 2142 faaigari
1999 2072 2054 2126 in

458 2183 699 2237 deserto.

468 2300 475 2307 -
527 2272 653 2346 [Τ.
705 2267 937 2336 CXXII,
993 2265 1123 2338 Cap.
1180 2260 1424 2333 XVIII.]
1487 2259 1656 2331 Igitur
1704 2257 2054 2315 considerato

458 2366 478 2440 [
521 2368 576 2421 b.
636 2364 983 2419 dinumerato
1024 2357 1044 2430 ]
1099 2356 1265 2413 David
1317 2353 1519 2426 populo
1574 2367 1720 2419 suo,
1767 2351 2054 2407 constituit

456 2476 625 2533 super
652 2472 748 2514 eos
778 2455 1063 2520 tribunos,
1115 2463 1171 2509 et
1223 2451 1610 2513 centuriones,
1652 2455 1710 2503 et
1756 2444 1908 2502 dedit
1950 2460 2052 2515 po-

456 2555 564 2624 puli
602 2553 838 2611 tertiam
881 2556 1090 2618 partem
1135 2544 1236 2599 sub
1292 2559 1455 2598 manu
1508 2540 1675 2609 JOab,
1727 2553 1778 2595 et
1836 2538 2050 2593 tertiam

453 2652 662 2717 partem
692 2641 795 2697 sub
823 2653 983 2694 manu
1010 2635 1197 2695 Abizai
1231 2635 1326 2689 ﬁlii
1356 2634 1562 2689 Sarvire
1591 2631 1775 2687 fratris
1795 2629 1963 2695 Joab,
1998 2637 2052 2684 et

450 2738 671 2794 tertiam
708 2742 915 2805 partem
947 2728 1078 2801 [Με.
1121 2738 1251 2781 tacet
1282 2723 1514 2797 partem]
1544 2726 1646 2778 sub
1672 2738 1834 2777 manu
1865 2722 2049 2785 Ethai,

450 2832 541 2903 qui
571 2837 690 2886 erat
717 2827 785 2883 de
814 2824 953 2882 Geth
980 2840 995 2876 :
1024 2822 1267 2891 dixitque
1308 2834 1407 2873 rex
1445 2818 1512 2872 ad
1554 2817 1808 2888 populum
1837 2833 1850 2869 :
1885 2815 2052 2884 Egre-

450 2926 571 2981 diar
605 2932 661 2979 et
704 2935 805 2991 ego
844 2917 1144 2974 vobiscum.
1194 2913 1262 2968 Et
1304 2910 1585 2982 respondit
1630 2909 1897 2980 populus:
1932 2907 2047 2963 Non

450 3019 665 3077 exibis:
699 3016 815 3071 sive
840 3012 982 3070 enim
1014 3010 1331 3081 fugerirnus,
1367 3022 1472 3061 non
1506 3018 1834 3075 magnOpere
1862 3002 1929 3057 ad
1954 3017 2049 3058 cos

450 3115 523 3171 de
560 3110 716 3169 nobis
739 3107 1056 3182 pertinebit,
1082 3106 1197 3160 sive
1223 3101 1402 3158 media
1443 3115 1572 3171 pars
1596 3098 1856 3154 ceciderit
1890 3114 1921 3153 e
1951 3111 2051 3151 no-

2170 493 2464 565 quispiam,
2496 504 2552 548 et
2602 492 2868 547 nuntiavit
2900 492 3060 559 Joab,
3102 493 3323 551 dicens:
3354 494 3465 551 Vidi
3496 497 3720 559 Absalom

2170 588 2411 660 pendere
2438 589 2510 643 de
2537 602 2767 658 quercu.
2800 587 2863 643 Et
2888 588 2963 643 ait
2983 587 3119 644 Joab
3143 589 3280 655 viro,
3306 590 3392 660 qui
3418 593 3722 652 nuntiaverat

2167 682 2259 737 ei:
2290 682 2347 738 Si
2378 681 2581 747 vidisti,
2619 695 2790 751 quare
2829 695 2937 736 non
2966 680 3263 736 confudisti
3289 697 3406 739 eum
3432 700 3546 740 cum
3576 695 3720 758 terra,

2167 782 2219 828 et
2244 787 2347 842 ego
2374 773 2649 829 dedissem
2685 772 2779 828 tibi
2824 772 3013 828 decem
3040 774 3248 844 argenti
3278 776 3435 831 siclos
3459 777 3531 847 [ιι.
3557 779 3722 837 decem

2167 864 2484 937 argenteis],
2517 873 2571 920 et
2596 880 2759 919 unum
2801 864 3080 919 balteum?
3111 865 3212 933 Qui
3238 865 3370 921 dixit
3395 867 3460 923 ad
3484 869 3644 924 Joab:
3672 872 3724 927 Si

2168 956 2507 1027 appenderes
2534 957 2587 1012 in
2614 957 2866 1013 manibus
2894 960 3031 1013 meis
3060 960 3209 1013 mille
3235 970 3527 1031 argenteos,
3550 979 3725 1036 nequa-

2166 1064 2329 1120 quam
2366 1053 2636 1106 mitterem
2677 1064 2896 1106 manum
2934 1066 3109 1107 meam
3152 1052 3204 1106 in
3249 1052 3411 1108 ﬁLium
3438 1054 3571 1122 regis
3597 1074 3611 1112 :
3638 1073 3723 1114 au-

2167 1142 2441 1198 dientibus
2469 1141 2614 1199 enim
2649 1144 2839 1209 nobis,
2877 1147 3133 1213 prtecepit
3171 1159 3263 1200 rex
3302 1145 3424 1213 tibi,
3456 1158 3507 1202 et
3541 1148 3724 1219 Abisai,

2164 1242 2223 1290 et
2256 1234 2435 1302 Ethai,
2474 1234 2663 1291 dicens
2696 1253 2709 1289 :
2738 1235 3025 1291 Custodite
3059 1236 3189 1292 mihi
3218 1252 3440 1307 puerum
3476 1237 3726 1299 Absalom.

2164 1326 2270 1383 Sed
2318 1337 2376 1383 et
2427 1331 2473 1383 sl
2520 1326 2646 1400 [Με.
2698 1328 2795 1384 sed
2848 1326 2916 1401 si]
2973 1329 3225 1385 fecissem
3282 1341 3465 1386 contra
3520 1333 3728 1391 animam

2165 1438 2343 1479 meam
2386 1422 2664 1489 audacter,
2711 1437 3051 1493 nequaquam
3101 1423 3203 1479 hoc
3244 1439 3421 1496 regem
3457 1425 3613 1483 latere
3649 1443 3731 1497 po-

2165 1520 2379 1586 tuisset,
2424 1528 2479 1574 et
2522 1529 2578 1573 tu
2624 1526 2798 1573 stares
2827 1532 2892 1574 ex
2924 1518 3181 1574 adverso.
3223 1519 3292 1574 Et
3326 1520 3402 1574 ait
3441 1521 3732 1578 Joaszon

2162 1611 2307 1666 sicut
2348 1620 2401 1665 tu
2439 1609 2567 1683 [Ms.
2600 1621 2701 1665 tac.
2737 1608 2813 1683 tu]
2845 1610 2946 1677 vis,
2980 1612 3075 1666 sed
3106 1611 3392 1682 aggrediar
3427 1628 3545 1668 eum
3571 1627 3732 1670 coram

2165 1711 2239 1758 ιε.
2273 1702 2423 1757 Tulit
2453 1717 2583 1771 ergo
2618 1714 2727 1758 tres
2759 1703 2977 1758 lanceas
3020 1702 3076 1757 in
3121 1718 3287 1757 manu
3328 1719 3446 1770 sua,
3490 1714 3543 1760 ct
3585 1704 3737 1763 infixit

2989 1810 3223 1865 cumque
3264 1794 3440 1851 adhuc
3481 1796 3738 1867 palpitaret

2164 1886 2243 1959 [h.
2276 1903 2397 1943 cum
2431 1887 2610 1943 adhuc
2640 1887 2869 1960 viveret]
2902 1887 3119 1943 haerens
3150 1893 3201 1943 'm
3242 1904 3467 1959 quercu,
3499 1904 3737 1947 cucurre-

2162 1991 2288 2036 runt
2313 1980 2503 2036 decem
2526 1980 2759 2050 juvenes
2786 1980 3048 2051 armigeri
3080 1980 3159 2052 [h.
3196 1989 3255 2036 et
3286 1991 3630 2037 cucurrerunt
3654 1981 3737 2038 de-

2161 2089 2279 2128 cem
2309 2071 2481 2144 pueri]
2511 2072 2667 2140 Joab,
2700 2081 2757 2128 et
2791 2066 3161 2143 percutientes
3190 2073 3583 2130 interfecerunt
3608 2089 3737 2129 eum.

2159 2163 2371 2221 Cecinit
2395 2176 2577 2219 autem
2608 2164 2745 2220 Joab
2775 2164 3025 2231 buccina,
3058 2174 3113 2220 et
3142 2165 3368 2221 retinuit
3400 2167 3662 2236 pepultun,
3681 2181 3739 2221 ne

2160 2267 2582 2329 persequeretur
2612 2257 2907 2328 fugientem
2935 2258 3125 2325 Israel,
3152 2260 3352 2315 volens
3379 2274 3598 2330 parcere
3622 2259 3745 2315 mulo

2159 2350 2372 2406 titudini
2401 2349 2480 2423 [h.
2515 2349 2755 2422 populo].
2790 2351 2859 2406 Et
2898 2351 3139 2406 tulerunt
3175 2351 3470 2421 Absalom,
3498 2362 3553 2409 et
3588 2353 3745 2425 proje-

2158 2453 2355 2499 cerunt
2393 2459 2515 2499 eum
2560 2444 2611 2498 in
2651 2446 2794 2498 saltu
2825 2441 2956 2516 [Με.
2988 2444 3235 2516 saltum],
3277 2442 3334 2499 in
3370 2444 3575 2501 foveam
3602 2462 3746 2517 gran-

2156 2537 2307 2603 dem,
2331 2546 2386 2593 et
2409 2546 2889 2608 comportaverant
2912 2552 3077 2605 super
3096 2553 3223 2593 eum
3255 2554 3509 2594 acervum
3532 2538 3745 2608 lapidum

2158 2646 2410 2702 magnum
2437 2632 2601 2686 nimis
2625 2650 2638 2685 :
2665 2633 2844 2688 omnis
2872 2643 3054 2687 autem
3081 2632 3255 2688 Israel
3288 2632 3426 2705 fugit
3448 2634 3502 2689 in
3524 2633 3751 2688 taberna-

2156 2725 2275 2778 cula
2321 2740 2438 2780 sua.
2486 2723 2659 2780 Porro
2687 2724 2945 2780 Absalom
2975 2735 3237 2781 erexerat
3264 2726 3394 2792 sibi,
3426 2741 3549 2781 cum
3590 2724 3750 2779 adhuc

2153 2815 2381 2884 viveret,
2415 2816 2634 2871 titulum
2661 2818 2755 2887 qui
2782 2818 2939 2872 estin
2970 2817 3113 2871 valle
3144 2817 3298 2889 regis
3326 2836 3337 2871 :
3361 2818 3571 2873 dixerat
3589 2818 3750 2873 enim:

2152 2908 2273 2965 Non
2306 2909 2479 2964 habeo
2507 2908 2703 2977 filium,
2729 2919 2786 2966 et
2820 2909 2923 2967 hoc
2949 2910 3057 2966 erit
3088 2912 3497 2966 monimentum
3538 2911 3752 2966 neminis

2154 3003 2283 3058 mei.
2320 3000 2656 3073 Vocavitque
2698 3002 2915 3057 titulum
2953 3001 3172 3057 nomine
3206 3016 3338 3073 suo,
3372 3012 3431 3058 et
3469 3001 3754 3073 appellatur

2154 3094 2345 3150 Manus
2378 3094 2661 3162 Absalom,
2690 3110 2864 3164 usque
2898 3095 2949 3147 in
2981 3093 3126 3149 diem
3165 3093 3340 3151 hanc.
3381 3094 3637 3150 Altirnaas
3670 3109 3756 3149 att-

451 3209 565 3276 bis,
608 3221 715 3262 non
752 3204 887 3259 satis
921 3199 1232 3257 curabunt:
1261 3196 1386 3268 quia
1434 3204 1490 3250 tu
1540 3208 1677 3248 unus
1724 3207 1821 3263 pro
1858 3191 2046 3247 decem
2074 3196 2119 3260 C
2153 3195 2261 3243 tem
2290 3187 2431 3242 ﬁlius
2454 3186 2655 3255 Sadoc,
2678 3187 2791 3242 ait:
2822 3187 3071 3253 Curram,
3098 3195 3157 3242 et
3183 3188 3461 3244 nuntiabo
3490 3188 3757 3260 rcgi,quia

450 3300 688 3356 millibus
733 3291 1108 3366 compnlaris:
1140 3290 1334 3346 melius
1380 3296 1465 3343 est
1511 3288 1673 3356 igitur
1702 3294 1761 3340 ιιι
1788 3286 1865 3339 sis
1891 3284 2047 3339 nobis

447 3394 501 3448 in
528 3391 662 3447 urbe
684 3387 960 3460 prtesidio.
978 3384 1060 3439 Ad
1082 3396 1218 3454 quos
1239 3395 1335 3437 rex
1354 3380 1460 3436 ait:
1483 3377 1636 3447 Quod
1660 3377 1816 3432 vobis
1839 3384 2045 3431 rectum

449 3484 686 3549 videtur,
718 3482 824 3536 hoc
864 3477 1084 3533 faciam.
1116 3473 1281 3531 Stetit
1310 3486 1441 3543 ergo
1487 3487 1579 3525 rex
1605 3470 1760 3540 juxta
1793 3479 1999 3538 portam
2027 3484 2043 3521 :

447 3574 939 3647 egrediebaturque
972 3568 1205 3639 populus
1244 3581 1341 3637 per
1379 3576 1587 3620 turmas
1628 3577 1777 3628 suas,
1803 3559 2043 3628 centeni,

446 3677 502 3724 et
533 3666 760 3721 milleni.
806 3664 875 3719 Et
904 3661 1162 3733 praecepit
1207 3673 1306 3714 rex
1349 3656 1506 3727 Joab,
1535 3655 1742 3719 Abisai,
1772 3664 1827 3709 et
1862 3654 2042 3719 Ethai,

445 3762 675 3817 dicens:
703 3758 933 3814 Servate
975 3754 1108 3811 mihi
1152 3766 1379 3825 puerum
1430 3750 1708 3806 Absalom.
1756 3750 1823 3804 Et
1865 3748 2044 3804 omnis

446 3853 682 3926 populus
717 3850 969 3905 audiebat
1010 3846 1411 3918 praecipientem
1445 3858 1624 3912 regem
1655 3843 1865 3898 cunctis
1896 3844 2044 3913 priu-

443 3946 656 4017 cipibus
684 3958 783 4015 pro
808 3941 1065 3997 Absalom
1091 3955 1106 3994 :
1139 3938 1321 4008 Itaque
1344 3951 1594 4007 egressus
1622 3944 1706 3991 est
1733 3937 1961 4007 populus
1988 3938 2039 3993 in

441 4052 696 4110 campum
717 4044 904 4091 contra
931 4033 1119 4099 Israel,
1142 4039 1197 4086 ct
1223 4032 1420 4085 factum
1443 4037 1530 4084 est
1554 4030 1795 4098 prarlium
1822 4031 1874 4085 in
1899 4030 2037 4085 saltu

442 4130 725 4203 Ephraim.
752 4128 822 4183 Et
844 4141 1020 4182 caesus
1045 4134 1128 4179 est
1155 4123 1226 4177 ibi
1261 4121 1493 4192 populus
1517 4122 1684 4177 Israel
1705 4123 1773 4176 ab
1798 4124 2037 4179 exercitu

444 4222 615 4277 David
641 4219 719 4292 1h.
753 4234 783 4275 a
809 4217 985 4274 servis
1015 4213 1234 4285 David],
1270 4212 1517 4281 factaque
1545 4222 1633 4269 est
1666 4214 1814 4285 plaga
1843 4230 2037 4285 magna

440 4316 492 4369 in
523 4312 613 4368 die
638 4312 730 4367 illa
760 4308 952 4381 viginti
984 4307 1235 4362 millium.
1267 4304 1387 4359 Fuit
1438 4315 1619 4360 autem
1668 4303 1740 4360 ibi
1790 4308 2035 4376 praelium

439 4406 745 4477 dispersum
776 4417 940 4473 super
969 4400 1160 4455 faciem
1192 4397 1374 4454 omnis
1405 4407 1587 4467 terrae,
1621 4407 1676 4453 et
1714 4399 1886 4454 multo
1916 4401 2037 4471 plu-

437 4516 527 4556 res
549 4507 706 4557 crant
732 4510 870 4569 quos
895 4494 1071 4550 saltus
1097 4499 1507 4562 consumpserat
1537 4491 1606 4546 de
1629 4486 1844 4561 populo,
1871 4508 2030 4562 quam

2147 3280 2411 3352 judicium
2459 3281 2647 3338 fecerit
2690 3284 2738 3337 ei
2791 3281 3053 3337 Dominus
3094 3282 3163 3338 de
3209 3299 3382 3339 manu
3424 3283 3755 3339 inimicorum

2150 3374 2287 3444 ejus.
2326 3374 2409 3430 Ad
2439 3390 2600 3445 quem
2639 3372 2774 3429 Joab
2813 3371 2989 3428 dixit:
3020 3374 3135 3429 Non
3166 3377 3289 3430 eris
3327 3376 3557 3431 nuntius
3584 3375 3639 3431 iu
3667 3374 3759 3430 hac

2149 3468 2259 3537 die,
2296 3469 2393 3524 sed
2438 3466 2709 3524 nttnliabis
2753 3468 2808 3522 iu
2850 3468 2956 3522 alia
2987 3484 3001 3522 :
3036 3468 3203 3525 hodie
3237 3471 3376 3526 nolo
3410 3481 3465 3526 te
3496 3470 3755 3537 nuntiare,

2147 3560 2289 3616 ﬁlius
2332 3560 2475 3615 enim
2520 3561 2664 3629 regis
2714 3569 2799 3616 est
2840 3569 3114 3616 mortuus.
3150 3562 3222 3616 Et
3258 3564 3343 3617 ait
3380 3561 3523 3619 Joab
3550 3563 3714 3619 Chusi
3745 3581 3759 3618 :

2149 3650 2319 3719 Vade,
2368 3660 2423 3706 et
2470 3651 2657 3706 nuntia
2697 3653 2811 3724 regi
2855 3669 2976 3723 quae
3023 3654 3239 3709 vidisti.
3289 3655 3567 3712 Adoravit
3606 3656 3762 3712 Chusi

2144 3742 2300 3809 Joab,
2331 3756 2385 3800 et
2412 3747 2669 3801 cucurrit.
2705 3745 2944 3801 Rursum
2975 3757 3159 3803 autem
3187 3747 3470 3806 Ahimaas
3503 3750 3644 3806 ﬁlius
3675 3752 3766 3808 Sa-

2144 3840 2249 3896 doc
2277 3840 2415 3897 dixit
2443 3842 2580 3898 Joab
2606 3861 2619 3897 :
2648 3843 2785 3913 Quid
2827 3844 3054 3915 impedit
3092 3846 3138 3901 si
3180 3848 3361 3904 etiam
3409 3865 3516 3921 ego
3556 3865 3763 3906 curram

2144 3943 2262 4003 posl
2300 3932 2505 3989 Chusi?
2536 3933 2787 4006 Dixitque
2818 3937 2871 3991 ei
2908 3922 3085 3993 Joab:
3122 3938 3271 4004 Quid
3302 3941 3391 3996 vis
3420 3957 3670 4010 currere,
3698 3940 3767 3997 fili

2144 4030 2251 4083 mi?
2280 4046 2385 4085 non
2437 4032 2548 4086 eris
2594 4031 2717 4086 boni
2764 4032 2938 4087 nuntii
2986 4033 3226 4103 hajulus.
3279 4035 3390 4105 Qui
3444 4037 3764 4107 reSpondit:

2140 4122 2283 4190 Quid
2312 4125 2455 4180 enim
2481 4126 2524 4181 si
2548 4128 2875 4183 cucurrere?
2899 4135 2954 4184 et
2974 4128 3053 4183 ait
3072 4128 3121 4184 ei
3151 4128 3291 4201 [Με.
3321 4142 3430 4186 (ac.
3455 4132 3559 4205 ei}.
3580 4131 3768 4188 Curre.

2139 4214 2379 4273 Currens
2399 4233 2532 4289 ergo
2554 4218 2813 4275 Ahimaas
2842 4236 2942 4291 per
2965 4222 3105 4277 viam
3132 4226 3493 4294 compendii,
3527 4226 3772 4281 transivit

2140 4311 2329 4366 Chusi.
2366 4312 2532 4367 David
2567 4324 2750 4369 autem
2789 4313 3014 4369 sedebat
3054 4316 3193 4371 inter
3244 4317 3433 4377 duas:
3465 4320 3771 4391 speculator

2139 4422 2294 4475 vero,
2326 4408 2418 4478 qui
2448 4416 2567 4463 erat
2598 4410 2652 4463 in
2684 4410 2899 4481 fastigio
2944 4418 3117 4480 portat
3156 4426 3340 4482 super
3382 4431 3633 4484 murum,
3667 4415 3773 4470 ele-

2136 4516 2275 4557 vans
2321 4501 2531 4570 oculos,
2578 4502 2716 4558 vidit
2759 4502 3035 4560 hominem
3081 4518 3420 4563 currentem
3470 4509 3677 4565 solum.
3710 4509 3776 4565 Et

435 4594 490 4649 hi
535 4606 672 4665 quos
718 4596 1007 4646 voraverat
1046 4586 1257 4656 gladius
1289 4584 1342 4639 in
1384 4582 1474 4638 die
1505 4583 1617 4638 illo.
1651 4581 1736 4654 [Τ.
1771 4584 2027 4658 CXXIII.]

2154 4594 2446 4651 exclamans
2473 4595 2732 4651 indicavit
2764 4596 2901 4668 regi,
2938 4596 3183 4669 dixitque
3218 4614 3350 4655 rex.
3391 4602 3454 4657 Si
3487 4604 3645 4659 solus
3671 4612 3770 4668 est,

437 4685 649 4743 Accidit
685 4692 864 4739 autem
902 4689 963 4735 ut
992 4684 1309 4735 occurreret
1335 4675 1595 4732 Absalom
1625 4676 1800 4730 servis
1835 4676 2023 4745 David,

432 4780 630 4835 sedens
657 4775 838 4832 mulo:
864 4785 1097 4843 cumque
1120 4771 1398 4839 ingressus
1420 4768 1614 4823 fuisset
1641 4768 1821 4822 mulus
1842 4768 2028 4825 subter

432 4869 763 4926 condensam
792 4878 1053 4935 quercum
1083 4872 1137 4918 et
1165 4875 1438 4933 magnam,
1466 4859 1695 4914 adltmsit
1723 4861 2028 4931 caputeius

432 4962 676 5034 quercui,
728 4970 782 5016 ει
829 4959 924 5015 illo
969 4971 1238 5029 suSpenso
1283 4956 1427 5010 inter
1456 4955 1651 5009 etelum
1696 4964 1753 5009 et
1802 4964 2023 5024 terram,

500 5153 526 5181 ει
581 5139 884 5197 Prudenter
943 5139 1154 5195 monuit
1202 5152 1305 5193 nos
1354 5136 1414 5194 S.
1446 5136 1834 5211 Allieronymus
1876 5140 2020 5197 libro

431 5214 805 5282 Qumstiouum
856 5211 1243 5282 llehraicarum
1317 5207 1719 5282 inAGeuesini,
1765 5228 1911 5281 stupe
1964 5217 2016 5267 in

432 5280 712 5355 Scriptura
739 5298 935 5339 nomen
958 5280 1139 5337 Castra
1161 5283 1341 5355 locum
1366 5280 1693 5355 signiﬁcare,
1724 5298 1830 5337 non
1850 5280 2020 5338 exer-

429 5352 598 5415 eitum
629 5372 640 5407 :
675 5370 796 5408 cum
820 5357 962 5407 enim
985 5355 1053 5409 de
1069 5352 1419 5424 Angelis,qui
1446 5364 1803 5408 occurrerunt
1826 5355 2018 5421 .lacnb,

428 5432 750 5493 dissereret,
787 5426 901 5479 haec
948 5438 978 5478 a
1009 5425 1166 5480 nobis
1210 5426 1485 5480 observari
1538 5424 1729 5480 voluit.
1788 5424 1887 5480 Ubi
1937 5427 2018 5479 hic

429 5502 613 5558 Castra
642 5500 808 5570 posita
833 5505 1000 5570 sunt,_
1021 5498 1090 5570 ιη,
1125 5493 1347 5550 Ηεὺηεο
1407 5494 1557 5570 habet
1604 5494 1922 5570 Mahaaint:
1963 5509 2019 5551 ut

427 5566 678 5634 sciamus,
736 5569 781 5623 si
827 5567 1035 5635 quando
1074 5567 1483 5638 interpretatum
1507 5569 1565 5620 in
1592 5566 1698 5621 alio
1728 5570 1841 5622 loco
1872 5571 2015 5638 poni-

430 5656 535 5709 tur,
560 5657 710 5714 quem
737 5640 906 5714 loeum
932 5637 1204 5714 signiﬁcet.
1258 5638 1338 5693 De
1376 5637 1577 5714 eodem
1605 5654 1849 5714 _quoque
1874 5637 2010 5695 loco

428 5716 502 5773 ita
529 5709 769 5784 disputat
794 5710 961 5784 falsus
988 5709 1429 5784 llieronymusjn
1458 5724 1570 5764 sms
1605 5709 2010 5784 traditionibus

427 5777 709 5855 Hebraicis
732 5784 799 5842 ad
823 5783 1015 5842 librum
1039 5777 1336 5840 secundum
1360 5780 1561 5857 Regum
1589 5797 1602 5840 :
1626 5777 1794 5837 David
1816 5794 2006 5855 autem,

2137 4687 2311 4742 bonus
2339 4687 2419 4758 [h.
2450 4704 2557 4743 non
2582 4688 2766 4755 habet,
2800 4688 2994 4761 bonus]
3025 4701 3111 4744 est
3142 4693 3390 4748 nuntius
3418 4694 3474 4751 in
3504 4710 3608 4752 ore
3636 4696 3771 4767 ejus.

2135 4777 2471 4850 Properante
2518 4790 2702 4835 autem
2746 4780 2839 4836 illo
2894 4791 2949 4836 et
2994 4780 3308 4839 accedente
3354 4790 3617 4859 propius,
3648 4790 3777 4844 vidit

2133 4873 2448 4942 Speculator
2488 4872 2764 4930 hominem
2817 4874 3049 4930 alterum
3081 4886 3447 4945 currentem,
3483 4893 3546 4939 et
3574 4884 3777 4941 vocife-

2134 4980 2261 5021 rans
2302 4966 2359 5022 in
2403 4966 2665 5034 culmine,
2708 4968 2830 5025 ait:
2874 4970 3115 5039 Apparet
3164 4969 3315 5026 mihi
3368 4973 3548 5031 homo
3582 4991 3605 5018 ε
3639 4980 3778 5035 alter

2134 5142 2328 5229 inquit,
2360 5147 2572 5229 venit_in
2596 5157 2791 5229 castra.
2816 5169 2933 5225 qua:
2969 5154 3231 5210 Malmam
3267 5158 3573 5229 flebrm'ce
3600 5164 3781 5229 legun-

2133 5227 2225 5301 tur:
2238 5233 2256 5301 :-
2285 5221 2336 5269 in
2360 5233 2463 5301 quo
2491 5221 2603 5301 loco
2639 5221 2773 5301 οὑξιἱί
2814 5221 3019 5301 fuerunt
3046 5228 3227 5301 angeli
3254 5227 3369 5285 Dei
3391 5231 3573 5288 Jacob
3602 5252 3621 5290 :
3648 5221 3778 5289 sicut

2132 5290 2186 5341 in
2206 5290 2388 5369 genesi
2419 5290 2606 5369 legitunr
2625 5308 2645 5347 :
2694 5293 2762 5346 Et
2783 5290 3000 5369 jocobit
3031 5290 3196 5352 Jacob
3246 5318 3459 5359 nomen
3492 5308 3598 5361 loci
3625 5306 3781 5360 Malt-

2131 5362 2293 5427 naim,
2323 5362 2504 5439 id_es_t,
2552 5362 2751 5439 Castra.
2783 5366 3016 5424 Pulchre
3061 5370 3366 5439 igiturhic
3425 5380 3781 5433 concordant

2128 5443 2282 5511 vetus
2311 5433 2560 5511 acfalsus
2593 5435 2956 5511 Hieronymus
2981 5433 3106 5494 curri
3153 5442 3498 5504 seholiaste
3535 5448 3779 5504 Canonis

2128 5499 2409 5583 Ilebra'icte
2436 5507 2698 5583 veritatis,
2720 5499 2862 5579 quod
2888 5528 2997 5566 non
3019 5510 3117 5566 fuit
3144 5499 3782 5577 tacendu‘m'studiesis

2125 5570 2441 5628 lectoribus.
2474 5576 2654 5632 ΜΑιιτ.

2191 5643 2219 5682 ι)
2241 5642 2392 5724 idem
2426 5646 2620 5724 i_t_erum
2646 5650 2872 5708 Hebraeo
2898 5652 3163 5724 pressius,
3202 5660 3393 5714 omnis
3420 5662 3533 5716 vir.

2196 5714 2408 5808 f_'t‘aeet
2430 5717 2729 5782 Veronens.
2755 5740 2859 5783 ms.
2881 5714 3068 5782 vocem
3091 5714 3260 5796 alter,
3288 5714 3441 5805 quati
3456 5714 3784 5808 inillebrzco

2117 5798 2180 5841 \‘3
2189 5793 2294 5846 εει.
