4144 6364
282 347 386 408 649

1583 348 1788 410 LIBER
1824 350 1871 409 II
1908 349 2268 412 SAMUELIS.

3463 359 3631 421 650.

284 486 508 528 currens
537 470 705 527 solus.
740 469 990 544 Dixitque
1034 488 1173 531 rex:
1207 472 1275 530 Et
1302 472 1405 531 iste
1434 474 1611 531 bonus
1640 473 1717 546 [h.
1763 490 1870 530 non
1901 481 1951 540 Α
1979 473 2229 530 Surrexit
2256 487 2389 545 ergo
2414 488 2535 541 rex,
2558 482 2612 531 et
2637 473 2779 531 sedit
2809 474 2865 532 in
2894 483 3049 548 porta
3076 492 3089 532 :
3119 484 3174 534 et
3203 479 3347 534 omni
3370 483 3571 553 populo

286 564 446 621 habet
475 562 669 637 bonus]
696 575 780 622 est
809 567 1028 623 nuntius
1056 567 1134 641 [h.
1162 567 1342 623 Etiam
1382 576 1439 622 et
1473 567 1575 623 iste
1609 565 1874 639 nuntius].

284 659 602 729 Speculator
630 666 833 725 autem,
865 659 1237 731 Contemplor,
1269 660 1368 729 ait,
1397 675 1615 716 cursum
1657 658 1876 729 prioris,

287 752 443 823 quasi
492 767 709 808 cursum
740 754 998 810 Ahimaas
1037 754 1134 810 ﬁlii
1182 754 1381 810 Sadoc.
1418 754 1486 810 Et
1510 755 1587 811 ait
1614 769 1712 810 rex
1739 770 1754 810 :
1786 752 1881 810 Vir

287 844 461 901 bonus
490 854 594 911 est,
626 856 683 902 et
728 848 974 903 nuntium
1018 857 1243 920 portans
1282 848 1511 915 bonum,
1550 848 1719 905 venit.
1761 848 1881 903 Cla-

290 954 447 995 mans
469 949 647 996 autem
674 942 955 1009 Ahimaas,
981 942 1121 999 dixit
1139 942 1206 998 ad
1230 958 1411 1014 regem
1428 960 1444 1001 :
1462 943 1626 1000 Salve
1646 942 1725 1015 [h.
1749 940 1882 1014 Pax]

292 1041 317 1069 ³⁸
348 1048 467 1101 rex,
512 1042 568 1090 et
614 1035 848 1091 adorans
877 1051 1062 1107 regem
1092 1052 1275 1093 coram
1312 1052 1379 1094 eo
1419 1037 1497 1108 [h.
1539 1036 1659 1093 Non
1694 1035 1881 1103 habet,

290 1142 477 1182 coram
508 1125 596 1201 eo]
627 1144 835 1197 pronus
866 1128 922 1184 in
955 1140 1179 1197 terram,
1208 1130 1316 1188 ait:
1346 1128 1670 1186 Benedictus
1701 1129 1887 1184 Domi-

291 1236 394 1276 nus
420 1220 567 1277 Deus
600 1232 722 1279 tuus
756 1222 886 1296 [Μδ.
921 1234 1024 1280 ιασ.
1075 1222 1246 1299 tuus],
1275 1225 1365 1297 qui
1404 1224 1672 1281 conclusit
1708 1222 1887 1279 homi-

293 1330 409 1383 nes,
458 1315 553 1386 qui
599 1316 923 1372 levaverunt
966 1334 1160 1374 manus
1206 1333 1332 1375 suas
1379 1328 1564 1375 contra
1604 1318 1884 1375 dominum

293 1423 472 1465 meum
503 1424 708 1480 regem.
733 1408 897 1465 Etait
918 1426 1014 1467 rex
1039 1429 1055 1471 :
1083 1412 1249 1469 Estne
1268 1428 1373 1484 pax
1401 1426 1573 1485 puero
1597 1410 1889 1469 Absalom?

300 1503 553 1575 Dixitque
602 1505 900 1563 Ahimaas:
932 1504 1055 1563 Vidi
1101 1506 1388 1564 tumultum
1437 1522 1712 1578 magnum,
1765 1522 1891 1563 cum

303 1599 533 1654 mitteret
551 1600 693 1655 Joab
721 1615 917 1657 servus
944 1611 1091 1669 tuus,
1122 1618 1155 1658 ο
1186 1619 1307 1670 rex,
1338 1618 1426 1660 me
1452 1618 1673 1659 servum
1702 1611 1889 1659 tuum:

303 1693 482 1750 nescio
510 1693 655 1749 aliud
687 1694 766 1766 [h.
795 1694 969 1769 quid].
1003 1696 1085 1753 Ad
1116 1712 1273 1769 quem
1302 1712 1398 1753 rex
1422 1713 1438 1754 :
1469 1696 1683 1764 Transi,
1712 1695 1807 1763 ait,
1836 1702 1895 1752 et

294 1795 376 1843 sta
410 1787 522 1843 hic.
554 1785 795 1859 Cumque
836 1788 928 1844 ille
976 1792 1265 1845 transisset
1311 1788 1439 1863 [Ms.
1491 1788 1787 1861 transiret],
1837 1799 1895 1846 et

1982 570 2284 625 nuntiatum
2326 579 2411 624 est
2438 570 2580 641 quod
2620 586 2714 627 rex
2752 571 2965 627 sederet
3004 571 3057 627 in
3102 582 3253 642 porta
3280 591 3294 629 :
3318 576 3571 647 venitque

1984 664 2233 718 universa
2264 663 2553 719 multitudo
2581 662 2660 736 [h.
2696 665 2873 720 omnis
2904 665 3157 739 populus]
3189 683 3371 723 coram
3417 685 3576 740 rege:

1983 754 2153 812 Israel
2181 765 2360 811 autem
2399 756 2532 827 fugit
2563 758 2617 811 in
2660 755 3007 813 tabernacula
3048 774 3169 815 sua.
3201 759 3286 831 [T.
3314 759 3579 832 CXXVI]

1984 847 2172 904 Omnis
2218 864 2435 920 quoque
2480 848 2713 921 p0pulus
2758 849 3003 906 certabat
3055 850 3132 923 [h.
3180 851 3474 923 judicabat]
3522 853 3579 909 in

1986 944 2195 999 cunctis
2242 943 2491 999 tribubus
2536 942 2724 1010 Israel,
2755 944 2985 1002 dicens:
3018 946 3134 1002 Itex
3182 946 3432 1004 liberavit
3481 963 3581 1004 nos

1985 1036 2056 1092 de
2103 1051 2265 1092 manu
2306 1034 2648 1092 inimicorum
2689 1048 3025 1105 nostrorum,
3057 1039 3173 1110 ipse
3210 1040 3440 1096 salvavit
3480 1056 3582 1098 nos

1987 1128 2057 1183 de
2112 1144 2271 1183 manu
2329 1128 2801 1198 Pbilisthinorum,
2852 1138 2907 1185 et
2955 1144 3099 1185 nunc
3144 1129 3279 1202 fugit
3322 1130 3391 1187 de
3438 1140 3584 1188 terra

1988 1230 2213 1293 propter
2255 1220 2534 1277 Absalom.
2576 1221 2834 1278 Absalom
2876 1232 3088 1291 autem,
3130 1239 3290 1294 quem
3331 1226 3586 1283 unximus

1989 1329 2153 1385 super
2199 1329 2321 1382 nos,
2357 1325 2605 1370 mortuus
2643 1324 2727 1371 est
2768 1314 2821 1370 in
2852 1315 3031 1372 bello:
3067 1332 3346 1389 usquequo
3391 1319 3589 1389 siletis,

1991 1418 2047 1466 et
2084 1424 2193 1465 non
2241 1409 2501 1466 reducitis
2544 1411 2761 1483 regem?
2805 1409 2919 1465 Rex
2953 1427 3083 1467 vero
3123 1411 3292 1469 David
3333 1415 3483 1470 misit
3522 1417 3591 1472 ad

1991 1502 2171 1559 Sadoc
2214 1511 2271 1560 et
2311 1504 2379 1559 ad
2431 1503 2697 1559 Abiathar
2747 1506 3095 1571 sacerdotes,
3127 1504 3361 1562 dicens:
3394 1506 3597 1579 Loqui-

1992 1598 2125 1654 mini
2171 1598 2238 1653 ad
2276 1600 2515 1669 majores
2556 1609 2686 1654 natu
2729 1598 2900 1665 Juda;
2931 1599 3215 1657 dicentes:
3247 1602 3356 1658 Cur
3396 1605 3593 1661 venitis

1994 1691 2124 1765 [Ms.
2166 1691 2416 1765 venistis]
2460 1692 2745 1749 novissimi
2790 1693 2857 1748 ad
2899 1694 3271 1750 reducendum
3318 1712 3499 1768 regem
3542 1699 3599 1755 in

1994 1787 2215 1845 domum
2244 1788 2430 1843 suam?
2457 1788 2677 1859 (Sermo
2715 1797 2895 1844 autem
2937 1789 3113 1845 omnis
3142 1789 3307 1846 Israel
3350 1796 3599 1861 pervenit

297 1889 489 1949 staret,
526 1882 778 1952 apparuit
807 1880 997 1952 Chusi,
1036 1894 1091 1940 et
1138 1886 1364 1940 veniens
1408 1885 1520 1940 ait:
1549 1885 1758 1939 Bonum
1796 1901 1892 1956 ap-
1920 1876 1968 1936 B
1997 1880 2125 1953 [Με.
2157 1891 2204 1935 et
2244 1880 2399 1952 Vulg.
2433 1880 2779 1953 pervenerat]
2818 1880 2885 1937 ad
2922 1898 3107 1953 regem
3154 1884 3209 1938 in
3240 1884 3405 1939 domo
3431 1884 3599 1957 ejus.)

295 1983 456 2047 porto
494 1978 765 2045 nuntium,
794 1977 1013 2033 domine
1044 1977 1116 2033 mi
1149 1993 1281 2033 rex:
1308 1977 1573 2049 judicavit
1607 1979 1753 2034 enim
1796 1994 1894 2049 pro

296 2078 349 2124 le
374 2068 639 2124 Dominus
670 2070 831 2126 hodie
856 2070 925 2126 de
948 2086 1109 2126 manu
1140 2071 1384 2127 omnium
1418 2074 1508 2142 qui
1537 2081 1897 2128 surrexerunt

294 2172 486 2219 contra
502 2173 573 2219 te.
593 2148 951 2236 [T.CXXIV.]
970 2164 1114 2220 Dixit
1130 2174 1313 2222 autem
1327 2181 1421 2221 rex
1435 2165 1501 2221 ad
1513 2164 1709 2221 Cbusi:
1732 2165 1897 2221 Estne

295 2272 402 2327 pax
432 2271 600 2326 puero
624 2258 917 2314 Absalom?
956 2256 1055 2313 Cui
1094 2258 1431 2329 respondens
1460 2260 1627 2316 Cbusi
1661 2277 1676 2315 :
1703 2258 1893 2326 Fiant,

296 2348 495 2421 inquit,
519 2350 661 2407 sicut
682 2365 818 2423 puer
838 2350 889 2420 ι’,
919 2351 1123 2407 inimici
1145 2352 1349 2407 domini
1373 2353 1479 2409 mei
1500 2353 1666 2424 regis,
1695 2361 1749 2409 et
1777 2352 1893 2407 uni-

296 2446 469 2513 versi,
498 2445 590 2517 qui
614 2455 952 2517 consurgunt
977 2446 1238 2502 adversus
1259 2461 1383 2502 eum
1412 2446 1466 2502 in
1499 2446 1722 2501 malum.
1754 2446 1898 2502 Con—

296 2540 544 2595 tristatus
586 2540 768 2610 itaque
811 2554 907 2596 rex
939 2539 1189 2596 ascendit
1216 2540 1556 2596 caenaculum
1595 2549 1795 2611 portae,
1845 2548 1899 2596 et

298 2632 476 2689 ﬂevit.
511 2632 580 2688 Et
608 2634 687 2689 sic
716 2633 1061 2706 loquebatur,
1098 2634 1334 2693 vadens;
1367 2634 1470 2689 Fili
1508 2634 1580 2689 mi
1616 2634 1897 2701 Absalom,

300 2725 383 2781 ﬁli
424 2726 498 2781 mi
534 2726 829 2783 Ahsalom:
862 2728 983 2799 quis
1023 2726 1156 2783 mihi
1199 2727 1425 2793 tribuat,
1460 2736 1520 2781 ut
1558 2742 1659 2798 ego
1698 2728 1899 2783 moriar

301 2836 405 2890 pro
428 2829 499 2888 te,
532 2822 787 2877 Absalom
820 2824 895 2877 fili
928 2823 1024 2890 mi,
1059 2823 1133 2877 ﬁli
1163 2823 1237 2877 mi
1269 2832 1291 2860 ο
1323 2821 1625 2877 Absalom!

372 2914 522 2987 [Cap.
556 2914 725 2988 XIX]
763 2916 1081 2972 Nuntiatum
1109 2926 1193 2972 est
1224 2926 1405 2972 autem
1435 2915 1594 2984 Joah,
1624 2914 1772 2986 quod
1806 2930 1900 2971 rex

299 3007 475 3076 ﬁeret,
507 3018 566 3064 et
600 3008 811 3081 lugeret
854 3010 1027 3065 ﬁlium
1070 3026 1227 3066 suum
1272 3009 1347 3083 [h.
1395 3019 1451 3065 et
1497 3010 1707 3080 lugeret
1749 3024 1903 3079 super

304 3099 573 3174 Absalon],
606 3112 662 3159 et
686 3118 843 3158 versa
871 3114 955 3159 est
984 3104 1213 3159 victoria
1243 3103 1319 3174 [h.
1369 3102 1535 3174 salus]
1582 3104 1636 3157 in
1683 3102 1773 3156 die
1812 3101 1903 3157 illa

308 3196 359 3251 in
382 3197 587 3253 luctum
612 3198 764 3253 omni
793 3199 994 3270 p0pulo
1019 3215 1035 3255 :
1061 3198 1268 3253 audivit
1293 3198 1439 3254 enim
1470 3196 1701 3268 populus
1732 3196 1786 3249 in
1814 3193 1904 3249 die

1998 1973 2220 2029 Fratres
2254 1972 2359 2028 mei
2396 1988 2515 2041 vos,
2548 1989 2609 2029 os
2641 1988 2844 2041 meum,
2880 1983 2936 2030 et
2970 1990 3097 2031 caro
3130 1991 3249 2032 mea
3279 1992 3398 2046 vos,
3433 1992 3603 2047 quare

2000 2066 2280 2122 novissimi
2309 2066 2566 2122 reducitis
2594 2067 2812 2138 regem?
2835 2066 2903 2122 Et
2933 2068 3149 2122 Amasa:
3179 2069 3346 2125 dicite
3370 2087 3384 2124 :
3410 2068 3605 2127 Nonne

1996 2176 2060 2218 os
2081 2176 2261 2217 meum
2289 2176 2370 2229 es,
2402 2169 2457 2218 et
2478 2177 2608 2217 caro
2637 2177 2755 2216 mea
2782 2159 2946 2234 [Vulg
2975 2162 3101 2217 add.
3135 2162 3216 2235 es]
3237 2164 3259 2217 ?
3284 2164 3410 2220 Ilaec
3436 2166 3603 2221 faciat

2000 2254 2133 2310 mihi
2175 2255 2347 2322 Deus,
2389 2264 2445 2312 et
2487 2255 2603 2311 htec
2640 2253 2823 2322 addat,
2870 2258 2917 2310 si
2950 2270 3058 2311 non
3102 2256 3356 2327 magister
3397 2258 3605 2312 militim

2000 2348 2170 2404 fueris
2204 2364 2389 2405 coram
2424 2365 2511 2405 me
2541 2348 2691 2405 omni
2720 2358 2965 2420 tempore
2996 2349 3075 2423 [h.
3108 2352 3363 2409 omnibus
3393 2351 3607 2421 diebus]

2000 2458 2100 2513 pro
2126 2441 2283 2498 Joah.
2314 2444 2381 2498 Et
2409 2443 2689 2499 inclinavit
2726 2459 2822 2499 cor
2868 2444 3113 2500 omnium
3158 2446 3402 2501 virorum
3444 2446 3607 2513 Juda,

2001 2536 2156 2607 quasi
2185 2537 2291 2592 viri
2326 2536 2529 2592 unius:
2562 2537 2935 2607 miseruntque
2965 2536 3039 2592 ad
3080 2553 3287 2609 regem,
3322 2539 3607 2598 dicentes:

2002 2630 2301 2688 Revertere
2337 2640 2417 2698 tu,
2452 2640 2508 2688 et
2544 2646 2737 2687 omnes
2777 2631 2923 2687 servi
2972 2631 3072 2687 tui.
3120 2633 3189 2688 Et
3229 2649 3483 2691 reversus
3524 2644 3612 2690 est

2002 2743 2103 2785 rex
2133 2736 2187 2783 et
2201 2727 2349 2784 venit
2377 2742 2548 2799 usque
2575 2727 2643 2782 ad
2678 2726 2997 2793 Iordanem,
3028 2736 3083 2783 et
3113 2727 3300 2800 [,Vulg.
3333 2729 3460 2783 add.
3493 2744 3611 2786 om-

2006 2819 2113 2893 nis]
2144 2820 2284 2876 Juda
2317 2821 2469 2876 venit
2513 2820 2567 2875 in
2613 2819 2860 2890 Galgala,
2914 2830 2972 2874 ut
3016 2831 3337 2877 occurreret
3382 2823 3520 2894 regi,
3562 2832 3618 2879 et

2006 2915 2387 2972 transduceret
2407 2930 2529 2970 eum
2552 2914 2875 2970 Jordanem.
2899 2914 3205 2971 Festinavit
3224 2926 3406 2973 autem
3431 2918 3614 2975 Semei

2005 3010 2152 3067 ﬁlius
2180 3010 2319 3067 Gera
2352 3010 2449 3065 ﬁlii
2475 3008 2672 3066 Jemini
2702 3008 2772 3065 de
2799 3008 3081 3077 Bahurim,
3104 3018 3160 3066 et
3190 3010 3471 3069 descendit
3488 3028 3613 3068 cum

2005 3102 2141 3158 viris
2170 3101 2307 3158 Juda
2334 3105 2390 3157 in
2419 3117 2706 3158 occursum
2736 3102 2881 3171 regis
2911 3100 3082 3157 David
3120 3117 3242 3159 cum
3287 3105 3439 3162 mille
3479 3106 3612 3162 viris

2007 3195 2078 3251 de
2118 3196 2420 3266 Benjamin,
2454 3205 2510 3252 et
2547 3196 2681 3251 Siba
2721 3211 2852 3264 puer
2883 3193 2950 3248 de
2978 3194 3143 3250 domo
3176 3197 3331 3264 Saul,
3368 3206 3423 3253 et
3456 3200 3613 3269 quin-

304 3290 389 3345 illa
414 3290 524 3346 dici
549 3308 565 3346 z
592 3290 754 3347 Dolet
798 3308 896 3347 rex
938 3306 1103 3361 super
1151 3290 1261 3346 filio
1302 3305 1423 3346 suo.
1474 3290 1541 3345 Et
1586 3288 1897 3344 declinabat
1926 3274 1973 3341 C
2003 3289 2182 3345 decim
2218 3290 2312 3344 lilii
2350 3290 2491 3360 ejus,
2515 3304 2580 3346 ac
2616 3288 2804 3359 viginti
2830 3287 2973 3343 servi
3005 3298 3147 3343 erant
3182 3290 3261 3363 [h.
3284 3306 3393 3346 non
3416 3290 3609 3363 habet]

300 3385 537 3455 populus
566 3386 617 3440 in
645 3384 735 3442 die
758 3385 849 3441 illa
878 3385 1086 3457 ingredi
1112 3386 1411 3454 civitatem,
1440 3382 1709 3454 quomodo
1733 3382 1899 3437 decli-

302 3490 443 3532 nare
478 3477 617 3533 solet
656 3478 889 3550 populus
929 3493 1126 3535 versus
1156 3477 1282 3550 [Ms.
1316 3476 1566 3549 aversus]
1598 3486 1652 3531 et
1692 3476 1899 3546 fugiens

298 3568 371 3625 de
414 3569 619 3640 praelia.
677 3570 762 3643 [T.
815 3570 1053 3645 CXXV.]
1102 3572 1279 3627 Porro
1332 3585 1425 3627 rex
1479 3570 1695 3641 operuit
1739 3577 1901 3639 caput

296 3678 483 3730 suum,
522 3672 579 3719 et
617 3664 887 3720 clamabat
923 3681 1059 3723 voce
1088 3680 1283 3738 magna
1315 3682 1330 3721 :
1362 3665 1463 3721 Fili
1497 3665 1574 3720 mi
1617 3664 1896 3731 Absalom,

294 3754 561 3813 “malum
593 3757 668 3812 ﬁli
694 3758 790 3826 mi,
816 3759 891 3813 ﬁli
910 3760 978 3813 mi
1004 3760 1013 3830 Ι
1037 3758 1188 3833 Vulg.
1214 3768 1319 3813 lac.
1353 3760 1429 3814 fili
1457 3757 1587 3831 mi]!
1619 3756 1899 3833 Ingressus

292 3865 433 3922 ergo
478 3851 619 3907 Joab
664 3851 732 3907 ad
772 3867 955 3924 regem
1002 3853 1057 3908 in
1101 3852 1342 3921 domum,
1386 3851 1563 3907 dixit:
1596 3850 1899 3907 Confudisti

293 3943 467 4001 hodie
498 3945 681 4001 vultus
711 3945 956 4001 omnium
985 3959 1266 4000 servorum
1300 3953 1538 4011 tuorum,
1572 3943 1665 4016 qui
1694 3944 1899 3998 salvam

293 4038 547 4094 fecerunt
568 4037 649 4109 [h.
682 4040 772 4109 qui
803 4038 1089 4113 eruerunt]
1114 4040 1350 4095 animam
1378 4049 1546 4109 tuam,
1580 4047 1635 4093 et
1662 4038 1899 4092 animam

294 4133 539 4189 ﬁliorum
564 4143 805 4201 tuorum,
828 4142 885 4188 et
911 4133 1139 4188 ﬁliarum
1158 4143 1392 4203 tuarum,
1416 4142 1473 4189 et
1500 4134 1738 4188 animam
1766 4146 1900 4187 uxo-

296 4242 421 4281 rum
453 4235 690 4294 tuarum,
726 4237 780 4282 et
809 4226 1046 4282 animam
1075 4226 1504 4283 concubinarum
1539 4236 1771 4281 tuarum.
1807 4224 1898 4280 Di-

300 4319 422 4391 ligis
470 4319 596 4392 [Ms.
626 4320 865 4391 Diligens
908 4330 957 4374 et
1003 4320 1130 4377 odio
1178 4319 1404 4393 habens]
1436 4320 1687 4377 odientes
1726 4327 1801 4388 te,
1844 4327 1901 4375 et

296 4418 431 4473 odio
479 4417 648 4475 habes
691 4418 979 4489 diligentes
1022 4428 1096 4485 te,
1128 4426 1182 4474 et
1222 4417 1509 4474 ostendisti
1556 4417 1743 4485 hodie,
1774 4415 1898 4485 quia

293 4528 411 4568 non
442 4528 606 4568 curas
629 4513 696 4569 de
723 4513 955 4570 ducibus
982 4515 1111 4579 tuis,
1139 4523 1192 4568 et
1218 4512 1287 4568 de
1315 4512 1489 4568 servis
1521 4513 1624 4567 tuis
1653 4510 1733 4583 [h.
1766 4525 1901 4565 nun-

292 4608 451 4662 tiasti
480 4606 632 4661 hodie
659 4611 784 4677 quia
816 4624 922 4664 non
951 4609 1061 4663 sint
1089 4608 1181 4663 tibi
1210 4608 1364 4663 duces
1385 4616 1431 4663 et
1462 4606 1654 4679 servi],
1691 4615 1747 4660 et
1769 4621 1896 4661 vere

2003 3396 2130 3437 cum
2160 3396 2248 3450 eo,
2274 3390 2329 3437 et
2357 3382 2721 3452 irrumpentes
2746 3377 3064 3448 Iordanem,
3084 3389 3209 3438 ante
3234 3398 3415 3455 regem
3434 3391 3610 3439 trans-

2002 3477 2183 3533 ierunt
2222 3474 2354 3530 vada
2379 3483 2469 3540 ,ut
2503 3474 2917 3531 transducerent
2947 3478 3165 3533 domum
3192 3478 3358 3547 regis,
3389 3486 3442 3534 et
3468 3478 3612 3535 face-

2003 3576 2124 3625 rent
2138 3568 2289 3637 juxta
2304 3567 2610 3637 jussionem
2628 3568 2745 3637 ejus
2769 3566 2859 3639 [h.
2878 3574 3039 3645 juxta
3055 3569 3194 3640 quod
3209 3570 3395 3626 bonum
3409 3572 3466 3627 in
3493 3589 3611 3628 ocu-

2004 3662 2067 3719 lis
2108 3660 2266 3735 regis]
2290 3662 2400 3736 [.T.
2431 3656 2714 3734 CXXVII]
2740 3662 2926 3719 Semei
2956 3672 3137 3720 autem
3153 3664 3451 3723 ﬁliusGera
3480 3682 3609 3738 pro-

2004 3768 2209 3816 stratus
2236 3772 2418 3813 coram
2441 3772 2591 3828 rege,
2612 3772 2733 3812 cum
2764 3754 2792 3794 ἀ
2816 3759 3098 3816 transisset
3120 3759 3413 3817 Iordanem
3432 3802 3449 3829 ,
3472 3762 3611 3817 dixit

2005 3856 2073 3911 ad
2118 3874 2240 3913 eum
2268 3873 2283 3913 :
2308 3853 2396 3912 Ne’
2424 3862 2645 3924 reputes
2672 3851 2828 3921 mihi,
2851 3853 3073 3910 domine
3102 3854 3210 3921 mi,
3238 3853 3604 3927 iniquitatem,

2004 3965 2180 4021 neque
2203 3947 2523 4005 memineris
2558 3947 2880 4017 injuriarum
2915 3947 3046 4019 [Ms.
3072 3946 3503 4019 injuriam]servi
3536 3950 3611 4006 tui

2005 4041 2058 4097 in
2087 4042 2198 4109 die,
2229 4055 2342 4112 qua
2369 4055 2625 4112 egressus
2666 4054 2748 4107 es,
2775 4040 2996 4096 domine
3026 4041 3102 4095 rni
3131 4055 3253 4106 rex,
3285 4040 3353 4097 de
3388 4043 3610 4099 Jerusa-

2002 4137 2134 4205 lem,
2170 4150 2345 4206 neque
2377 4148 2572 4205 ponas,
2599 4148 2714 4201 rex,
2752 4134 2805 4187 in
2846 4133 3014 4189 corde
3046 4145 3161 4189 tuo.
3190 4136 3440 4205 Agnosco
3465 4138 3609 4193 enim

2003 4243 2197 4285 servus
2242 4238 2366 4283 tuus
2415 4236 2697 4298 peccatum
2731 4240 2934 4295 meum,
2969 4234 3026 4281 et
3059 4226 3263 4282 idcirco
3293 4227 3460 4284 hodie
3498 4231 3613 4300 pri-

2003 4338 2126 4378 mus
2164 4321 2292 4377 veni
2337 4320 2403 4375 de
2450 4319 2598 4373 omni
2637 4317 2767 4389 (Ms.
2801 4327 2904 4373 tae.
2954 4318 3124 4390 omni]
3174 4318 3337 4374 domo
3383 4320 3607 4391 Josepb,

2003 4416 2372 4485 descendique
2398 4413 2454 4468 in
2477 4428 2763 4467 occursum
2789 4412 2997 4468 domini
3028 4414 3134 4468 mei
3166 4414 3332 4483 regis.
3362 4414 3609 4486 Respon-

2004 4510 2141 4566 dens
2168 4523 2297 4564 vero
2327 4506 2515 4562 Abisai
2554 4504 2697 4559 ﬁlius
2732 4505 2955 4572 Sarviae,
2986 4504 3124 4560 dixit
3156 4522 3171 4559 :
3203 4505 3472 4578 Numquid
3509 4525 3607 4580 pro

2008 4604 2093 4659 his
2135 4604 2213 4677 [h.
2261 4610 2483 4672 prapter
2530 4598 2652 4670 hoc]
2702 4599 2883 4655 verbis
2933 4614 3041 4653 non
3092 4598 3370 4655 occidetur
3402 4602 3604 4672 Semei,

290 4699 538 4768 cngnovi
565 4699 746 4766 modo,
777 4701 900 4768 quia
935 4702 980 4756 si
1012 4701 1270 4755 Absalom
1296 4702 1523 4766 viveret,
1557 4708 1614 4755 et
1644 4715 1739 4755 nos
1777 4714 1902 4753 om.
1928 4684 1985 4746 D
2010 4696 2134 4768 quia
2174 4693 2459 4749 maledixit
2484 4692 2702 4747 Christo
2736 4691 2983 4745 Domini?
3013 4691 3080 4746 Et
3108 4691 3183 4745 ait
3217 4691 3385 4749 David
3419 4712 3435 4753 :
3465 4694 3606 4764 Quid

296 4805 409 4847 nes
458 4791 920 4860 oceubuissemus,
967 4803 1095 4850 tunc
1141 4794 1381 4863 placeret
1409 4795 1499 4849 tibi
1531 4793 1608 4865 [h.
1643 4794 1696 4847 in
1728 4792 1902 4848 oculis

299 4880 462 4953 tuis].
499 4881 652 4938 Nunc
699 4884 863 4954 igitur
911 4900 1095 4955 surge,
1137 4895 1191 4941 et
1234 4887 1487 4957 procede,
1527 4895 1581 4941 et
1619 4885 1902 4956 alloquens

300 4975 531 5035 satisfac
574 4977 749 5034 servis
785 4978 893 5034 tuis
923 5000 939 5036 :
964 4980 1091 5049 juro
1138 4982 1280 5035 enim
1331 4982 1425 5037 tibi
1476 4998 1573 5053 per
1615 4981 1901 5037 Dominum

304 5071 389 5143 [h.
416 5071 599 5140 juravi
629 5074 766 5127 enim
808 5074 865 5127 in
898 5072 1229 5145 Dominum],
1262 5076 1403 5145 quod
1447 5076 1494 5131 si
1532 5091 1640 5131 non
1680 5076 1900 5141 exieris,

305 5180 379 5221 ne
410 5180 550 5220 unus
580 5166 798 5236 quidem
844 5182 1197 5223 remansuros
1226 5168 1297 5222 sit
1342 5177 1521 5224 tecum
1567 5179 1726 5225 nocte
1754 5169 1855 5224 hac
1884 5187 1898 5224 :

306 5266 365 5312 et
396 5256 552 5329 pejus
584 5257 688 5315 hoc
717 5259 813 5315 tibi
838 5260 963 5327 erit,
994 5276 1155 5331 quam
1194 5261 1373 5316 omnia
1410 5262 1553 5318 mala
1582 5279 1702 5333 quae
1730 5279 1902 5319 vene-

307 5359 440 5406 runt
475 5365 641 5423 super
665 5361 740 5421 te,
766 5352 835 5409 ah
858 5352 1223 5409 adolescentia
1247 5361 1339 5409 tua
1362 5369 1533 5425 usque
1556 5354 1610 5410 in
1640 5370 1898 5427 praesens.

384 5524 410 5553 ι
443 5515 549 5594 _l_Iic
585 5529 800 5588 quoque
827 5516 1308 5594 tacet_idem_ms.,
1352 5535 1466 5588 rex,
1513 5520 1655 5594 quod
1700 5535 1897 5578 nomen

309 5601 411 5643 nec
443 5586 699 5643 Hebraeus
714 5586 903 5645 textus
934 5589 1023 5646 hic
1051 5590 1220 5646 addit.

311 5656 549 5784 “Laio
569 5674 700 5716 vero
723 5661 843 5732 plus
866 5660 1092 5718 Hebraeo
1118 5662 1281 5720 habet
1301 5662 1603 5722 Veronens.
1630 5666 1754 5722 cod.
1777 5682 1903 5736 puer

508 5748 579 5784 m.

508 5748 579 5786 m.

385 5833 411 5865 ο
449 5823 567 5880 Non
614 5829 812 5896 repetit
858 5845 960 5885 ms.
1010 5830 1310 5888 \‘eronens.
1359 5849 1563 5893 nomen
1608 5833 1851 5891 Absalom
1883 5848 1903 5888 :

311 5897 616 5954 rectissime
640 5899 709 5953 ad
740 5900 1025 5956 Hebraeum
1061 5912 1291 5961 textum.

594 5992 867 6060 Pareat.
913 5994 1213 6061 XXVIII.

2010 4790 2167 4855 mihi,
2193 4798 2249 4844 et
2276 4787 2450 4857 vobis,
2481 4786 2576 4840 filii
2606 4786 2846 4841 Sarvite?
2873 4802 2969 4840 cur
2989 4784 3302 4841 efﬁciamini
3334 4786 3413 4861 [h.
3442 4792 3606 4863 erilis]

2008 4885 2144 4944 mihi
2168 4883 2329 4940 hodie
2352 4884 2404 4939 in
2434 4881 2621 4938 satan?
2645 4895 2852 4951 ergone
2874 4879 3041 4936 hodie
3068 4880 3422 4939 interficielur
3445 4886 3527 4941 vir
3548 4886 3607 4943 in

2012 4979 2215 5037 Israel?
2255 4994 2326 5033 an
2370 4980 2560 5048 ignoro
2600 4974 2680 5048 [h.
2733 4974 2868 5040 Quia
2913 4992 3082 5030 nonne
3128 4975 3263 5049 novi]
3315 4977 3475 5037 hodie
3520 4998 3609 5040 me

2010 5074 2211 5129 factum
2250 5085 2432 5143 regem
2466 5085 2631 5140 super
2657 5068 2858 5125 Israel?
2890 5069 2958 5123 Et
2993 5069 3066 5123 ait
3097 5083 3198 5125 rex
3238 5070 3415 5128 Semei
3441 5091 3457 5131 :
3488 5075 3608 5135 Non

2012 5164 2289 5223 morieris.
2316 5162 2633 5233 .Iuravitque
2681 5162 2754 5217 ei.
2799 5159 3163 5231 Miphihoseth
3194 5178 3406 5233 quoque
3434 5166 3609 5226 Filius

2009 5261 2139 5318 Saul
2183 5256 2467 5315 descendit
2504 5257 2560 5311 in
2596 5270 2882 5312 occursum
2925 5256 3094 5326 regis,
3130 5266 3154 5294 ο
3184 5258 3351 5316 illatis
3379 5262 3607 5332 pedibus

2012 5354 2095 5426 [h.
2143 5351 2373 5425 pedibus
2420 5348 2685 5420 infectis],
2728 5357 2784 5405 et
2834 5348 3049 5406 intonsa
3085 5349 3289 5408 barba:
3320 5365 3607 5431 vestesque

2081 5520 2107 5558 d
2143 5521 2295 5594 Idem
2324 5535 2428 5576 ms.
2455 5527 2513 5574 et
2532 5517 2763 5594 Vulgati,
2788 5535 2907 5575 cum
2920 5522 3037 5594 jam
3062 5524 3347 5594 transisset,
3378 5536 3483 5584 etc.

2086 5602 2111 5630 °
2133 5593 2363 5647 Pedibus
2382 5594 2606 5663 infectis,
2636 5590 2689 5646 id
2713 5601 2819 5656 est,
2845 5590 2945 5645 non
2969 5592 3143 5661 factis,
3172 5590 3467 5654 secundum
3499 5602 3605 5657 He-

2012 5687 2253 5763 braicatn
2284 5684 2525 5754 plirasim
2553 5668 2700 5745 1’53'1
2751 5692 2879 5763 nm;
2916 5668 3041 5748 N51.
3101 5688 3209 5763 velo
3258 5706 3348 5743 asa
3387 5694 3597 5763 raglau,

2016 5757 2157 5829 quod
2182 5758 2593 5829 interpretatur,
2624 5764 2670 5809 et
2707 5772 2812 5829 non
2848 5756 3043 5829 fecerat
3073 5758 3228 5828 pedes
3278 5776 3417 5816 suos.
3450 5756 3603 5821 Unde

2018 5826 2225 5885 Auctor
2248 5830 2446 5897 saepius
2467 5826 2719 5882 laudatus
2739 5826 3109 5895 Qumstionum
3142 5829 3523 5890 IIebraicarnm
3550 5840 3602 5892 in

2022 5902 2193 5960 libros
2219 5900 2448 5973 Regum,
2483 5915 2591 5958 non
2622 5899 2915 5972 incongrue
2959 5900 3137 5955 aiebat
3170 5918 3182 5955 :
3230 5900 3293 5956 Et
3320 5909 3601 5966 notandum

3010 5990 3082 6053 21
