4144 6364
328 365 442 423 633

1626 366 1832 424 LIBER
1874 367 1919 424 ll
1957 364 2325 426 SAMUELIS.

3514 369 3621 428 654

326 481 478 536 Iilius
503 479 696 537 Bochri
726 497 885 553 quam
910 482 1167 539 Absalom
1198 499 1209 535 :
1244 480 1373 537 tolle
1414 480 1576 553 igitur
1600 496 1789 539 servos
1830 483 1928 539 do-
1953 484 2003 546 A
2030 481 2204 540 Joab?
2240 483 2304 538 Et
2356 483 2450 539 ille
2488 481 2771 554 respondit
2803 502 2816 538 :
2850 484 2984 557 Ego.
3016 483 3098 541 Ad
3138 499 3297 556 quem
3337 485 3415 541 sic
3445 486 3621 542 locuta

325 575 463 629 mini
491 573 604 643 tui,
638 584 693 629 et
719 591 1047 647 persequere
1078 582 1202 647 post
1239 575 1389 630 illum
1418 572 1605 647 ]Vulg.
1649 574 1792 646 eum]
1815 616 1831 642 ,
1863 589 1932 630 ne

326 666 475 722 forte
524 668 767 722 inveniat
819 669 1065 724 civitates
1110 667 1386 731 munitas,
1435 676 1493 722 et
1541 666 1760 737 effugiat
1810 682 1929 721 nos.

326 761 555 833 Egressi
604 773 729 817 sunt
761 777 891 834 ergo
923 778 1043 818 cum
1088 777 1155 818 eo
1188 761 1288 817 viri
1320 762 1478 832 Joab,
1512 759 1773 817 Clteretlti
1801 776 1937 832 quo-

330 869 444 924 que
476 862 531 909 et
556 852 802 908 Pbeletbi
822 898 835 920 ,
865 864 917 909 et
942 870 1131 910 omnes
1158 854 1367 910 robusti
1400 854 1655 911 exierunt
1684 855 1750 909 de
1775 854 1935 910 Jeru-

328 948 507 1002 salem
531 946 597 1002 ad
626 949 1061 1020 persequendum
1089 949 1229 1007 Seba
1253 950 1419 1005 ﬁlium
1446 949 1662 1005 Bochri.
1694 946 1939 1018 Cumque

325 1041 419 1097 illi
452 1052 636 1098 essent
654 1043 806 1112 juxta
836 1043 1070 1115 lapidem
1090 1042 1373 1115 grandem,
1400 1028 1493 1115 qui
1517 1044 1671 1099 estin
1694 1043 1936 1109 Gabaon,

332 1138 538 1190 Amasa
573 1137 797 1190 veniens
842 1138 1079 1191 occurrit
1130 1138 1209 1191 eis
1243 1135 1323 1205 [h.
1374 1138 1569 1191 Amasa
1624 1136 1849 1192 veniens
1874 1135 1941 1189 ad

330 1227 534 1283 ‘laciem
564 1227 806 1284 illorum.
835 1242 857 1266 ἀ
882 1230 1066 1285 Nostri
1094 1230 1333 1299 codices,
1364 1231 1565 1286 Amasa
1595 1230 1822 1285 veniens
1844 1244 1939 1283 oc-

334 1321 513 1375 currit
543 1320 666 1392 eis].
698 1322 865 1378 Porro
894 1322 1028 1378 Joab
1051 1324 1277 1379 vestitus
1302 1332 1419 1378 erat
1441 1325 1621 1379 tunica
1651 1324 1840 1378 stricta
1867 1324 1934 1380 ad

338 1430 657 1470 mensuram
688 1415 907 1472 habitus
936 1418 1018 1471 sui
1045 1459 1058 1481 ,
1108 1428 1163 1473 et
1189 1418 1426 1486 desuper
1454 1417 1731 1472 accinctus
1760 1416 1941 1487 gladio

343 1507 689 1580 dependente
722 1526 893 1582 usque
920 1512 987 1566 ad
1019 1511 1144 1577 ilia,
1180 1511 1237 1566 in
1268 1513 1460 1584 vagina
1485 1554 1500 1579 ,
1532 1511 1626 1583 qui
1654 1511 1680 1550 δ
1715 1510 1948 1567 fabrica-

352 1614 435 1658 tus
487 1602 597 1658 levi
644 1614 794 1657 motu
846 1605 1029 1675 egredi
1084 1613 1331 1676 poterat,
1376 1618 1428 1662 et
1456 1616 1764 1677 percutere.
1799 1604 1948 1660 Dixit

350 1695 535 1765 itaque
566 1696 702 1753 Joab
731 1697 796 1752 ad
826 1700 1076 1754 Amasam
1109 1718 1122 1753 :
1149 1700 1313 1756 Salve
1339 1743 1354 1767 ,
1406 1701 1478 1755 mi
1523 1700 1688 1755 frater
1719 1698 1798 1773 [h.
1836 1701 1944 1755 Pax

348 1790 481 1856 tibi,
507 1788 717 1862 frater].
744 1790 813 1845 Et
836 1793 1014 1847 tenuit
1036 1808 1194 1847 manu
1221 1794 1442 1848 dextera
1473 1806 1711 1847 mcntmn
1741 1791 1953 1847 Amasa:

2036 585 2119 630 est
2150 594 2162 629 :
2197 574 2281 648 [T.
2315 574 2577 649 CXXXH
2608 576 2744 632 Audi
2776 591 3060 634 sermones
3103 578 3318 633 ancillae
3363 589 3489 635 tum.
3521 579 3623 645 Qui

2037 669 2317 741 respondit
2348 689 2360 723 :
2398 669 2591 724 Audio.
2624 669 2972 742 Rursumque
3002 671 3125 739 illa,
3158 671 3373 738 Sermo,
3409 672 3625 744 inquit,

2039 760 2319 816 dicebatur
2343 761 2392 815 in
2421 762 2591 816 veteri
2623 763 2915 833 proverbio
2943 762 3021 837 [h.
3055 780 3161 819 non
3194 763 3375 831 habet,
3406 780 3628 837 prover—

2041 851 2151 925 bio]
2187 870 2199 906 :
2229 853 2328 922 Qui
2359 853 2727 925 interrogant,
2759 856 3095 930 interrogent
3123 858 3176 912 in
3220 856 3425 923 Abela.
3470 867 3524 914 et
3552 858 3629 913 sic

2044 949 2413 1020 perﬁciebant.
2446 950 2635 1006 Nonne
2674 968 2774 1022 ego
2804 968 2923 1007 sum
2952 967 3071 1021 qua:
3102 952 3407 1023 respondeo
3435 952 3632 1009 verita—

2044 1049 2151 1097 tem
2180 1039 2232 1096 in
2256 1041 2442 1107 Israel,
2468 1051 2521 1097 et
2546 1051 2601 1097 tu
2626 1044 2827 1114 quaeris
2861 1042 2877 1081 τ
2910 1044 3227 1101 subvertere
3252 1046 3545 1113 civitatem,
3578 1053 3634 1102 et

2045 1148 2291 1192 evertere
2324 1142 2609 1190 K'matrcm
2634 1137 2687 1191 in
2716 1136 2908 1191 lsrael?
2938 1137 3116 1205 Quare
3136 1139 3439 1209 praccipitas
3463 1140 3637 1194 haere-

2048 1228 2270 1283 ditatcm
2315 1228 2567 1283 Domini?
2606 1229 3072 1302 Respondensque
3096 1230 3232 1287 Joab
3253 1272 3268 1297 ,
3303 1232 3377 1285 ait
3405 1249 3419 1287 :
3449 1230 3635 1297 Absit,

2049 1319 2190 1375 absit
2218 1320 2319 1375 hoc
2350 1319 2428 1393 [h.
2454 1337 2562 1375 non
2587 1319 2781 1391 habet,
2817 1320 2940 1393 hoc]
2970 1335 2999 1375 a
3041 1338 3127 1378 me
3156 1341 3168 1376 :
3199 1339 3306 1377 non
3340 1323 3635 1393 praecipito,

2052 1428 2230 1483 neque
2273 1412 2561 1468 detnolior.
2604 1412 2719 1468 Non
2771 1429 2829 1468 se
2876 1416 2955 1468 sic
2998 1413 3161 1471 habet
3203 1431 3319 1482 res;
3354 1416 3448 1470 sed
3478 1415 3643 1470 bomo

2053 1503 2127 1577 [h.
2182 1504 2287 1577 vir]
2340 1505 2407 1560 de
2458 1519 2642 1561 monte
2692 1507 2969 1575 Ephraim,
3031 1506 3204 1575 Seba,
3258 1508 3402 1563 ﬁlius
3447 1508 3643 1563 Bochri

2053 1598 2403 1669 cognomine,
2460 1598 2655 1653 levavit
2694 1614 2914 1652 manum
2960 1615 3113 1654 suam
3160 1598 3288 1671 [Ms.
3338 1611 3438 1654 tac.
3470 1600 3645 1673 suam]

2055 1700 2245 1744 contra
2275 1706 2456 1760 regem
2493 1690 2660 1745 David
2695 1707 2709 1747 :
2744 1690 2939 1746 tradite
2969 1692 3121 1746 illum
3150 1692 3325 1748 solum
3348 1734 3364 1760 ,
3412 1702 3466 1747 et
3494 1708 3652 1749 rece-

2058 1784 2247 1838 demus
2277 1799 2306 1837 a
2338 1784 2555 1839 civitate
2584 1802 2596 1837 :
2632 1783 2700 1838 Et
2726 1784 2802 1839 ait
2847 1785 3043 1841 mulier
3072 1786 3137 1841 ad
3167 1786 3304 1843 Joab
3334 1805 3348 1841 :
3392 1786 3531 1842 Ecce
3560 1802 3651 1843 ca-

346 1885 505 1953 quasi
533 1884 788 1940 osculans
829 1900 975 1941 eum.
1031 1887 1200 1941 Porro
1247 1886 1442 1942 Atnasa
1488 1903 1594 1942 non
1641 1887 1949 1942 observavit

2067 1885 2150 1930 aut
2176 1876 2293 1945 ejus
2325 1875 2570 1931 mittetur
2600 1874 2678 1947 [h.
2709 1876 3046 1949 projicietur]
3079 1877 3146 1933 at]
3188 1887 3240 1933 te
3287 1894 3382 1949 per
3414 1895 3649 1935 murum.

346 1979 588 2050 gladium
609 1995 768 2051 quem
795 1980 1026 2037 habebat
1045 1981 1182 2038 Joab
1206 1982 1281 2055 [h.
1302 1999 1462 2054 quem
1494 1982 1725 2038 habebat
1750 1982 1884 2040 Joab
1901 1984 1954 2039 in

352 2069 566 2145 manu].
595 2073 682 2145 [T.
714 2070 955 2145 CXXX]
987 2075 1088 2141 Qui
1122 2073 1385 2145 percussit
1428 2092 1551 2131 cum
1581 2075 1633 2131 in
1664 2077 1833 2132 latere
1854 2118 1869 2144 ,
1902 2087 1958 2132 et

353 2166 542 2223 elfudit
582 2168 848 2223 intestina
881 2169 999 2240 ejus
1026 2170 1077 2223 in
1111 2179 1346 2235 terram,
1389 2186 1489 2225 nec
1517 2169 1815 2226 secundum
1844 2170 1959 2223 vul-

354 2278 458 2316 nus
489 2262 779 2331 apposuit,
809 2273 831 2301 ε
858 2271 910 2317 et
939 2273 1191 2318 mortuus
1220 2276 1324 2318 est.
1354 2261 1490 2319 Joab
1511 2274 1690 2319 autem
1709 2305 1724 2329 ,
1752 2272 1807 2318 et
1835 2263 1961 2318 Abi-

355 2358 437 2409 sai
481 2354 653 2411 frater
705 2357 860 2426 ejus,
913 2360 1183 2425 persecuti
1232 2372 1359 2414 sunt
1406 2369 1529 2430 post
1555 2358 1635 2431 [h.
1684 2375 1787 2415 ms.
1819 2367 1963 2414 tacet

358 2447 495 2521 post]
524 2447 667 2504 Seba
694 2448 865 2504 ﬁlium
896 2449 1116 2504 Bochri.
1148 2449 1359 2506 Interea
1391 2451 1608 2522 quidam
1655 2451 1790 2519 viri,
1839 2465 1960 2505 cum

361 2544 646 2598 stetissent
688 2544 848 2613 juxta
901 2545 1135 2599 cadaver
1183 2547 1429 2614 Amasae,
1486 2546 1555 2601 de
1604 2545 1766 2600 sociis
1794 2543 1962 2610 Joab,

364 2637 618 2692 dixerunt
647 2655 660 2690 :
694 2636 839 2693 Ecce
858 2636 952 2706 qui
975 2650 1098 2693 esse
1128 2637 1297 2691 voluit
1328 2652 1427 2707 pro
1445 2637 1584 2693 Joab
1602 2633 1629 2673 ἀ
1656 2650 1841 2691 comes
1864 2634 1963 2690 Da-

363 2728 458 2783 vid
491 2728 571 2796 [h.
600 2723 664 2783 de
687 2730 867 2799 pueris
893 2727 1070 2784 .Ioabd
1100 2728 1395 2784 dixerunt:
1425 2728 1668 2799 quisquis
1710 2727 1965 2783 volunta-

360 2832 476 2876 tem
510 2820 671 2876 liabet
702 2820 756 2876 in
788 2820 946 2886 Joab,
976 2833 1028 2877 et
1062 2821 1327 2878 obediens
1356 2820 1475 2876 vult
1502 2836 1622 2876 esse
1648 2821 1813 2876 David
1838 2862 1852 2884 ,
1882 2836 1969 2876 se-

358 2924 563 2987 quetur
590 2914 773 2987 Joab].
810 2916 1010 2971 Amasa
1063 2925 1246 2971 autem
1293 2932 1622 2987 conspersus
1670 2916 1966 2987 sanguine,

358 3009 579 3077 jacebat
630 3009 685 3063 in
734 3009 913 3063 media
972 3009 1080 3063 via.
1131 3008 1277 3064 Vidit
1317 3008 1420 3064 hoc
1459 3007 1675 3077 quidam
1707 3008 1788 3062 vir
1826 3007 1968 3078 quod

366 3102 696 3157 subsisteret
748 3102 926 3158 omnis
978 3101 1213 3171 populus
1264 3101 1331 3156 ad
1379 3101 1669 3157 videndum
1714 3116 1872 3168 cum,
1918 3108 1972 3155 ct

373 3195 573 3248 amovit
622 3195 874 3247 Amasam
925 3192 992 3247 de
1023 3193 1105 3246 via
1151 3194 1203 3247 in
1236 3208 1454 3263 agrum,
1499 3193 1816 3264 operuitque
1846 3208 1969 3249 eum

2058 1967 2305 2038 lngressa
2338 1978 2422 2023 est
2453 1984 2582 2039 ergo
2613 1968 2679 2022 ad
2708 1984 2925 2024 omnem
2962 1970 3252 2039 populum,
3286 1980 3341 2026 et
3366 1973 3543 2027 locuta
3569 1985 3656 2029 est

2059 2063 2138 2116 eis
2169 2063 2483 2130 sapienter:
2511 2062 2599 2131 qui
2639 2061 2940 2116 abscissum
2969 2076 3130 2132 caput
3157 2063 3297 2119 Seba
3332 2065 3423 2119 lilii
3455 2065 3654 2122 Bochri

2063 2154 2407 2225 projecerunt
2438 2154 2503 2209 ad
2532 2154 2668 2209 Joab
2689 2196 2706 2222 ,
2738 2164 2791 2210 et
2830 2156 2921 2211 ille
2954 2156 3150 2211 cecinit
3194 2158 3360 2224 tuba,
3393 2169 3450 2213 et
3476 2175 3655 2215 reces-

2062 2257 2251 2302 serunt
2301 2246 2369 2301 ab
2408 2246 2577 2315 urbe,
2618 2248 2989 2319 unusquisque
3031 2250 3083 2303 in
3128 2251 3473 2305 tabernacula
3514 2267 3654 2308 sua:

2062 2339 2199 2396 Joab
2229 2348 2411 2394 autem
2444 2355 2697 2394 reversns
2728 2350 2812 2395 est
2839 2340 3143 2396 Jerusalem
3190 2343 3257 2398 ad
3298 2360 3504 2415 regem.
3540 2343 3664 2403 Fuit

2065 2450 2194 2505 ergo
2220 2434 2356 2489 Joab
2402 2450 2564 2505 super
2590 2450 2804 2490 omnem
2850 2437 3145 2491 exercitum
3188 2437 3352 2494 lsrael
3381 2457 3396 2496 :
3429 2438 3659 2497 Banaias

2064 2540 2246 2585 autem
2275 2528 2417 2584 ﬁlius
2459 2528 2665 2585 Joiadte
2693 2545 2858 2600 super
2879 2531 3228 2588 Clterctbteos
3279 2530 3381 2606 [h.]
3425 2544 3479 2590 et
3523 2534 3665 2591 Pitc-

2067 2620 2312 2678 letltaaos.
2341 2621 2580 2677 Aduram
2613 2638 2743 2678 vero
2766 2638 2929 2694 super
2950 2626 3149 2680 tributa
3178 2644 3189 2679 :
3222 2641 3385 2697 porro
3405 2627 3667 2698 Josapltat

2068 2714 2206 2768 ﬁlius
2233 2713 2452 2775 Altilud.
2486 2732 2515 2769 a
2536 2716 2960 2772 commentariis.
2978 2718 3101 2774 Siva
3129 2719 3206 2792 [h.
3232 2716 3430 2793 Serva]
3458 2732 3660 2788 autem,

2069 2808 2250 2864 scriba
2284 2824 2298 2861 :
2330 2808 2507 2864 Sadoc
2536 2825 2666 2864 vero
2695 2820 2749 2865 et
2780 2810 3064 2877 Abiatbar,
3092 2812 3429 2875 sacerdotes.
3454 2814 3537 2871 Ira
3570 2833 3665 2871 au-

2070 2911 2178 2959 tem
2201 2902 2421 2958 Jairites
2452 2902 2577 2976 [Ms.
2604 2903 2913 2977 lliajarites]
2945 2903 2971 2941 ιι
2994 2917 3107 2961 erat
3149 2908 3404 2963 sacerdos
3437 2909 3624 2965 David.

2144 2995 2292 3068 [Cap.
2324 2994 2492 3068 XXI.J
2522 2997 2681 3052 Facta
2710 3006 2792 3052 est
2820 3013 3034 3069 quoque
3062 2997 3233 3055 fames
3260 3001 3312 3055 in
3344 3002 3534 3059 diebus
3566 3004 3668 3060 Da-

2072 3089 2160 3145 vid
2185 3090 2357 3144 tribus
2386 3093 2540 3145 annis
2565 3090 2786 3161 jugiter,
2813 3103 2864 3145 et
2892 3094 3166 3148 consuluit
3194 3093 3361 3150 David
3386 3096 3667 3157 oraculum

2072 3181 2153 3255 [h.
2192 3181 2405 3256 faciem]
2461 3182 2696 3238 Domini.
2751 3182 3011 3254 Dixitque
3060 3185 3377 3242 Dominus:
3438 3188 3669 3259 Propter

368 3291 693 3345 vesﬁmento
719 3330 734 3355 ,
797 3304 866 3343 ne
930 3287 1293 3344 subsisterent
1344 3297 1689 3343 transeuntes
1747 3296 1971 3359 propter
1999 3286 2045 3350 ο
2077 3277 2235 3342 Saul,
2270 3287 2323 3331 et
2349 3277 2565 3331 domum
2617 3276 2735 3347 ejus
2767 3286 2820 3330 et
2863 3276 3185 3348 sanguinem
3216 3278 3291 3351 [h.
3345 3287 3403 3335 et
3446 3281 3670 3339 domum

369 3402 521 3442 eum.
555 3386 751 3442 Amoto
773 3401 906 3456 ergo
935 3385 1027 3440 illo
1054 3385 1122 3440 de
1150 3385 1259 3449 via,
1293 3384 1555 3440 transibat
1580 3383 1758 3438 omnis
1780 3382 1863 3437 vir
1887 3396 1973 3438 se-

375 3495 553 3551 quens
584 3479 713 3535 Joab
744 3477 810 3533 ad
861 3479 1299 3549 persequendum
1343 3477 1485 3533 Seba
1535 3475 1705 3531 ﬁlium
1755 3474 1971 3530 Bochri.

373 3573 547 3629 Porro
572 3573 659 3628 ille
690 3572 987 3628 transierat
1011 3587 1110 3644 per
1131 3585 1324 3626 omnes
1357 3569 1527 3625 tribus
1557 3567 1723 3624 lsrael
1753 3567 1808 3623 in
1833 3568 1975 3622 Abe-

372 3664 517 3732 lam,
569 3672 625 3717 et
672 3661 1023 3718 Beth-Macha
1055 3681 1068 3717 :
1124 3676 1423 3731 omnesque
1464 3670 1487 3698 ε
1518 3661 1617 3715 viri
1649 3659 1805 3714 electi
1838 3673 1971 3715 con-

374 3757 591 3828 gregati
612 3758 827 3813 fuerant
854 3757 921 3810 ad
945 3773 1090 3811 eum.
1119 3754 1400 3812 Venerunt
1420 3755 1606 3824 itaque
1627 3763 1681 3808 et
1701 3768 1974 3823 oppugna-

373 3851 509 3907 bant
535 3867 658 3906 eum
689 3853 741 3906 in
764 3851 955 3916 Abela,
986 3863 1041 3905 et
1069 3852 1123 3905 in
1163 3849 1514 3906 Betb-Macba
1534 3890 1551 3916 ,
1592 3858 1647 3904 et
1672 3847 1976 3904 circumde-

378 3944 578 4001 derunt
608 3945 1003 4000 munitionibus
1031 3942 1325 4009 civitatem,
1360 3954 1414 3998 et
1441 3943 1662 3998 obsessa
1694 3950 1778 3997 est
1804 3941 1933 3996 urbs
1960 3958 1973 3993 :

376 4041 557 4094 omnis
587 4049 765 4094 autem
796 4038 949 4094 turba
977 4037 1057 4109 [h.
1087 4036 1358 4109 populus],
1390 4054 1511 4108 quae
1533 4045 1791 4092 eratcum
1813 4035 1973 4102 Joab,

376 4132 707 4189 moliebatur
755 4132 1036 4186 destruere
1085 4146 1292 4184 muros.
1332 4129 1399 4184 Et
1434 4129 1753 4185 exclamavit
1780 4128 1977 4183 mulier

375 4226 593 4297 sapiens
625 4225 693 4279 de
718 4223 939 4279 civitate
975 4243 985 4277 :
1030 4223 1258 4291 Audite,
1311 4221 1495 4277 audite
1520 4264 1534 4285 ,
1584 4220 1749 4278 dicite
1794 4221 1972 4277 Joab:

379 4321 767 4392 Appropinqua
802 4320 940 4387 huc,
974 4328 1029 4375 et
1062 4319 1251 4389 loquar
1281 4329 1478 4373 tecum.
1513 4317 1615 4384 Qui
1640 4333 1760 4372 cum
1791 4332 1977 4373 acces-

376 4415 542 4471 sisset
588 4414 657 4469 ad
690 4430 810 4469 eam
834 4455 850 4483 ,
898 4415 974 4468 ait
1005 4413 1082 4469 illi
1112 4431 1125 4466 :
1153 4414 1307 4469 Tune
1336 4412 1465 4486 [Με.
1508 4423 1558 4465 et
1597 4411 1758 4485 Vulg.
1788 4412 1890 4485 'I'u]
1919 4428 1980 4469 es

450 4565 475 4592 ⁸
507 4556 654 4617 Quos
681 4555 761 4607 hic
790 4562 991 4607 nostros
1012 4553 1231 4608 codices
1261 4551 1599 4607 Scholiastes
1626 4560 1804 4614 vocat,
1840 4551 1978 4606 nihil

382 4627 483 4680 abs
512 4626 927 4696 Hieronymiana
948 4626 1207 4693 impressa
1233 4622 1465 4679 lectione
1487 4622 1773 4696 dissident.
1802 4623 1976 4678 Econ-

383 4698 577 4761 trario,
621 4695 779 4765 supra
818 4698 871 4749 in
900 4713 948 4751 c.
981 4712 1087 4750 xvn
1116 4698 1397 4751 Numeror.
1426 4710 1479 4748 ν.
1513 4697 1568 4761 6,
1602 4695 1820 4749 codices
1850 4710 1979 4749 eos-

386 4769 510 4820 dem
537 4768 639 4819 hoc
668 4768 883 4821 nomine
910 4766 1113 4833 laudat,
1150 4776 1205 4819 ut
1234 4767 1495 4823 abludere
1525 4781 1619 4821 eos
1645 4782 1672 4819 a
1702 4768 1980 4836 proposito

2074 3367 2450 3439 sanguinum’],
2480 3369 2606 3439 quia
2649 3367 2847 3423 occidit
2886 3366 3237 3425 Gabaonitas.
3282 3370 3501 3428 Vocatis
3540 3390 3671 3446 ergo

2076 3460 2395 3518 Gabaonitis
2415 3503 2430 3528 ,
2459 3477 2553 3517 rex
2587 3460 2720 3516 dixit
2744 3460 2811 3516 ad
2842 3475 2959 3517 eos.
2994 3460 3185 3533 (Porro
3215 3462 3530 3521 Gabaonitae
3559 3484 3671 3524 non

2076 3565 2203 3615 sunt
2245 3557 2313 3613 de
2345 3557 2469 3612 ﬁliis
2498 3558 2704 3623 lsrael,
2744 3558 2844 3613 sed
2891 3558 3135 3630 reliquiae
3177 3561 3620 3618 Amorrhaeorum
3654 3582 3668 3619 :

2079 3651 2173 3707 lilii
2201 3650 2400 3723 quippe
2426 3651 2593 3707 lsrael
2617 3652 2935 3722 juraverant
2961 3653 3075 3719 eis,
3108 3664 3163 3709 et
3187 3655 3354 3711 voluit
3394 3657 3525 3712 Saul
3551 3674 3670 3727 per-

2070 3757 2264 3804 cutere
2286 3762 2382 3802 eos
2405 3746 2549 3815 zelo,
2581 3747 2737 3818 quasi
2763 3763 2861 3818 pro
2888 3748 3019 3803 ﬁliis
3045 3748 3208 3805 Israel
3240 3759 3294 3806 et
3320 3751 3506 3824 Juda.)
3530 3753 3677 3810 Dixit

2080 3858 2210 3914 ergo
2243 3842 2409 3897 David
2458 3846 2524 3897 ad
2555 3841 2929 3898 Gabaonitas:
2973 3843 3115 3911 Quid
3168 3846 3356 3901 faciam
3401 3847 3677 3905 vobis?et

2079 3934 2224 4006 quod
2253 3934 2359 3990 erit
2392 3936 2555 3990 vestri
2597 3935 2912 4005 piaculum,
2940 3944 3002 3990 ut
3047 3935 3380 3995 benedicatis
3425 3938 3505 4011 [h.
3533 3950 3590 3995 et
3617 3942 3672 3996 in

2079 4042 2187 4096 quo
2238 4025 2494 4096 eapiabo,
2547 4035 2607 4081 ut
2659 4026 3016 4098 benedicatis]
3070 4028 3371 4083 haereditati
3421 4032 3678 4088 Domini?

2081 4118 2169 4191 [T.
2211 4117 2495 4190 CXXXIIJ
2544 4118 2916 4190 Dixeruntque
2961 4119 3013 4174 ei
3052 4119 3368 4177 Gabaonita:
3397 4141 3411 4178 ε
3440 4123 3559 4180 Νοη
3591 4136 3675 4181 est

2078 4214 2235 4271 nobis
2279 4229 2442 4284 super
2468 4224 2694 4285 argento
2737 4222 2793 4269 et
2832 4231 2967 4269 auro
3005 4216 3257 4285 quaestio,
3296 4216 3311 4256 ί
3348 4217 3441 4273 sed
3484 4231 3671 4275 contra

2081 4309 2208 4366 Saul
2230 4350 2246 4374 ,
2287 4319 2344 4364 et
2378 4319 2565 4364 contra
2611 4307 2831 4362 domum
2885 4307 3005 4378 ejus
3039 4326 3053 4361 :
3099 4324 3275 4380 neque
3301 4311 3580 4375 volumus,
3614 4321 3674 4367 ut

2081 4404 2442 4461 interﬁciatur
2489 4404 2652 4458 homo
2700 4401 2774 4474 [h.
2814 4400 2917 4474 vir]
2960 4404 3030 4457 de
3062 4402 3249 4458 lsrael.
3296 4403 3377 4458 Ad
3430 4420 3567 4475 quos
3596 4407 3672 4462 ait

2080 4559 2218 4609 mn.
2250 4549 2318 4602 At
2342 4545 2641 4599 Veronens.
2673 4559 2774 4597 ms.
2805 4552 2864 4597 ut
2893 4541 3132 4597 strictius
3172 4542 3400 4615 Hebraeo
3430 4542 3669 4615 hatreat,

2078 4635 2265 4675 vocem
2297 4618 2393 4671 viri
2425 4615 2814 4685 prmtermittit,
2844 4629 2963 4685 qua!
3005 4630 3131 4687 num
3162 4630 3191 4667 a
3236 4614 3295 4669 S.
3339 4614 3672 4687 Hieronymo

2083 4693 2330 4762 apposita
2351 4733 2365 4754 ,
2414 4697 2535 4762 ante
2562 4687 2881 4762 glossatoris
2907 4685 3147 4755 profecta
3177 4688 3245 4740 sit
3275 4686 3509 4762 calamo,
3534 4685 3673 4745 divi-

2084 4756 2316 4819 nandum
2351 4770 2453 4815 est.
2496 4756 2729 4812 Rursum
2759 4759 2809 4812 in
2841 4756 3059 4812 Canone
3095 4757 3384 4812 emendato
3421 4760 3669 4816 Martian.

390 4837 703 4920 exemplari
723 4846 888 4919 notet.
916 4837 1032 4892 Non
1060 4829 1276 4908 indigna
1299 4838 1415 4893 haec
1438 4839 1554 4894 visa
1577 4852 1669 4894 res
1688 4829 1977 4909 esu-quam
2004 4860 2057 4922 Ι)
2087 4836 2191 4903 legi
2219 4831 2645 4922 animadvertit:
2678 4829 2962 4922 Omnesque
2998 4829 3146 4922 eiecti
3181 4832 3483 4922 congregati
3524 4848 3671 4922 uene-

390 4910 656 4964 euriosius
694 4909 1008 4977 inspiceres.

464 4980 490 5019 δ
519 4980 687 5035 Multo
732 4980 1051 5036 concinnius
1091 4983 1145 5036 in
1174 4979 1473 5038 Veronens.
1518 4997 1646 5050 ms.,
1680 4980 1824 5053 fabre
1866 4983 1976 5053 fac-

390 5064 494 5109 tus.

466 5136 488 5163 ε
517 5125 740 5197 βοηηηε
769 5123 908 5179 istud
926 5166 944 5191 ,
977 5134 1025 5177 et
1055 5137 1291 5197 mortuus
1313 5134 1387 5181 est
1406 5168 1423 5191 ,
1446 5126 1592 5197 quod
1616 5126 1825 5182 habent
1850 5125 1981 5181 reli-

392 5198 485 5268 qui
514 5195 635 5250 libri
660 5210 883 5260 omnes,
916 5211 1018 5249 ms.
1054 5195 1352 5254 Veronens.
1385 5195 1596 5253 reticet.

464 5266 489 5303 (ι
517 5267 612 5321 llic
634 5282 851 5337 quoque
880 5270 1071 5323 reticet
1102 5270 1400 5325 Veronens.
1448 5285 1548 5324 ms.
1580 5273 1783 5335 verba,
1813 5285 1980 5323 comes

390 5337 583 5393 David.
634 5340 897 5393 Hebraeus
945 5342 1253 5397 econtrario
1296 5342 1537 5410 pluribus
1584 5356 1743 5410 quam
1791 5339 1980 5406 reliqui

391 5412 482 5466 alii
515 5411 637 5466 libri
666 5412 989 5498 sententiam
1015 5411 1153 5467 hanc
1179 5413 1360 5468 verbis
1382 5414 1540 5467 ell‘crt
1565 5430 1575 5464 :
1601 5420 1724 5498 Van
1748 5421 1883 5469 'ttvts
1910 5419 1984 5470 τε

388 5512 514 5562 aut»
562 5512 705 5563 iam
741 5487 1037 5565 Tria-ws
1081 5516 1176 5566 vim
1214 5515 1401 5566 :tht.
1441 5504 1524 5560 Ad
1568 5487 1822 5562 verbum.
1859 5503 1987 5568 Quis

382 5577 480 5642 qui
504 5575 662 5629 voluit
685 5575 920 5644 ingloab,
952 5588 999 5629 et
1018 5580 1131 5647 quis
1153 5581 1241 5648 qui
1264 5578 1451 5631 Doridi
1472 5586 1583 5648 post
1604 5575 1767 5631 Joab?
1784 5575 1989 5643 Quibus

390 5649 578 5700 stricte
608 5650 780 5702 hmret
800 5658 852 5701 et
880 5648 1125 5704 Graecus.

470 5730 492 5755 υ
526 5718 725 5772 Vocem
772 5720 986 5774 Hebraei
1036 5732 1212 5775 textus
1252 5730 1474 5787 anno,
1521 5734 1679 5790 quam
1722 5720 1991 5787 plerisque

390 5792 677 5846 versionos
710 5806 816 5857 tum
842 5794 1068 5846 nomine
1097 5792 1268 5847 Bai-im
1298 5798 1516 5863 proprio
1548 5792 1852 5861 accipiunt,
1880 5791 1984 5844 La-

400 5863 544 5936 tinus
586 5862 862 5936 interpres
900 5866 1173 5936 transtulit
1214 5863 1365 5932 juxta
1418 5864 1831 5936 etymologiam,
1883 5877 1985 5936 qua

399 5932 544 5989 electi
575 5933 783 6005 (utique
814 5933 912 5993 tiri
942 5950 973 5992 e
1005 5936 1291 6010 militibus)
1318 5932 1717 6010 signiﬁcantur,
1746 5948 1779 5991 a
1803 5934 1988 5992 radice

2082 4901 2202 4960 runt
2221 4914 2333 4977 post
2361 4918 2481 4977 eum
2495 4917 2512 4953 :
2547 4901 2638 4955 ubi
2671 4915 2776 4955 non
2807 4902 2969 4956 modo
2998 4902 3095 4955 viri
3119 4910 3349 4977 tacetur,
3382 4902 3476 4956 sed
3507 4914 3560 4958 et
3582 4920 3673 4977 ve-

2082 4974 2271 5032 nerunt
2318 4989 2416 5047 pro
2454 4974 2660 5046 fuerant
2683 5014 2698 5040 ,
2731 4982 2785 5027 et
2809 4982 2923 5045 post
2951 4989 3067 5027 eum
3099 4986 3195 5041 pro
3227 4974 3295 5027 ad
3328 4988 3442 5028 eum
3469 4976 3668 5032 scribi-

2072 5060 2191 5106 'tur.

2158 5122 2179 5160 ί
2207 5120 2306 5175 Ms.
2331 5118 2657 5185 Veronens.,
2688 5131 2880 5184 quwres
2908 5115 3172 5171 subruere.

2158 5203 2183 5243 ες
2224 5192 2413 5248 Falsus
2465 5189 2825 5259 Hieronymus
2868 5188 3021 5259 legit,
3076 5196 3293 5243 matrem
3349 5186 3541 5259 Israel,
3596 5193 3671 5255 ait

2084 5266 2229 5322 enim
2256 5282 2269 5317 :
2303 5262 2457 5316 Hauc
2488 5258 2755 5315 mulierem
2781 5259 2956 5334 ludat
2984 5258 3199 5324 Zaram,
3227 5258 3390 5334 ﬁliam
3416 5264 3543 5316 Aser
3573 5265 3672 5334 ﬁlii

2084 5336 2267 5403 Iacob,
2292 5334 2630 5405 intelligunt:
2656 5345 2703 5385 et
2723 5332 2860 5402 quod
2889 5348 2944 5384 se
2978 5340 3195 5405 matrem
3230 5332 3443 5405 dixerit,
3479 5334 3554 5388 ita
3574 5332 3672 5389 Idi-

2087 5426 2207 5464 cens
2237 5401 2261 5462 ε’
2288 5405 2368 5460 Tu
2391 5401 2577 5477 quieris
2605 5401 2827 5458 evertere
2855 5413 3068 5457 matrem
3097 5401 3284 5477 Israel.
3317 5401 3525 5460 Idcirco
3563 5423 3676 5460 ma-

2090 5491 2237 5547 trem,
2266 5474 2700 5549 quia'muuorum
2718 5491 2976 5549 armorum
3001 5484 3129 5528 erat.
3154 5474 3333 5549 MART.

2164 5549 2195 5588 ιι
2227 5544 2425 5606 ’Βὶὠᾱίι
2466 5546 2646 5601 statim
2687 5546 2829 5601 idem
2860 5556 3051 5602 auctor
3083 5562 3096 5599 :
3144 5544 3239 5600 Ira
3277 5556 3445 5601 autem
3465 5545 3678 5603 Jairites

2094 5634 2204 5678 erat
2258 5626 2498 5676 sacerdos
2536 5617 2711 5690 David
2737 5663 2750 5685 ,
2798 5619 2853 5672 id
2891 5627 2987 5686 est,
3034 5618 3318 5690 magister,
3370 5623 3503 5672 sicut
3550 5620 3675 5674 alibi

2096 5696 2347 5764 scriptum
2378 5702 2451 5746 est
2474 5708 2493 5745 :
2516 5688 2647 5743 Filii
2675 5702 2849 5743 autem
2884 5690 3051 5764 Dauid
3094 5688 3242 5744 erant
3278 5690 3589 5759 sacerdotes,
3612 5691 3675 5745 id

2096 5774 2169 5820 est
2189 5762 2421 5837 magistri
2453 5765 2669 5831 fratrum
2690 5778 2921 5817 suorum.
2941 5762 3120 5817 Mam.

2174 5856 2369 5931 fidem
2404 5872 2504 5910 ms.
2536 5856 2624 5910 sed
2648 5856 2898 5915 voculam
2927 5863 3089 5928 tacet,
3117 5868 3236 5927 qua:
3258 5853 3478 5927 quidem
3507 5871 3682 5931 neque

2095 5929 2152 5988 in
2179 5929 2412 5989 Hebraeo
2439 5937 2679 5987 resonat.
