3964 6344
385 296 494 357 655
1382 290 1446 350 S.
1491 288 1873 348 lllERONYMl
1912 286 2146 348 DIVINA
2183 286 2666 349 BIBLIOTHECA.
3561 287 3664 349 656

383 421 412 451 ι
443 427 541 468 rex
568 427 583 467 :
630 408 772 481 Quid
816 422 947 483 ergo
977 406 1140 465 vultis
1162 404 1443 463 ut~faciam
1475 404 1665 460 vobis?
1690 403 1790 473 Qui
1815 403 1975 461 dixe—
2001 406 2053 470 Α
2077 418 2291 460 rursum
2322 405 2567 475 praelium
2602 404 3052 463 Pbilisthinorum
3082 406 3372 464 adversum
3396 404 3588 476 lsrael,
3609 417 3669 466 et

379 520 508 568 runt
530 509 640 582 regi
668 527 683 565 :
714 507 905 566 Virum
937 506 1030 579 qui
1062 503 1269 561 attrivit
1295 518 1430 570 nos,
1465 511 1518 558 et
1558 502 1831 574 oppressit
1875 498 1977 556 ini-
2078 496 2358 554 descendit
2389 499 2580 570 David,
2616 507 2671 555 et
2696 499 2839 556 servi
2863 500 2982 572 ejus
3004 516 3125 557 cum
3150 516 3238 569 eo,
3280 510 3335 558 et
3358 502 3666 574 pugnabant

381 619 510 674 que,
543 603 613 658 ita
642 601 827 657 delere
864 599 1163 665 debemus,
1195 605 1255 651 ut
1295 612 1363 651 ne
1407 610 1548 649 untts
1575 593 1793 665 quidem
1839 593 1975 650 resi-

382 698 523 753 duus
553 695 624 752 sit
663 694 742 769 [h.
782 703 837 751 et
881 695 952 750 ita
982 692 1279 762 disperdere
1313 699 1371 745 ut
1408 705 1475 745 ne
1500 705 1637 745 unus
1665 689 1884 762 quidem
1912 688 1976 744 de

382 794 458 848 eis
484 790 722 865 deﬁciat]
751 789 821 847 de
849 789 1018 859 stirpe
1046 787 1164 858 ejus
1210 785 1261 841 in
1293 784 1505 840 cunctis
1541 784 1738 839 ﬁnibus
1780 782 1971 839 Israel.

382 886 591 943 Dentur
620 882 779 939 nobis
809 892 1020 954 septem
1048 880 1148 935 viri
1173 879 1240 934 de
1271 878 1394 932 ﬁliis
1416 878 1533 950 ejus
1560 895 1575 933 :
1607 887 1663 932 et
1687 877 1972 948 crnciﬁga-

381 994 504 1033 mus
531 991 628 1033 eos
649 973 882 1031 Domino
909 972 963 1028 in
990 971 1237 1029 Gabaath
1268 970 1398 1026 Saul
1422 1011 1436 1036 ,
1469 970 1728 1041 quondam
1757 968 1835 1042 [h.
1865 985 1972 1025 non

378 1065 568 1140 habet]
589 1067 747 1124 electi
776 1063 1336 1122 Domini.Etaitrex:
1369 1064 1482 1135 Ego
1508 1062 1670 1118 dabo.
1701 1063 1975 1134 Peperci!-

381 1178 489 1234 quc
515 1178 610 1218 rex
635 1157 1005 1230 Miphibosetb
1037 1156 1147 1212 ﬁlio
1175 1155 1429 1213 Jonathzc
1454 1155 1549 1212 ﬁlii
1581 1155 1732 1225 Saul,
1756 1166 1974 1228 propter

373 1256 752 1329 jusjurandqu
777 1251 1016 1318 Domini,
1040 1251 1182 1322 quod
1205 1251 1381 1309 fuerat
1410 1253 1550 1306 inter
1572 1249 1738 1305 David
1754 1261 1812 1307 et
1833 1252 1975 1306 inter

376 1349 648 1406 Jonathan
677 1347 845 1402 lilium
862 1345 1014 1401 Saul.
1035 1344 1188 1401 Tulit
1204 1347 1386 1416 itaque
1405 1359 1497 1399 rex
1521 1344 1657 1400 duos
1680 1344 1820 1400 ﬁlios
1837 1343 1974 1400 Res-

373 1442 479 1513 plta
511 1440 636 1496 filim
661 1439 760 1511 Aja
784 1483 800 1505 ,
825 1454 961 1509 quos
985 1437 1195 1509 peperit
1222 1437 1392 1501 Sauli,
1418 1437 1666 1503 Armoni,
1692 1448 1747 1493 et
1776 1437 1974 1509 Miphi-

381 1532 574 1589 boseth
608 1549 623 1586 :
669 1542 726 1587 et
754 1531 993 1601 quinque
1041 1530 1183 1585 filios
1231 1529 1424 1585 Michol
1474 1529 1600 1585 ﬁlia:
1638 1530 1803 1601 Saul,
1834 1546 1971 1602 quos

375 1630 642 1694 genuerat
671 1619 905 1676 Hadrieli
952 1618 1062 1674 ﬁlio
1096 1618 1391 1687 Berzellai,
1442 1620 1531 1690 qui
1581 1619 1682 1675 fuit
1710 1621 1778 1677 de
1806 1622 1972 1678 Mola-

370 1720 471 1785 thi,
500 1725 556 1772 et
584 1714 733 1772 dedit
759 1729 857 1769 eos
884 1714 938 1768 in
971 1728 1135 1767 manu
1166 1711 1589 1768 Gabaonitarnm
1622 1731 1637 1767 :
1665 1715 1755 1785 qui
1788 1714 1965 1770 cruci-

2076 602 2263 649 coutra
2298 592 2625 649 Philisthim.
2652 593 2944 652 Deﬁciente
2974 605 3152 653 autem
3199 593 3387 665 David,
3417 594 3665 654 Jesbibe-

2076 685 2187 741 nob
2232 685 2755 761 [MsJesbidenob],
2800 689 2894 761 qui
2944 689 3044 746 fuit
3089 690 3160 747 de
3199 705 3396 763 genere
3426 691 3665 763 Arapha,

2074 774 2103 817 δ
2132 778 2285 849 cujus
2312 777 2515 835 ferrum
2544 779 2714 836 hastae
2758 790 3031 838 trecentas
3073 782 3264 840 uncias
3303 783 3666 855 appendebat,

2074 880 2131 928 et
2157 872 2435 928 accinctus
2463 881 2582 929 erat
2608 888 2740 931 ense
2763 890 2928 945 novo,
2955 877 3106 932 nisus
3135 884 3221 933 est
3249 885 3538 951 percutere
3559 875 3669 934 Da-

2074 963 2185 1019 vid.
2221 975 2243 1004 ο
2289 961 2658 1039 Prtesidioque
2705 967 2755 1025 ei
2800 968 2902 1025 fuit
2939 969 3124 1026 Abisai
3169 968 3310 1026 ﬁlius
3350 970 3574 1042 Sarviaa,
3615 979 3673 1028 et

2075 1073 2392 1130 percussum
2421 1058 2801 1118 Philistbteum
2842 1062 3136 1121 interfecit.
3168 1062 3323 1121 Tunc
3343 1064 3675 1137 juraverunt

2074 1154 2176 1210 viri
2197 1154 2391 1224 David,
2412 1154 2662 1214 dicentes
2687 1175 2701 1212 :
2728 1154 2755 1196 δ
2777 1157 2893 1215 Jam
2923 1174 3029 1216 non
3058 1159 3357 1232 egredieris
3386 1160 3674 1218 nobiscum

2073 1251 2128 1306 in
2160 1249 2382 1318 bellum,
2407 1266 2476 1307 ne
2507 1250 2819 1324 exstinguas
2846 1252 3121 1315 luccnam
3152 1251 3336 1311 Israel.
3359 1255 3672 1312 Secundum

2072 1358 2286 1416 quoque
2316 1343 2513 1401 bellum
2548 1345 2651 1402 fuit
2679 1346 2733 1402 in
2764 1345 2884 1404 Gob
2911 1357 3097 1404 contra
3127 1346 3475 1406 Pbilistbteos
3499 1367 3513 1404 :
3541 1360 3673 1407 tunc

2076 1439 2340 1510 percussit
2367 1438 2637 1496 Sobochai
2666 1440 2733 1497 de
2774 1440 2983 1511 Husati,
3011 1441 3162 1514 Sapb
3210 1442 3354 1518 [Ησ.
3384 1442 3572 1519 Seph]
3601 1444 3676 1503 de

2072 1532 2243 1605 stirpe
2272 1533 2509 1603 Arapha,
2545 1534 2615 1590 de
2650 1543 2674 1572 ο
2702 1550 2902 1607 genere
2925 1536 3225 1608 gigantum.
3249 1535 3491 1595 Tertium
3529 1556 3677 1610 quo-

2072 1640 2177 1697 que
2207 1625 2306 1682 fuit
2341 1628 2543 1683 bellum
2577 1629 2629 1684 in
2673 1628 2791 1685 Gob
2820 1642 3011 1686 contra
3050 1631 3426 1702 Pbilisthmos,
3469 1633 3524 1690 in
3562 1651 3680 1707 quo

2072 1721 2342 1790 percussit
2372 1721 2683 1780 Adeodatus
2711 1723 2856 1781 ﬁlius
2880 1726 3086 1796 Saltus,
3109 1727 3484 1802 polymitarius
3508 1731 3681 1788 Beth-

372 1813 611 1867 ﬁxerunt
634 1810 756 1865 illos
780 1814 835 1863 in
860 1817 1042 1863 monte
1059 1822 1241 1862 coram
1273 1808 1500 1862 Domino
1527 1825 1540 1862 :
1570 1817 1626 1866 et
1653 1807 1969 1865 ceciderunt
1997 1818 2045 1881 Β
2072 1811 2379 1886 lehemites,
2425 1813 2645 1871 Goliatlt
2685 1816 3018 1886 Gettha-um,
3050 1820 3211 1892 cujus
3255 1821 3455 1880 hastile
3503 1824 3685 1883 hasne

371 1903 427 1959 hi
457 1910 663 1974 septem
691 1900 849 1955 simul
895 1897 1063 1953 occisi
1112 1899 1163 1951 in
1194 1898 1385 1953 diebus
1415 1900 1607 1953 messis
1637 1900 1854 1969 primis,
1890 1901 1974 1956 in-

369 1996 607 2069 cipiente
636 1993 907 2050 messione
929 1992 1140 2047 hordei.
1174 1990 1396 2048 Tollens
1414 2002 1595 2048 autem
1622 1992 1837 2064 Respha
1863 1994 1971 2050 ﬁlia

369 2093 470 2163 Aja
499 2090 763 2154 cilicium,
790 2086 1082 2143 substravit
1114 2085 1216 2140 sibi
1249 2100 1416 2155 super
1443 2096 1681 2155 petram.
1715 2087 1783 2143 ab
1812 2088 1973 2143 initio

371 2184 591 2255 messis,
622 2182 799 2237 donec
828 2179 908 2252 [h.
941 2176 1123 2251 usque]
1155 2176 1390 2233 stillaret
1417 2193 1551 2247 aqua
1582 2193 1746 2250 super
1774 2195 1869 2235 eos
1898 2179 1967 2236 de

371 2279 513 2337 (ωιυ
546 2296 559 2331 :
591 2286 648 2333 et
692 2290 799 2331 non
843 2274 1047 2328 dimisit
1073 2286 1202 2328 aves
1230 2272 1476 2328 lacerare
1520 2287 1618 2328 eos
1658 2289 1753 2345 per
1797 2274 1967 2341 diem,

368 2385 548 2441 neque
572 2367 776 2425 bestias
807 2380 901 2436 per
932 2374 1169 2421 noctem.
1225 2364 1292 2419 Et
1341 2367 1584 2421 nuntiata
1628 2375 1756 2421 sunt
1792 2367 1967 2424 David

368 2482 490 2538 qua!
520 2464 724 2520 fecerat
756 2458 970 2530 Respha
1004 2459 1108 2513 ﬁlia
1143 2456 1239 2528 Aja
1268 2456 1396 2530 Ulla.
1425 2457 1637 2531 Ahaja],
1666 2461 1967 2518 concubina

359 2551 939 2629 Saul.[T.CXXXIlI.]
973 2552 1044 2607 Et
1066 2551 1200 2606 abiit
1228 2551 1419 2628 David,
1440 2560 1495 2606 et
1524 2554 1783 2608 tulitossa
1809 2553 1962 2621 Saul,

369 2663 425 2709 et
456 2664 576 2706 ossa
602 2646 868 2704 Jonathan
904 2645 1001 2699 ﬁlii
1047 2644 1164 2713 ejus
1199 2659 1229 2698 a
1263 2644 1395 2699 viris
1422 2643 1585 2700 Jabes
1608 2644 1832 2717 Galaad,
1873 2647 1965 2719 qui

362 2745 529 2803 furati
557 2745 770 2801 fuerant
798 2756 859 2794 ea
887 2739 955 2796 de
979 2738 1156 2810 platea
1185 2738 1492 2809 Betb-San,
1516 2741 1570 2796 in
1602 2759 1705 2814 qua
1738 2757 1967 2813 SttSpcn-

366 2839 564 2897 derant
602 2852 697 2893 eos
747 2834 1080 2911 Philistltint,
1133 2848 1256 2888 cum
1305 2834 1859 2894 interfecissentSaul
1909 2840 1964 2895 in

366 2931 575 2988 Gelboe
606 2946 621 2983 :
646 2936 701 2984 et
721 2926 1023 2999 asportavit
1051 2926 1178 2980 inde
1206 2940 1333 2981 ossa
1364 2925 1512 2997 Saul,
1565 2939 1620 2984 ct
1646 2945 1766 2985 ossa
1797 2932 1965 2988 Jona-

367 3026 496 3080 than
524 3022 625 3078 lilii
647 3025 766 3092 ejus
799 3038 813 3075 :
847 3032 902 3076 et
938 3020 1256 3091 colligentes
1286 3035 1410 3076 ossa
1438 3037 1654 3086 eorum,
1689 3024 1780 3096 qui
1814 3025 1961 3083 afﬁxi

364 3119 601 3184 fuerant,
651 3115 984 3187 sepelierunt
1032 3129 1097 3170 ea
1146 3129 1268 3170 cum
1302 3115 1516 3172 ossibus
1541 3117 1670 3174 Saul
1716 3127 1773 3181 et
1798 3120 1965 3178 Jona-

2076 1915 2194 1960 erat
2229 1905 2384 1979 quasi
2434 1908 2761 1967 liciatorium
2804 1913 3125 1971 texentium.
3173 1913 3439 1983 Quartum
3470 1917 3676 1974 bellum

2074 1999 2173 2055 fuit
2199 1999 2252 2056 in
2285 1999 2424 2057 Getb
2454 2019 2468 2056 :
2503 2004 2556 2058 in
2586 2020 2695 2075 quo
2720 2006 2804 2060 vir
2832 2004 3030 2081 [Vulg.
3063 2009 3188 2064 add.
3231 2007 3371 2084 fuit]
3401 2013 3675 2080 excelsus,

2073 2094 2167 2166 qui
2196 2109 2356 2150 senos
2386 2096 2440 2152 in
2470 2096 2720 2153 manibus
2749 2099 3085 2172 pedibusque
3114 2101 3348 2160 habebat
3372 2104 3592 2177 digitus,
3613 2108 3676 2164 id

2072 2198 2176 2254 est,
2206 2190 2398 2261 viginti
2443 2202 2498 2248 et
2537 2201 2801 2266 quatuor,
2834 2204 2891 2252 et
2920 2208 3039 2254 erat
3074 2198 3143 2256 de
3191 2200 3403 2273 origine
3432 2203 3677 2277 Araplta,

2071 2280 2182 2354 [ΑΙ.
2208 2283 2337 2338 add.
2371 2283 2446 2357 et]
2487 2286 2889 2359 blasphemavit
2931 2291 3116 2347 lsrael.
3169 2293 3447 2354 Percussit
3488 2310 3678 2355 autem

2071 2391 2194 2433 eum
2221 2377 2512 2434 Ionatham
2547 2381 2692 2438 ﬁlius
2722 2383 2918 2442 Samaa
2949 2385 3131 2442 fratris
3181 2387 3372 2446 David.
3428 2390 3490 2445 lli
3538 2406 3681 2463 qua-

2070 2478 2193 2525 tuor
2215 2471 2329 2526 nati
2359 2482 2486 2528 sunt
2524 2473 2594 2530 de
2625 2474 2842 2546 Arapha
2881 2478 2933 2533 in
2964 2478 3128 2549 Gelli,
3172 2492 3226 2537 et
3266 2481 3588 2540 ceciderunt
3615 2485 3676 2542 in

2069 2579 2232 2618 manu
2267 2566 2431 2621 David
2458 2577 2515 2622 et
2545 2582 2825 2625 servorum
2851 2570 2991 2642 ejus.

2142 2655 2291 2730 [Cap.
2334 2657 2526 2734 XXll.]
2562 2660 2581 2700 ί
2624 2661 2859 2721 Locutus
2888 2676 2977 2722 est
3003 2675 3188 2725 autem
3218 2669 3390 2727 David
3438 2672 3673 2731 Domino

2066 2751 2233 2806 verba
2260 2753 2523 2807 carminis
2555 2752 2737 2827 hujus,
2783 2759 2835 2813 in
2880 2759 2967 2815 die
2997 2777 3101 2834 qua
3130 2762 3381 2820 liberavit
3407 2781 3532 2822 eum
3566 2766 3678 2823 Do—

2067 2843 2248 2897 minus
2277 2842 2345 2899 de
2376 2861 2538 2902 manu
2562 2848 2800 2906 omnium
2826 2852 3169 2913 inimicorum
3198 2873 3442 2928 suorum,
3467 2870 3523 2917 ct
3549 2875 3676 2917 ma-

2067 2948 2139 2988 nu
2169 2931 2322 2990 Saul.
2356 2936 2422 2991 Et
2450 2937 2565 2996 ait:

2140 3023 2223 3096 [Τ.
2249 3023 2564 3104 CXXXlV.]
2583 3030 2845 3091 Dominus
2867 3047 3018 3109 petra
3046 3056 3188 3111 mea,
3212 3050 3267 3099 ct
3295 3043 3459 3102 robur
3485 3060 3672 3104 meum

2212 3130 2237 3169 ε
2271 3133 2325 3177 et
2364 3123 2606 3182 salvator
2633 3143 2807 3185 meus.

363 3212 494 3266 than
528 3208 623 3266 ﬁlii
651 3207 768 3279 ejus
797 3205 876 3279 [h.
909 3215 956 3261 et
984 3205 1300 3280 collegerunt
1327 3224 1445 3262 ossa
1469 3224 1647 3264 eorum
1687 3214 1776 3281 qui
1805 3215 1953 3271 afﬁxi
1980 3211 2027 3277 C
2058 3212 2199 3271 Deus
2246 3233 2398 3274 meus
2450 3219 2633 3297 [Vu!g.
2663 3233 2764 3281 tae.
2797 3228 2972 3301 meus]
2993 3274 3010 3301 ,
3044 3230 3198 3288 fortis
3227 3249 3406 3305 meus,
3435 3239 3674 3308 sperabo

362 3312 533 3369 erant,
577 3310 625 3358 et
652 3301 965 3373 sepelierunt
992 3317 1110 3356 ossa
1141 3299 1275 3358 Saul
1318 3313 1365 3357 et
1396 3302 1488 3359 lilii
1522 3303 1680 3377 ejus]
1723 3306 1779 3361 itt
1814 3318 1958 3365 terra

361 3394 667 3465 Beniamin,
718 3391 774 3447 in
820 3391 1012 3459 latere,
1069 3392 1121 3447 in
1167 3392 1421 3461 sepulcro
1449 3392 1540 3451 Cis
1584 3398 1751 3466 patris
1792 3400 1955 3469 ejus:

360 3488 716 3558 feceruntque
748 3483 954 3551 omnia,
985 3500 1105 3554 qua:
1130 3496 1467 3556 praeceperat
1507 3504 1624 3556 rex,
1669 3500 1724 3545 et
1770 3508 1959 3563 repro-

360 3581 586 3654 pitiatus
615 3589 700 3634 est
731 3577 875 3633 Deus
907 3586 1068 3633 terra:
1100 3588 1222 3649 post
1252 3578 1386 3634 iure.
1418 3578 1640 3637 Factum
1663 3591 1747 3637 est
1771 3594 1965 3661 autem,

435 3724 462 3789 ἡ
488 3712 589 3768 llic
611 3725 827 3789 quoque
854 3710 1045 3789 reticet
1070 3709 1377 3770 Veronens.
1422 3729 1524 3770 ms.
1556 3731 1680 3781 rex,
1712 3732 1875 3789 quam
1902 3731 1960 3778 et

365 3785 627 3843 ﬂebrmus
655 3782 742 3837 hic
770 3783 964 3837 nescit.

436 3856 466 3894 ι’
506 3854 561 3910 lu
590 3853 845 3933 Canone,
897 3854 1047 3933 cuius
1102 3852 1253 3907 hasta
1312 3865 1582 3933 trecentas,
1619 3866 1753 3924 elc.,
1794 3878 1955 3933 quam

366 3927 660 4000 lectionem
696 3924 849 4000 sequi
899 3924 1168 4000 uolumus,
1193 3941 1260 3981 eo
1297 3927 1460 4000 quod
1483 3940 1750 4000 suspectae
1801 3924 1959 3992 nobis

363 4002 475 4055 sint
501 3995 812 4074 hujusmodi
836 3996 1245 4074 eruenda-tiones
1271 3995 1339 4051 ex
1367 3995 1633 4074 Hebraico
1661 4013 1808 4058 textu
1835 4023 1958 4074 prn-

366 4076 567 4127 curata:
582 4065 839 4139 abaliqno
853 4065 1196 4139 studiesiori;
1226 4084 1347 4122 nam
1374 4071 1545 4139 prima
1569 4088 1730 4129 manu
1759 4065 1949 4134 eodem

366 4140 530 4195 tundo
558 4134 835 4214 legebaiur
865 4136 917 4191 in
948 4134 1189 4214 Catiane,
1231 4149 1287 4192 ut
1330 4134 1492 4214 modo
1533 4143 1729 4214 legitur
1758 4145 1811 4201 in
1837 4150 1954 4204 edi-

362 4214 457 4279 tis,
485 4224 549 4266 ac
576 4207 629 4264 iu
657 4207 912 4262 omnibus
950 4207 1072 4261 aliis
1097 4224 1226 4263 mss.
1260 4210 1556 4268 codicibus.
1587 4207 1744 4271 Unde
1785 4222 1958 4274 mani-

362 4284 563 4340 festum
591 4292 815 4349 apparet
861 4279 1067 4334 similes
1116 4280 1376 4337 lectiones
1425 4282 1591 4340 fuisse
1641 4298 1874 4344 mutatas
1900 4292 1955 4347 in

365 4355 616 4410 versione
643 4350 1086 4423 Hieronymiana,
1118 4353 1485 4423 quamtumvis
1514 4356 1735 4415 aliunde
1775 4363 1957 4420 verbis

340 4425 608 4483 ’Πρω-τρίς
630 4420 862 4492 ριόρὶιιέ
882 4420 1164 4476 accedant.
1201 4423 1379 4480 Mam.

438 4508 462 4536 ε
505 4496 737 4551 Deerant
782 4494 910 4549 olim
964 4495 1016 4547 in
1046 4493 1365 4565 Veronens.
1418 4498 1542 4552 cod.
1596 4498 1712 4557 haec
1754 4504 1951 4565 verba.

364 4566 723 4637 Praesidiqu
768 4565 816 4638 ei
860 4565 957 4638 fuit
987 4564 1162 4620 Abisai
1202 4567 1343 4635 ﬁlius
1365 4552 1740 4638 Sarviwsqitie
1768 4552 1957 4631 reach:
1982 4552 2037 4614 D

364 4641 471 4695 tinr
496 4635 689 4694 manus
709 4635 921 4693 sulfeCit
945 4655 957 4688 :
982 4644 1214 4708 suntque
1248 4655 1306 4694 re
1334 4640 1445 4709 ipsa
1473 4641 1529 4695 in
1560 4635 1680 4698 aliis
1709 4649 1959 4704 omnibus

363 4711 695 4854 llAbgwllocula
730 4780 846 4849 jam
897 4779 947 4834 in
996 4777 1301 4837 Veronensi
1353 4796 1461 4837 ms.
1485 4782 1640 4854 juxta
1669 4785 1959 4848 Hebrazum

365 4852 610 4910 aliosque
641 4863 816 4907 textus
844 4858 1015 4905 vacat.

442 4935 466 4961 ο
509 4922 635 4999 Duae
681 4930 810 4999 sunt
836 4922 1310 4999 interpretationes
1342 4925 1425 4980 hrc
1455 4925 1612 4983 simul
1637 4927 1860 4999 junctae,
1894 4933 1959 4989 de

363 4995 525 5067 stirpe
553 4994 790 5063 Araplta,
817 5001 873 5048 et
911 4993 975 5047 de
1004 5011 1184 5065 genere
1211 4995 1481 5067 gigantum
1527 5013 1545 5051 :
1587 4993 1671 5054 est
1712 4993 1858 5059 enini
1900 5003 1954 5061 in

364 5088 594 5144 Hebraeo
622 5100 729 5141 una
758 5086 1025 5142 sententia
1052 5094 1212 5148 nam
1258 5070 1426 5151 θείνει,
1460 5088 1525 5144 de
1551 5093 1707 5155 natis,
1753 5095 1868 5150 sive
1894 5101 1959 5153 de

362 5162 520 5237 stirpe
536 5157 798 5237 ﬁsrapha,
842 5162 990 5237 quod
1033 5159 1078 5213 si
1125 5161 1256 5237 velis
1281 5160 1494 5237 Araplta
1516 5162 1666 5237 juxta
1695 5170 1960 5237 etymnto-

365 5229 506 5299 giain
535 5230 899 5313 interpretari,
938 5229 1205 5313 dicam-de
1241 5234 1395 5296 nalis,
1425 5229 1539 5313 sive
1566 5235 1632 5313 {le
1659 5229 1843 5308 gen-ere
1874 5259 1957 5313 gi-

368 5309 615 5381 gantttm;
653 5300 831 5381 Atque
859 5299 1229 5381 ltmc‘qu‘ide‘m
1273 5304 1544 5381 expositio
1570 5299 1751 5381 Syrvo,
1791 5299 1961 5381 atque,

358 5369 547 5437 Arabi,
577 5369 704 5444 fere
743 5370 930 5444 etiam
952 5370 1302 5444 etVChaldreo
1333 5369 1670 5444 interpretari
1705 5369 1909 5443 placuit
1941 5402 1954 5437 :

356 5445 508 5498 illam
554 5443 776 5498 Grmcus
818 5442 1067 5509 probavit
1113 5443 1310 5512 magis,
1357 5447 1419 5523 in
1450 5442 1821 5523 rate-"indvat;
1863 5461 1954 5510 τοῦ

356 5515 530 5591 Ῥαφὰ.
560 5516 1091 5594 ὕες-ιιιιιιΑδυιθιιι-εεμ
1115 5524 1277 5583 atque
1298 5518 1541 5582 evidens,
1568 5515 1950 5594 Hieronymum

358 5584 577 5659 quoque
601 5584 916 5673 alterutra)“
947 5584 1371 5673 (ξξθιζίεςτιεηθηριε⁷
1399 5584 1950 5673 utramquejunxisse

355 5654 566 5715 tenuere
591 5697 608 5723 ,
629 5654 1541 5737 quemadmodum-[faunivulgati
1571 5654 1718 5717 libri'
1747 5681 1951 5737 reprae-

352 5739 590 5787 sentant.
622 5728 792 5794 Quam
822 5740 983 5794 porro
1000 5740 1069 5781 ex
1097 5725 1178 5780 his
1202 5725 1458 5793 probarit,
1491 5725 1944 5795 Veronensis-ms.

350 5801 639 5879 signiﬁcat,
664 5799 758 5875 qui
787 5799 968 5873 priore
999 5796 1155 5856 unice
1184 5795 1367 5867 habet,
1400 5801 1465 5859 de
1498 5804 1663 5879 stirpe
1690 5810 1902 5883 Amp/ta
1924 5829 1946 5869 .-

2211 3312 2264 3366 iu
2294 3328 2417 3368 eum
2451 3333 2463 3371 :

2136 3416 2342 3461 scutum
2374 3424 2575 3479 meum,
2606 3423 2661 3469 et
2690 3428 2861 3473 cornu
2887 3418 3079 3476 salutis
3102 3436 3236 3479 mea:
3262 3440 3275 3478 :

2065 3494 2322 3555 Elevator
2352 3517 2529 3573 meus,
2562 3515 2618 3561 ct
2642 3506 2911 3579 refugium
2945 3528 3146 3582 meum,

2135 3590 2372 3647 salvator
2404 3611 2575 3664 meus,
2608 3598 2676 3655 de
2703 3601 2982 3673 iniquitate
3004 3604 3264 3665 liberabis
3295 3624 3403 3666 me.

2061 3722 2312 3809 alteram,
2358 3726 2423 3782 de
2450 3746 2635 3809 genere
2672 3735 2963 3809 gigantum,
2991 3739 3208 3809 penitus
3237 3744 3430 3800 nescit.
3484 3746 3665 3809 Atque

2064 3796 2190 3886 hinc
2221 3796 2773 3884 ιιυνξιιιιρνησιὸτῆτᾶς
2814 3796 3666 3886 Hieronymiaiiae,ique-Inventi:

2063 3866 2176 3957 bet,
2203 3866 2472 3952 versiouis
2499 3866 2873 3957 argumentum
2903 3882 3009 3957 sibi
3017 3866 3666 3957 ‘suniitr'qtiod'emt'e-ris

2062 3938 2370 4021 religiosius
2393 3938 2663 4025 omnibus,
2695 3965 2888 4004 eorum
2919 3953 3009 4023 qui
3040 3938 3667 4025 glosscmdt‘ainierpre:

2062 4016 2167 4095 tati.
2189 4015 2859 4095 suntnadditamentorum
2890 4015 2978 4078 est
3027 4015 3210 4095 p'urus.
3260 4028 3396 4084 Nam
3433 4029 3501 4085 de
3532 4015 3669 4087 Vul-

2058 4082 2385 4161 gatis_liliris
2418 4086 2489 4161 ita
2535 4090 2736 4161 sentio,
2765 4108 2888 4147 cum
2919 4082 3203 4154 obscurior
3246 4082 3355 4155 illa,
3385 4082 3664 4158 viderem}

2060 4154 2363 4238 translatio,
2395 4156 2645 4238 de__stirp_e
2672 4154 2908 4236 Arapha,
2943 4168 3215 4238 glossator
3250 4154 3359 4226 non
3402 4154 3662 4230 nemo

2062 4221 2184 4280 libri
2215 4221 2389 4314 oram,
2427 4221 2753 4314 aliam'_ltanc
2781 4221 2850 4291 't-x
2894 4221 3482 4314 ito'mitiivsvetymnlogia
3510 4245 3662 4300 deri-

2059 4305 2261 4359 vatant,
2358 4316 2542 4379 genere
2561 4304 2851 4379 gigantum,
2873 4313 3144 4379 apposuit,
3170 4298 3330 4379 quam
3349 4298 3664 4371 inconsulto

2063 4378 2253 4444 postea
2273 4369 2537 4444 librarius
2562 4369 2634 4430 iu'
2650 4369 2853 4433 textum
2877 4369 3143 4437 iuit-usit.'
3168 4369 3435 4440 Caeterum
3466 4369 3665 4444 mirari

2062 4440 2375 4514 subitthoc
2429 4443 2742 4502 Latinorum
2789 4450 3037 4507 codicum
3082 4440 3665 4514 addit:tntetttumﬂne-:

2063 4509 2201 4591 dum
2231 4512 2530 4591 Martiauaz,
2561 4530 2615 4573 et
2656 4536 2815 4587 quem
2864 4523 2952 4578 ille
2979 4524 3179 4591 edidit,
3224 4509 3664 4585 [Ebrini—“Scho—

2060 4581 2254 4665 liastis,
2274 4584 2402 4667 fed.
2434 4598 2490 4641 et
2518 4581 2809 4667 omnium,
2839 4604 2970 4660 quot
3018 4581 3295 4654 habemus
3318 4581 3401 4652 ad
3420 4581 3659 4667 manus,

2056 4654 2155 4780 lqui
2184 4655 2501 4779 segriticos
2521 4661 2577 4717 iu
2601 4660 2660 4717 S.
2693 4654 3028 4734 Scripturam
3054 4679 3240 4739 agunt,
3292 4654 3662 4741 eﬂugisseidi;

2082 4740 2205 4780 men
2237 4744 2247 4778 I
2308 4747 2362 4780 n.

2082 4724 2362 4795 igentiafn.

2141 4794 2184 4885 ί.
2204 4797 2331 4853 Haec
2361 4801 2521 4885 verba
2550 4816 2725 4885 usque
2778 4806 2847 4862 ad
2893 4810 3447 4885 principiumllymni
3480 4817 3658 4884 posita

2062 4877 2309 4949 suntper
2338 4873 2557 4949 modum
2587 4873 2750 4941 tituli,
2775 4894 2837 4933 ac
2870 4873 3184 4949 ritajusciilis
3235 4874 3430 4940 litteris
3458 4873 3527 4943 ex
3557 4889 3662 4943 mi-

2062 4938 2153 5064 rht‘io
2181 4940 2448 5013 descripta
2487 4944 2541 5001 in
2574 4938 2886 5017 pervetusto
2916 4938 3067 5025 regio
3111 4938 3313 5011 codice
3332 4938 3655 5016 Diblioi'um.

2119 5026 2245 5064 aur.

2119 5026 2245 5065 All'l‘.

2136 5112 2187 5179 8_
2205 5103 2445 5179 Primum
2472 5107 2634 5179 hujus
2661 5113 2857 5170 cantici
2884 5113 3176 5173 distichum
3212 5118 3283 5174 ita
3308 5117 3541 5177 divisum
3565 5121 3654 5178 in-

2061 5174 3189 5277 2.1532213"..llﬁlll‘jmlesjﬂit3'“:6-
3223 5190 3304 5277 Μ
3349 5174 3658 5277 Mitti?

2062 5254 2152 5303 tur
2173 5246 2360 5332 optimi
2384 5249 2531 5332 illius
2547 5270 2664 5332 .ms.
2692 5246 3018 5329 exemplaris
3038 5273 3306 5317 commata
3340 5246 3448 5318 duo
3459 5246 3655 5332 posita

2063 5327 2191 5400 sunt
2216 5317 2404 5400 inhac
2428 5321 2688 5400 editione,
2715 5317 2879 5400 quum
2905 5331 2955 5384 in
2987 5332 3112 5387 aliis
3155 5333 3330 5400 libris,
3355 5317 3419 5390 ac
3459 5317 3512 5390 iit
3544 5317 3654 5390 La:

2064 5388 2193 5471 tinis
2219 5391 2380 5446 etiam
2406 5408 2539 5473 mss.
2557 5388 2831 5473 codicibus
2846 5388 3413 5473 quantplurimis,sub
3438 5388 3654 5461 ἠώιᾞί-

2063 5460 2275 5548 γξδίοιιθ
2298 5477 2395 5519 seu
2420 5466 2681 5524 incisione
2702 5460 3277 5548 legani_ur._t3_:eterum'
3288 5477 3390 5532 iste
3410 5460 3653 5548 psalmus

2063 5530 2207 5588 idem
2240 5544 2328 5613 est
2346 5550 2470 5592 cum
2500 5548 2687 5595 nostro
2709 5530 2820 5613 xvii
2875 5544 2928 5598 in
2978 5544 3124 5600 libro
3147 5530 3386 5613 Psahii;
3412 5530 3650 5606 tritanii

2061 5617 2212 5677 X_\'lll,
2244 5604 2398 5677 juxta
2420 5624 2702 5666 numerum
2734 5612 3085 5671 Hebraeorum
3113 5634 3127 5670 :
3157 5619 3254 5673 sed
3288 5604 3652 5676 unituiltilva;

2059 5672 2225 5758 riunt,
2245 5672 2481 5758 amplius
2530 5682 2732 5758 aliquid
2790 5685 2934 5740 inter
2974 5702 3034 5743 se
3078 5672 3651 5758 habentes,ﬂautvali—is

2056 5747 2259 5840 verbis,
2288 5747 2353 5803 ut
2376 5752 2427 5805 in
2456 5747 3113 5840 amboru'tncoutentioue
3138 5747 3414 5822 studiosus
3450 5747 3651 5840 quique

2058 5815 2214 5885 facile
2240 5832 2578 5896 compertum
2602 5824 2848 5884 habebit.
2881 5827 3059 5888 Mser.
