4144 6364
348 414 458 476 651
860 438 863 441 ν
1632 412 1837 471 Lmen
1876 413 1921 471 tt
1962 411 2329 473 sanums.
3527 388 3633 469 65's

344 530 698 589 Laudabilem
729 530 989 587 invocabo
1018 529 1303 586 Dominum
1337 546 1352 584 :
1964 535 2016 594 Α
2111 537 2166 583 et
2192 536 2457 598 prmccpta
2489 526 2605 597 ejus
2632 541 2738 583 non
2780 526 2960 582 amovi
2988 540 3018 581 a
3047 539 3155 581 me.

422 634 478 681 et
503 625 573 679 ab
598 623 831 681 inimicis
859 624 997 680 meis
1016 624 1204 680 salvus
1233 638 1349 679 ero.
2041 618 2112 674 Et
2139 634 2234 674 ero
2262 620 2530 689 perfectus
2551 635 2672 674 cum
2702 635 2788 687 co,

340 727 484 798 Quia
513 728 991 784 circumdederunt
1018 743 1104 784 me
1132 726 1491 785 contritiones
1516 724 1743 782 mortis:
2113 722 2167 769 el
2194 714 2490 768 ευειοάἱθιη
2521 730 2607 769 me
2636 714 2704 768 ab
2730 715 3009 786 iniquitate
3029 728 3172 770 mea-

418 842 690 890 ιοιτεηιεε
719 829 1614 904 Belialaterruerijntme[Vulg.
1649 839 1751 886 (ac.
1787 827 1934 899 me].
2043 803 2111 861 Et
2174 805 2424 860 restituet
2492 805 2753 861 Dominus
2818 804 2952 861 mihi
3017 804 3315 861 secundum
3370 804 3634 876 justitiam

339 929 526 987 Funes
555 928 713 985 interi
740 927 1221 984 circumdederunt
1244 942 1331 983 me
1351 944 1366 985 :
2185 911 2381 963 meam:

418 1031 799 1095 pmvwewm
823 1036 909 1077 me
938 1021 1120 1092 laquei
1152 1018 1363 1075 monis_
2116 1002 2173 1047 et
2200 993 2500 1048 secundum
2533 993 2854 1049 munditiam
2887 1007 3143 1048 manuum
3174 1007 3414 1048 mearum
3442 991 3519 1066 [h.
3553 1008 3639 1049 sc-

338 1085 790 1173 ln'mbulauone
818 1130 935 1171 mea
963 1085 1228 1170 ἰηπαιδο
1258 1114 1566 1179 Dominum,
2114 1086 2352 1140 cundum
2392 1085 2713 1141 munditiam
2742 1101 2918 1141 meam
2940 1086 2980 1157 ﬁl,
3029 1086 3086 1141 in
3126 1092 3423 1158 conspectu
3454 1086 3638 1141 oculo-

414 1219 473 1266 et
492 1209 563 1265 ad
592 1209 765 1264 Deum
796 1223 975 1264 meum
1009 1207 1256 1263 clamabo
1290 1223 1303 1259 :

866 1223 975 1264 eum
1009 1207 1256 1263 clamabo
1290 1223 1303 1259 :
2115 1198 2231 1237 Tum
2263 1197 2502 1237 δυοτυιη-

343 1304 416 1359 Et
438 1302 697 1360 exaudiet
736 1302 806 1358 de
836 1300 1037 1372 templo
1064 1315 1163 1355 suo
1189 1313 1375 1354 vocem
1405 1314 1607 1365 meam,

1189 1313 1375 1354 vocem
1405 1314 1607 1365 meam,
2043 1274 2176 1331 Cum
2208 1284 2396 1331 sancto
2422 1284 2641 1332 sanctus
2668 1277 2776 1332 eris
2804 1295 2817 1333 :

412 1408 469 1456 et
496 1399 706 1454 clamor
736 1412 889 1453 meus
916 1395 1099 1452 veniet
1128 1393 1208 1469 [h.
1238 1410 1345 1450 non
1392 1394 1593 1461 habet,
1638 1390 1847 1465 veniet]
1875 1390 1942 1446 ad

2114 1378 2168 1423 et
2212 1384 2337 1423 cum
2370 1369 2595 1425 robusto
2640 1367 2910 1440 perfectus
2949 1368 3047 1442 [h.
3079 1384 3200 1426 cum
3230 1368 3475 1441 perfecto
3517 1387 3638 1442 per-

485 1505 648 1547 aures
676 1488 817 1561 ejus.
1128 1460 1148 1469 -
1580 1460 1583 1461 ν
1840 1460 1846 1465 ⁷
2052 1552 2084 1561 ἡ
2186 1460 2421 1561 fetuum]-

346 1586 623 1643 Commota
656 1552 738 1639 est
770 1590 826 1639 et
864 1580 1193 1638 contremuit
1223 1588 1366 1636 terra
1394 1596 1408 1632 :

1143 1580 1193 1636 ,ίι
1223 1588 1366 1636 terra
1394 1596 1408 1632 ε
2044 1552 2177 1609 Cum
2208 1554 2385 1611 electo
2415 1555 2620 1613 electus
2648 1557 2779 1624 eris,

419 1679 770 1736 fundamenta
803 1677 1068 1732 montium
1092 1674 1120 1713 δ
1150 1688 1411 1731 concussa
1437 1683 1581 1741 sunt,
2045 1737 2055 1741 _

2114 1657 2167 1703 et
2195 1662 2316 1703 cum
2351 1664 2607 1719 perverso
2638 1649 2965 1719 perverteris
2994 1648 3123 1723 [Με.
3152 1646 3531 1721 subveneris].

407 1789 467 1837 et
509 1784 893 1851 conquassata,
940 1777 1199 1850 quoniam
1231 1776 1400 1831 iratus
1436 1782 1518 1830 est
1566 1773 1585 1845 ι
1618 1772 1773 1846 Vulg.
1813 1772 1940 1828 add.

1566 1737 1585 1845 ί
1618 1772 1773 1846 γαίῃ.
1813 1772 1940 1828 add.
2045 1737 2112 1793 Et
2143 1738 2396 1851 populum
2429 1755 2721 1851 pauperem
2753 1739 3199 1851 salyumnfacies:

483 1833 648 1948 eia."
765 1833 769 1834 ⁷
877 1833 892 1847 ’
956 1833 974 1850 ⁸
1567 1833 1585 1845 ⁸
1718 1833 1744 1846 “’
2046 1925 2087 1948 Λ
2117 1833 2396 1904 oculisque
2426 1834 2530 1888 tuis
2561 1835 2803 1890 excelsos
2833 1833 3165 1890 ltumiliabis.

1971 1936 2017 1948 -ι
2097 1926 2176 1948 ut-
2221 1937 2274 1948 ι--
2304 1927 2521 1948 Ι..,.....Δ
2556 1942 2668 1948 ω-..
2737 1927 2791 1948 n.
2815 1927 2916 1948 ...2η
2939 1945 2952 1948 -

334 1925 609 2025 Ascendit
634 1965 814 2021 fumus
839 1974 861 2004 ο
889 1964 942 2020 in
977 1963 1200 2019 naribus
1220 1963 1356 2034 ejus,
1971 1936 2020 1997 Β
2046 1925 2180 1995 Quia
2304 1927 2529 2034 [fma
2556 1942 2698 2034 me":
2737 1927 2975 2034 90mi_"e’
3076 2020 3088 2034 _
3191 2020 3202 2032 ,

407 2018 855 2129 ἑιῗίξῶέᾶἔὸὲθ
884 2018 1289 2127 éjusvomm':
1318 2018 1355 2031 ⁷
2117 2030 2172 2075 et
2201 2018 2386 2093 [γαίῃ.
2422 2018 2550 2073 add.
2586 2028 2641 2074 tu
2665 2019 2707 2091 ],
2740 2020 3001 2089 Domine,
3034 2020 3365 2078 illuminabis
3392 2020 3645 2078 tenebras

409 2151 680 2207 carbones
712 2149 921 2207 incensi
952 2156 1078 2203 sunt
1114 2148 1182 2203 ab
1213 2161 1302 2203 eo.

1114 2148 1182 2203 ab
1213 2161 1302 2203 eo.
2189 2126 2363 2167 meas.

337 2251 622 2309 lnclinavit
649 2251 778 2326 [Μι.
811 2249 882 2308 Et
908 2248 1210 2321 inclinavit]
1237 2248 1423 2318 caelos,
1455 2255 1511 2304 et
1533 2246 1821 2305 descendit
1851 2265 1867 2302 :
2044 2204 2184 2326 [uie

409 2298 622 2309 ...ψ-ν--
650 2298 778 2326 Vw.
811 2298 881 2308 --
908 2298 1210 2321 "unum",
1241 2298 1423 2318 πν-τη
1460 2298 1509 2304 ν-
1538 2298 1821 2305 παν---η
1852 2298 1866 2302 ν
2118 2299 2130 2311 .
2643 2301 2653 2311 .
2686 2301 2695 2311 .

409 2354 466 2402 et
490 2344 664 2416 caligo
694 2343 795 2400 sub
820 2342 1048 2415 pedibus
1074 2341 1212 2411 ejus.
2047 2316 2185 2416 “AT.
2198 2298 3059 2416 foﬂ?‘l_rin_sﬂuiﬂ_mumm°

334 2448 382 2506 Ε
412 2393 465 2402 ⁷⁷
495 2393 672 2457 “”⁰⁷,
694 2393 790 2400 ““”
821 2393 1042 2415 ⁷“’””’
1082 2393 1209 2454 ’πῖ
1431 2441 1448 2458 ,
2045 2393 2206 2461 Deus,
2240 2393 2581 2449 immaculata
2603 2394 2687 2449 via
2714 2394 2852 2464 ejus,

388 2458 407 2504 ι
455 2446 701 2542 ascendit
755 2460 918 2518 super
966 2444 1249 2500 cherubim
1283 2441 1378 2515 [h.
1409 2439 1712 2512 Lberub],
1755 2447 1813 2495 et
1847 2453 1942 2496 vo-
2115 2487 2402 2542 Eloauium
2450 2487 2664 2542 Domini
2710 2488 2833 2542 me
2878 2490 3051 2542 exami

491 2487 701 2504 σννηυ..
755 2487 910 2518 πμ.
967 2487 1249 2500 ..........,....
1284 2487 1378 2515 ι...
1413 2487 1628 2498 ...ψη
1654 2487 1671 2512 ,
1696 2487 1712 2507 ,
1759 2487 1812 2495 --
1859 2487 1912 2496 .-
2115 2487 2127 2542 1

491 2539 667 2596 lavit:

2115 2487 2402 2557 Eloquium
2450 2487 2664 2543 Domini
2710 2488 2833 2559 igne
2878 2490 3246 2548 examinatum
3297 2492 3394 2565 [h.
3443 2494 3637 2564 conﬂa-

2187 2579 2330 2651 tum]
2370 2596 2385 2634 :

2114 2680 2327 2726 scutum
2360 2680 2444 2726 est
2470 2671 2710 2727 omnium
2742 2674 3078 2745 sperantium
3102 2675 3158 2733 in
3184 2692 3267 2735 se.

2043 2764 2180 2832 Quis
2204 2774 2288 2819 est
2315 2763 2456 2819 Deus
2488 2774 2688 2834 prreter
2718 2765 3031 2836 Dominum,

2117 2865 2173 2912 et
2201 2857 2323 2928 quis
2352 2859 2505 2913 l‘ortis
2528 2869 2732 2930 praater
2758 2860 2921 2917 Deum
2956 2864 3249 2920 nostrum?

2042 2950 2187 3006 Deus
2207 2951 2296 3022 qui
2325 2952 2558 3024 accingit
2580 2970 2665 3009 tne
2692 2952 3033 3026 fortitudine,

2114 3055 2169 3103 et
2200 3046 2559 3118 eomplanavit
2590 3049 2715 3122 [Με.
2739 3053 3144 3127 complantavit]
3173 3055 3468 3128 perfectam
3495 3057 3635 3113 viam

2191 3154 2389 3195 meam.

412 2643 472 2691 et
494 2634 678 2705 lapsus
708 2638 792 2687 est
820 2630 898 2704 [h.
923 2628 1196 2701 apparuit]
1226 2641 1389 2699 super
1413 2640 1620 2699 pennas
1639 2627 1810 2683 venti.

338 2741 537 2801 Posuit
559 2740 816 2798 tenebras
841 2739 896 2794 in
927 2738 1161 2794 circuitu
1190 2752 1291 2793 suo
1316 2736 1623 2808 latibulum,

420 2836 670 2893 cribrans
696 2846 866 2906 aquas
894 2832 963 2889 de
992 2832 1226 2889 nubibus
1252 2831 1537 2889 calorum.

338 2930 465 2987 Prae
495 2928 707 2998 fulgore
735 2929 792 2983 in
820 2936 1116 2996 conspectu
1141 2925 1282 2996 ejus,

409 3023 661 3081 succensi
682 3030 809 3079 sunt
836 3021 1106 3078 carbones
1137 3021 1295 3093 ignis.

343 3118 575 3175 Tonabit
604 3117 674 3174 de
701 3117 857 3174 emlis
888 3115 1152 3172 Dominus
1193 3132 1207 3172 :

414 3220 467 3267 et
494 3210 755 3267 excelsus
780 3207 935 3265 dabit
960 3223 1148 3265 vocem
1181 3225 1356 3267 suam.

339 3304 488 3361 Misit
511 3304 757 3377 sagittas,
786 3312 843 3361 et
870 3301 1160 3372 dissipavit
1188 3317 1306 3371 eos,

416 3400 611 3471 fulgur.
643 3408 700 3456 et
720 3396 1062 3467 consumpsit
1087 3411 1205 3452 eos.

342 3491 422 3549 Et
447 3500 811 3563 apparuerunt
836 3489 1133 3546 eﬂ‘nsiones
1160 3487 1351 3556 maris,

414 3600 473 3648 et
498 3590 738 3647 revelata
769 3596 895 3645 sunt
918 3586 1271 3642 fundamenta
1298 3584 1467 3651 orbis,

414 3687 487 3743 ab
518 3684 891 3756 increpatione
924 3681 1160 3749 Domini,

412 3777 484 3833 ab
511 3776 866 3846 inspiratione
891 3774 1115 3845 spiritus
1142 3771 1343 3829 furoris
1369 3771 1507 3844 ejus.

340 3869 494 3927 Misit
522 3869 593 3926 de
621 3868 864 3935 excelso,
889 3876 945 3925 et
972 3867 1265 3937 assumpsit
1290 3880 1401 3934 me,

414 3972 470 4022 et
498 3962 735 4022 extraxit
756 3974 846 4018 me
874 3959 943 4017 de
969 3957 1125 4031 aquis
1153 3956 1363 4015 multis.

340 4064 621 4124 Liberavit
659 4078 748 4121 me
797 4064 867 4122 ab
908 4059 1059 4137 [Ms.
1086 4059 1197 4134 de]
1241 4056 1463 4117 inimico
1510 4074 1632 4118 meo
1680 4060 1945 4131 potentis-

2050 3231 2355 3304 Coaaquans
2384 3232 2549 3304 pedes
2581 3249 2731 3292 meos
2762 3238 2956 3306 cervis,

1966 3322 2013 3386 C
2114 3334 2171 3381 et
2196 3340 2362 3396 super
2382 3326 2594 3383 excelsa
2617 3344 2735 3385 mea
2765 3339 3011 3388 statuens
3031 3347 3139 3392 me.

2045 3417 2256 3474 Docens
2284 3432 2476 3473 manus
2501 3434 2650 3475 meas
2676 3421 2742 3475 ad
2761 3422 3032 3493 praelium,

2114 3519 2169 3565 et
2197 3524 2530 3581 componens
2565 3510 2721 3582 quasi
2750 3527 2935 3569 arcum
2962 3531 3164 3572 aereum
3189 3515 3412 3572 brachia
3440 3532 3579 3575 mea.

2044 3600 2249 3657 Dedisti
2278 3603 2407 3657 mihi
2432 3602 2681 3674 clypeum
2707 3606 2899 3661 salutis
2924 3616 3046 3674 tuae,

2116 3704 2171 3751 et
2196 3694 2556 3749 mansuetudo
2588 3712 2705 3752 mea
2736 3696 2813 3770 lli.
2842 3697 2956 3770 tua]
2986 3699 3363 3774 multiplicavit
3389 3717 3500 3761 me.

2044 3787 2306 3843 Dilatabis
2336 3802 2554 3859 gressus
2585 3804 2738 3845 meos
2761 3791 2950 3847 subtus
2981 3807 3096 3862 me,

2045 3890 2102 3939 ct
2133 3896 2238 3937 non
2270 3880 2525 3937 deﬁcient
2556 3882 2649 3937 tali
2680 3884 2807 3939 mei.

2046 3975 2351 4047 Persequar
2381 3975 2630 4033 inimicos
2662 3993 2834 4047 meos,
2866 3986 2925 4037 et
2952 3987 3251 4051 conteram,

2118 4077 2172 4124 et
2200 4083 2307 4123 non
2338 4078 2587 4126 revertar
2616 4070 2635 4144 [
2663 4069 2818 4143 Vulg.
2847 4072 3172 4148 convertar]
3217 4073 3394 4133 donec
3440 4089 3637 4134 consu-

492 4164 656 4233 simo,
2189 4175 2331 4216 tuam
2360 4176 2475 4217 eos.

414 4270 469 4316 et
507 4259 635 4332 [Με.
665 4264 765 4313 tac.
800 4255 876 4329 et]
915 4254 986 4312 ab
1028 4253 1113 4311 his
1140 4253 1230 4326 qui
1273 4254 1502 4311 oderant
1530 4268 1617 4309 me
1642 4294 1657 4323 ,
1686 4254 1942 4328 quoniam
2043 4253 2372 4311 Consumam
2399 4269 2514 4325 eos,
2546 4264 2601 4313 et
2626 4256 2989 4331 confringam,
3021 4268 3082 4317 ut
3110 4275 3219 4317 non
3261 4269 3635 4335 consurgant:

485 4349 822 4407 robustiores
848 4363 935 4404 me
958 4356 1136 4404 erant.
2114 4348 2311 4405 cadent
2338 4350 2439 4405 sub
2467 4349 2696 4421 pedibus
2733 4354 2890 4408 meis.

345 4443 615 4503 Praevenit
639 4459 730 4499 me
756 4444 809 4498 in
837 4441 928 4498 die
957 4440 1269 4498 afﬂictionis
1296 4457 1455 4513 mete,
2044 4439 2345 4499 Accinxisti
2374 4457 2462 4497 me
2500 4442 2815 4500 fortitudine
2841 4446 2909 4502 ad
2939 4447 3187 4518 praelium
3220 4464 3235 4503 :

417 4548 474 4598 et
500 4538 681 4597 factus
702 4546 786 4594 est
813 4537 1075 4593 Dominus
1105 4535 1506 4595 ﬁrmamentum
1534 4552 1737 4595 meum.
2116 4533 2426 4589 incurvabis
2479 4533 2691 4609 [Vulg.
2739 4537 3084 4611 incurvasti]
3140 4541 3457 4599 resistentes
3504 4539 3635 4599 mihi

344 4633 415 4690 Et
442 4630 638 4688 eduxit
663 4645 750 4687 me
776 4630 830 4685 in
860 4630 1241 4686 latitudinem:
2184 4630 2285 4687 sub
2316 4646 2422 4688 me.

417 4723 673 4781 liberavit
695 4738 808 4789 me,
839 4722 967 4795 quia
992 4719 1019 4759 ἀ
1052 4722 1229 4793 placui
1257 4722 1441 4798 [Vulg.
1470 4723 1793 4799 complacui]
1822 4725 1895 4782 ei.
1966 4721 2023 4784 D
2051 4720 2303 4778 Inimicos
2334 4737 2483 4780 meos
2513 4722 2709 4781 dedisti
2738 4724 2867 4782 mihi
2899 4725 3143 4799 dorsum,

348 4823 636 4883 Betribuet
661 4823 793 4879 mihi
819 4822 1080 4880 Dominus
1110 4824 1405 4881 secundum
1433 4825 1694 4896 justitiam
1721 4841 1899 4884 meam
1925 4842 1940 4880 :
2115 4817 2364 4875 odientes
2389 4834 2497 4886 me,
2520 4829 2576 4874 et
2612 4818 2919 4891 disperdam
2949 4836 3067 4878 eos.

423 4936 478 4985 et
506 4924 806 4983 secundum
837 4925 1156 4981 munditiam
1188 4940 1445 4982 manuum
1481 4942 1723 4985 mearum
1754 4926 1945 4985 reddet
2044 4912 2059 4967 ⁴

1481 4942 1723 4985 mearum
1754 4926 1945 4985 redde;
2044 4911 2390 4979 Clamabunt,
2418 4920 2471 4967 et
2501 4927 2607 4967 non
2638 4913 2743 4967 erit
2766 4914 2857 4983 qui
2887 4913 3061 4972 salvet
3090 4932 3104 4970 :

496 5021 649 5078 mihi.
2118 5006 2185 5063 ad
2213 5007 2521 5077 Dominum,
2551 5016 2608 5063 et
2638 5021 2747 5063 non
2774 5008 3029 5066 exaudiet
3056 5024 3176 5067 eos.

349 5114 490 5184 Quia
519 5110 787 5170 eustodivi
813 5110 928 5167 vias
950 5109 1192 5180 Domini,
2049 5102 2251 5160 Delebo
2278 5102 2356 5176 [h.
2380 5100 2694 5172 Conteram]
2725 5116 2839 5170 eos,
2865 5102 3147 5174 pulverem
3176 5114 3374 5162 terrm:

424 5214 481 5263 et
508 5221 616 5261 non
650 5203 740 5275 egi
770 5203 955 5275 impie,
986 5219 1018 5258 a
1044 5203 1155 5259 Deo
1182 5218 1323 5260 meo.
2122 5198 2277 5270 quasi
2318 5196 2490 5251 lutum
2532 5192 2834 5264 platearum
2880 5193 3245 5255 comminuam
3292 5213 3387 5256 eos
3411 5239 3427 5267 ,
3478 5206 3639 5271 atque

351 5298 548 5357 Omnia
578 5295 723 5353 enim
752 5295 953 5369 judicia
980 5296 1098 5369 ejus
1126 5296 1182 5352 in
1212 5304 1509 5367 conspectu
1538 5312 1661 5355 meo
1693 5315 1709 5354 :
2192 5304 2216 5331 θ
2246 5292 2605 5363 conl'ringam.

426 5484 460 5560 ﬂ.
482 5474 868 5560 In__VIeronens.
924 5478 1408 5560 msa‘inveuerunt,
1448 5479 1592 5552 quod
1640 5479 1788 5537 haud
1831 5481 1946 5538 scio
2062 5555 2094 5560 _
2124 5480 2152 5519 ά
2180 5477 2844 5560 Υδηοηθηεμηξηριαειιίι.
2866 5479 2991 5535 Mox
3012 5477 3210 5535 rectius
3230 5477 3297 5533 ad
3320 5477 3636 5549 Hebraeum,

354 5547 1097 5623 undejibrariusexcuderit.
1234 5621 1243 5623 Α
1464 5547 1482 5552 “

1234 5621 1243 5623 ,
1464 5547 1482 5552 -
2052 5555 2306 5611 Retribuit
2329 5569 2424 5623 pro
2452 5547 2735 5607 Retrib'uet.

427 5618 456 5658 ι)
497 5618 683 5675 Canon
733 5620 800 5675 ad
852 5620 1018 5677 Hebr.
1052 5621 1375 5679 emendatus
1431 5623 1595 5693 legit,
1645 5625 1950 5680 conturbata
2126 5637 2153 5665 ε
2194 5618 2455 5680 Undecim
2479 5639 2610 5677 mss.
2644 5624 2814 5678 nostri
2836 5623 3022 5695 legunt
3050 5624 3138 5679 hic
3162 5623 3503 5694 compingunt,
3532 5636 3636 5677 nec

356 5702 477 5765 sunt
521 5700 569 5745 et
615 5702 871 5747 commota
913 5703 1031 5747 sunt
1077 5696 1314 5751 :czeteri
1342 5710 1533 5752 omnes
1569 5703 1627 5752 ut
1676 5696 1733 5751 iu
1760 5696 1946 5754 editis.
2049 5713 2148 5754 sua
2184 5698 2313 5751 illud
2343 5707 2556 5751 careret
2604 5694 3002 5765 probabilitate,
3081 5696 3187 5751 nisi
3252 5694 3636 5765 consequentia

361 5763 550 5837 ΜΑΒῙς
2054 5783 2251 5826 sensus
2306 5763 2754 5822 obstaretinam
2812 5782 2933 5837 qum
2981 5774 3377 5837 praecesserunt
3432 5763 3633 5831 delebo,

434 5846 457 5872 ο
494 5833 639 5909 Idem
682 5838 896 5909 ms._de
940 5840 1170 5892 naribus.
1222 5838 1360 5893 Tum
1410 5842 1656 5909 sequenti
1710 5842 1950 5898 versicn-
2055 5841 2422 5903 comminuam,
2457 5833 3048 5894 necessariam'habe'nt
3080 5839 3632 5909 connexiouemcum

356 5905 435 5974 lo,
466 5907 662 5985 vorabit
695 5910 746 5962 in
791 5907 974 5966 futuro
1020 5925 1142 5966 cum
1174 5910 1433 5981 Vulgatis,
1482 5905 1538 5969 et
1573 5914 1813 5985 pressius
1846 5915 1950 5971 lle-
2057 5913 2225 5967 verbo
2252 5911 2597 5983 confringam,
2628 5911 2752 5985 sive
2772 5910 3081 5985 distendant.
3111 5909 3381 5964 Caeterum
3407 5907 3631 5985 Hebraza

361 6001 515 6056 hmo
540 5980 709 6060 53m.
1283 5979 1299 5981 θ
1574 5979 1589 5985 ⁷
2059 6000 2163 6041 vox
2188 5992 2303 6050 νγ
2322 5979 2357 6051 ,⁷
2381 5979 2524 6052 ναὸα,
2568 5980 2792 6053 proprie
2822 5982 3044 6039 denotat
3062 5995 3309 6051 premere,
3337 5979 3636 6050 premendo,
