4144 6364
457 247 555 310 661

1748 254 1957 332 LIBER
1993 254 2042 330 ιι
2085 255 2453 330 SAMUELIS.

3626 266 3738 325 662

451 371 828 438 descendisset
853 373 921 429 ad
953 387 1078 431 eum
1110 373 1165 430 in
1191 373 1362 446 virga,
1393 373 1446 429 vi
1475 373 1706 432 extorsit
1736 374 1944 430 hastam
1975 373 2044 431 de
2148 384 2273 432 runt
2301 377 2355 432 in
2387 377 2564 433 Aroer
2599 375 2669 434 ad
2710 375 2992 435 dexteram
3032 377 3204 450 urbis,
3251 393 3376 466 quas
3404 387 3487 440 eet
3515 379 3568 438 in
3597 381 3741 441 valle

452 480 617 522 manu
643 465 905 544 Egyptii,
935 478 988 523 et
1024 469 1296 525 interfecit
1334 482 1456 524 eum
1486 470 1638 524 hasta
1669 482 1784 524 sua.
1817 467 1941 523 Haec
1969 465 2046 523 fe-

452 559 526 614 cit
554 560 782 617 Banaias
810 561 950 618 ﬁlius
962 561 1187 618 Joladze.
1209 563 1277 616 Et
1299 559 1416 632 ipse
1437 561 1744 616 nominatus
1765 560 1906 615 inter
1933 569 2044 616 tres

449 651 740 721 robustos,
782 654 871 724 qui
919 661 1077 711 erant
1125 656 1265 710 inter
1295 653 1512 728 triginta
1559 652 1895 710 nobiliores:
1944 667 2042 708 ve~

446 755 751 803 rumtamen
781 761 950 819 usque
977 747 1043 804 ad
1086 755 1196 804 tres
1226 764 1334 804 non
1384 756 1750 820 pervenerat:
1809 746 2042 819 fecitque

444 853 572 894 eum
605 840 708 896 sibi
745 839 916 896 David
946 840 1351 911 auricularium,
1397 856 1426 899 a
1458 851 1670 898 secreto
1697 840 1775 912 [h.
1809 854 1919 894 non
1946 839 2041 896 ha-

445 932 536 988 bet
579 948 613 996 a
671 935 927 1008 secreto].
986 937 1148 993 Asaai
1200 921 1544 993 frater'Joab
1599 936 1742 992 inter
1792 936 2034 1007 triginta.

355 1078 361 1082 .
442 1026 683 1090 Eleanan
729 1027 875 1084 ﬁlius
922 1031 1100 1110 patrui
1147 1032 1262 1102 ejus
1298 1031 1374 1104 [h.
1406 1029 1546 1086 ﬁlius
1575 1028 1746 1110 Dodo]
1777 1029 1845 1086 de
1875 1029 2038 1086 Beth-

439 1117 643 1188 Leem,
675 1119 892 1178 Semma
944 1122 1013 1178 de
1064 1121 1252 1190 Arodi,
1308 1122 1455 1179 Elica
1509 1122 1578 1180 de
1631 1122 1822 1190 Arodi,
1875 1121 2035 1179 Heles

440 1212 568 1287 [Μι.
605 1214 764 1270 Arari
797 1215 980 1289 lielas]
1028 1217 1096 1280 de
1144 1215 1342 1285 Pheiti,
1399 1215 1529 1272 lea
1582 1217 1724 1272 illius
1779 1219 1921 1286 Aces
1965 1215 2035 1273 de

435 1305 686 1379 Thequa,
712 1308 941 1365 Abiezer
967 1311 1035 1365 de
1061 1309 1364 1380 Anatboth,
1389 1318 1414 1348 ει
1446 1308 1739 1365 Mobonnal
1762 1309 1829 1364 de
1855 1307 2028 1376 Usati,

439 1399 659 1464 Selmon
694 1401 939 1472 Aobites,
971 1403 1173 1459 Maarai
1204 1403 1645 1474 Netophathites,
1691 1403 1860 1458 iieleb
1888 1403 2030 1459 illius

443 1493 616 1549 Baana
647 1493 776 1567 [Με.
810 1495 980 1552 Heied
1010 1507 1058 1554 et
1088 1496 1322 1570 Banaa],
1365 1505 1416 1551 et
1443 1498 1552 1569 ipse
1581 1494 1661 1568 [h.
1705 1510 1813 1550 non
1842 1494 2027 1568 habet]

435 1585 876 1658 Netopbathites,
920 1587 1059 1644 Itbai
1110 1589 1258 1646 ﬁlius
1302 1587 1459 1645 Ribai
1502 1587 1568 1644 de
1613 1587 1860 1644 Gabaath
1892 1588 2030 1645 filio-

433 1693 554 1735 rum
597 1678 900 1750 Benjamin,
931 1681 1173 1737 Banaiau
1218 1679 1641 1737 Pharathonites
1669 1678 1796 1753 [Ms.
1830 1679 2027 1736 Fraro—

2121 463 2261 526 'Gad
2289 469 2367 544 [h.
2399 485 2522 542 quae
2541 479 2626 528 est
2662 472 2718 527 in
2745 471 2911 529 medio
2933 474 3172 529 torrentis
3191 463 3358 553 Gadl‘,
3378 484 3434 532 et
3452 489 3550 547 per
3574 475 3734 534 Σπει-

2147 561 2474 618 transierunt
2501 564 2554 617 in
2582 562 2809 633 Galaad,
2837 574 2892 620 et
2920 565 2976 620 in
3007 573 3206 622 terram
3245 565 3556 624 inferiorem
3584 566 3733 624 Rodo

2143 653 2210 720 si,
2250 666 2304 710 et
2343 666 2613 712 venerunt
2639 656 2693 712 in
2733 657 2848 712 Dan
2900 668 2924 698 ο
2963 659 3258 716 silvestria.
3290 660 3734 720 Circumeuntcs-

2141 761 2246 818 que
2271 746 2424 819 juxta
2445 748 2728 820 Sidonem,
2755 751 3088 823 transierunt
3112 753 3284 842 prope
3311 743 3441 826 [Με.
3483 755 3730 838 propter]

2139 841 2338 897 moenia
2377 839 2529 914 Tyri,
2559 851 2614 898 et
2641 858 2858 899 omnem
2905 839 3124 900 terram
3152 845 3301 902 Evaei
3328 856 3382 902 et
3407 845 3727 918 Cbananati,

2138 944 2517 1008 veneruntque
2544 937 2628 992 ad
2675 937 2959 995 meridiem
3005 939 3144 996 Juda
3189 941 3243 996 in
3291 940 3600 999 Ber-Sabee
3631 960 3644 995 :
3677 951 3733 999 et

2135 1029 2359 1085 lustrata
2387 1027 2643 1086 universa
2674 1041 2842 1100 terra,
2879 1029 3169 1088 adfuerunt
3199 1041 3325 1112 post
3349 1048 3542 1090 novem
3570 1050 3725 1091 men-

2134 1134 2222 1177 ses
2243 1129 2298 1178 et
2324 1122 2511 1193 viginti
2533 1122 2650 1180 dies
2673 1125 2727 1179 in
2757 1122 3079 1180 Jerusalem.
3113 1123 3270 1182 Dedit
3305 1141 3437 1200 ergo
3465 1127 3602 1184 Joab
3626 1144 3728 1184 nu~

2135 1228 2345 1270 merum
2383 1213 2766 1286 descriptionis
2793 1215 2981 1289 populi
3001 1216 3136 1297 regi,
3168 1225 3223 1272 et
3250 1203 3471 1275 inventa
3506 1225 3635 1274 sunt
3657 1218 3724 1276 de

2130 1305 2298 1364 israel
2326 1305 2354 1345 ἀ
2384 1308 2701 1380 octingenta
2729 1310 2896 1365 millia
2927 1309 3164 1366 virorum
3186 1309 3439 1377 fortium,
3466 1310 3560 1383 qui
3587 1311 3726 1367 edu-

2131 1412 2320 1458 cerent
2348 1400 2609 1473 gladium,
2651 1409 2708 1456 et
2736 1401 2805 1458 de
2832 1401 2970 1458 Juda
3001 1402 3293 1474 quingenta
3324 1401 3492 1458 millia
3520 1416 3726 1474 pugna-

2128 1500 2306 1550 torum
2334 1493 2412 1568 [h.
2439 1494 2726 1574 virorum].
2758 1495 3034 1553 Percussit
3063 1503 3240 1554 autem
3270 1511 3366 1552 eor
3385 1494 3558 1553 David
3572 1512 3720 1561 eum,

2129 1599 2411 1661 postquam
2453 1600 2767 1646 numeratus
2801 1599 2887 1648 est
2911 1589 3040 1665 [Ms.
3074 1591 3240 1663 esset]
3270 1577 3522 1662 populus,
3559 1602 3614 1648 et
3638 1591 3720 1649 di-

2127 1683 2208 1739 xit
2233 1681 2403 1739 David
2431 1683 2500 1740 ad
2518 1682 2807 1740 Dominum
2837 1703 2854 1741 :
2884 1683 3117 1742 Peccavi
3141 1683 3301 1742 valde
3322 1685 3378 1740 in
3405 1685 3507 1742 hoc
3537 1685 3714 1741 facto:

429 1769 670 1844 nithes].
701 1770 912 1840 ﬂeddai
947 1773 1017 1836 de
1059 1781 1297 1836 torrente
1352 1771 1428 1847 [h-
1483 1772 1838 1846 torrentibus]
1890 1774 2020 1844 Gas,
2053 1775 2101 1840 B
2128 1773 2223 1830 sed
2245 1772 2325 1848 [h.
2350 1773 2445 1831 sed
2472 1773 2641 1850 nunc]
2667 1790 2885 1847 precor,
2913 1776 3169 1844 Domine,
3195 1785 3256 1842 ut
3280 1776 3580 1844 transferas
3606 1779 3712 1834 ini-

427 1862 702 1921 Abiaibou
742 1863 1090 1936 Arbatbites,
1135 1864 1432 1924 Aamaveth
1462 1867 1530 1920 de
1556 1864 1796 1935 Beromi,
1832 1866 2023 1928 Eliaha

425 1954 498 2011 de
521 1957 744 2013 Salboni
776 1956 907 2030 [Με.
937 1959 1128 2016 Alieba
1156 1966 1204 2014 et
1247 1956 1531 2029 Sabboni].
1565 1957 1690 2013 Filii
1716 1957 1901 2027 Jasen,
1930 1957 2022 2016 Jo-

423 2049 652 2119 nathan,
682 2052 901 2114 Semma
948 2053 1016 2112 de
1043 2053 1227 2120 Orori,
1273 2052 1432 2116 Aiam
1465 2052 1610 2110 ﬁlius
1637 2053 1800 2112 Sarar
1826 2053 2018 2112 Arari-

422 2153 528 2212 tes,
563 2145 834 2216 Elipheiet
860 2146 1006 2208 filius
1033 2145 1235 2204 Aasbai
1256 2146 1352 2204 lilii
1382 2143 1651 2202 Maehathi
1683 2144 1810 2218 [Με.
1843 2145 2016 2204 Boro-

420 2237 478 2293 di
504 2248 562 2295 et
589 2239 939 2308 Ararorites,
985 2239 1219 2298 Elfeletb
1268 2239 1307 2295 f.
1355 2238 1528 2296 Aaboi
1572 2239 1610 2295 f.
1661 2240 2013 2314 Maacbathi],

422 2331 595 2386 Eliam
641 2332 781 2388 ﬁlius
825 2333 1154 2406 Ahitbophei
1202 2334 1504 2404 Gelonites,
1550 2333 1702 2390 Esrai
1732 2335 1801 2389 de
1842 2333 2014 2390 Char-

420 2427 589 2493 meio,
621 2428 810 2482 Pharai
841 2428 908 2484 de
933 2429 1084 2496 Arbi,
1125 2428 1268 2500 igaai
1316 2427 1457 2489 (ilius
1486 2425 1698 2486 Nathan
1726 2427 1796 2486 de
1841 2427 2008 2496 Soba,

417 2519 594 2574 Βοηηί
623 2519 693 2576 de
716 2519 872 2586 Gadi,
906 2519 1066 2578 Seiec
1093 2519 1162 2576 de
1185 2519 1408 2588 Amoui,
1442 2519 1674 2575 Naharai
1703 2519 2009 2576 Berotbites

415 2613 654 2688 armiger
676 2610 810 2667 Joab
835 2610 863 2650 δ
891 2611 986 2668 ﬁlii
1038 2612 1266 2682 Sarvlm,
1301 2612 1383 2667 ira
1426 2610 1706 2680 Jetbrites,
1749 2610 1925 2670 Gareb
1954 2621 2009 2667 et

415 2703 538 2774 ipse
602 2705 905 2774 Jetbrites,
963 2704 1124 2764 Urias
1179 2706 1478 2765 Hetthzrus.
1540 2703 1741 2764 Omnes
1789 2705 2006 2776 triginta

410 2809 648 2869 septem.

482 2891 570 2966 [T.
599 2891 895 2957 CXXXVI.
929 2891 1059 2964 Cap.
1109 2891 1324 2967 XXIV]
1355 2893 1422 2957 Et
1465 2892 1670 2949 addidit
1712 2893 1867 2950 furor
1895 2895 2002 2950 Do-

409 2985 538 3040 mini
571 2986 733 3048 irasci
771 2997 959 3050 contra
992 2985 1181 3054 Israel,
1207 2988 1621 3062 commovitque.
1647 2987 1813 3045 David
1839 2989 1890 3044 in
1921 2987 2000 3046 eis

411 3078 682 3140 dicentem
717 3099 731 3136 :
762 3081 932 3148 Vade,
984 3095 1214 3141 numera
1253 3080 1422 3144 Israel
1466 3091 1523 3141 et
1557 3079 1770 3144 Judam.
1825 3080 2001 3144 Dixit‘

2125 1868 2390 1940 quitatem
2455 1870 2598 1928 servi
2663 1870 2763 1940 tui,
2828 1871 2952 1943 quia
3015 1870 3182 1936 stulte
3242 1869 3325 1942 egi
3390 1871 3574 1936 nimis.
3627 1871 3714 1946 ['i‘.

2123 1959 2459 2035 CXXXVII]
2489 1961 2740 2020 Surrexit
2767 1964 2948 2035 itaque
2998 1961 3170 2019 David
3213 1977 3391 2030 mane,
3435 1973 3492 2020 et
3533 1978 3717 2020 sermo

2121 2055 2338 2114 Domini
2383 2055 2559 2114 factus
2589 2067 2674 2114 est
2717 2057 2785 2114 ad
2833 2056 2949 2115 Gad
2998 2055 3296 2136 propheten
3341 2065 3396 2113 et
3427 2056 3712 2116 Videntem

2119 2148 2308 2219 David,
2341 2149 2526 2208 dicens
2554 2167 2569 2205 :
2599 2149 2771 2224 Vade,
2802 2161 2858 2208 et
2889 2149 3114 2221 loquere
3142 2148 3214 2208 ad
3247 2149 3435 2212 David.
3475 2149 3602 2215 llaec
3630 2150 3713 2204 di-

2117 2244 2191 2300 cit
2220 2244 2525 2302 Dominus:
2570 2242 2758 2300 Trium
2805 2242 2903 2300 tibi
2943 2238 3104 2300 datur
3149 2242 3322 2313 optio,
3367 2242 3511 2312 elige
3542 2258 3706 2304 unum

2115 2333 2258 2416 quod
2287 2335 2528 2390 volucris
2555 2350 2627 2391 ex
2657 2334 2763 2402 his,
2795 2341 2855 2389 ut
2893 2333 3088 2389 faciam
3117 2333 3235 2389 tibi.
3262 2332 3507 2404 Cumque
3528 2334 3708 2389 venis-

2113 2439 2197 2482 set
2223 2425 2342 2486 Gad
2368 2425 2436 2480 ad
2476 2425 2664 2490 David.
2712 2425 2978 2488 nuntiavit
3006 2424 3076 2494 ei,
3108 2423 3335 2482 dicens:
3365 2423 3472 2490 Aut
3497 2433 3702 2494 septem

2111 2518 2268 2580 anuis
2293 2519 2472 2576 veniet
2491 2518 2588 2576 tibi
2620 2517 2790 2576 fames
2821 2519 2878 2576 in
2905 2527 3048 2580 terra
3078 2526 3193 2585 tua,
3221 2525 3318 2578 aut
3347 2517 3520 2579 tribus
3551 2534 3704 2584 men-

2109 2610 2262 2666 sibus
2301 2609 2475 2681 fugies
2502 2608 2843 2666 adversarios
2865 2617 3009 2681 tuos,
3039 2621 3095 2665 et
3123 2619 3146 2648 °
3175 2609 3257 2664 illi
3288 2619 3340 2666 te
3365 2626 3701 2684 persequen-

2109 2711 2198 2760 tur
2227 2720 2240 2756 :
2273 2712 2366 2759 aut
2393 2713 2541 2760 certe
2585 2703 2757 2762 tribus
2784 2703 2976 2760 diebus
3001 2705 3107 2760 erit
3135 2704 3441 2774 pestilentia
3472 2705 3526 2762 in
3556 2715 3700 2766 terra

2109 2803 2199 2852 tua
2233 2814 2244 2850 :
2277 2795 2430 2860 Nunc
2447 2813 2582 2868 ergo
2605 2797 2868 2868 delibera,
2908 2807 2965 2858 et
2993 2797 3114 2856 vide
3140 2813 3300 2870 quem
3336 2799 3697 2871 respodeam

2105 2890 2178 2957 ei,
2216 2889 2309 2958 qui
2334 2905 2424 2945 me
2465 2889 2634 2958 misit,
2679 2905 3010 2946 sermonem.
3053 2891 3196 2947 Dixit
3222 2899 3398 2948 autem
3429 2893 3601 2950 David
3627 2897 3696 2952 ad

2104 2979 2220 3036 Gad
2247 2998 2260 3035 :
2289 2979 2489 3036 Arctor
2518 2980 2703 3052 nimis,
2748 2982 2844 3039 sed
2874 2983 3067 3038 melius
3099 2991 3202 3050 est,
3253 2992 3308 3039 ut
3349 2983 3588 3056 incidam
3636 2987 3690 3052 in

2103 3087 2322 3134 manum
2352 3073 2566 3134 Domini
2591 3074 2795 3146 (multa:
2815 3074 2959 3130 enim
2987 3073 3370 3140 misericordia:
3400 3078 3518 3154 ejus
3539 3079 3689 3152 sunt)

407 3186 510 3242 que
539 3189 634 3227 rex
659 3174 726 3227 ad
772 3171 907 3228 Joab
949 3173 1245 3244 principem
1286 3171 1566 3228 exercitus
1611 3172 1692 3226 sui
1725 3188 1740 3226 :
1773 3171 1992 3228 Peram-
2019 3173 2064 3236 C
2096 3183 2256 3242 quam
2291 3170 2341 3222 in
2376 3182 2592 3222 manum
2621 3165 2749 3240 [Με.
2781 3167 2999 3240 manus]
3027 3167 3328 3228 hominum.
3353 3169 3689 3244 lmmisitque

401 3267 533 3323 bula
559 3282 747 3324 omnes
779 3267 954 3324 tribus
982 3269 1147 3324 Israel
1169 3284 1200 3323 a
1229 3268 1341 3322 Dan
1371 3281 1539 3338 usque
1568 3265 1635 3326 ad
1661 3265 1992 3335 Ber-Sabee,

406 3371 468 3416 et
497 3370 774 3417 numerate
810 3361 1089 3432 populum,
1121 3370 1178 3416 ut
1215 3361 1382 3416 sciam
1415 3375 1702 3417 numerum
1731 3361 1872 3429 ejus.
1906 3361 1998 3419 Di-

406 3457 597 3524 xitque
619 3455 753 3510 Joab
779 3455 934 3526 regi:
977 3451 1256 3524 Adaugeat
1286 3453 1544 3508 Dominus
1585 3452 1731 3514 Deus
1767 3462 1891 3520 tuus
1925 3457 1994 3514 ad

403 3547 658 3617 populum
691 3557 921 3619 quantus
967 3563 1109 3603 nunc
1155 3558 1262 3615 est,
1312 3545 1618 3616 iterumque
1661 3550 1995 3626 centuplicet

399 3640 458 3694 in
488 3650 781 3711 conSpcctu
807 3639 1014 3695 domini
1040 3641 1144 3695 mei
1170 3640 1342 3711 regis:
1389 3640 1485 3695 sed
1513 3641 1639 3711 quid
1676 3641 1780 3698 sibi
1811 3642 1987 3700 domi-

398 3748 502 3788 uus
542 3750 695 3789 meus
723 3750 816 3789 rex
847 3736 962 3789 vult
1003 3733 1054 3788 in
1082 3749 1140 3788 rc
1171 3734 1589 3804 hujuscemodi?
1617 3734 1861 3792 Obtiuuit
1890 3755 1990 3794 au-

397 3835 507 3882 tem
535 3841 715 3882 sermo
747 3826 888 3897 regis
939 3825 1105 3882 verba
1144 3825 1303 3895 Joab,
1345 3836 1400 3882 et
1435 3827 1739 3898 principum
1790 3831 1993 3887 exerci-

397 3926 486 3975 tus
516 3937 529 3974 :
561 3933 923 3991 egressusque
947 3927 1030 3973 est
1064 3918 1226 3985 Joab,
1258 3927 1312 3974 et
1341 3917 1618 3988 principes
1659 3919 1916 3989 militum,
1957 3938 1987 3980 a

391 4012 531 4069 facie
561 4013 724 4086 regis,
773 4023 831 4068 ut
874 4023 1221 4069 numerarent
1262 4011 1446 4086 [Vulg.
1480 4014 1791 4089 numerent]
1827 4031 1990 4087 p0pu-

390 4103 502 4161 lum
531 4105 716 4164 lsraei.
745 4107 988 4178 Cumque
1015 4107 1438 4177 pertransissent
1461 4104 1779 4177 Jordancm,
1820 4123 1986 4166 vene-

465 4298 491 4327 α
515 4289 739 4344 Nomina
771 4289 918 4344 istzec
946 4288 1184 4344 virorum
1226 4285 1447 4341 fortium
1485 4285 1840 4342 immutantur
1881 4299 1982 4342 sre-

392 4363 514 4425 pius
566 4363 704 4429 apud
755 4365 1048 4415 Auctorem
1084 4361 1454 4428 Qumstionum
1489 4358 1874 4412 Hebraicorum
1922 4359 1975 4412 in

389 4433 563 4488 libros
595 4433 822 4501 Regum,
853 4433 942 4502 qui
986 4432 1137 4500 juxta
1187 4429 1596 4502 pttn‘ctatiunem
1629 4429 1977 4502 biastorethi-

388 4520 508 4558 cam
541 4499 1000 4572 legit—Mehmiuai,
1047 4503 1222 4570 Arari,
1272 4499 1480 4572 Gigaul,
1527 4516 1622 4572 pro
1665 4499 1972 4566 Mobounai,

395 4571 799 4646 Orori,’lgaal.
832 4575 1014 4628 Canou
1064 4571 1351 4628 Hebraicai
1391 4571 1632 4646 veritatis
1686 4573 1972 4646 emendata

393 4647 554 4698 habet
583 4643 841 4700 voeabula
879 4646 1066 4698 eadem
1099 4651 1261 4714 prout
1300 4644 1471 4713 posita
1504 4644 1756 4714 leguntur
1784 4644 1836 4696 in
1862 4643 1973 4710 jam

393 4715 552 4769 dictis
576 4715 1007 4781 Qua'stiouibus;
1032 4713 1198 4782 quare
1229 4729 1297 4768 ue
1335 4731 1431 4780 pro
1460 4728 1590 4768 vero
1612 4713 1808 4772 falsum
1842 4714 1972 4768 Hie-

391 4801 676 4858 ronymum
704 4786 1054 4843 obtrudutuus
1075 4828 1091 4852 ,
1129 4786 1263 4846 tales
1292 4785 1588 4858 abjecimus
1632 4785 1972 4858 emendatiu-

392 4856 512 4926 ncs,
543 4869 596 4913 et
641 4859 708 4912 ad
736 4858 896 4910 [idem
927 4864 1242 4910 cteterorum
1277 4856 1522 4909 codicum
1575 4869 1706 4909 mss.
1753 4857 1809 4910 in
1852 4856 1974 4926 qui-

391 4925 502 4984 bus
520 4929 727 4999 integra
758 4938 998 4999 superest
1024 4927 1194 4996 prima
1228 4927 1385 4980 lectio
1404 4925 1662 4992 Canonis,
1683 4926 1801 4982 haec
1823 4925 1880 4983 et
1901 4929 1973 4982 εἱ-

388 4999 534 5056 milia
566 4998 786 5060 nomina
813 4998 1104 5056 restituere
1130 5001 1457 5058 curavimus.
1483 5000 1660 5060 biant.

461 5071 487 5111 ιι
511 5074 610 5128 Ms.
633 5073 928 5129 Veronens.
952 5069 1114 5140 ﬁlius,
1150 5071 1200 5123 in
1236 5078 1401 5124 recto.
1432 5071 1653 5126 Graccus
1682 5087 1896 5143 quoque
1922 5075 1974 5130 in

386 5145 594 5215 aliquot
615 5144 1026 5218 [ﬂxetnplaribus
1053 5146 1193 5222 ὐιὸς,
1224 5144 1388 5200 Hebr.
1434 5156 1722 5224 utrumque
1747 5148 1974 5217 suscipit

385 5232 830 5344 cascuriri'odiernus
865 5288 1127 5345 iiebrzeus
1169 5297 1351 5344 textus
1398 5291 1584 5354 habet,
1619 5298 1699 5378 pit
1749 5300 1848 5351 rm
1875 5308 1889 5347 :
1920 5291 1975 5346 in

383 5379 504 5435 Dan
543 5381 736 5436 Jahan.
766 5381 827 5435 S.
879 5381 1238 5451 Hieronymus
1264 5397 1367 5450 pro
1409 5381 1599 5435 ultimo
1644 5397 1750 5438 nun
1781 5383 1975 5452 legerit

384 5453 551 5519 resclt,
585 5455 697 5508 sive
734 5460 855 5517 Ἢν,
889 5468 987 5522 pro
1014 5457 1094 5537 ἶν’
1126 5471 1139 5505 :
1175 5461 1347 5520 atque
1386 5453 1441 5507 id
1469 5453 1685 5522 quidem
1722 5455 1920 5513 rectius
1954 5472 1968 5508 :

386 5560 505 5614 nam
527 5543 700 5599 Julian
741 5545 844 5602 iaci
879 5560 1080 5600 nomen
1111 5554 1204 5600 aut
1233 5543 1374 5604 nihil
1404 5553 1506 5614 est,
1541 5554 1634 5599 aut
1662 5555 1813 5600 certe
1837 5545 1970 5608 alibi

382 5613 436 5670 in
466 5617 759 5686 Scripturis
787 5632 892 5672 non
921 5616 1182 5671 occurrit.

454 5706 481 5746 ἀ
520 5709 661 5766 Nihil
688 5711 1051 5766 dubitavimus
1083 5726 1345 5782 reponere
1371 5711 1457 5767 hic
1484 5713 1776 5782 octingenta
1805 5711 1874 5767 ad
1899 5709 1961 5766 fi-

383 5781 506 5838 dem
530 5783 789 5839 librorum
818 5785 1080 5852 omnium,
1123 5781 1428 5854 quotnobis
1475 5781 1846 5852 innotuerunt,
1888 5800 1954 5841 ex

2101 3261 2362 3320 Dominus
2395 3259 2756 3332 pestilentiam
2790 3259 2846 3313 in
2877 3258 3068 3328 lsrael,
3111 3260 3178 3316 de
3218 3277 3377 3317 mane
3421 3279 3589 3333 usque
3619 3265 3686 3321 ad

2099 3363 2313 3424 tempus
2357 3350 2732 3419 constitutum,
2775 3359 2830 3406 et
2867 3352 3070 3407 mortui
3114 3363 3242 3409 sunt
3279 3368 3348 3408 ex
3382 3354 3607 3432 populo,
3653 3373 3685 3413 a

2097 3449 2214 3510 Dan
2245 3461 2414 3524 usque
2456 3443 2779 3510 Der-Sabee,
2820 3445 3169 3517 septuaginta
3208 3447 3380 3504 millia
3409 3449 3678 3508 virorum.

2097 3539 2342 3612 Cumque
2400 3537 2737 3594 extendisset
2795 3552 3011 3592 manum
3075 3537 3264 3611 [Vulg.
3318 3541 3445 3596 add.
3495 3544 3684 3618 suam]

2097 3633 2322 3705 angelus
2349 3631 2561 3688 Domini
2593 3630 2670 3703 [h.
2697 3645 2805 3686 non
2835 3631 3021 3698 habet,
3059 3629 3298 3703 Domini]
3323 3647 3487 3705 super
3525 3636 3681 3694 Jeru.

2094 3728 2286 3796 salem,
2333 3734 2391 3779 ut
2427 3714 2774 3792 disperderet
2820 3737 2963 3790 eam,
3016 3724 3276 3780 misertus
3306 3735 3389 3781 est
3416 3726 3678 3787 Dominus

2093 3823 2173 3897 [h.
2201 3818 2454 3892 paenituit
2498 3815 2804 3888 Dominum]
2852 3832 3018 3886 super
3045 3818 3358 3888 afﬂictione,
3391 3831 3445 3878 et
3477 3821 3553 3878 ait
3581 3839 3679 3880 an-

2089 3916 2214 3988 gelo
2248 3911 2569 3985 percutienti
2618 3910 2920 3980 populum:
2971 3909 3219 3979 Sufficit;
3265 3929 3409 3969 nune
3457 3916 3677 3973 contine

2092 4023 2312 4066 manum
2358 4018 2524 4061 tuam.
2579 4003 2716 4060 Erat
2763 4012 2948 4058 autem
2993 4004 3217 4075 angelus
3260 4005 3479 4065 Domini
3521 4008 3675 4081 juxta

2091 4118 2270 4160 aream
2306 4100 2324 4141 ί
2356 4100 2572 4155 Areuna
2603 4095 2862 4153 Jebusaai.
2900 4095 3150 4167 Dixitque
3187 4097 3357 4154 David
3385 4101 3452 4156 ad
3485 4102 3673 4159 Domi-

2090 4281 2353 4360 iiebrazis,
2384 4279 2610 4360 Grarcis,
2633 4277 2976 4360 Latinisque,
3010 4293 3111 4336 ms.
3145 4294 3298 4351 aeque
3317 4296 3381 4337 ac
3412 4283 3672 4358 Vulgatis.

2082 4354 2160 4411 Ac
2187 4355 2391 4427 sciuius
2423 4353 2524 4405 hoc
2551 4350 2618 4427 ἀρ
2656 4365 2820 4404 59"5“
2857 4350 3192 4427 ‘iispummm
3217 4350 3564 4427 pugnapefe
3591 4362 3672 4422 in-

2083 4439 2162 4483 ter
2192 4425 2456 4485 eruditos,
2494 4422 2833 4490 multumque
2862 4421 3176 4490 discrepare
3206 4425 3272 4476 ab
3303 4421 3407 4478 Hoc
3435 4421 3668 4490 numero
3743 4421 3753 4429 ’

2005 4468 2057 4528 D
2085 4468 2548 4553 libri
2595 4468 3076 4560 Paralipomenon:
3114 4468 3666 4558 Verunfithiié'ii‘i'r‘f

2086 4571 2310 4624 lianazus
2351 4565 2613 4635 octoginta
2658 4562 2960 4638 excuderit
2991 4578 3090 4632 pro
3137 4565 3464 4638 octingenta,
3522 4573 3666 4630 haud

2081 4640 2286 4696 scimus
2319 4657 2330 4691 :
2358 4634 2598 4712 illudque
2625 4635 2837 4712 aegrius
2867 4634 3108 4712 l'eriiuus,
3154 4649 3225 4691 ne
3256 4634 3419 4712 verbo
3445 4634 3664 4712 quidem

2081 4712 2336 4767 lectorem
2365 4709 2434 4762 de
2471 4703 2689 4760 inducta
2719 4703 2927 4760 uoviter
2956 4704 3194 4762 lectione
3223 4707 3291 4761 ab
3320 4725 3386 4766 eo
3420 4703 3542 4778 esse
3571 4719 3668 4772 ad-

2080 4791 2424 4907 mamiliiiiise
2442 4858 2558 4904 erat
2584 4857 2740 4903 antea
2771 4845 2860 4901 ille
2872 4862 2891 4912 ;
2913 4861 3018 4904 ms.
3052 4848 3353 4914 Veronens.
3385 4873 3509 4916 cum
3536 4858 3666 4917 Vul-

2077 4927 2218 4997 gatis
2245 4933 2306 4997 et
2333 4923 2548 4997 Grmeo,
2573 4931 2752 4997 (enim
2783 4921 2964 4976 habet.

2157 4996 2174 5035 τ
2205 4998 2258 5056 iu
2295 4991 2572 5075 hodieruis
2597 4991 2950 5075 Hebraeorum
2987 4993 3352 5075 voluminibus
3375 5007 3666 5075 perturba.

2082 5079 2164 5123 lus
2193 5080 2274 5124 est
2299 5071 2433 5122 ordo
2457 5069 2752 5151 litterarum
2777 5065 2932 5151 istius
2951 5068 3218 5140 nominis;
3251 5071 3326 5127 ibi
3355 5065 3496 5151 enim
3528 5078 3665 5151 legi-

2081 5152 2164 5196 ιιη-
2185 5150 2415 5204 δυηπκτ-ι,
2457 5135 2975 5218 ἡααυᾳντια.ην.θι“υιῐι
3027 5135 3216 5218 monet
3251 5161 3350 5201 nos
3390 5135 3659 5207 Messore-

2080 5219 2279 5296 _t_hic_um
2310 5218 2423 5273 Ceri
2452 5225 2556 5296 tam
2596 5211 2650 5296 iu
2678 5208 2890 5296 editis,
2943 5226 3105 5296 quam
3157 5217 3213 5271 in
3267 5224 3657 5296 manuscriptis

2076 5287 2230 5360 libris
2278 5305 2436 5359 supra
2490 5290 2743 5355 laudatis,
2777 5288 3058 5360 legendum
3085 5299 3310 5353 nmen.
3362 5287 3654 5356 haaratina.

2079 5358 2152 5432 ita
2174 5358 2385 5432 quoque
2409 5362 2668 5431 scriptum
2699 5358 2998 5430 reperimus
3020 5359 3072 5414 in
3097 5374 3280 5417 nostro
3313 5364 3656 5428 Pelissonaeo

2076 5430 2534 5505 Hebraeo—codice,
2566 5435 2656 5505 qui
2684 5434 2884 5505 nullam
2925 5433 3146 5505 adhibet
3173 5434 3415 5491 criticam
3465 5448 3667 5493 notum-

2075 5501 2556 5578 Massoretharum;
2583 5501 2642 5560 et
2666 5507 2709 5578 si
2737 5504 2874 5578 infra
2905 5504 3060 5578 v_.__i8
3091 5505 3233 5574 legat
3253 5519 3509 5578 corrupte
3527 5525 3654 5564 cum

2071 5575 2284 5650 caeteris
2319 5584 2511 5650 nime,
2544 5577 2774 5650 Αναηῇςι.Δ
2809 5574 2984 5650 Simili
3033 5591 3164 5631 usus
3213 5591 3297 5634 est
3345 5574 3652 5650 exemplari

2071 5642 2358 5703 Scoliastes
2397 5648 2631 5702 Cauonis
2685 5647 2815 5701 lleb.
2842 5647 2999 5701 verit.
3033 5658 3091 5701 ut
3119 5664 3222 5702 non
3247 5650 3420 5706 solum
3448 5642 3528 5708 ρκ’
3550 5669 3650 5708 no-

2072 5717 2596 5791 latioue'margiuali
2641 5720 2850 5791 Aram'ar
2880 5717 3222 5772 manifestum
3252 5735 3496 5791 apparet,
3544 5723 3650 5779 sed.

2073 5787 2234 5844 etiam
2255 5807 2320 5845 ex
2342 5787 2534 5846 eodem
2556 5804 2717 5861 supra
2742 5790 2918 5861 posito
2940 5791 3155 5846 nomine
3173 5787 3380 5848 Arcana
3405 5797 3456 5851 in
3479 5804 3648 5863 textu,
3706 5793 3708 5795 ’
