4144 6364
402 397 407 401 ρ
522 350 707 411 665.

1507 349 1567 412 S.
1606 349 1998 410 HIERONYMI
2036 350 2268 411 DIVINA
2309 351 2805 413 BIBLIOTHECA.

3695 360 3812 422 664

519 484 653 546 num
694 483 819 529 cum
870 468 1101 530 vidisset
1141 468 1397 543 angelum
1446 466 1750 525 caedentem
1806 468 2064 540 populum
2096 486 2114 524 :
2141 473 2401 537 Acesset
2436 471 2741 529 interfectio
2777 484 2900 544 quae
2935 477 3215 545 grassatur
3265 472 3319 530 in
3364 472 3588 546 populo.
3627 471 3698 533 Et
3728 476 3817 534 ait

521 544 640 635 Ego
668 577 788 621 sum
815 563 913 637 qui
954 565 1197 638 peccavi,
1233 577 1333 636 ego
1361 561 1544 634 inique
1570 561 1657 634 egi
1690 579 1704 615 :
1734 561 1825 617 isti
1853 562 1945 635 qui
1987 577 2118 622 oves

525 666 658 715 sunt
701 655 782 728 (b.
823 657 942 716 ista;
971 655 1290 729 oves),'quid
1319 654 1605 713 fecerunt?
1646 664 1913 724 vertatur,
1953 655 2117 713 obse-

522 765 640 818 cro,
668 765 864 807 manus
889 758 980 805 tua
1021 757 1213 806 contra
1241 762 1353 815 me,
1384 755 1442 806 et
1464 755 1656 804 contra
1687 746 1913 804 domum
1943 749 2119 821 patris

522 844 653 903 mei.
688 843 852 900 Venit
883 853 1065 901 autem
1096 842 1211 900 Gad
1238 842 1308 899 ad
1351 840 1527 899 David
1566 840 1623 898 in
1648 841 1736 900 die
1761 843 1875 911 illa,
1905 852 1961 900 et
1982 843 2123 900 dixit

521 938 575 995 ei
603 955 617 992 :
650 937 922 1009 Ascende,
954 946 1010 994 et
1039 935 1230 1010 (Vulg.
1256 946 1356 992 tae.
1402 935 1480 1008 et)
1508 937 1784 994 constitue
1819 937 1994 994 altare
2013 938 2121 997 Do-

524 1031 675 1088 mino
696 1032 752 1088 in
782 1047 908 1090 area
937 1033 1156 1089 Areuua
1202 1030 1285 1107 (b.
1336 1031 1429 1090 hic
1466 1031 1690 1105 Arania)
1732 1031 1990 1090 Jebusaei.
2048 1033 2119 1089 Et

525 1124 774 1180 ascendit
799 1124 969 1181 David
991 1124 1152 1198 juxta
1182 1139 1491 1182 sermonem
1523 1124 1660 1182 Gad.
1698 1124 1873 1194 Quem
1917 1141 2122 1198 praece-

519 1225 679 1286 perat
710 1226 733 1254 α
758 1217 805 1273 ei
833 1215 914 1291 (ιι.
954 1234 1060 1274 non
1106 1217 1293 1291 habet)
1335 1217 1618 1276 Dominus.
1651 1216 2119 1293 Conspiciensque

519 1309 763 1380 Areuna,
795 1311 1180 1369 animadvertit
1211 1327 1393 1383 regem
1423 1321 1481 1369 et
1504 1327 1694 1370 servos
1731 1314 1853 1383 ejus
1883 1312 2119 1371 transire

519 1401 588 1457 ad
628 1418 724 1470 se,
762 1412 819 1460 et
853 1419 1111 1477 egressus
1148 1405 1403 1462 adoravit
1438 1420 1624 1477 regem
1662 1421 1837 1478 prono
1873 1407 2119 1465 vultu.in

520 1501 747 1565 terram,
788 1505 844 1552 et
881 1497 956 1553 ait
986 1514 1001 1552 :
1043 1497 1184 1568 Quid
1224 1512 1404 1554 causa:
1441 1508 1525 1555 est
1562 1506 1624 1555 ut
1650 1499 1836 1555 veniat
1862 1500 2118 1558 dominus

522 1602 679 1645 meus
716 1605 815 1646 rex
852 1590 921 1648 ad
960 1605 1182 1649 servum
1233 1592 1434 1649 suum?
1483 1590 1607 1649 Cui-
1640 1592 1810 1650 David
1865 1594 1943 1651 ait
1974 1612 1989 1650 :
2046 1595 2123 1654 Ut

520 1694 700 1739 emam
737 1697 769 1739 a
810 1691 866 1741 te
903 1699 1112 1755 aream,
1152 1694 1210 1743 et
1244 1686 1512 1744 aediﬁcem
1551 1686 1728 1744 altare
1765 1687 2019 1759 Domino,
2062 1698 2121 1748 et

2218 568 2438 623 Areuna
2477 565 2548 624 ad
2599 565 2821 623 David:
2860 567 3133 639 Accipiat,
3194 577 3251 625 et
3307 569 3505 626 oﬂ'erat
3558 570 3817 629 dominus

2221 673 2373 714 meus
2408 672 2529 724 rex,
2570 659 2712 716 sicut
2747 660 2798 716 ei
2837 659 3049 730 placet;
3098 660 3268 719 babes
3324 662 3492 720 boves
3547 663 3602 720 in
3658 664 3822 722 bolo-

2220 760 2500 820 caustum,
2563 761 2619 808 et
2674 751 2975 824 plaustrum
3031 763 3088 811 et
3135 754 3265 828 juga
3317 756 3523 813 bonum
3560 756 3615 814 in
3655 772 3821 814 usum

2222 845 2515 918 lignorum.
2556 845 2748 903 Omnia
2784 847 2935 904 dedit
2971 848 3190 906 Areuna
3227 848 3256 889 ι)
3297 865 3393 907 rex
3431 850 3548 922 regi
3595 867 3611 907 :
3650 850 3825 907 dixit—

2222 953 2329 1011 que
2351 938 2566 996 Areuna
2603 938 2672 995 ad
2713 955 2895 1012 regem
2928 957 2943 996 :
2985 942 3251 999 Dominus
3281 944 3429 1000 Deus
3468 953 3593 1000 tuus
3634 944 3819 1000 susci-

2218 1031 2334 1104 piat
2356 1041 2540 1089 votum
2579 1039 2757 1088 tuum.
2786 1032 2889 1100 Qui
2930 1034 3270 1104 respondens
3302 1050 3423 1105 rex,
3452 1034 3567 1092 ait:
3599 1034 3824 1109 Nequa-

2219 1140 2404 1196 quam,
2435 1125 2618 1194 utvis,
2646 1123 2744 1182 sed
2770 1140 2947 1183 emam
2980 1127 3157 1198 pretio
3187 1138 3219 1183 a
3250 1139 3324 1195 te,
3355 1138 3412 1185 et
3450 1143 3559 1185 non
3589 1128 3827 1185 oﬂ'eram

2222 1217 2451 1274 Domino
2472 1218 2585 1274 Deo
2608 1233 2732 1274 meo
2754 1218 3070 1276 holocausta
3092 1223 3346 1292 gratuita.
3380 1220 3526 1278 Emit
3556 1236 3690 1294 ergo
3711 1221 3830 1279 Da-

2220 1309 2311 1367 vid
2337 1326 2543 1380 aream,
2572 1320 2626 1367 et
2654 1311 2846 1377 boves,
2890 1313 3099 1384 argenti
3131 1311 3283 1369 siclis
3311 1313 3732 1388 quinquaginta,
3770 1322 3834 1370 ct

2223 1403 2512 1461 :edilicavit
2542 1414 2565 1443 ο
2596 1403 2671 1460 ibi
2698 1403 2867 1459 David
2907 1405 3081 1461 altare
3112 1404 3367 1474 Domino,
3398 1415 3455 1463 et
3476 1406 3674 1463 obtulit
3712 1405 3830 1461 ho-

2222 1496 2462 1553 locausta
2509 1504 2565 1553 et
2591 1496 2860 1568 paciﬁca:
2905 1508 2962 1554 et
3008 1498 3396 1571 repropitiatus
3422 1509 3509 1559 est
3556 1500 3831 1560 Dominus

2225 1598 2410 1657 terras,
2442 1597 2500 1647 et
2523 1589 2763 1648 cohibita
2785 1601 2871 1649 est
2889 1591 3045 1666 plaga
3072 1592 3143 1650 ab
3164 1592 3357 1650 Israel.
3385 1591 3414 1633 ει

519 1840 1008 1915 quodemendator
1040 1842 1279 1900 Canonis
1309 1844 1541 1900 mulavit
1567 1859 1691 1900 cum
1719 1844 1976 1915 Aravena,
2004 1861 2121 1902 mo-
2147 1848 2198 1911 B
2296 1839 2602 1897 ——Mulctat
2629 1839 3264 1915 regis‘tituloAreunam
3280 1842 3618 1903 Veronensis
3638 1860 3742 1902 ms.
3773 1845 3832 1904 in

519 1912 631 1988 bile
660 1912 866 1969 faciens
890 1915 1073 1969 scheva
1096 1916 1205 1988 sub
1237 1916 1418 1970 littera
1449 1933 1568 1982 vau,
1584 1917 1833 1988 quamvis
1854 1912 1975 1983 post
2003 1934 2122 1973 mo-

523 1983 732 2058 tionem
763 2000 1006 2054 parvam,
1063 1986 1178 2058 sive
1226 1990 1472 2042 vocalem
1530 1983 1752 2058 palaltlr,
1800 1990 1984 2044 selteva
2013 1991 2123 2045 mi-

522 2054 674 2127 nime
697 2056 910 2126 legatur
936 2056 1081 2127 apud
1105 2058 1496 2127 grammaticos
1518 2054 1880 2115 recentiores.
1908 2061 2023 2117 Hoc
2044 2062 2127 2116 in-

526 2126 685 2180 terim
699 2139 925 2196 pr0pter
951 2126 1256 2183 studiosum
1276 2144 1339 2183 ac
1360 2131 1636 2185 curiosum
1653 2131 2124 2189 lectoremMsnr.

595 2196 786 2274 -——Pro_
804 2198 1072 2274 Aureuna,
1094 2201 1188 2274 qui
1202 2199 1576 2274 Veronensum
1605 2201 1800 2257 librum
1818 2202 2127 2274 descripsit,

524 2269 734 2346 monuit
770 2268 826 2323 in
856 2268 1437 2346 inargitteﬁlegendum
1485 2272 1664 2346 Ornan
1692 2288 1710 2326 :
1740 2289 1862 2343 quae
1910 2268 2127 2346 quidem

523 2340 764 2414 nominis
801 2340 1075 2414 scriptura
1117 2340 1424 2398 ex'Graoco
1462 2340 1776 2414 accipitur?
1810 2346 1864 2400 in
1892 2340 2125 2403 Hebraeo

528 2412 673 2467 enim
699 2411 849 2468 varie
861 2424 1122 2485 concepta
1132 2423 1250 2485 est,
1283 2419 1514 2482 nJ'l'lrtn,
1538 2411 1903 2483 cina-1mm
1931 2425 2123 2485 roma,

527 2490 812 2557 aut_certe
846 2500 915 2538 ex
946 2484 1100 2557 libris
1120 2483 1588 2557 Paralipomenon
1636 2487 1675 2557 l,
1704 2504 1825 2555 cap.
1856 2502 1990 2555 xm,
2029 2483 2126 2557 28,

527 2560 585 2607 et
609 2552 674 2621 II,
704 2568 826 2623 cap.
857 2570 936 2622 III,
959 2556 1013 2620 I,
1043 2555 1133 2610 ubi
1162 2570 1264 2622 pro
1284 2552 1611 2625 cognomine
1626 2552 1860 2613 Jebusmi
1891 2552 2122 2615 obtinet.

603 2632 632 2695 εξ
669 2624 824 2690 Quod
864 2625 1151 2682 verissime
1183 2634 1340 2684 notat
1358 2624 1723 2695 ’Scboliastes,
1770 2645 1879 2684 non
1907 2645 2030 2687 esse
2071 2632 2123 2686 in

528 2694 763 2770 Hebraeo
791 2695 1032 2770 additum
1056 2698 1103 2752 ei
1125 2737 1142 2763 ,
1179 2713 1526 2770 rusquoquc
1558 2700 1890 2757 Veronensis
1924 2712 2086 2759 tacet.

602 2764 632 2804 ιι
654 2765 843 2839 Qanon
875 2769 1022 2823 solus
1044 2781 1166 2823 cum
1198 2764 1667 2839 Vulgata-retinet
1698 2771 1921 2827 verbum
1968 2772 2122 2837 illud,

531 2837 896 2915 regal-Legitur
925 2839 1140 2909 quidem
1195 2837 1534 2915 in‘Hebraeo,
1587 2858 1697 2898 non
1750 2852 1930 2900 tamen
1982 2845 2128 2915 apud

532 2906 702 2986 XXX.
734 2906 957 2965 A’reuna’
973 2925 1116 2986 ergo
1126 2911 1355 2986 regulus
1378 2912 1497 2986 fuit,
1518 2906 1627 2970 'aut
1655 2916 1724 2969 de
1745 2914 1913 2986 stirpe
1938 2906 2128 2986 regum

532 2977 908 3054 Jebusmorum
942 2999 954 3033 :
985 2977 1237 3054 inilibri's
1284 2983 1741 3054 Paralipomenon
1790 2977 1936 3042 idem
1962 2977 2129 3044 JEbu-

533 3062 678 3104 saetis
707 3052 1011 3128 appellatur
1038 3051 1258 3128 Ornan;
1285 3055 1427 3128 quod
1449 3051 1764 3126 neutiquam
1787 3060 2128 3128 praetermis-

533 3134 655 3194 sum
689 3122 864 3194 voluit
884 3125 1119 3194 scriptor
1149 3125 1262 3191 QQ.
1288 3122 1683 3184 Hebraicaru'm
1721 3129 1776 3185 in
1790 3122 2031 3187 'eosdem
2064 3130 2129 3186 Ii-

532 3190 664 3248 bros
692 3190 1162 3265 Paralipomenon.
1192 3190 1377 3254 Mam.

2224 1928 2332 1988 quo
2361 1911 2720 1990 tantum_esti
2754 1911 2900 1990 Dicit
2940 1914 3147 1990 Arcana
3174 1917 3306 1989 regi,
3339 1924 3442 1972 etc.
3468 1932 3488 1984 ;
3519 1932 3698 1989 neque
3736 1929 3835 1975 est

2228 1982 2419 2044 revera
2452 1982 2582 2039 illud
2610 1999 2702 2061 req:
2721 1985 2964 2061 additum
2988 1986 3041 2040 in
3070 1987 3191 2042 aliis
3211 1982 3520 2061 Inss.,_uno,
3540 1982 3701 2061 quem
3724 1992 3838 2047 Ca-

2227 2072 2425 2114 nonem
2452 2064 2611 2128 vocat
2643 2055 3012 2128 Mgartianteus,
3040 2069 3296 2128 excepto.
3348 2059 3507 2127 Quod
3543 2055 3728 2118 autem
3774 2063 3833 2118 in

2229 2130 2463 2203 Ilebrsco
2492 2125 2579 2189 sit.
2626 2124 2803 2203 critici
2851 2128 3044 2203 magni
3071 2124 3307 2203 nominis
3344 2124 3519 2203 culpae
3569 2131 3676 2188 hoc
3726 2133 3834 2189 Iri-

2233 2201 2406 2256 buunt
2434 2198 2790 2273 amanuensis
2811 2198 3116 2273 :_aut_’salva
3139 2202 3259 2269 ejus
3287 2198 3469 2258 textus
3492 2204 3834 2273 integritate,

2234 2274 2313 2328 sic
2341 2269 2612 2346 explicant
2645 2284 2717 2346 ex
2748 2269 3030 2346 Hebraica:
3053 2272 3254 2343 linguas
3306 2273 3545 2346 ingenio,
3593 2269 3833 2345 Arcana,

2236 2360 2266 2398 ο
2288 2343 2596 2413 τεμοηιηὶᾳ
2610 2341 2718 2413 dat
2736 2342 2863 2413 regi.

2309 2410 3024 2496 c_Non_a.ddit_l.i_ic'Veron.
3058 2429 3163 2470 ms.
3191 2412 3385 2485 David,
3429 2416 3577 2490 quod
3627 2432 3831 2475 nomen

2234 2486 2479 2558 plerique
2507 2484 2629 2538 libri
2656 2484 2747 2537 alii
2781 2484 3000 2540 habent.
3370 2484 3375 2485 ί
3450 2484 3467 2490 ⁷

2305 2555 2334 2594 d
2373 2554 2693 2637 Rectissime
2721 2554 2788 2637 ad
2820 2555 3033 2637 Ilebrtej
3077 2558 3408 2637 exemplaris
3437 2576 3699 2637 normam!
3720 2562 3829 2619 Ve-

2232 2642 2455 2684 ronens.
2487 2642 2592 2682 ms.
2623 2624 2775 2680 Finit
2821 2626 2949 2682 liber
2992 2624 3252 2687 Samuelf
3271 2630 3525 2690 Diximus
3554 2644 3608 2690 et
3637 2634 3830 2691 Iliero—

2233 2715 2398 2777 nymo
2429 2697 2567 2777 han
2598 2696 2812 2777 probari
2838 2699 3182 2777 partition_em
3226 2702 3281 2757 in
3317 2704 3546 2777 prologo
3572 2723 3587 2758 :
3619 2703 3830 2760 Tertius

2233 2767 2470 2848 sequitur
2496 2767 2732 2848 LSamuel,
2762 2767 2917 2848 quem
2947 2786 3040 2848 nos
3069 2767 3367 2848 Regnorum
3393 2767 3619 2848 primum
3658 2786 3709 2848 et
3748 2794 3834 2831 se-

2231 2838 2460 2919 cundum
2490 2838 2729 2919 dicimus.
2859 2841 3017 2912 paulo
3047 2838 3171 2919 post
3201 2838 3405 2919 :_Lege'
3427 2863 3548 2919 ergo
3591 2847 3826 2919 priurum

2232 2912 2473 2979 Samuel,
2504 2920 2551 2965 et
2582 2910 2870 2966 Μαιαεὴἱηί
2905 2910 3094 2968 meum.
3137 2914 3245 2971 Sed
3287 2910 3396 2973 et'e
3421 2910 3621 2974 Graecis
3648 2918 3825 2973 inter-

2232 2985 2477 3110 plretibus
2520 2982 2714 3063 Aquila
2781 2981 2979 3054 (quod
3037 2984 3355 3075 goisliniani
3412 2990 3627 3045 codices
3676 2989 3830 3059 apud

2285 3055 3025 3110 ontfaucontumtestanturl:
3065 3057 3301 3110 Εϐοαιοις
3322 3057 3585 3110 intimarat-
3615 3063 3672 3110 οὐ
3694 3059 3830 3110 διεῖ-

2285 3055 2692 3136 on_t_fauco_nium
2703 3055 2990 3136 testantur)
3010 3071 3029 3136 :_
3048 3054 3585 3136 'EGpaioteindpsvoc.
3615 3063 3672 3116 οὐ
3694 3054 3832 3117 diei-

2232 3128 2307 3198 λε,
2339 3127 2463 3184 ἀλλὰ
2486 3128 2608 3200 μᾷαν
2634 3127 2732 3186 τὰς
2756 3123 3179 3200 δύοτπιπίοίηκενέ
3208 3123 3429 3187 Hebraei
3452 3123 3677 3200 secutus,
3720 3148 3829 3187 non

2232 3196 2431 3267 diuisit,
2451 3196 2545 3254 sed
2561 3212 2724 3253 unum
2750 3212 2815 3254 ea;
2840 3199 3040 3255 duobus
3063 3200 3211 3258 libris
3237 3204 3383 3274 fecit.

1731 3316 2042 3392 Expliciunt
2082 3317 2203 3374 libri
2246 3319 2353 3375 duo
2381 3317 2619 3376 Samuel.

1663 3528 1929 3593 TITULI
1969 3528 2186 3593 LIBRI
2226 3527 2687 3593 MALACHIM.

530 3652 573 3708 I.
609 3651 711 3708 Ubi
739 3650 994 3708 Salomon
1020 3650 1147 3722 ungi
1166 3648 1405 3725 jubetur.

534 3746 597 3800 II.
626 3744 728 3801 Ubi
752 3745 1007 3802 Salomon
1026 3745 1242 3816 ungitur
1266 3745 1322 3800 in
1348 3760 1540 3818 regem.

532 3837 625 3894 III.
661 3837 762 3894 Ubi
786 3836 961 3892 Dauid
986 3836 1271 3907 alloquitur
1296 3836 1632 3894 Salomonem
1659 3837 1960 3894 moriturus.

533 3933 626 3993 IV.
659 3934 763 3989 Hic
793 3934 984 3989 dormit
1011 3950 1102 3988 rea:
1129 3932 1320 3998 Dauid,
1348 3934 1440 4006 qui
1463 3933 1694 4007 regnauit
1721 3934 1874 3990 annis
1898 3949 1986 3992 ιι..

534 4028 602 4085 V.
631 4029 864 4084 Adonias
890 4028 1159 4101 uirginem,
1193 4044 1313 4101 qua:
1338 4044 1457 4084 cum
1484 4026 1658 4084 David
1684 4038 1817 4098 erat,
1843 4030 1968 4102 petit
1994 4046 2125 4086 uxo-

604 4138 731 4177 rem.

543 4214 627 4271 VI.
661 4215 762 4271 Ubi
788 4216 1018 4270 Adonias
1043 4215 1316 4271 occiditur.

531 4306 646 4363 VII.
690 4306 792 4363 Ubi
817 4308 1074 4363 occiditur
1099 4323 1133 4362 a
1157 4305 1363 4362 Banaia
1388 4305 1547 4365 Joab.

533 4400 669 4456 VIII.
700 4399 1002 4473 Interfectio
1031 4400 1223 4457 Semei.

531 4492 628 4549 IX.
664 4492 764 4549 Ubi
790 4512 825 4550 a
850 4492 1078 4553 Domino
1104 4493 1342 4549 visitatur
1366 4492 1640 4550 Salomon.

531 4588 602 4645 X.
633 4590 679 4644 Α
705 4588 910 4645 duabus
937 4587 1239 4644 mulieribus
1262 4587 1516 4644 Salomon
1543 4588 1922 4662 interpellatur.

530 4681 623 4738 XI.
656 4681 756 4738 Ubi
798 4680 1006 4736 nomina
1030 4681 1258 4736 omnium
1287 4682 1581 4755 principum
1606 4683 1715 4756 regi
1744 4680 2015 4739 Salomoni
2041 4697 2126 4737 os-

610 4774 911 4829 tenduntur.

527 4867 644 4924 XII.
678 4866 779 4923 Hic
803 4867 947 4938 quies
974 4866 1110 4939 regis
1140 4864 1445 4923 Salomonis
1470 4866 1804 4924 describitur.

526 4960 667 5016 XIII.
695 4959 796 5016 Ubi
817 4959 1009 5014 Hiram
1032 4975 1126 5015 rex
1150 4959 1276 5031 Tyri
1296 4960 1451 5015 mittit
1472 4959 1541 5014 ad
1566 4975 1737 5033 regem
1763 4958 2119 5016 Salomonem.

2154 3651 2202 3717 C
2231 3647 2423 3706 XXIII.
2454 3647 2741 3721 Prophetia
2768 3647 3068 3706 Salomonis
3096 3647 3409 3720 captiuitatis
3437 3648 3645 3722 populi.

2231 3739 2421 3797 XXIV.
2455 3738 2840 3797 Consummatio
2870 3742 3139 3811 orationis,
3169 3751 3217 3797 et
3240 3740 3521 3798 benedictio
3547 3741 3748 3815 populi.

2231 3830 2400 3889 XXV.
2433 3832 2663 3905 (Saeptum
2688 3833 2933 3903 sacriﬁcii
2960 3840 3075 3905 post
3096 3832 3402 3888 orationem.

2230 3922 2420 3981 XXVI.
2466 3922 2712 3981 Omnibus
2747 3925 3005 3998 perfectis,
3050 3923 3307 3981 Salomon
3335 3941 3366 3979 a
3395 3921 3589 3999 populo
3615 3923 3832 3981 benedi-

2300 4021 2457 4075 citur.

2229 4110 2448 4168 XXVII.
2484 4110 2584 4167 Ubi
2624 4092 2881 4167 Dominus
2920 4108 3045 4166 dicit
3091 4110 3343 4168 elisarum
3376 4125 3430 4166 se
3460 4109 3735 4181 templum,
3770 4111 3823 4166 si

2300 4204 2581 4274 peccaverit
2607 4202 2853 4275 papulas.

2230 4294 2464 4351 XXVIII.
2499 4295 2599 4351 Ubi
2618 4297 2682 4351 de
2698 4295 2825 4368 ﬁliis
2843 4297 3074 4368 gentium
3092 4297 3301 4353 servitio
3325 4297 3461 4370 regis
3487 4296 3817 4352 ordinantur.

2229 4387 2424 4444 XXIX.
2458 4387 2561 4444 Ubi
2589 4388 2845 4445 Salomon
2884 4389 3102 4446 classem
3129 4390 3250 4462 fecit
3287 4389 3358 4445 ad
3395 4405 3537 4446 mare
3583 4387 3824 4444 Rubrum

2299 4498 2416 4537 cum
2439 4483 2596 4538 seruis
2620 4481 2831 4538 Hiram.

2228 4575 2399 4633 XXX.
2435 4575 2537 4633 Ubi
2558 4575 2742 4651 regina
2768 4574 2911 4632 Saba
2937 4574 3007 4630 ad
3034 4590 3207 4649 regem
3231 4572 3388 4631 venit.

2228 4668 2420 4725 XXXI.
2453 4667 2663 4736 Quanta
2688 4669 2801 4742 regi
2820 4668 3124 4741 ponderatio
3142 4665 3360 4737 odertur
3378 4665 3501 4723 auri
3517 4682 3608 4740 per
3632 4665 3817 4738 singu-

2297 4764 2375 4819 los
2401 4780 2587 4819 annos.

2224 4857 2445 4916 XXXII.
2481 4856 2580 4914 Ubi
2600 4873 2744 4913 arma
2771 4855 2927 4931 regis,
2950 4863 3001 4912 et
3026 4853 3196 4911 omnia
3220 4853 3508 4909 ministeria
3536 4852 3821 4926 designan-

2294 4965 2397 5012 tur.

523 5054 666 5111 XIV.
704 5053 838 5109 Item
860 5055 1003 5127 quies
1028 5055 1175 5125 regni
1198 5053 1521 5123 Salomonis,
1550 5063 1597 5107 et
1620 5054 1891 5126 dispositio
1920 5060 2117 5129 templi.

2226 5046 2463 5106 XXXIII.
2499 5046 2600 5104 Ubi
2626 5046 2876 5104 Salomon
2910 5045 2967 5101 in
2999 5042 3300 5100 mulieribus
3332 5052 3531 5116 peccat,
3565 5051 3617 5098 et
3660 5040 3820 5098 idolis

524 5147 642 5204 XV.
680 5145 780 5204 Ubi
809 5164 899 5202 rex
925 5145 1120 5202 Hiram
1148 5148 1202 5202 in
1226 5147 1478 5219 fabricam
1502 5145 1683 5218 templi
1702 5148 1971 5204 consentit.

523 5240 664 5297 XVI.
695 5240 927 5310 Captum
954 5240 1169 5311 fabrica:
1197 5239 1397 5312 templi.

522 5330 691 5389 XVII.
724 5332 1017 5403 Descriptio
1046 5333 1242 5404 templi.

518 5425 703 5482 XVIII.
743 5424 1000 5497 Pcrfectio
1037 5424 1230 5498 templi.

512 5518 661 5577 XIX.
697 5520 797 5577 Ubi
824 5528 1128 5575 ornamenta
1154 5519 1331 5591 templi
1352 5528 1398 5574 et
1428 5518 1710 5575 ministeria
1730 5518 2109 5576 describuntur.

516 5615 639 5671 XX.
677 5614 970 5670 Translatio
999 5629 1136 5668 arcae
1159 5613 1212 5667 in
1242 5614 1508 5683 templum.

513 5709 660 5767 XXI.
694 5710 969 5765 Desccusio
1001 5708 1208 5763 Domini
1235 5709 1286 5763 in
1314 5709 1582 5777 templum,
1608 5720 1658 5763 et
1679 5711 1842 5765 oratio
1871 5708 2108 5763 Salomo-

585 5806 687 5873 nis,
718 5820 836 5859 cum
858 5803 1259 5858 benedictionem
1287 5803 1338 5856 in
1363 5804 1553 5874 papula
1579 5805 1719 5872 fecit.

496 5895 664 5954 XXII.
700 5896 864 5953 Locus
898 5896 1149 5952 orationis
1190 5906 1344 5967 aptus
1386 5897 1438 5951 in
1470 5895 1793 5951 dedicatione
1826 5893 2100 5951 Ecclesia.

2501 5233 2629 5290 Post
2657 5242 2923 5307 peccatum
2950 5232 3254 5291 Salomonis
3279 5218 3608 5285 adrersariui
3631 5228 3817 5284 adrer-

2290 5345 2407 5383 sum
2437 5345 2553 5384 eum
2573 5329 2805 5399 exsurgit
2828 5327 3002 5382 Adad.

2223 5420 2439 5478 XXXV.
2469 5419 2567 5478 Ubi
2588 5419 2753 5477 alium
2775 5420 3042 5476 inimicum
3062 5419 3244 5476 Rason
3270 5415 3572 5476 Salomonis
3598 5416 3813 5473 suscitat

2295 5513 2452 5569 Deus.

2217 5606 2459 5663 XXXVI.
2487 5606 2767 5662 Jeroboam
2786 5605 2996 5664 rebellat
3022 5605 3267 5662 adversus
3293 5606 3647 5663 Salomonem.

2214 5701 2477 5760 XXXVII.
2515 5701 2613 5757 Ubi
2639 5703 2830 5757 Achias
2852 5718 3068 5775 regnum
3090 5704 3343 5776 promittit
3364 5701 3660 5758 Jeroboam.

2213 5794 2496 5851 XXXVIII.
2534 5794 2635 5850 Ubi
2679 5796 2928 5852 Salomon
2969 5798 3207 5864 moritur,
3249 5796 3337 5869 qui
3382 5795 3615 5869 regnarit
3651 5794 3805 5848 annis

2279 5888 2644 5958 quadraginta.
