4144 6364
364 334 467 393 663

365 452 608 512 XXXIX.
643 452 744 512 Ubi
762 462 945 527 regnat
967 452 1199 509 Roboam
1226 450 1371 525 ﬁlius
1400 452 1719 509 Salomonis.

364 550 476 610 XL.
529 549 631 606 Ubi
677 548 909 605 Roboam
955 548 1251 622 petitionem
1293 547 1474 620 populi
1515 563 1634 602 cum
1673 545 1957 603 senioribus

439 651 653 698 tractat.

365 735 497 792 XLI.
533 734 666 791 Item
690 743 807 808 post
841 732 1113 789 consilium
1141 724 1325 789 senum
1365 748 1485 788 cum
1500 731 1799 805 junioribus
1827 739 1958 788 trac-

442 839 539 884 tat.

365 920 530 976 XLII.
568 919 841 993 Separatio
864 918 1043 993 populi
1070 936 1102 972 a
1128 917 1380 974 Roboam.

360 1014 545 1070 XLIII.
578 1013 675 1069 Ubi
708 1013 865 1069 tribus
895 1011 1173 1068 Ieroboam
1198 1029 1368 1084 regem
1394 1012 1612 1084 faciunt.

361 1107 549 1163 XLIV.
583 1106 682 1162 Ubi
726 1107 962 1162 Roboam
997 1107 1117 1161 dua:
1149 1113 1350 1160 tantum
1390 1088 1551 1161 tribus
1590 1113 1869 1177 sequuntur
1905 1104 1960 1160 in

431 1200 746 1259 Jerusalem.

362 1293 527 1351 XLV.
567 1293 667 1351 Ubi
707 1294 1017 1349 admonetur
1046 1292 1281 1349 Roboam
1310 1301 1357 1347 et
1392 1290 1614 1366 populus
1640 1308 1704 1347 ne
1732 1298 1961 1364 pugnent

434 1388 705 1443 adversum
723 1385 1026 1455 Ieroboam,
1056 1396 1105 1441 et
1131 1386 1382 1457 populum
1411 1382 1603 1440 Israel.

366 1480 551 1538 XLVI.
583 1481 684 1537 Ubi
713 1480 995 1537 Ieroboam
1023 1497 1056 1534 a
1086 1477 1196 1535 Deo
1230 1479 1497 1544 avertitur,
1530 1486 1579 1531 et
1614 1477 1739 1550 facit
1776 1475 1962 1532 vitulos

440 1594 566 1649 quos
594 1575 774 1631 adoret
804 1575 1049 1650 populus.

368 1669 575 1728 XLVII.
622 1670 701 1726 De
740 1668 1095 1726 sacerdotibus
1138 1683 1243 1722 non
1282 1664 1534 1738 faciendis
1583 1664 1683 1719 nisi
1720 1680 1784 1720 ea:
1823 1662 1961 1718 tribu

435 1764 583 1821 Levi.

1384 332 1588 390 CAPIT
1599 331 1980 410 ULATIONES
2008 334 2191 395 LIBRI
2232 336 2613 398 MALACHIM.
2694 336 2727 373 ’⁴

3543 339 3650 401 666

1985 459 2039 517 Α
2063 455 2295 512 LXXIII.
2326 455 2477 512 Elias
2503 456 2755 529 propheta
2781 456 2855 512 bis
2879 472 2972 527 per
3009 456 3144 512 diem
3173 472 3203 512 a
3228 455 3389 514 corvis
3411 458 3656 530 pascitur.

2064 550 2300 607 LXXIV.
2338 551 2442 605 Hic
2472 550 2622 605 Elias
2652 569 2685 606 a
2710 552 2864 606 vidua
2895 554 3146 624 pascitur.

2062 643 2273 700 LXXV.
2310 644 2413 699 Hic
2446 643 2593 699 Elias
2623 644 2792 713 ﬁlium
2819 645 2987 701 viduae
3010 647 3244 701 suscitat.

2062 736 2302 793 LXXVI.
2337 736 2485 791 Elias
2510 737 2577 792 ad
2599 737 2743 791 Ahab
2760 738 2977 808 jubetur
3000 740 3202 793 reverti.

1990 830 1995 835 ’
2062 830 2324 886 LXXVII.
2352 831 2498 886 Elias
2519 841 2567 887 et
2586 831 2780 886 Abdias
2802 850 2857 887 se
2881 834 3238 905 alloquuntur.

2061 924 2338 981 LXXVIII.
2371 925 2513 981 Elias
2535 924 2681 981 Ahab
2699 927 2808 999 regi
2829 945 2880 982 se
2902 929 3142 983 ostendit.

2062 1018 2298 1075 LXXIX.
2330 1018 2427 1075 Ubi
2459 1017 2602 1075 Elius
2644 1031 2693 1074 et
2718 1021 3007 1077 sacerdotes
3045 1020 3252 1076 Baalim
3288 1022 3545 1094 sacriﬁcio
3580 1023 3657 1078 ol-

2134 1122 2417 1169 tercautur.

2062 1205 2278 1262 LXXX.
2302 1204 2381 1261 De
2408 1207 2526 1280 igne
2546 1207 2733 1277 diviso,
2753 1218 2801 1263 et
2824 1208 3037 1263 interitu
3063 1208 3383 1263 sacerdotum
3408 1207 3563 1266 Baal.

2063 1298 2299 1354 LXXXI.
2330 1301 2525 1355 Urante
2553 1299 2695 1367 Elia,
2717 1300 2971 1357 Dominus
2992 1300 3217 1375 pluviam
3238 1301 3401 1359 dedit.

2063 1393 2326 1450 LXXXII.
2363 1395 2508 1451 Elias
2529 1397 2662 1469 fugit
2682 1414 2713 1450 a
2735 1398 2863 1469 facie
2886 1396 3118 1453 Iezabel.

2062 1484 2345 1543 LXXXIII.
2381 1487 2482 1544 Ubi
2510 1488 2658 1543 Elia:
2676 1492 2885 1563 jejunat
2916 1507 2988 1546 x1.
3016 1491 3212 1546 diebus.

2063 1578 2347 1635 LXXXIV.
2406 1578 2505 1637 Ubi
2540 1580 2755 1651 jubetur
2808 1598 3001 1655 ungere
3044 1583 3201 1637 Azael
3246 1599 3417 1656 regem
3462 1584 3654 1657 Syria',

2131 1667 2266 1723 Iehu
2298 1672 2349 1725 in
2382 1670 2571 1739 Israel,
2606 1682 2653 1727 et
2681 1670 2932 1729 Etisteum
2961 1674 3284 1746 prophetam.

2064 1761 2327 1818 LXXXV.
2365 1762 2460 1818 Ubi
2492 1764 2555 1818 ab
2580 1764 2703 1818 Elia
2727 1768 3007 1822 assumitur
3037 1767 3282 1825 Eliswus.

360 1858 601 1915 XLVIII.
649 1856 749 1913 Ubi
773 1856 1023 1930 propheta
1043 1855 1152 1911 sine
1178 1853 1382 1909 nomine
1407 1852 1699 1923 designato,
1726 1848 1962 1906 Ieroboa:
1990 1864 2036 1925 Β
2067 1856 2353 1913 LXXXVI.
2392 1856 2490 1913 Ubi
2519 1867 2719 1913 secutus
2747 1857 2922 1913 Etiam
2949 1859 3167 1916 Elisteus
3194 1862 3318 1931 facit
3350 1862 3657 1917 convivium.

436 1952 561 2006 dicit
601 1950 787 2005 vitulos
810 1966 938 2021 quos
962 1948 1083 2020 fecit
1113 1964 1143 2001 a
1167 1944 1316 2001 Iosia
1348 1961 1416 1999 ea:
1442 1945 1634 1999 semine
1661 1940 1831 1997 David
1857 1959 1965 1998 esse

437 2044 780 2098 destruendos
811 2058 830 2097 :
858 2059 985 2112 quos
1024 2041 1217 2096 invenit
1244 2047 1356 2111 post
1384 2054 1549 2092 annos
1578 2052 1640 2093 cc
1670 2056 1684 2092 :
1714 2036 1863 2105 cuius
1891 2036 1966 2090 rei

438 2136 627 2191 mentio
656 2135 716 2206 ﬁt
742 2135 974 2208 capitulo
1010 2149 1177 2190 com.

360 2225 557 2283 XLIX.
591 2226 694 2282 Ubi
720 2227 860 2281 aruit
888 2242 1069 2280 manus
1094 2223 1368 2279 Ieroboam
1396 2240 1550 2296 quam
1581 2230 1814 2278 erexerat
1839 2238 1964 2277 con-

440 2331 523 2376 tra
547 2318 872 2392 prophetam.

363 2413 434 2470 L.
469 2412 604 2469 Item
626 2431 725 2485 pro
751 2413 985 2468 oratione
1009 2412 1271 2485 propheta:
1288 2427 1472 2465 manus
1496 2411 1544 2466 ei
1564 2409 1925 2464 restituuntur.

365 2508 456 2565 LI.
496 2507 596 2564 Ubi
622 2508 730 2563 alio
756 2507 1006 2582 propheta
1035 2507 1091 2561 in
1128 2506 1306 2561 Bethel
1335 2504 1591 2575 decipitur
1613 2503 1701 2578 qui
1732 2501 1794 2557 de
1822 2500 1967 2558 Iuda

445 2612 669 2658 venerat.

371 2698 489 2754 LII.
519 2698 596 2753 De
623 2706 922 2771 contemptu
946 2697 1224 2752 damnatur
1246 2694 1381 2750 idem
1402 2695 1531 2766 ipse.

370 2792 507 2849 LIII.
543 2791 639 2847 Ubi
657 2810 690 2845 a
713 2791 885 2847 Leone
914 2790 1164 2846 occiditur
1193 2787 1507 2843 inobediens.
1584 2820 1591 2827 -

367 2884 508 2942 LIV.
561 2883 662 2941 Ubi
713 2883 992 2939 Ieroboam
1044 2883 1108 2938 de
1150 2882 1385 2939 extremis
1425 2878 1628 2954 populis
1676 2878 1967 2935 sacerdotes

440 2980 766 3035 excelsorum
795 2980 941 3052 facit.

369 3070 479 3129 LV.
521 3072 623 3128 Ubi
646 3088 741 3144 pro
761 3070 927 3127 salute
949 3071 1048 3142 ﬁlii
1068 3086 1201 3127 uxor
1220 3067 1499 3125 Ieroboam
1520 3066 1589 3121 ad
1611 3065 1825 3123 Achiam
1845 3082 1967 3137 pro-

439 3166 653 3239 phetam
681 3165 870 3237 pergit.
1168 3182 1169 3185 ‘

2067 1948 2381 2005 LXXXVII.
2421 1949 2521 2005 Ubi
2547 1950 2799 2021 propheta
2841 1953 2948 2007 sine
2976 1954 3180 2009 nomine
3208 1954 3489 2031 alloquitur
3517 1954 3662 2011 Ahab

2136 2045 2272 2114 quod
2291 2054 2628 2116 superaturus
2656 2046 2721 2101 sit
2750 2045 2993 2101 Benadab
3021 2065 3189 2123 regem
3214 2048 3406 2121 Syriae.

2067 2137 2405 2196 LXXXVIII.
2442 2138 2540 2194 Ubi
2569 2149 2745 2195 contra
2780 2140 2925 2195 Ahab
2953 2138 3200 2196 Benadab
3228 2151 3457 2215 pugnat,
3497 2150 3545 2198 et
3574 2158 3662 2199 su-

2140 2242 2349 2299 peratur
2368 2238 2613 2289 secundo.

2068 2326 2357 2383 LXXXIX.
2390 2328 2696 2399 Satisfactio
2719 2327 2957 2383 Benadab
2983 2330 3121 2385 circa
3144 2330 3311 2385 Ahab.

2068 2419 2185 2476 XC.
2213 2418 2561 2489 Exprobratio
2582 2419 2728 2475 Ahab
2758 2422 2823 2476 de
2852 2438 2977 2491 pace
3008 2420 3273 2478 Benadab.

2070 2512 2205 2569 XCI.
2251 2512 2349 2568 Ubi
2395 2512 2682 2586 alloquitur
2700 2516 2950 2587 prapheta
2992 2516 3140 2571 Ahab
3171 2518 3485 2574 annuntians
3529 2519 3660 2573 iram

2140 2603 2374 2674 Domini,
2398 2624 2455 2661 eo
2477 2608 2616 2677 quod
2640 2610 2921 2680 pepercerit
2943 2608 3187 2665 Benadab
3213 2613 3322 2683 regi
3345 2612 3533 2683 Syriar.

2069 2698 2229 2755 XCII.
2258 2699 2356 2754 Ubi
2387 2701 2643 2755 desiderat
2673 2700 2817 2755 Ahab
2850 2702 3048 2756 vineam
3076 2701 3285 2758 Nabod.

2069 2790 2253 2847 XCIII.
2275 2790 2559 2847 Consilium
2581 2794 2668 2846 dat
2701 2790 2912 2847 Iezabel
2931 2792 2999 2847 ad
3029 2792 3366 2850 occidendum
3393 2793 3605 2850 Nabod.

2068 2886 2251 2946 XCIV.
2281 2886 2381 2943 Ubi
2400 2886 2548 2941 Elius
2568 2887 2635 2942 ad
2660 2886 2802 2942 Ahab
2826 2888 3046 2943 mittitur
3066 2897 3177 2961 post
3207 2898 3421 2943 mortem
3444 2886 3658 2943 Nabod.

2069 2981 2227 3039 XCV.
2269 2982 2530 3038 Allocutio
2577 2982 2710 3038 Elia:
2756 2983 3018 3054 propheta:
3062 2984 3131 3037 ad
3177 2981 3322 3038 Ahab
3348 2981 3413 3038 de
3449 2982 3660 3037 interitu

2137 3074 2369 3133 Iezabel.

2069 3169 2253 3227 XCVI.
2284 3171 2413 3226 Post
2440 3170 2842 3227 admonitionem
2866 3167 3023 3236 Elite,
3054 3167 3198 3223 Ahab
3222 3169 3275 3223 in
3306 3166 3657 3242 paenitentiam

363 3257 506 3314 LVI.
557 3257 922 3314 Pronuntiatio
965 3255 1229 3329 propheta:
1274 3270 1390 3327 qua:
1445 3262 1658 3311 ventura
1705 3261 1826 3308 sunt
1874 3250 1965 3307 Ie-
1992 3265 2039 3331 ο
2138 3265 2376 3321 volvam,

444 3352 676 3407 roboam.

367 3445 537 3504 LVII.
570 3446 667 3503 Hic
693 3447 913 3502 moritur
940 3444 1239 3516 Ieroboam,
1279 3444 1367 3516 qui
1401 3442 1637 3516 regnavit
1670 3440 1821 3497 annis
1849 3456 1923 3497 xu
1943 3481 1960 3510 ,

452 3550 504 3597 et
524 3548 701 3614 regnat
730 3540 916 3596 Nabab
942 3540 1086 3611 ﬁlius
1111 3542 1225 3613 ejus
1244 3555 1339 3611 pro
1356 3554 1437 3594 eo.

359 3632 550 3690 LVIII.
588 3632 695 3688 IIic
722 3633 791 3687 ad
826 3632 1054 3689 Roboam
1090 3632 1369 3705 Scriptura
1398 3630 1627 3700 divertit,
1655 3645 1805 3702 quem
1837 3628 1964 3683 dicit

438 3744 683 3802 regnasse
704 3730 759 3783 in
786 3727 930 3783 Iuda
957 3728 1109 3782 annis
1140 3743 1269 3783 xm.

355 3823 509 3879 LIX.
541 3822 752 3878 Primus
777 3838 869 3877 rea:
895 3820 1120 3893 ngypti
1151 3820 1355 3876 Susach
1384 3818 1676 3875 Ierusalem
1701 3817 1923 3891 prtedat.

350 3916 481 3972 LX.
509 3915 612 3971 Hic
635 3915 856 3969 moritur
878 3913 1134 3980 Roboam,
1158 3922 1208 3967 et
1231 3921 1411 3987 regnat
1438 3911 1567 3967 Abia
1588 3910 1730 3981 ﬁlius
1754 3914 1887 3982 ejus.

349 4010 503 4067 LXI.
537 4008 640 4065 Hic
681 4010 901 4063 moritur
936 4007 1090 4076 Abia,
1127 4016 1176 4062 et
1209 4007 1423 4079 suscipit
1448 4023 1663 4078 regnum
1703 4022 1795 4060 rex
1822 4004 1965 4061 Iuda

436 4102 576 4174 ﬁlius
604 4106 740 4177 ejus,
767 4101 859 4174 qui
887 4101 1119 4172 regnavit
1147 4101 1300 4155 annis
1327 4115 1398 4155 χι.
1425 4100 1562 4153 idem
1590 4097 1717 4153 Asa.

345 4198 526 4255 LXII.
561 4198 661 4256 Ubi
702 4197 951 4253 laudatur
982 4198 1082 4251 Asa
1122 4212 1215 4250 rex
1254 4193 1417 4262 Iuda,
1450 4192 1589 4266 quod
1631 4194 1765 4248 inter
1790 4193 1963 4247 omnia

432 4291 716 4347 simulacra
743 4290 993 4361 templum
1021 4288 1212 4360 Priapi
1237 4287 1432 4343 evertit.

346 4387 544 4447 LXIII.
575 4387 677 4442 Hic
707 4386 984 4457 Scriptura
1011 4383 1283 4438 revertitur
1304 4382 1373 4435 ad
1402 4379 1591 4435 Nadab
1616 4380 1784 4450 ﬁlium
1809 4378 1962 4433 Iero-

433 4482 605 4547 boam,
636 4481 727 4550 qui
750 4478 983 4551 regnavit
1010 4486 1121 4549 post
1152 4486 1349 4547 patrem
1377 4490 1528 4529 suum
1555 4473 1706 4527 annis
1735 4471 1955 4527 duobus.

356 4573 548 4632 LXIV.
592 4572 693 4629 Hic
733 4571 985 4627 occiditur
1026 4567 1215 4624 Nadab
1257 4568 1512 4625 secundus
1554 4584 1648 4623 res:
1692 4564 1860 4622 Israel
1893 4567 1957 4623 ab

436 4669 541 4720 Δια
569 4667 718 4721 tertio
741 4681 859 4736 rege
885 4663 1047 4718 Iuda.

362 4758 525 4815 LXV.
563 4757 662 4814 Ubi
693 4758 985 4828 postulabat
1014 4758 1267 4813 auxilium
1298 4760 1402 4813 Asa
1424 4774 1515 4814 rex
1539 4757 1683 4813 Iuda
1712 4758 1955 4814 adversus

434 4852 611 4907 Busan
639 4868 808 4926 regem
837 4849 1026 4906 Israel.

357 4943 547 5002 LXVI.
580 4944 1064 5015 Transgressionem
1094 4943 1215 4997 dicit
1239 4943 1392 4998 Bosa:
1419 4944 1552 5016 regis
1582 4942 1775 4999 Israel.

357 5036 570 5094 LXVII.
614 5037 718 5091 Hic
753 5036 974 5090 moritur
1001 5034 1162 5104 Bosa,
1204 5045 1252 5090 et
1276 5046 1454 5108 regnat
1486 5039 1627 5107 ﬁlius
1667 5040 1780 5109 ejus
1815 5035 1954 5092 Hela

431 5142 645 5201 quartus
674 5148 790 5187 cum
820 5128 1117 5184 Ieroboam.

357 5224 590 5280 LXVIII.
626 5225 730 5280 Hic
757 5222 1009 5278 occiditur
1046 5222 1185 5277 Heia
1214 5239 1307 5278 rex
1340 5240 1373 5278 a
1401 5224 1569 5294 Amri,
1600 5225 1690 5297 qui
1723 5242 1898 5297 regum
1913 5226 1953 5280 it

434 5318 489 5371 in
518 5315 688 5372 Israel
712 5317 926 5388 quintus
955 5332 1070 5369 cum
1097 5314 1396 5371 Ieroboam.

2066 3356 2272 3414 XCVII.
2304 3357 2611 3430 Conjuratio
2646 3355 2791 3411 Ahab
2820 3365 2867 3411 et
2902 3354 3158 3428 Iosophat
3200 3355 3448 3411 adversus
3489 3368 3657 3427 regem

2139 3451 2331 3505 Suriaa.

2066 3468 2377 3601 Χαῦξίιῗῖὐ
2384 3543 2435 3597 bi
2457 3540 2705 3596 Michwas
2734 3542 2989 3614 propheta
3014 3540 3081 3593 ad
3108 3538 3251 3593 Ahab
3284 3537 3511 3593 ducitur.

2065 3635 2251 3695 XCIX.
2298 3635 2401 3692 Ubi
2448 3633 2729 3691 Sedechias
2772 3634 3027 3707 propheta
3061 3634 3131 3687 ad
3175 3630 3321 3687 Ahab
3366 3630 3501 3700 falsa
3541 3645 3662 3701 pro-

2172 3732 2334 3787 hetat.

2172 3752 2204 3785 Il
2238 3752 2256 3785 ι
2295 3752 2334 3787 ι.

2064 3752 2540 3884 C.pUIriaMicheas
2577 3822 2825 3895 propheta
2866 3819 3097 3891 prohibet
3141 3819 3289 3876 Ahab
3319 3829 3365 3876 et
3405 3817 3661 3890 Iosaphat

2136 3934 2199 3972 ne
2225 3916 2293 3971 ad
2324 3916 2511 3970 bellum
2536 3923 2738 3969 exeant.

2062 4010 2149 4067 CI.
2182 4011 2417 4081 Spiritus
2440 4010 2663 4064 mendax
2688 4023 2742 4063 se
2769 4007 2916 4076 oﬂ'ert
2939 4006 3008 4063 ad
3031 4006 3175 4063 Ahab
3205 4004 3585 4079 decipiendum.

2063 4102 2169 4160 CII.
2209 4103 2307 4158 Ubi
2330 4102 2611 4158 Sedechias
2636 4100 2687 4155 Μ
2695 4103 2891 4155 icheam
2919 4100 3136 4170 percutit
3162 4100 3217 4154 in
3239 4097 3478 4154 maxilla.

2062 4197 2196 4252 CIII.
2226 4195 2280 4250 II
2286 4196 2330 4250 ic
2358 4194 2503 4249 Ahab
2529 4194 2828 4249 vulneratus
2850 4194 2901 4247 in
2924 4192 3104 4265 praelia
3126 4192 3370 4247 moritur.

2062 4289 2197 4348 CIV.
2236 4288 2333 4346 Ubi
2353 4290 2581 4361 exsurgit
2615 4287 2869 4344 Ochozias
2900 4304 2994 4342 rex
3018 4287 3158 4358 ﬁlius
3178 4290 3295 4367 ejus
3316 4327 3331 4354 ,
3359 4286 3447 4358 qui
3468 4294 3540 4340 est
3569 4301 3657 4338 oc-

2133 4392 2298 4437 tavus.

2062 4476 2169 4532 CV.
2218 4474 2319 4531 Ubi
2361 4475 2428 4529 ad
2455 4472 2709 4546 Iosophat
2754 4472 3028 4544 Scriptura
3066 4470 3355 4537 revertitur,
3388 4485 3537 4541 quem
3577 4485 3656 4524 re-

2132 4585 2314 4640 gnasse
2343 4567 2464 4622 dicit
2491 4568 2545 4621 in
2571 4565 2605 4621 I
2614 4566 2716 4621 uda
2749 4567 2898 4620 annis
2922 4580 3059 4621 xxv.

1983 4668 2038 4729 D
2061 4661 2197 4719 CVI.
2231 4661 2335 4717 Hic
2356 4663 2571 4717 moritur
2603 4659 2880 4732 Iosophat,
2918 4670 2965 4715 et
2995 4666 3172 4733 regnat
3196 4666 3308 4730 post
3330 4672 3445 4712 eum
3469 4655 3654 4710 Ioram

2131 4755 2271 4823 ﬁlius
2300 4755 2434 4823 ejus,
2469 4754 2678 4825 quintus
2702 4769 2813 4808 rex.

2059 4844 2213 4902 CVII.
2246 4842 2444 4901 Cadens
2470 4843 2724 4900 Ochozias
2747 4863 2774 4900 e
2797 4844 3003 4917 templo,
3028 4842 3169 4897 idola
3194 4842 3397 4897 consuli
3407 4839 3581 4916 jubet.

2059 4940 2240 4997 CVIII.
2276 4940 2373 4997 Ubi
2399 4940 2680 4995 Ochoziam
2710 4937 2856 4993 Elius
2879 4938 3184 4991 moriturum
3207 4935 3527 5005 pronuntiat.

2060 5033 2194 5091 CIX.
2254 5034 2352 5090 Ubi
2397 5032 2648 5088 Ochozias
2686 5031 2832 5104 jubet
2875 5033 3024 5086 tertio
3058 5029 3659 5102 per‘quinquagenarios

2132 5131 2322 5184 milites
2352 5127 2527 5183 Eliam
2550 5126 2761 5182 adduci.

2061 5222 2172 5280 CX.
2205 5222 2304 5277 Ubi
2331 5219 2481 5275 Elias
2515 5219 2756 5274 Ochosia:
2777 5229 2991 5274 mortem
3019 5218 3329 5286 annuntiat,
3360 5226 3473 5290 post
3504 5235 3653 5291 quem

2128 5318 2353 5388 regnavit
2373 5314 2561 5369 Ioram
2582 5324 2787 5369 octavus
2818 5330 2929 5368 rex.

357 5409 548 5466 LXIX.
584 5409 687 5465 Hic
709 5409 854 5464 Amri
875 5409 1073 5463 leratur
1100 5425 1192 5463 rea:
1212 5425 1243 5460 a
1265 5408 1461 5481 populo
1482 5418 1594 5478 post
1624 5408 1782 5479 Hela,
1806 5424 1849 5466 ι·
1882 5440 1902 5468 ι
1938 5423 1957 5466 t
2057 5408 2195 5465 CXI.
2234 5408 2333 5463 Ubi
2363 5407 2513 5462 Elias
2534 5416 2716 5477 raptus
2742 5408 2797 5461 in
2818 5406 3019 5461 coelum.

426 5515 603 5559 sextus
621 5520 738 5557 cum
765 5502 997 5571 Zambri,
1028 5502 1116 5573 qui
1144 5505 1373 5576 regnavit
1400 5502 1579 5558 diebus
1610 5519 1702 5559 vn.

356 5595 523 5651 LXX.
551 5596 651 5651 IIic
680 5595 967 5651 ostenditur
988 5594 1167 5671 Ambri
1194 5612 1267 5650 xu
1296 5597 1447 5652 armis
1473 5612 1732 5669 regnasse.

357 5687 544 5743 LXXI.
576 5686 927 5755 IIic_moritur
950 5672 1127 5743 Ambri
1150 5699 1198 5744 et
1219 5700 1399 5760 regnat
1431 5690 1571 5759 ﬁlius
1600 5694 1713 5762 ejus
1743 5707 1836 5762 pro
1865 5708 1942 5746 eo.

356 5780 570 5839 LXXII.
608 5782 868 5840 Allocutio
891 5781 1028 5839 Elia:
1046 5784 1115 5840 ad
1143 5784 1319 5840 Achab
1343 5785 1405 5840 de
1441 5785 1602 5842 tribus
1629 5785 1779 5841 annis
1799 5787 1946 5840 steri-

423 5871 603 5930 litatis.

2060 5503 2220 5559 CXII.
2256 5502 2433 5557 Pallio
2458 5504 2615 5557 misso
2638 5500 2787 5557 Elius
2807 5518 2968 5574 aquas
2988 5500 3241 5558 Iordanis
3266 5503 3470 5559 dividit.

2055 5595 2236 5653 CXIII.
2277 5596 2374 5652 Ubi
2408 5596 2628 5652 Elisteus
2661 5597 2899 5667 spiritum
2932 5595 3067 5651 Elia:
3104 5598 3310 5668 accipit,
3343 5599 3473 5651 sicut
3504 5598 3650 5668 petit.

2053 5687 2239 5745 CXIV.
2279 5688 2539 5743 Miraculo
2568 5687 2750 5743 Elisa’i
2775 5689 3033 5758 incipiunt
3060 5706 3206 5760 aqum
3228 5688 3453 5744 dulcari.

2050 5783 2210 5840 CXV.
2249 5783 2345 5838 Ubi
2370 5785 2518 5859 pueri
2544 5784 2760 5840 irrident
2781 5781 3052 5853 Eliswum,
3077 5795 3123 5838 et
3150 5782 3213 5837 ab
3236 5784 3368 5838 ursis
3393 5782 3616 5839 devoran
3634 5818 3647 5828 υ

2120 5886 2224 5930 tur.
