3964 6344
432 283 538 351 667

1423 295 1486 355 S.
1525 293 1910 369 IIIERONYMI
1946 302 2179 375 DIVINA
2220 306 2707 375 BIBIJOTIIECA.

3618 320 3724 385 668

431 402 637 509 οχνι..
662 404 764 467 Ubi
813 406 1113 509 designatur
1152 410 1291 484 quod
1328 410 1513 469 Ioram
1564 414 1709 489 ﬁlius
1759 416 1912 477 Uhab
1953 436 2034 483 xu
2059 420 2370 497 ACXLIX.
2416 426 2515 483 Ubi
2538 430 2678 502 ﬁlios
2704 429 2849 489 Ahab
2874 428 3017 488 Iehu
3034 432 3183 509 jubet
3208 434 3403 492 occidi.

509 500 661 557 annis
688 502 996 574 regnaverit.

435 592 645 651 CXVII.
687 593 793 650 Hic
819 611 915 651 rex
940 594 1096 652 Moab
1122 614 1155 652 a
1175 614 1303 669 pace
1332 602 1469 672 regis
1494 599 1664 663 Israel
1687 604 1924 669 discedit.

433 688 662 747 CXVIII.
710 689 811 747 Ubi
828 702 931 747 tres
952 707 1096 765 reges
1117 694 1447 752 ascendentes
1469 708 1654 754 contra
1676 717 1855 776 regem
1876 701 2034 761 Moab

509 793 720 858 propter
747 785 1023 859 penuriam
1065 802 1214 857 aqua
1240 786 1510 860 laborant,
1544 801 1589 846 et
1616 795 1892 859 consulunt
1920 796 2037 857 Eli.

435 893 769 1035 CX‘IXthbi
803 971 1024 1029 Eliswus
1051 972 1163 1029 sine
1190 973 1363 1051 pluvia
1389 993 1553 1049 aquas
1581 980 1786 1061 regibus
1812 983 1925 1045 dat.

434 1071 601 1130 CXX.
644 1071 745 1129 Ubi
771 1069 991 1130 Elisatus
1016 1073 1225 1130 mulieri
1252 1074 1424 1131 viduae
1450 1094 1573 1133 vasa
1602 1096 1762 1143 vacua
1788 1078 1901 1159 oleo
1929 1080 2033 1141 im-

562 1184 634 1226 et.

562 1184 588 1221 e
618 1208 634 1226 .

679 1260 780 1318 Ubi
810 1259 1032 1318 Elistzus
1054 1263 1268 1321 muliere
1296 1265 1520 1336 hospitio
1544 1267 1814 1351 recipitur,
1839 1278 1889 1341 et
1923 1270 2034 1349 ejus

510 1354 676 1425 ﬁlium
704 1365 881 1428 postea
913 1356 1204 1419 suscitavit.

438 1446 651 1505 CXXII.
698 1449 797 1506 Ubi
819 1449 1040 1511 Eliswus
1059 1451 1228 1521 ﬁlium
1250 1452 1504 1525 promittit
1532 1452 1763 1524 ntulisti,
1780 1473 1896 1529 quin
1921 1474 2035 1519 aut

510 1540 737 1611 hospitio
769 1542 981 1614 recepit.

2132 514 2234 577 CL.
2284 514 2385 577 Ubi
2407 524 2591 592 fratres
2624 523 2866 581 Achazia:
2890 527 3025 603 regis
3051 525 3210 583 Iudw
3243 527 3429 589 occidit
3458 528 3622 589 Iebu.

2133 607 2260 665 CLI.
2307 609 2407 666 Ubi
2435 614 2574 679 iubet
2596 616 2769 669 vocari
2788 614 2927 672 Ieltu
2965 634 3144 673 omnes
3173 619 3448 692 praphetas
3478 620 3614 676 Baal
3631 664 3648 701 ο
3678 631 3725 677 et

2205 705 2469 760 universos
2487 722 2659 761 servos
2682 709 2796 785 ejus
2816 752 2831 779 ,
2859 718 3175 785 cunctosque
3196 712 3512 771 sacerdotes.

2132 792 2284 852 CLII.
2334 796 2433 853 Ubi
2475 795 2610 852 Iehu
2643 800 2823 856 occisis
2871 802 3264 876 sacerdotibus,
3299 806 3454 861 etiam
3500 815 3730 863 statuam

2202 889 2454 945 incendit.

2130 982 2309 1039 CLIII.
2353 982 2455 1039 Hic
2484 987 2706 1043 moritur
2728 985 2899 1053 Iehu.
2923 991 3012 1062 qui
3040 993 3274 1069 regnavit
3303 993 3456 1057 annis
3506 1010 3681 1059 mnu
3708 1014 3725 1064 ;

2205 1078 2291 1139 cui
2336 1078 2565 1143 succedit
2608 1077 2839 1143 Ioachas
2864 1083 3007 1157 ﬁlius
3045 1086 3199 1163 ejus,
3242 1095 3290 1142 et
3318 1095 3395 1143 est
3423 1088 3730 1157 undecima

2205 1185 2298 1224 rex
2304 1211 2317 1224 .

2133 1260 2311 1321 CLIV.
2353 1261 2456 1318 Hic
2481 1261 2612 1323 Ioas
2638 1275 2833 1337 septem
2861 1284 3123 1329 annorum
3166 1285 3235 1326 ea:
3272 1270 3465 1337 semine
3506 1273 3651 1348 regio
3697 1292 3733 1333 α

2204 1355 2398 1412 Ioiada
2421 1358 2687 1421 sacerdote
2713 1361 2927 1433 ungitur
2950 1361 3003 1418 in
3024 1379 3195 1439 regem
3220 1361 3384 1423 Iuda.

2134 1446 2293 1511 CLV.
2335 1448 2551 1509 Mortua
2597 1451 2838 1525 Athalia,
2879 1455 3172 1515 ostenditur
3212 1473 3267 1517 xi
3309 1458 3459 1519 annis
3486 1476 3733 1541 regnasse

2205 1539 2335 1597 Ioas
2359 1542 2411 1597 in
2438 1540 2601 1599 Iuda.

440 1632 676 1692 CXXIII.
721 1634 823 1690 llic
863 1637 1085 1692 moritur
1107 1636 1251 1711 ﬁlius
1280 1636 1542 1711 mulieris,
1568 1640 1681 1715 qui,
1707 1643 2037 1715 promittente
2135 1634 2311 1699 CLVI.
2359 1638 2456 1696 Ubi
2477 1641 2765 1699 ostenditur
2791 1643 3039 1701 Ioiadam
3066 1647 3388 1705 sacerdotem
3414 1665 3448 1713 a
3494 1651 3730 1719 consilii;

514 1725 710 1782 Elisteo
726 1769 741 1794 ,
774 1730 943 1800 fuerat
969 1738 1145 1787 natus.

2207 1731 2341 1804 regis
2368 1731 2499 1789 Ioas
2522 1750 2622 1789 non
2652 1735 2897 1807 defuisse.

440 1817 677 1876 CXXIV.
718 1819 1144 1878 Commemoratio
1170 1820 1316 1885 Giezi
1363 1822 1433 1879 ad
1464 1821 1718 1893 Elisteum
1759 1827 1824 1893 de
1872 1845 2032 1900 puero
2062 1817 2111 1881 B
2135 1822 2337 1883 CLVII.
2382 1824 2483 1881 Ubi
2507 1826 2829 1885 oblationum
2865 1846 3056 1904 genera
3095 1832 3199 1893 tria
3226 1832 3572 1907 ostenduntur
3614 1846 3732 1895 voto

518 1914 839 1973 suscitando.

446 2003 659 2061 CXXV.
703 2004 803 2062 Ubi
829 2004 1056 2063 Elisaeus
1080 2025 1299 2085 puerum
1330 2009 1565 2066 suscitat.

444 2101 681 2163 CXXVI.
729 2103 831 2161 Ubi
851 2106 949 2176 ﬁlii
979 2108 1349 2187 prophetarum
1378 2108 1442 2164 ab
1467 2105 1637 2171 herbis
1657 2111 1922 2175 veneuasis
1951 2112 2032 2183 fa-

516 2198 632 2253 rina
662 2199 839 2272 infusa
865 2200 1170 2256 liberantur.

445 2289 705 2348 CXXVII.
750 2292 848 2350 Ubi
898 2294 1143 2357 Naaman
1190 2301 1425 2370 leprosus
1462 2298 1525 2352 ab
1573 2295 1771 2357 Elist
1810 2298 2029 2365 instrui-

519 2394 624 2441 tur.

444 2475 729 2534 CXXVIII.
773 2477 1019 2537 Naaman
1046 2480 1098 2541 in
1124 2479 1360 2537 Iordane
1384 2501 1416 2538 a
1448 2484 1593 2554 lepra
1618 2483 1919 2545 mandatur.

442 2569 678 2628 CXXIX.
722 2571 945 2629 Munera
973 2574 1215 2631 Naatnan
1248 2576 1467 2633 Elisteus
1494 2594 1595 2632 non
1624 2578 1836 2653 accipit.

331 2670 337 2683 ‘
444 2667 658 2725 CXXX.
709 2669 811 2727 Ubi
832 2689 962 2746 puer
984 2671 1131 2727 Giezi
1157 2670 1339 2733 Eliswi
1366 2674 1589 2751 suppetit
1614 2691 1829 2731 munera
1858 2692 1889 2733 α
1909 2673 2031 2735 No-

514 2779 668 2825 amaa
682 2768 802 2837 jam
832 2776 1034 2823 curato.

445 2851 683 2913 CXXXI.
716 2856 1070 2933 Iieprehensio
1093 2856 1238 2915 Giezi
1262 2860 1324 2917 ab
1353 2858 1549 2921 Elisato
1565 2861 1784 2937 pmnalis
1812 2864 2031 2935 μηνίετ-

518 2956 621 3003 tur.

369 3023 379 3033 ’
444 3040 704 3099 CXXXII.
749 3042 850 3100 Ubi
877 3041 1104 3101 Elisteus
1126 3046 1188 3102 de
1214 3045 1450 3103 Iordane
1468 3051 1665 3118 ferrum
1694 3049 1846 3106 levat.
1943 3052 1949 3058 ’
2015 3054 2020 3058 ’

2204 1922 2648 1997 peregrinatorum
2697 1940 2824 1980 cura
2868 1924 3052 1991 salutis
3077 1970 3093 1996 ,
3126 1939 3413 2003 spontanea
3439 1928 3727 1988 voluntate.

2133 2009 2353 2068 CLVIII.
2400 2011 2500 2068 Ubi
2523 2013 2817 2071 sacerdotes
2862 2017 3134 2095 pecuniam
3182 2019 3248 2074 de
3277 2020 3465 2103 templo
3493 2022 3730 2101 accipere

2205 2101 2543 2172 prohibentur
2574 2106 2634 2160 ob
2662 2105 3048 2181 negligentiam.

2133 2194 2315 2261 CLIX.
2362 2197 2463 2259 Ubi
2491 2199 2899 2276 dispensatornm
2919 2201 3050 2274 ﬁdes
3070 2205 3448 2273 ostenditur,.et
3468 2208 3735 2273 dimitten-

2205 2292 2333 2347 dum
2356 2294 2494 2363 quod
2524 2295 2577 2349 in
2604 2296 2797 2369 templo
2826 2309 3086 2369 erogatur.

2133 2383 2289 2459 CLX.
2336 2385 2409 2443 De
2435 2388 2692 2445 oblatione
2735 2406 2829 2463 pro
2856 2390 3057 2446 delictis
3088 2392 3262 2471 facta,
3291 2404 3346 2449 ut
3374 2397 3729 2463 sacerdotibus

2203 2478 2465 2552 proficiat.

2132 2571 2313 2627 CLXI.
2359 2573 2465 2628 Hic
2491 2575 2712 2630 moritur
2726 2576 2854 2632 .loas
2870 2618 2884 2643 ,
2910 2585 2958 2634 et
2984 2577 3223 2636 Amasias
3241 2590 3423 2652 regnat
3444 2582 3497 2638 in
3513 2580 3730 2653 Iudaea,

2204 2666 2259 2719 id
2280 2677 2354 2720 est
2376 2708 2391 2731 ,
2419 2667 2563 2737 ﬁlius
2594 2671 2731 2745 ejus.

2131 2759 2337 2816 CLXII.
2380 2761 2659 2834 Scriptura
2680 2763 2750 2821 ad
2779 2781 2948 2840 regem
2978 2763 3151 2823 Israel
3175 2766 3476 2825 revertitur.

2132 2852 2362 2908 CLXIII.
2405 2851 2617 2911 Mortuo
2642 2854 2874 2911 Ioachas
2893 2898 2909 2925 ,
2941 2858 3131 2928 accipit
3158 2873 3377 2935 regnum
3397 2856 3571 2917 Israel
3592 2857 3730 2921 Ioas

2203 2946 2343 3016 ﬁlius
2371 2949 2485 3019 ejus
2505 2990 2518 3014 ,
2549 2959 2597 3002 et
2620 2957 2696 3003 est
2721 2948 3058 3005 duodecimus
3088 2967 3180 3007 rex
3204 2992 3219 3019 ,
3243 2953 3334 3033 qui
3360 2951 3588 3025 regnavit
3629 2970 3731 3008 an-

2205 3057 2285 3093 ms
2316 3056 2427 3097 XVI.

444 3134 729 3197 CXXXIII.
774 3139 1061 3197 Annuntiat
1085 3138 1310 3201 Etisteus
1333 3143 1444 3217 regi
1468 3142 1640 3207 Israel
1658 3144 1874 3209 insidias
1894 3145 2020 3227 regis

2143 3132 2364 3190 CLXIV.
2406 3131 2512 3188 Hic
2538 3134 2761 3190 moritur
2785 3133 2915 3209 Ioas
2944 3153 3038 3192 rex
3068 3132 3277 3207 Israel,
3308 3149 3355 3193 et
3380 3150 3562 3213 regnat
3614 3152 3733 3219 post

518 3229 709 3300 Syriae.

443 3321 729 3407 CXXXIV.
778 3323 876 3380 Ubi
907 3324 1131 3387 Elisa’us
1159 3327 1338 3387 missos
1364 3343 1398 3385 a
1424 3344 1543 3405 rege
1574 3328 1742 3403 Syrica
1784 3329 2029 3399 obcaecat.

445 3416 708 3474 CXXXV.
754 3418 866 3475 Rea:
894 3420 1079 3474 Iuram
1116 3439 1150 3475 a
1176 3422 1473 3479 mulieribus
1502 3422 1881 3499 interpellatur,
1912 3426 2031 3496 (Illi?

518 3509 692 3589 busjn
720 3512 859 3585 fame
886 3510 1029 3587 ﬁlios
1058 3530 1181 3571 suos
1210 3516 1475 3575 comedere
1503 3517 1789 3589 placuerat.

444 3600 731 3661 CXXXVI.
774 3602 873 3663 Ubi
893 3604 1115 3667 Eliswus
1146 3617 1260 3679 post
1285 3608 1475 3679 famem
1505 3609 1615 3683 regi
1654 3609 2031 3669 abundantiam

516 3697 788 3764 promittit.
1836 3710 1845 3717 ‘

444 3785 749 3849 CXXXVII.
776 3786 856 3845 De
880 3798 1105 3865 quatuor
1131 3790 1349 3865 leprosis
1376 3794 1445 3851 ad
1470 3811 1640 3868 regem
1659 3795 1832 3869 Syrite
1861 3806 2033 3861 trans-

520 3881 754 3935 euntibus
779 3924 795 3948 ,
822 3884 908 3951 qui
935 3898 1054 3936 eum
1081 3887 1338 3940 nuntiant
1364 3887 1565 3960 fugere.
1836 3884 1843 3887 ’

445 3971 772 4033 CXXXVIII.
815 3976 858 4033 Α
888 3973 1131 4035 Benadab
1160 3977 1385 4035 Elisteus
1403 3980 1697 4037 consulitur
1718 3982 1783 4037 de
1806 3982 2030 4055 inﬁrmi-

517 4076 620 4121 tate
647 4083 765 4123 sua.

443 4156 735 4215 CXXXIX.
782 4158 882 4221 Ubi
910 4159 1132 4223 Elisteus
1162 4180 1374 4236 regnum
1418 4164 1590 4238 Syria
1629 4166 1788 4222 Azael
1811 4168 2030 4243 promit-

516 4258 597 4304 τί.

445 4268 601 4398 CXL.
643 4341 747 4397 Hic
768 4342 1016 4400 Benadab
1048 4362 1139 4401 rea:
1166 4348 1359 4419 Syriae.

442 4436 622 4497 CXLI.
666 4437 879 4499 Mortuo
899 4438 1155 4513 Iosophat
1182 4459 1300 4516 rege
1324 4440 1483 4501 Iudae
1502 4485 1517 4511 ,
1550 4454 1732 4517 regnat
1752 4444 1787 4505 I
1793 4463 1937 4507 oram
1959 4450 2029 4520 ﬁ-

512 4528 615 4586 lius
635 4532 746 4603 ejus
771 4532 925 4587 annis
947 4548 1037 4591 vm
1059 4552 1071 4587 :
1096 4534 1306 4607 quintus
1335 4546 1409 4592 est
1437 4554 1554 4591 cum
1577 4537 1831 4596 Roboam.

2062 3216 2108 3279 C
2208 3242 2323 3280 eum
2343 3222 2621 3281 Ieroboam
2649 3244 2741 3282 rex
2771 3227 2999 3284 decimus
3029 3229 3229 3285 tertius.

2132 3315 2337 3373 CLXV.
2380 3315 2606 3372 Moritur
2634 3317 2877 3386 Elisazus,
2904 3331 2951 3374 et
2984 3322 3255 3394 prophetat
3276 3324 3529 3395 populum
3559 3322 3734 3382 Israel

2202 3419 2572 3484 superaturum
2593 3413 2849 3485 populum
2880 3414 3071 3484 δεμ-ἕω.

2130 3498 2358 3557 CLXVI.
2404 3501 2643 3556 Mortuus
2670 3502 2893 3556 Eliswus
2916 3518 3177 3561 mortuum
3202 3506 3442 3564 suscitat.

2130 3593 2378 3651 CLXVII.
2419 3594 2548 3650 Ioas
2578 3594 2789 3667 Syriam
2818 3606 3030 3666 superat
3054 3600 3335 3654 secundum
3369 3600 3579 3665 uerbum
3610 3602 3735 3665 Eli-

2202 3706 2291 3744 SlUl
2302 3729 2315 3743 .

2131 3780 2409 3841 CLXVIII.
2452 3783 2730 3858 Scriptura
2751 3783 2822 3838 ad
2846 3800 3015 3857 regem
3041 3785 3188 3842 Iuda
3215 3790 3510 3863 revertitur,
3532 3800 3580 3845 et
3602 3792 3735 3851 dicit

2203 3875 2466 3933 Amasiam
2497 3893 2740 3953 regnasse
2769 3893 2932 3931 annos
2959 3893 3151 3934 xxvm.

2130 3966 2364 4025 CLXIX.
2412 3966 2514 4023 Ubi
2544 3970 2781 4024 Amasias
2823 3987 2915 4025 rea:
2942 3987 3112 4026 servos
3157 3973 3380 4039 occidit,
3413 3975 3500 4057 qui
3528 3984 3735 4051 patrem

2203 4065 2313 4133 ejus
2333 4062 2667 4132 occiderunt,
2686 4071 2733 4117 et
2754 4060 2881 4132 ﬁliis
2906 4065 3074 4135 parcit
3096 4065 3383 4123 secundum
3405 4066 3566 4143 legem
3588 4069 3733 4126 Μοδί

2205 4159 2399 4211 datam.

2131 4246 2339 4305 CLXX.
2385 4247 2484 4305 Ubi
2510 4256 2707 4321 pugnat
2734 4247 2866 4304 Ioas
2894 4265 2986 4305 rea:
3032 4246 3203 4306 Israel
3230 4259 3414 4306 contra
3457 4247 3732 4306 Amasiam

2203 4359 2370 4413 regem
2391 4341 2557 4396 Iuda.

2131 4435 2362 4495 CLXXI.
2410 4435 2533 4491 Post
2565 4436 2755 4492 bellum
2784 4456 2902 4493 cum
2932 4440 3146 4493 Amasia
3184 4441 3474 4512 confectum
3506 4441 3739 4496 moritur

2202 4529 2360 4599 Ioas,
2393 4532 2479 4585 cui
2500 4533 2729 4588 succedit
2757 4529 3039 4593 Ieroboam
3070 4532 3211 4600 ﬁlius
3234 4535 3372 4605 ejus.

439 4621 641 4687 CXLII.
691 4623 794 4680 Hic
823 4626 1045 4680 moritur
1068 4624 1252 4681 Iuram
1276 4628 1417 4699 ﬁlius
1442 4626 1731 4705 Iosophat,
1758 4641 1807 4686 et
1847 4645 2030 4706 regnat
2057 4606 2106 4668 D
2133 4621 2391 4680 CLXX".
2437 4622 2644 4677 Μογιυο
2674 4624 2917 4687 Αιηαδὶα.
2952 4624 3010 4689 ﬁl
3041 4641 3071 4677 α
3100 4622 3298 4697 popula
3326 4639 3421 4679 rex
3471 4623 3702 4680 Azat‘las
3720 4667 3740 4694 ,

511 4726 625 4788 post
650 4735 767 4771 eum
796 4717 1050 4774 Acltazias
1073 4718 1213 4789 ﬁlius
1237 4723 1353 4794 ejus
1379 4738 1517 4777 anno
1544 4740 1649 4779 uno
1673 4766 1688 4792 ,
1717 4736 1764 4779 et
1792 4734 1870 4781 est
1911 4744 2028 4798 sep-

514 4812 668 4867 timus
688 4828 806 4873 cum
833 4812 1084 4873 Roboam.

440 4904 663 4969 CXLIII.
710 4906 811 4967 Ubi
836 4904 1140 4967 vulneratur
1163 4927 1277 4967 cum
1297 4910 1481 4968 Ioram
1505 4912 1649 4985 ﬁlius
1666 4915 1812 4977 Altab
1835 4933 1928 4977 recc
1943 4914 2029 4983 Is-

510 5000 621 5063 rael
645 5000 709 5061 ab
730 5002 886 5058 Azael
911 5019 1027 5077 rege
1054 5004 1241 5077 Syria.

434 5091 667 5151 CXLIV.
712 5094 812 5151 Ubi
843 5096 1065 5153 Eliswus
1096 5100 1312 5155 mittitur
1340 5100 1409 5167 ad
1440 5101 1580 5163 Ieltu
1623 5105 1920 5176 ungendum
1968 5106 2024 5161 in

507 5202 680 5260 regem
702 5186 867 5245 Israel
888 5200 1002 5260 post
1021 5187 1204 5247 Iorant
1232 5192 1403 5265 ﬁlium
1425 5194 1568 5259 Altab
1584 5236 1600 5265 ,
1622 5204 1668 5253 et
1691 5204 1766 5257 est
1789 5197 2022 5263 decimus

507 5300 622 5340 rex.

507 5300 535 5337 r
607 5323 622 5340 .

433 5300 639 5433 CXLV
683 5375 781 5433 Ubi
809 5376 947 5434 Iehu
968 5379 1151 5441 Ioram
1178 5381 1347 5457 ﬁlium
1377 5381 1523 5439 Abab
1550 5384 1760 5441 occidit.

433 5473 663 5531 CXLVI.
709 5472 808 5529 Ubi
846 5472 983 5529 Jehu
1009 5485 1191 5533 contra
1222 5476 1405 5535 Joram
1434 5480 1758 5541 vulneratum
1786 5480 2017 5541 rebellat.

431 5565 684 5627 CXLVII.
726 5563 802 5627 De
826 5567 1076 5631 occisione
1100 5568 1341 5631 Achazite
1362 5574 1495 5649 regis
1515 5573 1670 5637 Iuda:
1691 5592 1722 5630 a
1742 5574 1880 5633 Iehu
1901 5593 2021 5653 rege

501 5660 529 5715 Ι
537 5662 675 5716 srael
684 5702 697 5717 .

425 5752 699 5815 CXLVIII.
746 5754 845 5819 Ubi
870 5754 1085 5814 Iezabel
1112 5758 1383 5829 occiditur,
1414 5767 1464 5817 et
1497 5778 1530 5817 a
1558 5764 1771 5823 canibus
1806 5765 2023 5827 devora-

506 5856 591 5904 tur

2202 4724 2251 4770 et
2270 4727 2345 4771 est
2370 4718 2669 4770 undecimus
2690 4719 2744 4768 in
2769 4713 2934 4772 Iuda.

2128 4805 2408 4865 CLXXIII.
2455 4807 2555 4865 Ubi
2585 4808 2861 4881 Scriptura
2889 4810 3025 4865 redit
3064 4809 3137 4864 ad
3186 4827 3360 4883 regem
3407 4808 3743 4882 Ieroboam,

2199 4919 2348 4973 quem
2378 4902 2505 4965 dicit
2535 4919 2778 4974 regnasse
2810 4903 2862 4957 in
2885 4902 3057 4958 Israel
3091 4904 3243 4959 annis
3269 4921 3356 4959 XL.

2128 4994 2411 5053 CLXXIV.
2457 4996 2556 5054 Ubi
2583 4996 2748 5053 Ionas
2793 4995 3044 5070 propheta
3071 4998 3361 5054 ostenditur
3389 4999 3552 5072 fuisse
3599 5009 3744 5053 tem-

2203 5095 2413 5168 poribus
2437 5096 2563 5151 illis.

2130 5186 2388 5244 CLXXV.
2432 5188 2531 5244 llic
2557 5189 2776 5246 moritur
2800 5187 3075 5245 Jeroboam
3098 5232 3113 5258 ,
3138 5198 3185 5245 et
3224 5198 3404 5262 regnat
3430 5186 3738 5246 Zacharias

2202 5283 2342 5353 ﬁlius
2372 5287 2481 5351 eius
2508 5284 2658 5338 annis
2694 5300 2800 5338 xn'.

2126 5376 2411 5435 CLXXVI.
2454 5377 2555 5435 Ubi
2577 5377 2856 5448 Scriptura
2879 5376 3151 5431 revertitur
3195 5377 3262 5430 ad
3282 5374 3599 5431 Zachariam
3641 5393 3738 5430 τε-

2199 5489 2312 5543 gem
2332 5468 2472 5526 Iuda
2493 5513 2507 5540 ,
2532 5472 2619 5544 qui
2642 5471 2869 5546 regnavit
2890 5470 3040 5526 annis
3075 5486 3185 5539 ut;
3224 5478 3271 5525 et
3312 5468 3394 5523 hic
3415 5475 3519 5524 erat
3547 5470 3739 5539 lepra-

2199 5583 2307 5622 ειη.

2124 5657 2426 5716 CLXXVII.
2470 5656 2571 5715 Ubi
2591 5656 2870 5715 Zacharias
2889 5674 2983 5715 rex
2998 5655 3037 5713 I
3040 5657 3142 5712 uda
3181 5655 3420 5724 moritur,
3445 5662 3493 5713 et
3517 5653 3739 5727 Scrip—

2196 5762 2311 5807 tura
2331 5751 2399 5807 ad
2421 5751 2731 5808 Zachariam
2752 5770 2920 5827 regem
2941 5750 3115 5807 Israel
3136 5750 3288 5807 redit.

2124 5844 2449 5904 CLXXVIII.
2493 5845 2591 5903 Ubi
2612 5846 2896 5903 Zacharias
2921 5846 3195 5915 occiditur,
3221 5855 3267 5901 et
3291 5843 3495 5902 Scllum
3521 5859 3616 5917 pro
3653 5857 3733 5896 eo
