2072 3182
181 195 234 225 669

607 194 623 207 ’λ
679 190 978 222 CAPITULATIONES
999 191 1091 221 LIBRI
1110 191 1296 221 IIIALACIIIM.
1354 204 1366 216 ι

1767 190 1820 222 θτο

215 255 244 282 in
264 251 348 281 Israel
362 258 470 288 regnum
484 249 594 285 suscipit
607 270 614 283 ,
641 253 664 277 et
687 253 724 276 est
740 249 853 278 decimus
872 249 978 284 quintus
992 254 1017 287 Α
1030 249 1082 279 CC.
1105 250 1153 279 Ubi
1169 250 1256 279 Isaias
1266 250 1403 288 prophetat
1415 251 1446 282 de
1459 259 1518 287 rege
1532 251 1696 287 Assyriorum
1707 251 1741 280 ad
1757 251 1822 279 Em-

217 309 282 332 γεω,
298 299 379 334 ’ᾕηίια
401 299 459 335 jam
488 296 657 333 promissione
685 295 792 323 Domini
811 296 838 322 in
858 295 978 332 progenie

219 348 299 376 Jehu.

183 383 326 423 CLXXIX.
347 393 386 420 De
395 392 478 420 occiso
490 391 592 419 Selium
601 413 612 425 ι
620 390 664 426 qui
683 389 797 426 regnarit
808 397 895 418 mense
906 396 957 416 uno
969 396 978 415 :

220 449 268 478 pro
279 449 330 476 quo
342 440 483 467 Mannhem
494 438 606 472 suscepit
616 444 724 474 regnum
735 436 763 463 in
773 434 858 464 Israel
871 456 878 468 ,
890 435 978 470 quiest

220 488 334 515 decimus
345 491 442 514 sextus.

183 534 314 563 CLXXX.
336 533 448 561 Indictio
459 531 561 568 argenti
570 530 692 558 diuitibus
701 529 842 565 Manahen,
859 529 929 566 quod
936 529 981 557 de-

220 587 262 609 tur
272 581 330 617 regi
340 581 436 616 Sqriaz.

184 628 329 657 CLXXXI.
353 627 548 656 Ubiblanahen
564 627 686 660 moritur,
698 629 722 654 et
732 630 823 663 regnat
844 630 902 661 post
923 634 980 654 eum

222 676 339 704 Phaceia
352 675 424 711 ﬁlius
437 676 494 711 ejus
502 695 509 707 ,
521 678 593 702 etest
606 673 718 704 decimus
729 673 850 710 septimus
861 681 917 701 rex.

184 722 339 752 CLXXXII.
362 721 411 749 Ubi
421 721 550 748 occiditur
560 720 678 748 Phaceia
695 729 712 748 a
732 720 836 750 Phacee
847 742 855 756 ,
866 720 910 756 qui
930 719 981 757 {uit

222 778 267 797 res:
277 769 392 795 decimus
403 772 506 795 octavus
516 767 543 794 in
554 766 648 794 Israel.

188 814 352 844 CLXXXIII.
375 814 426 842 Ubi
444 813 508 841 Osee
529 814 599 849 [ilius
612 813 725 841 Phaceia
745 812 840 841 occidit
861 811 980 846 Phacee,

223 867 245 889 et
264 865 355 897 regnat
367 859 483 887 decimus
500 868 581 887 nonus
595 861 622 887 in
638 858 732 887 Israel.

184 907 351 937 CLXXXIV.
375 906 425 934 Ubi
439 906 577 942 Scriptura
596 906 663 933 redit
685 906 719 935 ad
731 905 876 937 Ionatham
895 913 982 942 regem

223 955 296 983 Juda
305 978 312 990 ,
324 963 401 991 quem
414 954 477 982 dicit
488 961 609 991 regnasse
620 962 702 981 annos
714 961 769 982 xw.

182 1001 341 1030 CLXXXV.
365 1000 415 1029 Ubi
433 999 576 1028 Ionatham
600 1000 720 1034 moritur,
743 1004 766 1029 et
786 1003 876 1036 regnat
894 998 981 1027 Actias

222 1047 390 1075 duodecimus
401 1047 428 1075 in
438 1045 510 1074 Iuda
520 1053 602 1074 annos
614 1053 669 1074 va.

185 1093 355 1125 CLXXXVI.
379 1093 430 1121 Ubi
448 1092 535 1120 Achaz
553 1100 599 1120 rem
608 1091 679 1119 Juda
698 1091 783 1127 ﬁlium
801 1100 876 1121 suum
903 1090 982 1121 idolis

224 1145 369 1169 consecrat.
393 1172 395 1175 l

186 1187 367 1216 CLXXXVII.
392 1186 442 1215 Ubl
461 1185 549 1215 Achas
570 1185 653 1214 altare
675 1194 769 1214 novum
789 1185 847 1222 ﬁeri
856 1184 932 1222 jubet

226 1234 289 1263 Urio
303 1237 441 1262 secerdote.

189 1280 375 1310 CLXXXVIII.
399 1280 449 1308 Ubi
471 1280 574 1307 ordinat
589 1287 635 1308 res:
646 1277 734 1306 Acha:
747 1286 804 1305 cum
820 1277 885 1306 Uria
895 1286 983 1306 sacer-

227 1328 302 1360 dote,
313 1335 369 1362 φερε
380 1326 510 1361 sacriﬁcia
525 1333 589 1352 novo
604 1325 681 1352 altari
696 1315 872 1360 imponantur.

191 1373 358 1402 CLXXXIX.
380 1372 432 1407 Hic
443 1372 553 1400 moritur
565 1370 653 1398 Acltaz
662 1392 669 1403 ,
681 1375 705 1398 et
715 1376 804 1407 regnat
818 1378 865 1406 pro
879 1377 909 1397 eo
919 1368 985 1399 Eze-

228 1421 300 1448 chias
310 1419 422 1446 decimus
433 1418 534 1445 tertius.

188 1467 268 1495 CXC.
290 1465 340 1493 Ubi
354 1465 420 1493 redit
433 1465 569 1500 Scriptura
579 1464 612 1492 ad
624 1472 709 1501 regem
729 1463 829 1498 Israel,
841 1468 865 1493 et
877 1465 986 1498 ostendit

227 1513 292 1540 Osee
304 1520 424 1547 regnasse
434 1520 461 1539 Ix
473 1512 558 1539 annis.

193 1560 280 1588 CXCI.
302 1558 354 1585 HIC
367 1559 494 1594 explicitis
509 1558 611 1593 regibus
622 1556 708 1584 Israel
721 1577 728 1590 ,
739 1557 784 1592 qui
797 1562 859 1584 sunt
874 1566 890 1584 a
909 1556 986 1589 leta,-

226 1608 303 1634 boam
319 1614 395 1642 usque
408 1606 434 1631 in
458 1603 522 1636 Osee
536 1603 708 1632 novemdccim
720 1610 729 1630 :
741 1601 891 1637 Captivatus
902 1611 986 1639 popu-

228 1653 268 1680 lus
282 1651 367 1679 Israel
378 1661 393 1678 a
408 1649 581 1678 Salmanasar
591 1658 649 1686 rege
660 1650 835 1684 Assyriorum.

193 1698 295 1726 CXCII.
316 1698 354 1725 De
368 1697 486 1733 gentibus
510 1706 526 1724 a
538 1706 596 1733 rege
610 1697 775 1733 Assyriorum
798 1697 825 1723 in
840 1696 987 1730 Samariam

233 1746 401 1778 transductis,
414 1751 435 1771 et
446 1753 462 1771 a
472 1743 588 1771 leonibus
599 1743 737 1771 devoratis.

195 1790 307 1819 CXCIII.
329 1791 545 1819 Commemoratio
554 1790 736 1818 mandatorum
748 1790 811 1826 legis
823 1799 868 1826 per
879 1790 987 1826 Moysen

229 1838 324 1874 populo
335 1839 412 1865 datas.

193 1884 309 1913 CXCIV.
332 1885 381 1913 Ubi
394 1887 428 1912 ad
449 1894 533 1922 regem
552 1885 624 1912 .luda
645 1885 784 1924 Scriptura
798 1886 945 1919 reuertitur,
965 1890 988 1913 et

232 1931 307 1964 dicit,
325 1931 463 1958 Ezechiam
475 1939 595 1966 regnasse
609 1940 692 1958 annos
709 1939 766 1958 xIx.

195 1977 300 2005 CXCV.
321 1977 347 2004 II
351 1978 373 2004 ic
386 1978 528 2004 ostenditur
538 1976 680 2006 Ezechiam
690 1983 713 2004 et
724 1978 797 2005 lucos
807 1982 832 2004 et
846 1982 989 2013 serpentem

232 2032 333 2051 cuneum
342 2047 349 2058 ,
361 2033 436 2061 quem
448 2023 475 2050 Μ
479 2032 551 2061 ogses
561 2028 678 2051 erexerat
686 2045 693 2058 ,
706 2024 898 2052 conintinuisse.

195 2072 310 2101 CXCVI.
329 2071 379 2100 Ubi
390 2072 560 2100 Salmanasar
571 2080 617 2098 rea;
626 2072 711 2107 Syria:
721 2072 869 2105 Samariam
881 2070 990 2101 debellat

233 2120 391 2155 temporibus
406 2118 524 2147 Ezechia:
537 2119 604 2154 regis
614 2118 696 2145 Juda.
714 2116 717 2118 ’

197 2166 324 2194 CXCVII.
347 2166 395 2193 Ubi
409 2166 534 2193 Ezechias
543 2165 666 2193 recludo
677 2164 777 2193 Isaiam
787 2165 896 2194 consulit
907 2164 991 2199 obses-

234 2225 277 2243 sus
291 2224 307 2245 a
321 2223 379 2251 rege
387 2215 560 2251 Assyriorum.

198 2263 337 2292 CXCVIII.
360 2261 409 2289 Ubi
424 2261 509 2289 Isaias
522 2259 646 2297 propheta
655 2258 772 2287 Ezechiae
781 2259 917 2288 victoriam
933 2259 991 2294 pol-

237 2312 336 2341 licetur.

201 2358 314 2387 CXCIX.
337 2359 387 2387 Ubi
397 2359 525 2387 Rabsaces
537 2359 564 2385 in
575 2358 706 2395 regionem
718 2365 796 2387 suam
806 2357 959 2388 revertitur.

1065 297 1160 325 cln'am.

1029 344 1092 371 CCI.
1117 344 1167 373 Ubi
1182 344 1302 375 Ezechite
1314 354 1384 376 mars
1400 346 1432 375 alt
1443 345 1516 375 Isaia
1527 346 1724 382 renuntiatur.

1029 390 1106 420 CCII.
1129 392 1179 421 Ubi
1189 393 1322 421 adduntur
1334 393 1453 423 Esaclsia:
1467 394 1504 422 ad
1514 395 1594 424 vitam
1607 402 1642 423 xv
1654 393 1728 422 mi.

1030 439 1118 468 CCIII.
1142 439 1255 468 Munera
1268 441 1347 471 missa
1362 440 1485 471 Bacchide
1497 449 1513 469 α
1532 449 1594 476 rege
1610 440 1764 476 Babylonis.

1030 485 1118 514 CCIV.
1139 486 1310 523 PrOphetatio
1321 486 1401 516 Isaia;
1419 492 1555 516 uenturum
1567 488 1694 523 populum
1703 485 1777 515 Iuda
1795 485 1823 513 in

1066 533 1241 568 captivitatem
1251 533 1415 570 Babyloniae.

1030 578 1107 608 CCV.
1129 579 1180 608 llic
1195 580 1304 608 moritur
1319 579 1462 613 Ezechias,
1472 585 1495 608 et
1506 584 1599 616 regnat
1609 579 1681 615 ﬁlius
1695 579 1752 614 eius
1764 578 1824 607 la-

1068 634 1143 653 nasse
1158 634 1190 653 Lv
1204 627 1279 655 annis
1290 648 1298 660 ι
1310 631 1333 654 et
1345 632 1381 654 est
1395 635 1442 655 rex
1455 628 1482 655 in
1492 626 1511 654 J
1514 627 1565 655 uda
1580 634 1635 655 XIV.

1033 670 1120 700 CCVI.
1143 671 1193 700 Ubi
1208 677 1266 709 post
1280 674 1428 703 immundos
1445 674 1593 702 sanctiones
1609 673 1730 703 Manaste
1744 672 1824 710 regis,

1068 718 1226 753 propltetant
1241 720 1315 747 multi
1330 720 1504 755 captivitatem
1515 719 1604 749 ludar.

1032 765 1131 793 CCVII.
1155 765 1205 793 Ubi
1214 767 1324 794 moritur
1333 766 1467 795 Mauasses
1477 788 1484 801 ,
1496 771 1519 796 et
1531 770 1620 803 regnat
1632 765 1745 795 Ammon
1754 765 1825 800 ﬁlius

1068 816 1124 851 ejus
1134 815 1210 842 armis
1224 814 1333 842 duobus.

1032 859 1145 887 CCVIII.
1169 859 1218 892 Ubi
1232 861 1341 888 Ammon
1355 869 1372 888 a
1388 861 1469 888 servis
1482 860 1619 892 occiditur.
1640 864 1664 888 et
1676 860 1704 892 fit
1719 867 1765 888 res;
1776 858 1825 887 Joo

1068 907 1121 934 sias
1136 907 1206 942 ﬁlius
1221 908 1278 944 ejus
1289 929 1297 942 ,
1308 909 1353 944 qui
1367 909 1418 944 fuit
1431 909 1545 937 decimus
1558 912 1645 937 sextus
1654 929 1662 943 ,
1674 912 1697 935 et
1710 907 1827 944 regnauit

996 952 1021 983 Β
1070 954 1145 981 annis
1160 962 1216 981 xu.

1033 999 1123 1028 CCIX.
1147 999 1196 1028 Ubi
1202 1000 1310 1036 jubetur
1320 1008 1366 1029 rex
1376 1000 1463 1030 Josias
1476 1001 1610 1036 pecuniam
1620 1000 1709 1036 templi
1720 999 1821 1036 colligi,

1068 1051 1091 1074 et
1103 1047 1179 1074 sortis
1194 1047 1266 1075 tectis
1277 1047 1398 1083 expendi.

1033 1093 1112 1122 CCX.
1128 1092 1179 1121 Ubi
1194 1095 1363 1123 ostenduntur
1375 1094 1488 1123 rationes
1500 1102 1552 1124 non
1567 1093 1676 1123 reddita:
1694 1101 1711 1123 a
1725 1100 1828 1130 prcepo-

1068 1140 1124 1167 sitis
1140 1140 1238 1177 templi.

1033 1185 1123 1214 CCXI.
1139 1185 1192 1214 Hic
1210 1186 1322 1215 traditur
1336 1186 1400 1215 liber
1414 1187 1479 1225 legis
1499 1187 1552 1222 regi
1567 1187 1660 1221 Iosue,
1676 1193 1729 1223 quo
1750 1184 1828 1218 lecto,

1070 1234 1155 1260 omnia
1169 1234 1310 1262 simulacra
1326 1238 1351 1261 et
1365 1235 1437 1263 lucos
1449 1235 1574 1263 incendit.

1034 1278 1135 1307 CCXII.
1154 1278 1205 1307 Ubi
1230 1288 1281 1307 non
1305 1284 1451 1317 tanguntur
1468 1289 1527 1310 ossa
1542 1280 1614 1311 illius
1628 1279 1771 1317 prophetat,
1785 1279 1831 1317 qui

1070 1325 1125 1353 sine
1139 1326 1243 1353 nomine
1252 1326 1287 1353 ad
1299 1325 1438 1355 Jeroboam
1449 1330 1560 1361 venerat,
1572 1328 1646 1363 cujus
1658 1326 1751 1359 mentio
1762 1325 1791 1360 Iit
1803 1325 1831 1352 in

1070 1372 1199 1404 superiori
1211 1372 1324 1408 capitulo
1338 1380 1431 1400 XLVIII.

1037 1418 1145 1446 CCXIII.
1163 1418 1211 1445 Ubi
1234 1420 1379 1447 ostenditur
1394 1420 1472 1447 etiam
1492 1424 1560 1447 recto
1575 1419 1651 1447 corde
1672 1418 1753 1446 Josice
1764 1417 1831 1454 rogi!

1072 1463 1087 1489 J
1094 1464 1151 1490 uda:
1162 1468 1185 1490 rt
1198 1463 1342 1491 Jerusalem
1355 1467 1525 1500 captivitatem
1537 1472 1588 1492 non
1599 1469 1724 1491 amotam.

1038 1509 1151 1537 CCXIV.
1174 1509 1225 1536 llic
1244 1510 1368 1537 occiditur
1382 1510 1478 1541 Josias.
1494 1515 1517 1538 et
1531 1516 1621 1546 regnat
1631 1509 1748 1537 Joachaz.
1762 1508 1833 1544 filius

1073 1557 1129 1592 ejus
1145 1557 1271 1583 mensibus
1285 1565 1312 1583 III
1325 1566 1330 1583 :
1345 1558 1388 1591 qui
1401 1564 1436 1583 est
1449 1557 1565 1584 decimus
1581 1558 1714 1592 septimus.

1039 1602 1139 1629 CCXV.
1162 1602 1270 1629 Remoto
1286 1602 1399 1630 Jour/Ia;
1420 1611 1487 1638 rege.
1504 1609 1594 1638 regnat
1616 1601 1735 1628 Joar/Iim
1756 1601 1835 1637 frater

1075 1650 1132 1682 ejus
1145 1648 1257 1674 decimus
1271 1654 1373 1675 octavus
1388 1650 1462 1675 annis
1478 1657 1513 1675 II.

1038 1695 1151 1722 CCXVI.
1173 1695 1224 1722 Ilir
1245 1695 1388 1722 ostenditur
1410 1695 1523 1722 noluisse
1538 1693 1624 1721 Deum
1639 1692 1777 1729 propitiari
1789 1700 1835 1732 po—

1076 1742 1135 1775 pulo
1149 1741 1218 1767 Juda
1233 1748 1335 1777 propter
1353 1741 1501 1768 Manassen.

1039 1787 1161 1814 CCXVII.
1176 1787 1226 1814 IIic
1238 1788 1348 1814 moritur
1360 1787 1491 1819 Joaclu‘m,
1505 1791 1529 1814 et
1542 1787 1636 1821 accipit
1652 1792 1770 1821 regnum,
1781 1786 1836 1823 iam

1075 1835 1176 1869 captivo
1190 1834 1297 1870 populo,
1313 1834 1431 1861 Joaeltint
1447 1834 1591 1870 ﬁliusejus,
1601 1834 1741 1868 quipostea
1754 1830 1836 1867 sede—

1076 1883 1129 1908 cias
1144 1882 1228 1908 dictus
1245 1887 1291 1914 est,
1303 1887 1324 1908 et
1337 1882 1451 1917 regnavit
1465 1881 1541 1907 annis
1553 1889 1590 1907 XI.

1040 1928 1176 1956 CCXVIII.
1187 1927 1235 1955 Ubi
1249 1927 1490 1954 Nabuchodmwsor
1499 1927 1551 1962 regi
1564 1925 1714 1961 Babylonica
1724 1923 1836 1951 traditur

1076 1976 1187 2012 populus
1200 1974 1273 2002 Juda
1283 1983 1340 2004 cum
1352 1983 1411 2013 rege
1424 1974 1543 2008 Sedecia,
1560 1977 1583 2003 et
1599 1972 1722 2008 templum
1732 1970 1838 1999 Jerusa-

1076 2023 1127 2049 lem
1140 2021 1296 2050 incenditur.

1041 2069 1155 2098 CCXIX.
1175 2068 1315 2104 Postquam
1329 2067 1462 2101 Sedecias,
1478 2067 1522 2103 qui
1538 2070 1561 2094 el
1575 2065 1670 2095 loacin
1685 2064 1769 2092 dictus
1789 2067 1837 2097 est,

1078 2118 1192 2152 captivus
1206 2125 1337 2148 arcusque
1350 2115 1377 2142 in
1391 2114 1561 2150 Babyloniam
1571 2113 1662 2140 ductas
1674 2116 1721 2146 est,
1736 2118 1839 2149 pra‘po-

1078 2165 1147 2191 nitur
1159 2165 1184 2192 in
1199 2162 1344 2189 Jerusalem
1360 2161 1496 2190 Godolias.

1043 2210 1145 2238 CCXX.
1170 2209 1218 2236 Ubi
1234 2210 1264 2235 de
1280 2216 1380 2235 cm'cere
1393 2207 1524 2242 June/tim,
1539 2206 1583 2242 qui
1597 2210 1621 2233 et
1635 2204 1787 2237 Jechonias,
1809 2202 1841 2229 li-

1080 2258 1192 2291 bt‘ralur,
1210 2262 1232 2283 et
1251 2256 1381 2283 alimoniis
1396 2254 1496 2282 statutis
1517 2253 1647 2290 pascitur.
1671 2249 1840 2286 Populusque

1080 2304 1162 2331 omnis
1175 2304 1201 2330 in
1217 2303 1366 2338 captivitate
1377 2301 1513 2330 remansit.

214 2425 1839 2452 ΜΝ

645 2496 647 2498 Ι
693 2513 961 2548 CAPITULATIO
982 2512 1087 2543 LIBRI
1109 2509 1339 2543 MALACHIM.

204 2593 224 2621 I.
241 2593 279 2620 De
292 2597 419 2620 senectute
441 2591 533 2626 David,
549 2595 573 2617 et
588 2590 619 2617 de
633 2589 728 2625 Abisag
753 2589 899 2622 Sonamite,
919 2591 944 2615 et
964 2587 996 2615 de

240 2639 344 2666 Odonia
357 2638 413 2672 [ilio
428 2637 521 2671 David,
542 2636 584 2672 qui
599 2635 727 2670 a/feclavit
746 2635 882 2662 succedere
904 2634 931 2660 in
953 2641 994 2661 re-

239 2693 330 2721 gnum,
345 2684 410 2711 etde
421 2683 561 2713 Salomone
575 2688 651 2708 uncto
666 2682 693 2708 in
706 2689 801 2717 regem.

205 2732 235 2760 lI.
257 2731 295 2758 De
307 2731 439 2767 prteceptis
449 2729 533 2756 David
547 2729 574 2755 in
585 2729 678 2764 quibus
692 2727 804 2755 instituit
820 2726 995 2760 Salomonem,

239 2786 262 2807 et
278 2780 309 2806 de.
321 2783 403 2807 morte
414 2778 508 2811 David,
524 2783 547 2805 et
558 2778 589 2804 de
598 2777 773 2812 interfectione
786 2776 905 2810 Adonim,
920 2776 999 2804 Abio—

242 2831 292 2860 tar,
308 2824 385 2857 Joab.
401 2830 424 2852 et
437 2824 531 2852 Semei.

205 2872 247 2901 III.
264 2871 303 2900 De
316 2872 372 2908 [ilia
384 2871 532 2899 Pharaonis
546 2879 626 2899 uxore
640 2869 799 2903 Salomonis,
817 2874 840 2896 et
856 2869 887 2896 de
903 2869 999 2896 visione

241 2920 298 2956 ejus
312 2919 340 2945 in
353 2917 461 2946 Gabaon
480 2917 524 2945 ubi
544 2926 560 2944 a
577 2917 688 2944 Domino
702 2916 856 2952 sapientiam
871 2915 933 2953 [Ed.
950 2924 999 2950 ap-

242 2966 369 3001 paritione
380 2965 497 3000 Domini,
508 2964 551 2993 ubi
562 2964 730 3000 sapientiam,
745 2962 811 3000 010.]
824 2963 952 3000 postulat,
968 2962 1000 2997 de

1083 2585 1143 2623 [EIL
1152 2586 1255 2623 judicio
1265 2584 1307 2621 de]
1318 2584 1417 2611 duabus
1433 2580 1595 2613 mulieribus,
1608 2587 1654 2615 pro
1666 2578 1767 2613 infante
1777 2585 1846 2623 mur-

1083 2622 1126 2659 tuo
1139 2631 1299 2667 litigantibus
1308 2629 1370 2666 [Εὐ.
1384 2632 1466 2662 tacet,
1477 2631 1578 2654 mortua
1590 2623 1771 2660 litigantibus],
1783 2628 1806 2650 et
1815 2622 1847 2650 de

1084 2679 1192 2706 ducibus
1206 2686 1235 2704 ac
1246 2676 1414 2712 principibus.

1048 2725 1092 2754 IV.
1107 2725 1146 2752 De
1160 2732 1273 2761 expensa
1289 2722 1439 2751 Salomonis
1452 2720 1562 2753 diurna,
1579 2723 1603 2747 et
1616 2718 1649 2746 de
1662 2718 1737 2753 equis
1750 2720 1775 2747 at
1788 2723 1848 2745 cur-

1083 2773 1164 2806 ribus,
1182 2772 1247 2800 etde
1261 2771 1402 2805 sapientia,
1418 2772 1443 2798 et
1454 2767 1585 2805 parabolis
1598 2768 1666 2804 ejus,
1682 2770 1705 2794 et
1718 2765 1748 2795 de
1767 2763 1848 2795 C/Iira

1086 2827 1145 2856 rege
1159 2823 1182 2845 et
1198 2817 1277 2854 lignis
1288 2816 1399 2844 cedrinis
1414 2821 1438 2842 et
1453 2823 1566 2850 expensa
1586 2812 1762 2849 operariorum
1776 2811 1848 2846 ligna

1086 2864 1239 2892 caedentium
1254 2863 1315 2900 [Ed.
1334 2867 1404 2890 Iacet
1419 2862 1496 2898 tigna
1510 2857 1689 2894 credentium].

1054 2912 1084 2941 V.
1099 2911 1139 2939 De
1152 2911 1339 2939 constructione
1352 2909 1450 2946 templi,
1468 2912 1492 2935 et
1513 2907 1601 2934 divina
1618 2904 1800 2933 contestatione
1814 2903 1849 2930 ad

1088 2958 1261 2994 Salomonem,
1277 2962 1301 2985 et
1313 2956 1345 2985 de
1359 2955 1438 2984 altari
1450 2960 1474 2983 ct
1489 2953 1606 2990 reliquis.
