4144 6364
421 335 521 398 6n
1403 350 1465 408 s.
1506 349 1898 413 nmmum:
1936 333 2170 417 DIVINA‘
2209 358 2694 422 BIBLIOTIIECA.
3595 373 3706 432 οη

421 452 509 511 VI.
530 455 609 512 De
638 456 876 514 domibus
901 474 1032 529 quas
1059 461 1333 531 tediﬁcavit
1362 459 1613 518 Salomon
1641 464 1760 530 sibi,
1788 476 1836 520 et
1865 471 2018 526 uxori
2046 473 2097 534 Α
2192 483 2240 530 et
2260 476 2529 547 prophetia
2560 478 2732 535 Helia:
2765 497 2918 554 super
2950 482 3194 552 Ochosia,
3223 492 3272 541 et
3300 487 3367 544 de
3392 489 3708 567 quinquage-

405 564 408 567 '
497 549 786 624 Egyptite,
813 561 862 607 et
891 553 954 608 de
981 553 1193 608 Chiram
1218 555 1408 610 aerario
1433 564 1480 610 et
1508 557 1574 611 de
1599 573 1742 613 mare
1770 569 1820 614 et
1852 560 2016 618 bubus
2187 567 2266 623 nis
2287 569 2402 642 igne
2429 573 2496 625 ad
2524 573 2729 628 verbum
2757 549 2931 632 Ilelia:
2959 549 3302 654 consumptis.

493 653 543 699 et
571 643 805 700 leonibus
832 646 1010 712 teneis,
1039 655 1089 700 et
1113 645 1321 716 reliquis
1341 647 1648 703 utensilibus
1679 652 1878 724 templi.
2114 659 2129 716 1

2114 659 2259 716 XIX.
2289 661 2368 718 De
2389 662 2572 718 Joram
2608 667 2778 738 fratre
2808 667 3066 738 Ochosite,
3094 682 3143 728 et
3169 643 3235 730 de
3273 676 3434 734 Helia
3457 680 3546 735 ubi
3587 680 3710 736 Jor-

426 738 539 796 VII.
569 739 646 794 De
671 757 796 795 arca
824 741 879 795 in
909 739 1162 810 templum
1193 740 1383 809 locata,
1414 743 1549 799 etde
1573 744 1744 815 gloria
1770 762 1888 817 qua:
1914 764 2013 822 ap-
2185 752 2370 808 donem
2399 755 2582 810 dividit
2607 767 2654 812 et
2679 758 2733 811 in
2762 761 2945 815 caelum
2973 765 3198 836 rapitur,
3232 776 3280 822 et
3306 769 3371 823 de
3397 770 3596 827 Helisei
3620 791 3708 828 re-

497 833 672 902 paruit
701 834 756 886 in
783 831 992 899 nebula,
1018 841 1064 888 et
1094 831 1390 904 deprecatio
1415 835 1714 897 Salomonis
1740 839 1809 894 ad
1835 840 2016 896 Domi-
2187 845 2299 899 ditu
2324 854 2370 900 et
2399 847 2649 904 divisione
2674 849 2919 921 Jordani,
2944 864 2993 909 et
3023 831 3086 910 de
3109 857 3291 914 Joram
3313 873 3360 916 et
3386 861 3639 937 Josaphat
3659 877 3708 921 et

496 941 622 980 num
645 934 696 980 et
719 926 790 980 ad
816 927 1066 998 populum
1093 929 1395 984 benedictio.
2187 957 2305 1012 rege
2331 938 2519 1007 Edam,
2548 943 2634 998 ubi
2659 945 3034 1005 dimicaverunt
3050 962 3229 1009 contra
3253 954 3432 1024 Moab,
3457 926 3545 1013 ubi
3561 975 3709 1031 aqntc

425 1017 562 1073 VIII.
593 1018 672 1073 De
707 1018 1029 1074 solemnitate
1055 1020 1311 1076 celebrata
1337 1030 1387 1076 et
1416 1023 1483 1079 de
1507 1026 1766 1096 pecudum
1802 1045 2015 1085 numero
2155 1061 2158 1065 ~
2187 1033 2310 1107 [Ed.
2343 1035 2549 1110 aquam]
2580 1047 2768 1094 terram
2793 1043 2905 1098 sine
2927 1045 3108 1116 pluvia
3134 1017 3479 1121 repleverunt.

494 1109 548 1163 in
574 1109 848 1178 sacriﬁciis
875 1109 1188 1180 oblatorum,
1219 1123 1267 1167 et
1293 1118 1553 1187 quomodo
1582 1119 1630 1173 ei
1659 1119 1914 1175 Dominus
1936 1139 2018 1178 se-
2117 1126 2238 1182 XX.
2281 1129 2358 1184 De
2385 1109 2599 1186 muliere
2622 1133 2768 1205 cujus
2797 1109 3056 1193 vasa'oleo
3078 1109 3293 1212 impleta
3319 1153 3442 1198 sunt
3466 1145 3536 1198 ad
3559 1144 3710 1200 Hdi-

497 1226 668 1280 cundo
693 1241 952 1297 apparens
980 1227 1048 1281 sit
1079 1228 1314 1295 locutus;
1343 1239 1392 1284 et
1423 1231 1485 1284 de
1514 1229 1641 1302 [Ed.
1671 1235 1938 1304 apparuit,
1968 1246 2018 1292 ει
2186 1219 2262 1273 sei
2280 1219 2522 1288 verbum;
2545 1233 2594 1276 et
2621 1224 2684 1278 de
2711 1223 2998 1296 Sonamite,
3027 1233 3178 1302 cujus
3200 1232 3366 1298 ﬁlium
3388 1235 3672 1292 suscitavit.

498 1317 582 1387 de,
611 1317 744 1390 etc.]
767 1316 1047 1373 Pharaone
1093 1320 1180 1374 ubi
1215 1319 1380 1377 Gazer
1419 1322 1593 1378 urbem
1638 1336 1862 1397 captam,
1891 1329 2020 1398 ﬁliae
2119 1310 2134 1366 Ῑ

2119 1310 2260 1366 XXI.
2289 1311 2366 1367 De
2395 1312 2630 1370 Neeman
2678 1316 2813 1390 Syro
2839 1319 3040 1393 leproso
3070 1339 3162 1394 per
3188 1323 3481 1382 Helisteum
3505 1340 3709 1398 curato,

497 1425 605 1464 sua:
629 1411 684 1465 in
707 1411 878 1465 dotem
901 1412 1041 1468 dedit
1064 1427 1082 1466 .-
1102 1423 1150 1466 et
1172 1413 1235 1468 de
1250 1413 1466 1486 reliquis
1497 1417 1706 1472 urbibus
1725 1418 1848 1490 [Ed.
1876 1429 2021 1478 tacet
2190 1411 2237 1456 ετ
2261 1403 2325 1458 de
2345 1402 2487 1460 (καί
2515 1423 2673 1479 eum
2696 1407 2918 1466 Helisei-

497 1503 752 1576 urbibus],
780 1521 909 1575 quas
932 1505 1188 1562 Salomon
1214 1507 1507 1578 aediﬁcavit,
1539 1518 1586 1564 et
1611 1509 1676 1565 de
1703 1513 2016 1588 principibus
2118 1495 2133 1552 Ῑ

2118 1495 2288 1588 XXII.
2313 1498 2390 1553 De
2413 1516 2531 1571 rege
2561 1501 2731 1574 Syria:
2755 1505 2848 1576 qui
2867 1507 3002 1563 venit
3028 1509 3259 1568 obsidere
3279 1511 3595 1581 Samariam,
3625 1517 3713 1572 ubi

495 1603 614 1672 ejus
637 1617 727 1670 DL,
751 1610 799 1656 et
824 1600 887 1656 de
915 1602 1079 1658 classe
1103 1620 1257 1674 quam
1287 1605 1429 1676 fecit.
1874 1587 1877 1588 ⁷
2193 1587 2454 1646 Helisaeus
2481 1609 2659 1664 orans,
2693 1593 2864 1652 hostes
2893 1600 3126 1656 cccitate
3162 1606 3448 1675 percussit,
3468 1617 3515 1662 et
3537 1609 3600 1662 de
3624 1609 3716 1663 ob-

427 1689 520 1747 lx.
548 1691 623 1746 De
643 1692 826 1764 regina
869 1692 1034 1760 Saba,
1079 1704 1128 1748 ει
1168 1696 1461 1752 muneribus
1501 1699 1613 1772 ejus
1642 1716 1663 1754 ε
1691 1711 1740 1756 ει
1769 1700 1833 1757 de
1861 1701 2020 1776 lignis
2191 1681 2391 1738 sidione
2416 1692 2464 1737 et
2482 1684 2641 1754 fame,
2665 1686 2750 1742 ubi
2772 1687 2891 1744 dua:
2918 1693 3156 1749 mulieres
3183 1696 3517 1754 comederunt
3538 1700 3715 1771 infan-

501 1784 717 1855 thyinis,
743 1793 793 1839 et
817 1801 948 1839 auro
982 1803 1013 1839 a
1045 1784 1204 1841 Chira
1244 1803 1364 1861 rege
1388 1787 1594 1856 delatis,
1624 1800 1674 1844 ct
1713 1793 1778 1846 de
1805 1793 2021 1864 reliquis
2055 1863 2071 1864 γ
2193 1782 2292 1828 τεθη
2320 1790 2340 1830 ~°
2370 1784 2417 1830 εί
2439 1776 2503 1830 de
2521 1781 2652 1850 fuga
2673 1780 2948 1852 δυνοηιπι·

499 1877 726 1942 tributis,
759 1886 808 1932 et
835 1877 900 1932 de
941 1877 1176 1933 ducentis
1199 1881 1359 1934 scutis
1388 1881 1581 1947 aureis,
1614 1892 1663 1936 et
1695 1884 1759 1938 de
1786 1863 2019 1941 curribus
2051 1863 2097 1924 Β
2123 1867 2135 1924 ἶ

2078 1865 2097 1923 ι
2123 1866 2312 1924 XXIII.
2340 1867 2419 1922 De
2438 1872 2578 1939 fame
2612 1887 2866 1927 annorum
2893 1884 3110 1947 septem,
3139 1887 3186 1932 et
3216 1879 3280 1934 de
3309 1879 3576 1938 Sonamite
3598 1900 3714 1954 qua:

496 1979 548 2026 et
570 1971 713 2042 equis
739 1971 860 2044 [Ed.
893 1971 1189 2045 equitibus],
1213 1985 1259 2028 et
1287 1975 1348 2029 de
1379 1975 1561 2030 throno
1583 1975 1902 2034 Salomonis.

2195 1961 2524 2032 peregrinata
2544 1970 2640 2032 est,
2666 1973 2717 2020 et
2736 1965 2800 2018 de
2825 1963 3075 2023 Benadab
3118 1969 3242 2043 [Ed.
3276 1971 3488 2047 Nadab]
3514 1984 3562 2030 et
3589 1976 3715 2034 Asa-

427 2061 497 2119 X.
523 2063 602 2118 De
630 2064 876 2120 uxoribus
917 2074 967 2120 et
1009 2066 1309 2121 concubinis
1336 2065 1636 2122 Salomonis
1661 2086 1752 2138 per
1770 2086 1901 2140 quas
1925 2071 2016 2126 de-

1925 2071 2016 2126 de.
2191 2053 2306 2109 chel
2333 2054 2539 2128 regibus
2559 2055 2754 2128 Syriae,
2785 2067 2834 2114 et
2854 2059 2918 2115 de
2945 2060 3104 2118 Casia
3133 2063 3258 2138 [Ed.
3288 2065 3557 2141 Achazia].

499 2169 746 2229 pravatus
775 2157 902 2232 [Ed.
933 2160 1320 2234 praevaricatus]
1351 2172 1448 2228 est,
1478 2171 1528 2217 et
1567 2179 1601 2216 a
1636 2163 1812 2218 divina
1855 2166 2022 2223 incre-
2123 2145 2135 2202 ἶ

2123 2145 2314 2203 XXIV.
2340 2147 2419 2203 De
2437 2145 2540 2204 Jeu
2564 2160 2717 2206 uncto
2749 2152 2805 2207 in
2831 2171 3026 2227 regem,
3053 2160 3143 2228 qui
3181 2161 3370 2216 occidit
3402 2160 3554 2232 lora,
3582 2173 3632 2221 el
3651 2165 3717 2221 tle

499 2252 707 2324 potione
733 2262 1032 2321 correptus,
1066 2253 1284 2310 Satanae
1308 2255 1529 2311 traditus
1556 2267 1631 2312 est
1657 2274 1676 2312 .'
1701 2268 1750 2314 et
1777 2260 1842 2316 de
1868 2260 2022 2318 Adad
2192 2237 2403 2294 Iezabel
2427 2251 2474 2294 ⁸⁸
2499 2257 2609 2296 1'“
2633 2243 2771 2311 βίίοε
2797 2245 3000 2315 Achab.
3023 2260 3073 2304 ει
3095 2249 3406 2309 Sacerdotes
3434 2253 3590 2311 Baul-

425 2364 444 2409 ἐ
498 2353 546 2398 et
567 2343 844 2400 Jeroboam
875 2346 1008 2401 odiis
1035 2356 1216 2401 contra
1245 2364 1382 2414 eum,
1412 2357 1459 2403 et
1488 2349 1551 2404 de
1579 2349 1742 2405 Acliia
1772 2354 2023 2426 prapheta

2121 2328 2292 2388 XXV.
2324 2332 2398 2426 He
2417 2331 2640 2391 Azachel
2659 2339 2916 2407 quomodo
2931 2343 3107 2398 evertit
3132 2342 3361 2412 Galaad,
3402 2359 3453 2402 et
3482 2349 3715 2407 Joachaz

498 2440 568 2494 ad
590 2439 866 2496 Jeroboans
892 2442 1069 2506 misso,
1097 2450 1146 2496 et
1169 2443 1234 2497 de
1261 2442 1558 2500 Salomonis
1588 2454 1771 2501 morte.
1871 2425 1877 2426 ί

2193 2425 2306 2496 ﬁlio
2327 2425 2450 2496 Jeu,
2482 2438 2529 2483 et
2554 2429 2620 2485 de
2645 2430 2859 2488 Athalia
2877 2436 3080 2508 regina,
3121 2439 3187 2494 de
3213 2439 3339 2496 Joas
3360 2444 3641 2515 occultato,
3667 2457 3715 2502 et

430 2529 522 2587 XI.
557 2532 637 2587 De
674 2548 830 2605 regno
866 2533 1104 2588 Roboam
1139 2535 1190 2588 in
1219 2533 1355 2588 duas
1383 2535 1567 2604 tribus,
1618 2546 1666 2591 et
1713 2537 1778 2594 de
1817 2538 2022 2595 Semeia

1929 2539 2022 2594 ,βία
2191 2519 2257 2575 de
2280 2519 2452 2577 Joada
2481 2523 2767 2593 sacerdote,
2799 2535 2848 2581 et
2873 2527 2938 2582 de
2965 2534 3344 2589 restauratione
3368 2537 3565 2609 templi.

434 2643 436 2645 ‘
499 2625 751 2698 propheta
782 2625 853 2680 ad
881 2643 999 2682 eum
1029 2628 1184 2683 missa
1207 2625 1343 2684 etde
1361 2627 1636 2685 Jeroboam
1656 2648 1814 2703 regno
1833 2643 1881 2688 et
1906 2634 2023 2689 ido-

2123 2612 2313 2671 XXVI.
2341 2615 2418 2671 De
2446 2615 2672 2672 Azachel
2696 2635 2816 2691 rege
2836 2618 3028 2693 Syriae,
3051 2625 3307 2694 quomodo
3339 2631 3623 2701 asportavit
3652 2632 3713 2687 de

500 2717 566 2772 η’
591 2733 709 2790 (μω
733 2718 876 2790 rem.
2194 2706 2364 2764 Israel
2393 2707 2682 2780 thesauros,
2702 2721 2753 2768 et
2772 2713 2837 2769 de
2859 2713 3071 2772 Amasia
3100 2717 3213 2788 ﬁlio
3240 2718 3391 2789 Joas,
3413 2733 3464 2779 et
3491 2725 3554 2780 de
3578 2724 3712 2782 Jou-

427 2806 545 2866 XII.
571 2809 650 2864 De
679 2810 931 2883 propheta
969 2813 1124 2867 misso
1161 2813 1230 2867 ad
1261 2810 1545 2869 Jeroboam
1580 2815 1671 2887 qui
1697 2817 2021 2889 prophetavit

2191 2801 2322 2855 chaz
2339 2801 2452 2871 ﬁlio
2475 2800 2597 2870 Jeu,
2628 2811 2675 2858 et
2703 2803 2768 2860 de
2792 2803 2924 2863 Joas
2947 2806 3060 2878 ﬁlio
3085 2812 3217 2883 ejus,
3247 2822 3297 2869 et
3327 2815 3391 2870 de
3413 2828 3574 2873 morte
3593 2817 3707 2873 He-

499 2902 564 2956 de
598 2900 748 2958 Josia
776 2904 1079 2970 nascituro;
1114 2904 1201 2960 ubi
1227 2904 1507 2961 Jeroboam
1550 2925 1735 2965 manus
1780 2912 1940 2980 aruit,
1973 2923 2021 2969 et

2193 2892 2323 2949 listei
2350 2903 2400 2948 et
2427 2893 2492 2949 de
2516 2911 2575 2949 eo
2600 2895 2692 2966 qui
2717 2898 3057 2954 resuscitatus
3097 2911 3171 2957 est
3203 2920 3358 2978 super
3392 2907 3500 2977 ejus
3538 2909 3708 2982 sepul-

500 2997 752 3068 propheta
779 2998 844 3053 ab
871 2999 1033 3054 altero
1061 3001 1435 3058 circumventus
1464 3005 1662 3058 occisus
1692 3021 1725 3058 a
1749 3005 1894 3062 leone
1919 3018 2018 3064 est.

1709 3021 1725 3058 ι
1749 3005 1894 3062 (“me
1919 3018 2018 3064 eu.
2192 3004 2338 3043 crum
2364 2987 2485 3062 [Ed.
2516 2997 2657 3045 tacet
2685 3006 2841 3062 super
2865 2996 2979 3066 ejus
3006 2995 3345 3073 sepulcrum].

431 3087 572 3146 XIII.
606 3091 685 3147 De
708 3093 978 3166 prophetia
1002 3093 1193 3150 Habia:
1237 3097 1306 3150 ad
1348 3113 1563 3152 uxorem
1585 3096 1864 3156 Jeroboam
1891 3100 2016 3175 [Ed.

2121 3080 2337 3138 XXVII.
2369 3082 2448 3136 De
2467 3081 2680 3138 Amasia
2705 3101 2826 3158 rege
2850 3085 3018 3155 Juda,
3053 3099 3100 3144 et
3127 3090 3193 3145 de
3220 3090 3353 3148 bello
3378 3094 3519 3167 quod
3554 3095 3600 3149 ei
3633 3097 3717 3150 in-

501 3184 630 3242 add.
658 3195 707 3242 et
736 3185 800 3241 de
827 3195 992 3242 morte
1017 3187 1117 3258 ﬁlii
1141 3192 1275 3263 ejus,
1319 3198 1369 3244 et
1411 3190 1475 3246 de
1520 3201 1681 3246 morte
1717 3174 2014 3262 Jeroboam,
2062 3257 2094 3263 _

2083 3257 2094 3263 _
2196 3175 2318 3232 tulit
2342 3174 2492 3243 Joas,
2526 3187 2574 3232 et
2603 3177 2669 3233 de
2695 3176 2973 3235 Jeroboam
2995 3180 3108 3251 ﬁlio
3140 3181 3270 3239 Joas
3289 3229 3304 3255 ,
3343 3195 3394 3240 et
3431 3187 3495 3243 de
3526 3186 3719 3243 Asaria

511 3275 670 3350 elc.],
697 3287 744 3333 et
763 3278 830 3334 de
856 3257 1050 3335 Nadab
1071 3257 1184 3352 ﬁlio
1214 3282 1325 3352 eius
1352 3283 1656 3340 succedente
1684 3286 1737 3340 in
1764 3302 1943 3360 regno,
1973 3257 2022 3344 et
2048 3257 2096 3322 C
2132 3356 2141 3360 _

1850 3303 1943 3356 μηθ’
1973 3257 2022 3344 εξ
2048 3257 2096 3322 C
2196 3272 2306 3340 ﬁlio
2327 3271 2577 3340 Amaziae,
2611 3283 2660 3346 et
2683 3271 2748 3327 de
2774 3271 3036 3330 Zacharia
3055 3275 3166 3347 ﬁlio
3190 3276 3486 3335 Jeroboam.

504 3372 569 3427 de
586 3372 946 3445 iniquitatibus
975 3376 1178 3448 populi,
1206 3382 1255 3430 et
1278 3377 1342 3430 de
1364 3376 1525 3432 Sesac
1544 3394 1662 3450 rege
1690 3356 1912 3453 Egypti
1937 3382 2026 3452 qui
2128 3356 2140 3420 Ῑ

2128 3356 2369 3422 XXVIII.
2403 3365 2482 3418 De
2506 3363 2702 3421 Joatha
2742 3367 2856 3438 ﬁlio
2890 3369 3113 3438 Aaariw,
3135 3381 3184 3426 et
3213 3372 3274 3429 de
3295 3370 3436 3428 Iona
3465 3375 3721 3448 propheta

504 3464 696 3521 excidit
719 3463 1039 3532 Jerusalem,
1070 3477 1119 3522 et
1141 3467 1207 3523 de
1231 3478 1392 3523 morte
1413 3467 1666 3524 Roboam.

2201 3459 2333 3513 etde
2367 3457 2572 3513 Sellum
2601 3459 2725 3532 [Ed.
2775 3461 2980 3517 Azarite
3010 3463 3268 3534 propheta
3303 3478 3350 3521 et
3392 3467 3456 3523 de
3491 3468 3711 3538 Selium,

433 3555 574 3614 XIV.
597 3558 676 3614 De
700 3558 834 3613 Abiu
855 3559 967 3630 ﬁlio
989 3557 1241 3629 Roboam,
1266 3571 1314 3614 et
1334 3561 1396 3615 de
1418 3571 1580 3617 morte
1601 3565 1735 3634 ejus,
1767 3571 1816 3618 et
1841 3561 1904 3618 de
1923 3563 2030 3619 Asa

2201 3547 2353 3622 clc.],
2385 3551 2474 3616 qui
2514 3553 2741 3623 regnavit
2777 3562 2892 3625 post
2919 3553 3248 3623 Zachariam,
3280 3567 3327 3613 et
3358 3567 3474 3632 post
3521 3561 3715 3617 Sellum

432 3703 440 3715 ,
505 3650 618 3721 ﬁlio
643 3654 756 3725 ejus
782 3652 873 3723 qui
897 3668 991 3724 pro
1009 3668 1070 3706 eo
1089 3651 1341 3725 regnavit,
1368 3652 1453 3707 cui
1470 3650 1727 3722 Iosophat
1751 3654 1893 3724 ﬁlius
1907 3672 2032 3711 suc-

2200 3643 2454 3713 Anahem,
2483 3653 2534 3699 et
2555 3643 2619 3699 de
2645 3642 2754 3701 Ful
2776 3661 2894 3717 rege
2922 3649 3274 3722 Assyriorum,
3298 3661 3346 3708 et
3386 3652 3451 3710 de
3488 3653 3717 3713 Phaceio

515 3744 687 3810 cessit,
713 3743 844 3802 etde
867 3754 1028 3801 morte
1056 3743 1270 3814 Nadab,
1295 3753 1342 3800 et
1360 3744 1424 3800 de
1442 3743 1617 3801 Baasa
1645 3745 1757 3818 ﬁlio
1777 3750 1891 3822 ejus
1912 3765 2028 3822 rege
2205 3737 2225 3810 l
2253 3736 2354 3793 Ed-
2383 3735 2554 3806 Ph“:
2578 3749 2625 3795 ⁸⁸
2655 3738 2721 3795 de
2752 3738 3004 3816 Ματθία]
3029 3754 3147 3816 P0“
3169 3763 3320 3819 ςυεηι
3347 3747 3554 3807 Phaeca
3583 3752 3724 3822 Μία

510 3839 698 3896 Israel.
2203 3827 2480 3887 Romoliaz.

439 3935 555 3994 XV.
581 3935 658 3990 De
681 3931 784 3988 Jeu
829 3930 1081 4004 propheta
1119 3929 1276 3984 misso
1320 3930 1389 3985 ad
1434 3927 1632 3997 Baasa,
1677 3940 1723 3986 et
1767 3931 1832 3987 de
1868 3941 2032 3990 morte

2129 3921 2327 3980 XXIX.
2357 3923 2436 3978 De
2466 3922 2686 3998 Theglat
2721 3942 2840 3999 rege
2871 3927 3057 3997 Assur,
3084 3936 3343 4002 quomodo
3367 3934 3644 4011 Galileam,
3675 3950 3724 3998 et

510 4027 684 4083 Baasa
705 4041 722 4080 :
745 4034 793 4080 et
819 4025 882 4079 de
906 4022 1045 4079 Helo
1065 4022 1176 4092 ﬁlio
1201 4023 1334 4094 ejus,
1362 4031 1411 4076 et
1439 4023 1502 4079 de
1535 4021 1767 4094 Zambri,
1792 4034 1840 4082 et
1874 4023 2032 4082 Tebni

2204 4016 2412 4072 Galaad
2441 4017 2717 4074 demolitus
2745 4028 2843 4087 est,
2883 4031 2929 4076 et
2965 4022 3030 4077 de
3067 4022 3195 4080 Osee
3233 4029 3319 4096 qui
3349 4031 3578 4105 regnavit
3605 4042 3721 4103 post

510 4118 632 4193 [Ed.
657 4117 873 4189 supplet
892 4124 939 4172 et
960 4113 1148 4188 Amri].
2203 4106 2430 4176 Phacee,
2457 4119 2506 4164 et
2531 4110 2593 4165 de
2614 4109 2786 4164 Achaz
2809 4111 2919 4180 ﬁlio
2945 4111 3173 4186 Joathae,
3191 4126 3239 4172 et
3263 4136 3382 4192 qua:
3405 4122 3471 4177 de
3492 4121 3654 4178 Rasin
3673 4133 3720 4179 et

443 4213 583 4270 XVI.
612 4212 691 4266 De
710 4210 887 4265 Achab
918 4209 1030 4276 ﬁlio
1047 4209 1247 4277 Ambri,
1277 4206 1405 4262 etde
1435 4205 1665 4277 Iezabel,
1691 4215 1741 4263 et
1769 4211 1832 4264 de
1862 4208 2034 4266 Helice
2208 4200 2412 4256 ΡΙιασεε
2437 4205 2756 4273 referuntur;

507 4306 726 4375 actibus,
753 4315 802 4362 et
829 4306 894 4360 de
921 4303 1138 4359 muliere
1169 4302 1516 4375 Seraphtena,
1538 4307 1687 4378 cujus
1728 4303 1896 4374 ﬁlium
1921 4321 2034 4362 sus-
2127 4294 2306 4354 XXX.
2337 4295 2462 4368 [Ed.
2487 4304 2659 4353 totum
2686 4297 2858 4355 hocce
2885 4300 3181 4372 capitulum
3212 4306 3627 4382 praetermittit]
3649 4307 3726 4364 De

512 4401 708 4469 citavit,
739 4409 787 4454 et
818 4400 882 4454 de
910 4398 1079 4452 Abdia
1106 4398 1196 4469 qui
1242 4396 1510 4453 abscondit
1551 4405 1762 4452 centum
1804 4398 2032 4469 prophe-
2209 4387 2436 4444 Ezechia
2468 4389 2578 4459 ﬁlio
2602 4389 2796 4459 Achaz,
2839 4401 2889 4446 et
2937 4394 3000 4449 de
3049 4393 3179 4452 Osee
3202 4414 3322 4471 rege
3343 4397 3534 4468 Israel,
3576 4412 3623 4457 et
3663 4403 3727 4458 de

513 4503 614 4563 tas,
669 4503 716 4548 et
763 4491 827 4547 de
876 4489 1143 4564 prophetis
1173 4490 1434 4544 idolorum
1463 4503 1629 4545 CCCCL
1657 4487 1863 4559 occisis,
1893 4499 1940 4544 et
1971 4487 2036 4544 de
2212 4483 2564 4538 Salmanawr
2583 4527 2599 4554 ,
2634 4492 2681 4538 ει
2710 4485 2773 4540 de
2805 4483 3050 4542 Samaria
3078 4500 3233 4561 εαρια
3267 4494 3405 4563 quod
3441 4492 3504 4548 ob
3537 4495 3730 4570 iniqui-

514 4585 641 4658 fuga
663 4583 856 4648 Helice,
882 4593 931 4638 et
956 4582 1020 4637 de
1049 4582 1244 4637 visione
1271 4581 1326 4636 in
1351 4591 1521 4636 monte
1546 4579 1767 4636 Choreb.
2061 4651 2101 4659 λ
2211 4585 2365 4632 tatem
2385 4577 2638 4632 interierit
2661 4575 2855 4648 Israel,
2880 4590 2931 4636 et
2957 4583 3022 4637 de
3044 4581 3350 4659 alienigenis
3368 4603 3519 4659 quos,
3541 4589 3597 4645 in
3625 4589 3730 4648 Sa-

445 4651 608 4736 XVII.
631 4678 710 4732 De
737 4674 897 4731 Helia
919 4675 1000 4729 ubi
1020 4675 1237 4749 jubetur
1256 4691 1446 4746 ungere
1471 4673 1665 4729 Azahel
1688 4689 1862 4747 regem
1881 4689 2036 4747 super
2061 4651 2114 4716 D
2212 4669 2378 4724 maria
2396 4711 2412 4738 ,
2447 4671 2618 4725 leones
2641 4671 2980 4728 comederent.

516 4771 754 4844 Syriam,
799 4780 848 4826 et
892 4768 996 4826 Jeu
1018 4786 1173 4842 super
1200 4767 1391 4836 Israel,
1417 4778 1468 4823 et
1495 4767 1783 4824 Helisazum
1810 4768 2036 4842 prophe-
2138 4761 2334 4820 XXXI.
2347 4763 2426 4819 De
2453 4762 2676 4819 Ezechia
2697 4768 2953 4836 quomodo
2972 4768 3182 4826 abstulit
3205 4787 3406 4830 meum
3420 4784 3728 4848 serpentem,

517 4883 624 4928 tam
645 4887 664 4926 :
694 4880 743 4927 et
769 4871 836 4927 de
860 4869 1102 4926 Benadab
1130 4886 1248 4943 rege
1278 4869 1471 4942 Syriae,
1502 4879 1551 4924 et
1582 4869 1714 4924 bello
1743 4869 1799 4924 in
1826 4886 1928 4941 quo
1972 4871 2038 4927 de
2209 4869 2258 4917 et
2295 4860 2360 4915 de
2393 4859 2738 4916 Senacheribo
2769 4873 2818 4916 et
2851 4863 3106 4936 Rapsace,
3153 4875 3202 4922 et
3228 4865 3374 4923 Isaia
3403 4871 3654 4944 propheta
3680 4880 3729 4926 et

519 4967 695 5038 Syriis
738 4975 936 5021 centum
967 4966 1131 5020 millia
1155 4967 1449 5020 ceciderunt
1478 4972 1526 5019 et
1558 4964 1622 5019 de
1659 4963 1909 5038 propheta
1945 4965 2049 5046 qui.

2209 4955 2464 5026 quomodo
2491 4953 2708 5025 angelus
2743 4965 3043 5012 centum....
3076 4974 3143 5013 xx
3175 4959 3346 5015 millia
3375 4961 3500 5034 [Ed.
3528 4973 3730 5019 centum

519 5071 741 5128 alterum
771 5069 890 5143 [Ed.
923 5071 1012 5126 ad.
1045 5068 1290 5140 alterum]
1319 5069 1451 5124 dixit
1482 5085 1501 5122 :
1526 5080 1734 5140 percute
1761 5085 1872 5138 me;
1897 5079 1944 5124 et
1973 5069 2039 5126 de

1935 5079 1944 5123 ι
1973 5069 2039 5126 ἀρ
2210 5051 2467 5124 octoginta
2486 5049 2710 5120 quinque
2739 5049 2926 5124 millia]
2953 5051 3016 5106 de
3042 5051 3271 5125 Assyriis
3294 5055 3571 5127 interfecit.

448 5182 479 5246 ιε
521 5173 732 5231 Naboth
763 5140 811 5229 et
839 5175 988 5228 vinea
1013 5176 1150 5246 ejus,
1179 5181 1226 5224 et
1252 5173 1316 5226 de
1341 5170 1689 5242 increpatione
1715 5169 1770 5224 H
1774 5168 1887 5225 elice
1913 5169 2035 5244 [Ed.

2147 5143 2369 5202 XXXII.
2403 5141 2476 5196 De
2499 5140 2809 5213 wgritudine
2833 5141 3091 5215 Ezechias,
3123 5155 3171 5201 et
3195 5147 3258 5201 de
3281 5148 3428 5220 signo
3449 5149 3503 5203 in
3527 5150 3654 5215 sole,
3683 5159 3729 5205 et

523 5283 596 5333 ad
618 5275 792 5333 Achab
824 5237 1073 5347 tantum],
1105 5281 1153 5327 et
1181 5272 1378 5327 Acham
1405 5237 1727 5338 paenitentia.
1913 5237 1932 5244 “
2215 5241 2279 5296 de
2299 5241 2470 5315 Ρυενί³
2493 5237 3037 5347 f‘fiufr'Be'ofmdi
3060 5246 3197 5347 τεεζιε
3217 5239 3510 5347 Ῑῗαδὲιίοηίξ
3523 5245 3589 5347 ξε
3610 5244 3730 5347 α’

2217 5351 2368 5391 nasse
2403 5344 2451 5390 et
2487 5331 2846 5404 iniquitatibus
2874 5334 3008 5406 ejus,
3033 5341 3082 5387 et
3120 5332 3184 5389 de
3222 5333 3440 5392 Ammon
3474 5337 3586 5408 ﬁlio
3612 5337 3731 5395 Ma-

453 5388 640 5450 XVIII.
673 5387 753 5444 De
777 5394 1028 5442 conventu
1050 5379 1326 5472 Iosophat,
1376 5392 1424 5437 et
1467 5381 1642 5437 Achab
1668 5398 1868 5454 regum,
1899 5394 1947 5439 et
1977 5383 2040 5440 de

525 5516 654 5560 cccc
685 5497 1161 5572 ρδεπάορνορηεείεν
1195 5504 1242 5550 ει
1268 5495 1332 5551 ἀι
1358 5493 1563 5550 Μίοίιεα
1585 5495 1860 5567 Ρνορηθιαν
1891 5504 1938 5549 ετ
1976 5497 2040 5552 de
2149 5524 2388 5582 xxxm.
2425 5523 2498 5578 De
2533 5521 2683 5578 Josia
2726 5519 2838 5591 ﬁlio
2863 5520 3101 5591 Ammon,
3138 5532 3184 5578 el
3211 5525 3276 5579 de
3303 5523 3438 5580 libro
3463 5526 3518 5581 in
3543 5525 3732 5596 templo

524 5602 654 5658 bello
684 5601 738 5656 in
765 5617 866 5672 quo
897 5598 1069 5653 Achab
1095 5597 1265 5668 periit,
1307 5607 1357 5652 et
1403 5598 1467 5653 de
1509 5597 1739 5653 Ochosia
1766 5599 1880 5669 ﬁlio
1907 5603 2040 5673 ejus,

2217 5627 2440 5693 reperto,
2463 5627 2507 5672 et
2536 5616 2601 5670 de
2633 5615 2805 5672 Oldad
2843 5614 3144 5688 prOpheten,
3173 5625 3221 5671 et
3249 5617 3404 5673 idolis
3425 5618 3488 5672 de
3513 5617 3657 5672 Iuda
3685 5627 3733 5674 et

424 5773 426 5775 ν
458 5777 480 5784 _
522 5713 573 5762 et
601 5704 663 5759 de
691 5701 873 5757 Joram
919 5698 1030 5771 ﬁlio
1069 5697 1322 5772 Josaphat
1353 5698 1475 5772 [Ed.
1503 5701 1857 5769 applicuerunt
1889 5698 2044 5772 Capi-
2216 5713 2279 5768 de
2307 5711 2550 5768 Samaria
2569 5710 2889 5782 expurgatis,
2915 5720 2963 5765 et
2993 5710 3056 5764 de
3081 5709 3287 5767 Pascha
3307 5711 3446 5784 quod
3468 5712 3735 5767 celebravit

458 5777 480 5801 τ
525 5805 657 5862 tula.
691 5805 958 5876 Incipiunt
989 5799 1232 5874 Capitula
1262 5801 1324 5856 dc
1358 5801 1486 5856 libro
1520 5801 1716 5873 Regum
1739 5811 1940 5872 quarto.
1967 5803 2044 5859 De
2209 5807 2334 5880 [Ed.
2357 5822 2478 5878 sup.
2505 5777 2720 5877 Josias].

527 5912 835 5970 allocutione
861 5910 1043 5980 Angeli
1076 5909 1144 5965 ad
1183 5907 1389 5966 Heliam
1419 5924 1576 5977 super
1608 5907 1858 5977 Ocltozia,
1888 5908 2039 5981 em],
2150 5902 2393 5963 XXXIV.
2426 5902 2506 5962 De
2547 5899 2777 5960 Joachaz
2804 5902 2913 5974 ﬁlio
2943 5897 3142 5970 Josiw,
3181 5911 3230 5958 ct
3267 5900 3330 5958 de
3375 5898 3588 5961 Nccliao
3620 5911 3735 5976 iege
