4144 6364
329 285 441 348 673

1640 283 1844 347 LIBER
1878 286 1900 345 l
1938 286 2319 348 MALACHIM.

3506 303 3615 361 674

402 405 679 481 Egypti:
724 405 980 479 quomodo
1047 401 1250 463 Joacim
1299 421 1474 477 regem
1526 404 1638 460 loco
1688 402 2001 467 JoachazA
2027 403 2243 461 XXXV.
2273 404 2353 461 De
2398 408 2555 464 tertia
2600 409 2899 481 captivitate
2926 410 2981 467 in
3006 408 3327 482 Chaidteam,
3359 430 3477 469 cum
3512 415 3616 472 Se-
3675 445 3681 455 ε

401 499 512 575 [AL
543 498 699 572 Joaz]
730 501 928 572 fecerit,
957 508 1003 555 et
1034 499 1097 554 de
1124 498 1630 566 Nabuchodonosor,
1661 507 1707 551 et
1733 497 1798 552 de
1818 496 1916 552 Jo-

389 592 594 669 jacltim
616 594 727 665 ﬁlio
759 593 1020 668 Jojachim
1043 593 1149 667 [AL
1181 603 1229 648 et
1256 594 1320 647 de
1349 590 1588 646 Joarhim
1617 592 1919 658 dumtaxat,

400 687 608 758 absque
632 686 744 757 lilio
773 685 1079 761 Jojachim],
1111 694 1159 741 et
1196 686 1260 741 de
1287 685 1581 755 captivitate
1608 686 1831 739 secundo
1868 684 1922 738 in

402 777 723 849 Babylonem
744 778 969 834 abducta
986 795 1099 833 cum
1124 794 1242 851 rege
1260 777 1494 851 .Iojacin,
1519 787 1567 831 et
1591 778 1654 834 de
1680 776 1919 835 Sedecia.

2098 501 2243 555 decia
2269 517 2404 574 rege,
2438 513 2485 557 et
2515 504 2767 561 universis
2796 506 2975 578 templi
3002 507 3137 561 vasis
3169 506 3462 576 translatis,
3485 518 3531 562 et
3553 509 3619 565 de

2100 592 2342 660 Cedo/ia,
2372 597 2630 666 quomodo
2655 598 2734 653 vel
2760 601 3091 671 prtrpositus,
3120 601 3197 656 vel
3226 602 3422 657 occisus
3442 611 3541 671 est,
3572 614 3622 660 et

2101 688 2165 742 de
2189 687 2379 743 Joaciu
2413 690 2465 744 in
2493 688 2760 763 Babylone
2785 693 2969 749 educto
2990 695 3054 750 de
3078 711 3300 752 carcere.

327 920 3593 957 _________.__._____.._—____.___.___.._.__________________‘

1655 1040 2270 1129 INCIPIUNT

688 1225 1300 1371 LIBRI
1398 1219 1872 1370 DUO
1974 1222 3237 1439 MALACHIM.

1334 1593 1803 1708 LIBER
1866 1611 1896 1651 ³
1960 1593 2602 1709 PRIMUS.

405 1792 560 1867 [ϐαρ.
593 1790 660 1864 1.]
695 1791 761 1848 Et
789 1806 882 1847 rex
916 1788 1086 1846 David
1117 1795 1392 1855 senuerat,
1430 1786 1767 1855 habebatque
1794 1794 1926 1839 arta-
1958 1786 2005 1849 Β
2034 1786 2245 1839 veniam
2273 1796 2395 1855 post
2421 1796 2494 1851 te,
2518 1797 2574 1842 et
2596 1789 2884 1860 complebo
2906 1805 3187 1849 sermones
3212 1804 3353 1851 tuos.
3388 1796 3629 1869 lngressa

330 1888 402 1942 tis
445 1886 705 1957 plurimos
733 1886 855 1940 dies
881 1902 894 1939 :
922 1898 1153 1953 cumque
1178 1882 1490 1953 operiretur
1514 1880 1752 1935 vestibus
1774 1925 1787 1949 ,
1819 1892 1928 1933 non

334 1980 642 2035 ealeﬁebat.
679 1978 941 2034 Dixerunt
973 1991 1103 2046 ergo
1146 1974 1289 2031 servi
1330 1974 1452 2030 sui:
1482 1974 1800 2041 Quaeramus
1830 1970 1929 2026 do-

337 2073 488 2127 mino
532 2080 719 2127 nostro
764 2071 877 2141 regi
922 2069 1386 2126 adolescentulam
1416 2066 1709 2139 virginem,
1747 2073 1802 2120 et
1830 2073 1933 2119 stet

339 2181 525 2221 coram
553 2180 705 2236 rege,
736 2174 792 2221 et
830 2163 1008 2219 foveat
1039 2161 1116 2236 [h.
1160 2160 1390 2234 aperiat]
1420 2177 1565 2225 eum,
1594 2158 1935 2229 dormiatque

344 2260 396 2315 in
431 2258 553 2314 sinu
574 2273 675 2313 suo
700 2300 714 2322 ,
747 2264 802 2312 et
826 2256 1112 2311 calefaciat
1140 2255 1416 2309 dominum
1452 2262 1697 2307 nostrum
1729 2267 1930 2322 regem.

342 2351 691 2421 Qumsierunt
717 2351 880 2421 igitur
905 2349 1364 2405 adolescentulam
1390 2350 1695 2419 speciosam
1737 2347 1790 2402 in
1816 2361 1935 2400 om-

346 2446 507 2502 nibus
542 2446 740 2501 ﬁnibus
770 2445 927 2499 Israel
952 2488 965 2512 ,
996 2453 1051 2500 et
1092 2444 1419 2498 invenerunt
1450 2441 1647 2512 Abisag
1686 2440 1940 2497 Sunami-

347 2554 471 2605 ten,
526 2550 580 2596 et
621 2540 965 2595 adduxerunt
1017 2555 1135 2594 eam
1190 2537 1256 2592 ad
1322 2551 1528 2607 regem.
1581 2536 1707 2591 Erat
1758 2544 1936 2591 autem

349 2634 529 2707 puella
573 2633 793 2705 pulchra
837 2632 1030 2699 nimis,
1071 2631 1486 2701 dormiebatque
1528 2646 1651 2685 cum
1704 2644 1830 2700 rege
1858 2630 1939 2707 [h.

351 2730 560 2801 fuitque
604 2730 1004 2802 operimentum
1049 2726 1221 2803 regi],
1256 2738 1309 2784 et
1353 2727 1694 2783 ministrabat
1719 2727 1767 2782 ei
1796 2742 1810 2779 :
1846 2742 1941 2780 rex

350 2842 487 2882 vero
534 2842 638 2880 non
668 2826 922 2897 cognovit
961 2840 1102 2881 eam.
1136 2822 1375 2878 Adunias
1405 2830 1584 2877 autem
1633 2822 1770 2876 ﬁlius
1798 2819 1942 2888 Hag-

345 2920 462 2990 gith
494 2919 809 2974 elevabatur
849 2918 1075 2973 dicens:
1112 2916 1225 2987 Ego
1255 2915 1514 2985 reguabo.
1560 2912 1817 2983 Fecitque
1841 2911 1943 2967 sibi

346 3028 568 3069 currum
620 3020 678 3068 et
722 3013 935 3084 equites
965 3022 1020 3067 et
1048 3010 1441 3082 quinquaginta
1481 3009 1625 3062 viros
1649 3051 1663 3076 ,
1697 3007 1786 3077 qui
1817 3014 1943 3060 ante

355 3123 469 3162 eum
502 3119 811 3162 currerent.
846 3104 956 3160 Nec
1000 3105 1261 3173 corripuit
1295 3117 1416 3157 eum
1468 3110 1621 3171 pater
1668 3115 1800 3154 suus
1844 3096 1942 3152 ali-

2033 1885 2117 1931 est
2169 1878 2351 1948 itaque
2378 1877 2681 1937 Bethsabee
2725 1882 2792 1937 ad
2832 1900 3011 1955 regem
3045 1889 3098 1941 in
3143 1888 3451 1946 cubiculum
3486 1910 3500 1946 :
3533 1907 3631 1949 rex

2033 1980 2213 2025 autem
2247 1984 2502 2027 senuerat
2531 1974 2714 2043 nimis,
2739 1985 2795 2030 et
2815 1977 3016 2050 Abisag
3037 1980 3336 2037 Sunamitis
3358 1985 3632 2041 ministra-

2034 2061 2125 2116 bat
2153 2062 2224 2117 ei.
2258 2062 2544 2118 Inclinavit
2572 2081 2631 2121 se
2661 2066 2998 2135 Bethsabee,
3042 2081 3100 2126 et
3148 2073 3396 2131 adoravit
3425 2091 3630 2147 regem.

2034 2151 2115 2206 Ad
2148 2169 2312 2224 quam
2354 2170 2477 2224 rex,
2522 2156 2651 2226 quid
2688 2157 2813 2225 tibi,
2868 2159 3064 2230 inquit,
3099 2163 3221 2217 vis?
3249 2162 3381 2232 Quae
3410 2182 3635 2236 respon-

2036 2244 2196 2310 dens,
2219 2247 2331 2301 ait:
2357 2246 2584 2304 Domine
2606 2250 2699 2314 mi,
2729 2260 2785 2305 tu
2814 2251 3006 2322 jurasti
3034 2268 3131 2324 per
3154 2254 3440 2312 Dominum
3465 2259 3632 2315 Deum

2039 2346 2188 2392 tuum
2219 2340 2427 2396 ancillae
2454 2350 2557 2395 tuae
2578 2383 2591 2406 ,
2624 2341 2881 2398 Salomon
2910 2345 3055 2401 ﬁlius
3086 2358 3210 2403 tuus
3234 2350 3486 2420 regnabit
3515 2362 3637 2422 post

2038 2446 2146 2497 me,
2180 2442 2235 2487 et
2259 2434 2374 2503 ipse
2401 2434 2613 2489 sedebit
2640 2437 2692 2490 in
2724 2436 2864 2491 solio
2892 2454 3033 2493 meo.
3068 2441 3134 2495 Et
3162 2456 3293 2497 ecce
3318 2458 3461 2499 nunc
3487 2444 3635 2500 Ado-

2041 2525 2159 2578 nias
2191 2536 2212 2562 ε
2246 2535 2458 2595 regnat,
2491 2537 2562 2593 te,
2594 2527 2812 2584 domine
2840 2531 2910 2583 mi
2944 2547 3063 2596 rex,
3098 2533 3399 2603 ignorante.
3433 2537 3635 2592 Macta-

2040 2618 2118 2672 vit
2146 2616 2333 2686 boves,
2366 2628 2419 2673 et
2457 2620 2673 2690 pinguia
2716 2638 2963 2693 qmeque,
3018 2635 3073 2680 et
3120 2629 3319 2683 arietes
3361 2627 3437 2701 [lt.
3471 2629 3627 2702 oves]

2041 2709 2336 2780 plurimos,
2391 2722 2445 2766 et
2494 2716 2705 2769 vocavit
2741 2733 2930 2772 onmes
2982 2719 3119 2775 ﬁlios
3151 2722 3333 2792 regis,
3376 2724 3639 2780 Abiathar

2042 2818 2257 2874 quoque
2285 2806 2651 2871 sacerdotem,
2677 2818 2733 2863 et
2754 2807 2890 2863 Joab
2919 2810 3221 2883 principem
3257 2815 3465 2870 militiae
3491 2834 3504 2871 :
3530 2816 3639 2872 Sa-

2044 2896 2315 2952 lomonem
2356 2911 2535 2955 autem
2565 2917 2784 2957 servum
2814 2912 2961 2959 tuum
2995 2920 3101 2960 non
3134 2909 3371 2962 νοοθνίῑ.
3401 2909 3638 2965 Verum-

2043 2999 2224 3047 tamen
2249 3035 2264 3061 ,
2290 2992 2507 3049 domine
2550 2996 2621 3049 mi
2654 3012 2773 3065 rex,
2803 2997 2855 3052 in
2898 3009 2949 3053 te
2980 3000 3121 3055 oculi
3151 3003 3447 3072 respiciunt
3476 3006 3645 3060 totius

2044 3084 2211 3141 Israel
2234 3128 2250 3153 ,
2280 3096 2341 3141 ut
2383 3086 2590 3143 indices
2619 3089 2700 3144 eis
2720 3133 2733 3155 ,
2764 3091 2885 3160 quis
2914 3091 3104 3147 sedere
3128 3092 3328 3149 debeat
3371 3094 3425 3151 in
3473 3096 3549 3167 ιιι.
3583 3096 3640 3153 in

354 3202 566 3273 quando
590 3243 605 3267 ν
634 3200 822 3255 dicens
849 3218 860 3254 ε
892 3199 1071 3266 Quare
1118 3198 1223 3252 hoc
1274 3196 1486 3251 fecisti?
1513 3194 1644 3249 Ειιαι
1674 3202 1855 3248 autem
1898 3201 1954 3247 ει
1979 3174 2025 3236 C
2057 3180 2195 3234 solio
2225 3181 2430 3237 domini
2460 3184 2566 3237 mei
2594 3185 2737 3253 regis
2767 3195 2888 3255 post
2918 3185 3062 3258 eum]
3094 3189 3233 3244 solio
3260 3201 3351 3243 tuo
3374 3232 3388 3254 ,
3421 3190 3641 3247 domine

348 3297 465 3366 ipse
516 3292 743 3365 pulcher
782 3293 959 3359 valde,
1009 3291 1284 3347 secundus
1335 3297 1463 3344 natu
1517 3295 1639 3359 post
1685 3286 1940 3342 Absalom

348 3386 434 3459 ιιι.
460 3396 515 3442 et
536 3386 709 3457 ipsum
741 3384 952 3458 peperit
972 3392 1095 3456 post
1114 3380 1411 3451 Absalom].
1444 3381 1510 3434 Et
1539 3394 1722 3434 sermo
1750 3378 1797 3433 ei
1819 3393 1941 3433 cum

352 3480 493 3536 Joab
520 3480 626 3535 ﬁlio
655 3480 889 3547 Sarviaz,
934 3487 987 3533 et
1024 3494 1145 3533 cum
1196 3477 1457 3532 Abiathar
1501 3473 1807 3541 sacerdote,
1851 3473 1940 3543 qui

352 3574 680 3644 adjuvabant
709 3582 893 3644 partes
921 3573 1169 3628 Adonim.
1198 3570 1375 3627 Sadoc
1405 3584 1537 3625 vero
1568 3567 1856 3631 saCerdos,
1888 3578 1942 3622 et

349 3667 581 3725 Banaias
608 3667 735 3741 [Μδ.
770 3666 1039 3738 Banaias],
1069 3666 1213 3721 ﬁlius
1242 3664 1472 3731 Joiadte,
1499 3672 1553 3718 et
1582 3661 1791 3717 Nathan
1821 3677 1944 3731 pro-

349 3764 547 3834 pheta,
579 3773 633 3818 et
675 3762 893 3830 Semei,
928 3771 982 3815 et
1011 3759 1135 3827 Rei,
1185 3768 1241 3815 et
1287 3758 1451 3813 robur
1478 3755 1556 3829 lli.
1591 3764 1645 3810 et
1678 3754 1942 3810 robustis-

351 3856 476 3910 simi
510 3852 697 3926 David]
726 3854 998 3910 exercitus
1042 3850 1210 3906 David
1252 3867 1358 3905 non
1396 3860 1514 3905 erat
1553 3863 1674 3903 cum
1708 3846 1938 3901 Adonia.

354 3946 657 4003 lmmolatis
685 3962 815 4016 ergo
859 3944 1099 4001 Adonias
1126 3942 1392 3998 arietibus
1423 3940 1501 4013 [Ιι.
1531 3937 1744 4008 ovibus]
1774 3947 1829 3992 et
1858 3936 1940 3990 vi-

356 4040 486 4095 tulis
510 4082 526 4107 ,
565 4049 620 4096 et
659 4040 930 4096 universis
957 4037 1278 4109 pinguibus,
1304 4039 1458 4105 juxta
1490 4031 1724 4102 lapidem
1770 4029 1945 4085 Zohe-

354 4133 485 4200 letb,
519 4134 607 4204 qui
638 4144 758 4189 erat
786 4132 995 4188 vicinus
1024 4129 1159 4185 fonti
1191 4128 1389 4199 Rogel,
1422 4125 1634 4182 vocavit
1659 4124 1944 4179 universos

356 4227 551 4281 fratres
580 4241 707 4282 suos
738 4226 880 4281 lilios
906 4225 1070 4296 regis,
1102 4235 1156 4279 et
1185 4237 1376 4278 omnes
1406 4223 1552 4275 viros
1579 4218 1714 4274 Juda
1756 4233 1943 4274 servos

359 4322 512 4389 regis.
557 4320 768 4377 Nathan
799 4332 980 4377 autem
1014 4319 1355 4390 prOphetam,
1386 4324 1440 4371 et
1478 4315 1740 4384 Bauaian,
1771 4324 1825 4369 et
1855 4331 1944 4370 ro-

355 4413 540 4468 bustos
570 4428 855 4484 quosque,
894 4423 949 4469 et
989 4413 1334 4467 Salomonem
1380 4410 1600 4464 fratrem
1632 4423 1788 4463 suum
1836 4424 1942 4463 non

355 4508 593 4560 vocavit.
629 4505 773 4560 Dixit
802 4506 983 4576 itaque
1020 4504 1227 4560 Nathan
1260 4503 1326 4559 ad
1358 4502 1666 4558 Bethsabee
1710 4510 1942 4555 matrem

2046 3273 2117 3327 mi
2163 3289 2287 3337 rex,
2337 3285 2458 3343 post
2505 3284 2578 3330 te.
2633 3275 3027 3347 Eritque,cum
3059 3278 3344 3337 dorrnierit
3388 3280 3643 3339 dominus

2047 3381 2197 3422 meus
2250 3383 2345 3422 rex
2384 3384 2505 3422 cum
2552 3369 2797 3438 patribus
2831 3373 2978 3438 suis,
3024 3374 3231 3427 erimus
3260 3389 3362 3445 ego
3403 3386 3460 3430 et
3497 3376 3642 3432 illius

2046 3476 2196 3516 meus
2238 3461 2493 3516 Salomon
2525 3474 2861 3532 peccatores.
2891 3463 3081 3520 Adhuc
3110 3466 3203 3520 illa
3232 3468 3493 3539 loquente
3516 3485 3640 3525 cum

2046 3568 2193 3623 rege,
2233 3552 2445 3610 Nathan
2492 3556 2755 3626 pr0plteta
2784 3559 2949 3614 venit.
2992 3558 3059 3616 Et
3081 3561 3467 3618 nuntiaverunt
3504 3566 3640 3635 regi,

2046 3647 2289 3705 dicentes
2318 3668 2333 3705 :
2366 3650 2535 3705 Adest
2565 3651 2776 3707 Natltau
2824 3654 3108 3724 propheta.
3138 3653 3380 3727 Cumque
3408 3656 3640 3714 introis-

2044 3752 2127 3798 set
2172 3754 2297 3801 ante
2324 3759 2674 3816 conspectum
2720 3747 2905 3819 [Va/9.
2946 3749 2997 3803 in
3025 3748 3339 3822 conspectu]
3382 3751 3545 3822 regis,
3590 3761 3647 3807 et

2047 3837 2329 3893 adorasset
2358 3855 2481 3894 eum
2516 3857 2719 3908 pronus
2742 3841 2795 3895 in
2831 3850 3055 3909 terram,
3088 3842 3225 3897 dixit
3251 3842 3463 3898 Nathan
3492 3862 3504 3898 :
3536 3842 3643 3899 Do-

2047 3933 2191 3985 mine
2222 3932 2294 3987 mi
2327 3948 2446 4002 rex,
2482 3943 2537 3989 tu
2561 3934 2747 3989 dixisti
2777 3954 2788 3989 :
2823 3935 3062 3991 Adonias
3088 3947 3282 4007 regnet
3306 3948 3428 4009 post
3456 3954 3565 4006 me,
3591 3948 3646 3995 et

2048 4032 2163 4103 ipse
2205 4032 2391 4089 sedeat
2421 4049 2587 4105 super
2630 4016 2888 4090 thronum
2940 4050 3117 4091 meum
3142 4036 3166 4091 ?
3195 4036 3332 4103 Quia
3360 4036 3645 4092 descendit

2046 4125 2229 4193 hodie,
2272 4137 2327 4181 et
2374 4127 2675 4183 immolavit
2723 4129 2915 4193 boves,
2953 4139 3006 4184 et
3038 4130 3287 4201 pinguia,
3337 4141 3391 4187 et
3444 4133 3642 4189 arietes

2047 4220 2218 4295 [oves]
2251 4222 2539 4293 plurimos,
2582 4234 2636 4279 et
2666 4223 2880 4279 vocavit
2908 4225 3191 4280 universos
3222 4225 3360 4280 ﬁlios
3391 4225 3558 4295 regis,
3590 4234 3646 4283 et

2044 4316 2318 4385 principes
2363 4319 2635 4370 exercitus
2656 4356 2671 4381 ,
2717 4315 2980 4370 Abiatbar
3009 4332 3225 4386 quoque
3256 4317 3597 4372 sacerdotem
3626 4336 3639 4371 :

2045 4406 2259 4477 illisque
2288 4408 2654 4472 vcscentibus,
2700 4416 2755 4463 et
2786 4408 3095 4463 bibentibus
3127 4422 3311 4461 coram
3348 4423 3435 4476 eo,
3469 4420 3524 4462 et
3553 4407 3635 4463 di-

2047 4501 2297 4555 centibus
2327 4518 2340 4554 :
2376 4500 2532 4554 Vivat
2561 4516 2657 4555 rex
2700 4500 2980 4555 Adooias:
3023 4501 3105 4555 Me
3130 4514 3350 4555 servum
3384 4509 3557 4570 tuum,
3590 4512 3646 4558 et

351 4598 661 4654 Salomonis
686 4614 700 4651 :
731 4597 869 4652 Num
905 4596 1106 4651 audisti
1133 4638 1148 4663 ,
1191 4598 1333 4665 quod
1365 4595 1669 4665 regnaverit
1705 4591 1944 4649 Adonias
1970 4579 2021 4639 D
2047 4591 2226 4648 Sadoc
2255 4594 2613 4659 sacerdotem,
2642 4602 2693 4647 et
2720 4592 2976 4646 Banaiam
3001 4591 3168 4646 tilium
3193 4592 3422 4659 Joiadte,
3450 4602 3505 4649 et
3541 4594 3643 4649 Sa-

354 4690 497 4745 ﬁlius
534 4688 762 4758 llaggith
782 4733 795 4757 ,
820 4698 876 4744 et
897 4687 1151 4743 dominus
1182 4700 1368 4743 uoster
1394 4686 1561 4742 David
1590 4685 1688 4739 Itoc
1716 4683 1794 4757 [h.
1836 4700 1941 4738 non

355 4779 545 4850 habet]
567 4780 817 4848 ignorat?
841 4779 991 4835 Nunc
1015 4793 1146 4849 ergo
1170 4780 1313 4847 veni,
1346 4780 1532 4851 accipe
1565 4794 1594 4832 a
1638 4793 1725 4832 me
1763 4778 1945 4831 cousi-

356 4874 487 4929 lium
510 4915 525 4938 ,
555 4880 609 4927 et
636 4873 779 4927 salva
808 4873 1040 4927 animam
1072 4883 1251 4941 tuam,
1301 4873 1512 4945 ﬁliique
1542 4873 1613 4927 tui
1645 4872 1945 4929 Solomonis

360 4966 437 5039 [h.
472 4981 578 5021 non
610 4964 812 5038 habet].
858 4964 1004 5021 Vade
1043 4977 1098 5022 et
1134 4965 1411 5036 ingredere
1438 4967 1505 5021 ad
1534 4980 1718 5036 regem
1752 4964 1941 5031 David,

356 5071 413 5116 et
451 5060 541 5115 dic
577 5060 666 5115 ei:
698 5058 889 5115 Nonne
916 5066 973 5113 tu
996 5104 1011 5129 ,
1041 5058 1263 5114 domine
1307 5061 1376 5113 mi
1417 5075 1546 5127 rex,
1581 5059 1777 5127 iurasti
1817 5058 1947 5111 mihi

360 5153 438 5227 [h.
481 5171 585 5210 non
625 5154 807 5225 habet]
848 5154 1057 5210 ancilla:
1110 5165 1247 5220 tua},
1286 5154 1512 5212 dicens:
1549 5153 1738 5226 [ναις.
1769 5162 1949 5209 tacent

357 5246 548 5319 quod]
587 5246 741 5314 Quod
771 5246 1029 5303 Salomon
1063 5246 1204 5301 ﬁlius
1236 5256 1358 5301 tuus
1398 5246 1644 5318 regnabit
1670 5256 1797 5318 post
1824 5261 1944 5312 me,

358 5347 415 5393 et
455 5338 572 5410 ipse
599 5340 810 5397 sedebit
855 5340 912 5395 in
957 5340 1099 5395 solio
1140 5340 1298 5395 meo?
1340 5356 1512 5409 quare
1540 5354 1671 5409 ergo
1698 5338 1727 5377 δ
1758 5346 1949 5408 regnat

359 5431 636 5489 Adonias?
676 5434 741 5490 Et
782 5433 960 5490 adhuc
990 5432 1061 5490 ibi
1109 5443 1161 5489 te
1207 5434 1461 5505 loquente
1490 5446 1612 5486 cum
1643 5446 1803 5503 rege,
1847 5447 1949 5503 ego
1988 5448 1994 5455 '

434 5610 459 5639 ο
481 5600 537 5657 Ιιι
569 5600 871 5659 Veronensi
904 5618 1006 5657 ms.
1041 5600 1093 5656 in
1125 5614 1236 5670 quo
1268 5596 1335 5652 ad
1367 5594 1580 5653 Hebraei
1610 5604 1790 5652 textus
1823 5610 1950 5653 uor-

361 5697 504 5738 mam
529 5683 823 5754 singularis
851 5692 937 5739 est
966 5683 1104 5739 liber
1134 5679 1440 5745 Malacbim,
1472 5693 1578 5732 non
1603 5677 1821 5732 additur
1842 5677 1953 5747 pri-

360 5780 496 5818 mus.
532 5764 729 5821 Recole
774 5780 900 5834 qua:
934 5761 1189 5836 superius
1221 5761 1322 5818 hac
1347 5758 1417 5817 de
1447 5774 1508 5817 re
1534 5767 1864 5816 annotamus
1892 5758 1944 5814 in

362 5845 471 5901 line
498 5844 617 5902 libri
646 5845 892 5903 Samuel.
1574 5892 1586 5903 .
1729 5839 1749 5845 ”

2050 4686 2325 4742 lomonem
2369 4688 2626 4742 famulum
2660 4697 2845 4755 tuum,
2895 4704 3001 4741 nun
3049 4688 3284 4743 vocavit.
3318 4685 3587 4759 Numquid
3614 4704 3645 4744 a

2051 4779 2275 4834 domino
2305 4795 2428 4835 meo
2473 4796 2599 4849 rege
2629 4781 2795 4836 exivit
2836 4779 2940 4834 hoc
2962 4778 3196 4835 verbum
3224 4821 3239 4846 ,
3270 4791 3325 4835 et
3357 4778 3492 4835 mihi
3537 4795 3645 4836 non

2051 4871 2301 4928 iudicasti
2331 4887 2490 4927 servo
2532 4882 2648 4939 tuo,
2681 4872 2805 4943 quis
2849 4887 3097 4927 sessurus
3126 4880 3275 4927 esset
3300 4886 3467 4944 super
3494 4871 3648 4929 thro-

2054 4982 2183 5022 num
2215 4964 2415 5020 domini
2458 4966 2564 5021 mei
2608 4967 2751 5037 regis
2785 4975 2903 5036 post
2934 4966 3095 5020 eum?
3140 4964 3213 5020 Et
3242 4964 3525 5035 respondit
3551 4981 3649 5022 rex

2058 5060 2247 5126 David,
2275 5058 2498 5115 dicens:
2526 5058 2726 5122 Vocate
2776 5060 2840 5114 ad
2867 5076 2954 5114 me
2984 5058 3311 5115 Bethsabee.
3352 5058 3482 5129 Qu:e
3522 5074 3647 5115 cum

2054 5153 2245 5209 fuisset
2292 5154 2532 5223 ingressa
2558 5169 2743 5210 coram
2775 5168 2904 5222 rege
2926 5194 2939 5218 ,
2985 5161 3041 5207 et
3068 5153 3314 5208 stetisset
3341 5159 3471 5209 ante
3497 5168 3646 5221 eum,

2050 5248 2254 5319 juravit
2284 5262 2375 5301 rex
2402 5288 2416 5312 ,
2453 5256 2507 5301 et
2550 5246 2624 5300 ait
2656 5264 2668 5299 :
2705 5244 2847 5299 Vivit
2880 5243 3143 5299 Dominus
3166 5290 3179 5313 ,
3213 5245 3303 5316 qui
3351 5246 3493 5298 eruit
3527 5241 3647 5298 aui-

2054 5352 2196 5394 mam
2240 5353 2415 5393 meam
2442 5336 2510 5391 de
2538 5338 2684 5391 omni
2712 5338 2983 5406 angustia,
3026 5338 3148 5407 quia
3179 5337 3320 5391 sicut
3343 5336 3521 5406 juravi
3552 5335 3647 5390 tibi

2055 5446 2154 5502 per
2184 5429 2471 5485 Dominum
2504 5429 2672 5486 Deum
2714 5426 2906 5497 Israel,
2952 5430 3141 5485 dicens
3171 5448 3183 5485 :
3219 5430 3478 5487 Salomon
3505 5428 3650 5484 ﬁlius

2124 5593 2154 5633 ι)
2186 5593 2406 5650 Rectius
2447 5592 2615 5648 habet
2654 5591 2959 5647 Veronens.
2991 5608 3093 5648 ms.
3124 5594 3359 5664 regnavit
3388 5607 3510 5649 cum
3543 5592 3651 5649 lle-

2053 5669 2368 5769 brteon‘m,
2401 5696 2455 5769 et
2476 5686 2754 5757 plerisque
2774 5684 2901 5769 aliis
2928 5686 3105 5769 libris.

2129 5768 2151 5800 ο
2179 5756 2378 5815 lte'rum
2405 5756 2546 5815 idem
2568 5773 2671 5815 ms.
2704 5771 2826 5814 cum
2858 5757 3111 5829 Hebraeo,
3134 5770 3247 5816 etc.
3274 5757 3530 5829 regnavit.
