4144 6364
469 307 576 367 6ῗεί
1465 307 1524 367 S.
1569 300 1951 365 HIERONYMI
1987 297 2101 359 ΒΝ

2203 301 2226 359 ι
2262 292 2749 363 BlBLIO'I‘HECA.
3646 300 3753 364 676

469 431 594 480 tuus
616 422 871 496 regnabit
905 420 1033 496 post
1059 420 1172 492 tur,
1201 429 1258 479 et
1278 421 1399 492 ipse
1425 418 1637 477 sedebit
1662 430 1831 489 super
1850 394 2058 475 solium
2088 406 2144 481 Α
2167 427 2521 477 surrexerunt
2555 428 2749 477 omnes
2778 408 2872 493 qui
2895 416 3121 478 invitati
3160 404 3379 478 I'uerant
3409 418 3480 476 ‘ab
3506 414 3753 489 Adouia,

469 528 657 575 meum
701 528 806 591 pro
843 530 937 575 me
966 534 987 576 ξ
1030 517 1112 575 sic
1159 517 1355 573 faciam
1409 515 1595 572 hodie.
1648 512 2065 585 Summissoque
2166 520 2226 567 et
2256 513 2354 567 ivit
2403 515 2775 586 unusquisque
2812 512 2866 571 in
2897 516 3041 571 viam
3087 529 3264 572 suam.
3301 511 3549 572 Adonias
3577 525 3756 572 autem

470 611 857 669 Bethaabeein
881 622 1082 669 terram
1112 611 1286 679 vultu,
1326 607 1567 666 adoravit
1594 606 2061 679 regem,dicens:
2168 603 2369 661 timens
2417 604 2796 677 Salomonem,
2847 608 3117 676 surrexit,
3170 617 3226 665 et
3256 607 3428 677 abiit,
3478 608 3759 680 tenuitque

472 706 629 764 Vivat
650 705 906 762 dominus
928 718 1084 761 mens
1115 718 1210 759 rex
1232 701 1423 776 wing.
1456 711 1637 757 tacent
1668 698 1787 773 rex]
1814 698 1985 756 David
2013 700 2068 755 in
2168 706 2336 753 cornu
2366 700 2575 755 altaris.
2610 698 2680 756 Et
2718 702 3107 758 nuntiaverunt
3132 699 3442 770 Salomoni,
3474 700 3758 759 dicentes:

473 808 763 855 aeternum.
814 797 1049 871 [Titulus
1082 794 1150 867 I.]
1173 794 1322 850 Dixit
1351 808 1564 865 quoque
1600 810 1693 849 rex
1726 792 1891 847 David
1919 813 1932 849 :
1960 791 2072 847 νο-
2168 790 2312 848 Ecce
2360 791 2598 848 Adonias
2658 791 2855 850 timens
2902 809 3090 866 regem
3145 790 3536 861 Salomonem,
3592 794 3764 851 tenuit

473 904 596 950 cate
633 893 767 949 mihi
792 891 974 948 Sadoc
994 892 1362 956 sacerdotem,
1391 901 1453 945 et
1479 888 1693 944 Notium
1720 888 2066 959 prophetam,
2164 900 2342 942 cornu
2364 886 2594 954 altaris,
2625 887 2819 944 dicens
2850 900 2869 941 ξ
2911 888 3071 947 iuret
3112 890 3246 946 mihi
3288 890 3457 947 hodie
3486 894 3582 947 rex
3606 889 3766 947 Salo-

475 999 532 1045 et
584 988 837 1042 Banaiam
871 984 1041 1040 ﬁlium
1095 985 1320 1040 Joiadte.
1364 984 1620 1052 Quicum
1666 984 1898 1052 ingressi
1943 980 2072 1036 iuis-
2170 995 2334 1049 mon,
2383 980 2532 1054 quod
2583 997 2693 1039 non
2736 983 3028 1047 interﬁciat
3081 1000 3301 1042 servum
3359 1001 3520 1041 suum
3562 985 3762 1056 gladio.

478 1094 601 1140 sent
648 1098 832 1139 coram
881 1096 1049 1152 rege,
1085 1080 1222 1136 dixit
1260 1079 1326 1135 ad
1376 1094 1510 1134 eos:
1543 1077 1739 1134 Tollite
1787 1068 2099 1131 vobiscum‘
2170 1066 2428 1144 Dixitque
2471 1074 2732 1131 Salomon
2765 1092 2781 1133 :
2827 1075 2887 1133 Si
2929 1077 3091 1135 fuerit
3132 1078 3219 1135 vir
3256 1078 3435 1135 bonus
3463 1077 3591 1152 [Με.
3624 1077 3768 1136 ﬁlius

473 1191 664 1233 servos
693 1176 901 1230 domini
931 1174 1123 1243 vestri,
1147 1184 1201 1229 et
1232 1173 1495 1242 imponite
1516 1171 1864 1228 Salomonem
1896 1168 2073 1225 ﬁlium
2174 1166 2436 1240 virtutis],
2460 1182 2571 1224 non
2600 1170 2764 1226 cadet
2791 1186 2859 1227 ne
2883 1187 3021 1228 unus
3050 1172 3271 1245 quidem
3300 1172 3537 1247 capillus
3555 1172 3674 1244 ejus
3711 1171 3767 1227 in

475 1287 653 1328 meum
696 1284 862 1339 super
893 1269 1094 1325 mulam
1122 1282 1327 1334 meam,
1370 1277 1426 1322 et
1466 1265 1652 1322 ducite
1686 1264 1764 1337 [h..
1793 1250 2073 1337 deponite]

475 1379 601 1420 eum
632 1362 685 1417 in
714 1362 882 1418 Gion.
921 1357 990 1416 Et
1015 1371 1181 1432 ungat
1205 1376 1328 1416 eum
1360 1352 1436 1414 ibi
1478 1358 1655 1415 Sadoc
1697 1358 1955 1411 sacerdos
1979 1398 1994 1424 ,
2022 1365 2078 1409 et

476 1455 688 1513 Nathan
716 1452 1008 1525 propheta,
1042 1452 1094 1507 in
1128 1468 1315 1524 regem
1346 1466 1512 1522 super
1538 1450 1707 1506 Israel
1739 1463 1754 1504 :
1785 1460 1840 1504 et
1866 1449 2076 1504 cadetis

2177 1268 2377 1317 terram
2411 1277 2427 1317 :
2459 1258 2543 1319 sin
2572 1272 2758 1321 ιιιιθω
2809 1267 3012 1323 ltahnt
3058 1266 3346 1325 interdum
3374 1266 3550 1325 fuerit
3581 1266 3639 1323 in
3669 1282 3771 1334 eo,

2178 1357 2465 1413 morietur.
2494 1358 2637 1414 Misit
2665 1374 2797 1432 ergo
2820 1377 2915 1417 rex
2936 1361 3220 1431 Salomon,
3251 1371 3307 1419 et
3331 1361 3521 1419 eduxit
3545 1376 3668 1419 eum
3698 1361 3770 1417 ab

2179 1449 2365 1518 altari,
2380 1463 2435 1507 et
2448 1451 2732 1525 ingressus
2744 1455 2997 1512 adoravit
3009 1472 3191 1530 regem
3205 1456 3583 1515 Salomonem:
3606 1457 3772 1513 dixit—

478 1547 735 1610 buccina,
752 1554 914 1615 atque
927 1545 1120 1600 dicetis
1141 1563 1153 1597 :
1179 1544 1331 1599 Vivat
1350 1560 1444 1599 rex
1464 1541 1755 1599 Salomon!
1777 1540 1847 1595 Et
1864 1538 2077 1597 Ascen-

481 1640 624 1697 dctis
670 1651 796 1711 post
841 1653 989 1704 eutn,
1033 1647 1087 1693 et
1130 1637 1356 1693 venietis
1398 1636 1476 1709 [h.
1507 1644 1564 1692 et
1591 1631 1818 1705 veniet],
1836 1644 1893 1690 et
1912 1630 2109 1689 sede?

2179 1563 2285 1619 que
2298 1550 2351 1605 ei
2368 1546 2503 1621 μισ.
2526 1557 2664 1606 tacet
2688 1549 2762 1623 ei]
2790 1550 3048 1608 Salomon
3082 1569 3097 1607 :
3117 1551 3264 1609 Vade
3286 1551 3339 1608 in
3360 1552 3577 1608 domum
3601 1561 3773 1609 tuam.

2253 1636 2340 1711 [Τ.
2372 1637 2463 1709 Ill,
2498 1637 2629 1714 Cap.
2672 1640 2765 1713 IL]
2796 1643 3389 1716 Appropinquaverunt
3431 1654 3613 1701 autem
3659 1643 3778 1700 dies

479 1733 559 1790 bit
588 1749 755 1804 super
783 1733 982 1788 solium
1015 1746 1220 1799 meum,
1253 1741 1305 1785 et
1330 1731 1443 1802 ipse
1467 1728 1715 1801 regnabit
1739 1744 1835 1798 pro
1860 1743 1945 1783 me
1971 1747 1982 1781 :
2017 1726 2080 1781 il-
2187 1733 2358 1788 David
2388 1746 2448 1790 ιιι
2472 1746 2801 1803 moreretur,
2833 1735 3200 1811 praecepitque
3221 1737 3633 1796 Salomoniﬁlio
3653 1752 3777 1803 suo,

477 1825 624 1901 lique
644 1822 964 1900 principiam
986 1834 1048 1881 ut
1077 1827 1146 1880 sit
1172 1826 1276 1880 dux
1311 1841 1474 1895 super
1495 1822 1661 1879 Israel
1679 1869 1694 1892 ,
1723 1830 1780 1878 et
1808 1838 1971 1893 super
1991 1819 2086 1879 Jn-
2113 1810 2163 1877 B
2188 1827 2377 1884 dicens
2404 1845 2417 1882 :
2442 1828 2559 1900 Ego
2586 1830 2860 1900 ingredior
2883 1832 3023 1886 viam
3055 1810 3326 1888 universa:
3348 1841 3537 1899 terrm,
3563 1829 3784 1887 confor-

478 1910 633 1980 dain.
680 1918 751 1978 Et
780 1919 1063 1992 respondit
1116 1906 1351 1973 Daunias
1392 1920 1537 1972 ﬁlius
1580 1912 1819 1985 Joiadau,
1864 1917 1977 1986 regi
2004 1914 2089 1970 di-
2192 1931 2328 1990 tare,
2353 1929 2411 1976 et
2430 1932 2549 1977 esto
2571 1922 2673 1976 vir.
2704 1922 2777 1977 Et
2804 1923 3034 1981 observa
3065 1922 3194 1996 [Με.
3217 1924 3357 1999 etc.]
3376 1923 3656 1981 custodias
3677 1923 3787 1980 Do-

480 2026 619 2073 ‘ccns
648 2032 667 2070 τ
702 2015 874 2070 Amen
901 2029 916 2068 ε
950 2014 1029 2068 sic
1076 2014 1326 2082 loquatur
1358 2004 1623 2065 Dominus
1649 2006 1793 2064 Deus
1824 2018 1849 2045 ιι
1881 2006 2088 2063 domini
2190 2000 2328 2071 mini
2361 2016 2453 2071 Dei
2486 2013 2595 2081 iui,
2641 2025 2699 2071 ut
2725 2016 2973 2073 ambules
3000 2019 3058 2074 in
3099 2018 3202 2074 viis
3229 2018 3383 2090 ejus,
3427 2019 3787 2075 ωευειοάίεε

481 2110 594 2167 mei
616 2111 783 2180 regis.
814 2102 1109 2177 Quomodo
1141 2105 1239 2160 fuit
1272 2100 1531 2160 Dominus
1560 2118 1684 2158 cum
1715 2102 1937 2157 domino
1968 2114 2091 2157 meo
2192 2107 2547 2165 cmremonias
2569 2106 2650 2181 [h.
2672 2108 2889 2183 statuta]
2913 2111 3053 2182 ejus,
3076 2122 3128 2167 et
3154 2119 3429 2183 pracepta
3444 2111 3595 2182 ejus,
3618 2112 3787 2180 ctju-

484 2204 731 2276 rcge,sic
752 2199 824 2258 sit
842 2218 966 2256 cum
986 2200 1301 2261 Salomone.
1325 2210 1380 2252 et
1399 2195 1686 2253 sublimius
1709 2194 1873 2250 faciat
1894 2194 2089 2249 soliutn
2193 2202 2358 2270 (licia,
2380 2209 2436 2257 et
2463 2199 2792 2271 testimonia,
2824 2207 2970 2260 sicut
2995 2206 3260 2276 scriptum
3287 2214 3375 2260 est
3402 2203 3459 2259 in
3489 2207 3608 2276 lege
3630 2204 3789 2271 Mosi,

488 2298 611 2371 ejus
639 2316 670 2354 a
715 2297 855 2353 solio
898 2294 1109 2350 domini
1158 2292 1265 2348 mei
1307 2290 1450 2364 regis
1482 2288 1677 2344 David.
1724 2286 1817 2360 [Τ.
1854 2281 1955 2359 IL]
1988 2287 2092 2340 De-

498 2394 714 2450 scendit
743 2408 871 2463 ergo
903 2389 1080 2447 Sadoc
1106 2387 1362 2444 sacerdos
1388 2397 1441 2440 et
1469 2382 1683 2440 Nathan
1718 2381 2007 2454 propheta,
2042 2389 2096 2435 ct

482 2485 723 2546 Daunias
774 2485 914 2540 (ilius
941 2482 1169 2546 Joiadze,
1204 2492 1262 2537 et
1301 2478 1583 2545 Cherethi,
1634 2488 1689 2534 et
1718 2476 1966 2532 Phclcthi
2002 2484 2098 2532 :ct

504 2584 879 2654 imposuerunt
910 2578 1256 2634 Salomonem
1289 2590 1456 2646 super
1486 2575 1686 2629 mulam
1718 2571 1861 2641 regis
1892 2571 2060 2626 David
2079 2614 2094 2639 ,

493 2685 556 2732 et
584 2672 926 2730 adduxerunt
956 2685 1079 2727 eum
1123 2671 1176 2726 in
1216 2664 1380 2725 Gion.
1414 2667 1762 2739 Sumpsitque
1806 2664 1983 2722 Sadoc
2014 2679 2100 2721 sa—

480 2756 698 2829 cerdos
727 2783 900 2824 cornu
930 2767 1035 2823 olei
1067 2763 1136 2820 de
1166 2763 1552 2829 tabernaculo,
1581 2773 1632 2817 et
1667 2761 1820 2817 unxit
1848 2762 2100 2816 Salernu-

481 2856 665 2923 “ncm:
693 2876 746 2921 et
766 2864 1087 2919 cecinerunt
1115 2858 1363 2929 buccina,
1389 2868 1444 2912 et
1466 2858 1607 2912 dixit
1634 2854 1814 2912 onmis
1838 2855 2099 2926 populus:

484 2952 673 3014 'Vivat
699 2972 797 3013 rex
828 2952 1122 3012 Salomon!
1164 2950 1234 3007 Et
1263 2951 1509 3007 ascendit
1538 2952 1785 3007 universa
1817 2948 2105 3004 multitudo

510 3063 637 3125 post
663 3067 809 3118 eum,
841 3059 897 3106 et
922 3038 1156 3120 populus
1185 3047 1497 3102 canentium
1530 3045 1700 3111 tibiis,
1726 3053 1786 3100 et
1809 3044 2101 3121 Izetantiuin

486 3136 709 3219 {gaudio
740 3134 957 3213 magno,
987 3150 1041 3196 et
1066 3138 1313 3195 insonuit
1338 3150 1484 3193 terra
1517 3154 1545 3190 ει
1576 3134 1601 3175 b
1625 3136 1866 3192 clamore
1890 3151 2113 3209 eorum.-

515 3232 741 3296 Attdiv’it
784 3245 964 3290 autem
1012 3231 1275 3295 Adonias,
1305 3236 1362 3286 et
1390 3243 1580 3286 omnes
1612 3230 1703 3300 qui
1735 3229 1948 3284 invitati
1990 3228 2107 3286 Iue~

484 3330 487 3335 “
516 3340 643 3390 rant
668 3329 736 3386 ab
767 3344 857 3397 eo,
900 3324 1125 3398 jamque
1150 3324 1462 3380 convivium
1494 3322 1707 3379 ﬁnitum
1746 3333 1864 3379 erat
1888 3340 1903 3377 :
1931 3325 2026 3380 sed
2055 3334 2109 3381 et

488 3424 491 3429 ’
518 3424 658 3483 Joab
683 3469 698 3493 ,
729 3424 907 3477 audita
938 3436 1071 3477 voce
1100 3419 1266 3485 tubas,
1295 3418 1367 3474 ait
1414 3436 1427 3473 :
1457 3418 1598 3489 Quid
1628 3418 1732 3474 sibi
1760 3419 1876 3476 vult
1901 3420 2110 3487 clamor

519 3517 763 3576 civitatis
807 3506 1222 3572 tumultuantis?
1249 3512 1442 3569 Adhuc
1471 3513 1564 3569 illo
1612 3512 1903 3585 loquente.
1944 3514 2110 3572 Jona-

522 3613 653 3670 than
687 3610 830 3667 liltus
862 3609 1126 3666 Abiathar
1151 3606 1453 3665 sacerdotis
1483 3608 1666 3664 venit:
1692 3609 1779 3663 cui
1808 3609 1946 3664 dixit
1970 3609 2113 3666 Ado-

521 3708 643 3763 nias
671 3723 684 3761 :
712 3702 1019 3776 ingredere,
1049 3704 1173 3772 quia
1194 3702 1280 3756 vir
1300 3700 1459 3756 fortis
1483 3715 1566 3769 es,
1593 3711 1649 3756 et
1668 3700 1809 3756 bona
1833 3700 2106 3761 nuntians.

522 3797 935 3871 Responditquc
976 3794 1245 3852 Jonathan
1284 3796 1512 3850 Adonim
1545 3813 1558 3848 :
1591 3793 1938 3866 Nequaquam
1970 3815 1982 3849 :
2014 3797 2110 3852 do-

522 3892 705 3951 minus
725 3892 871 3947 enim
904 3899 1087 3946 noster
1109 3905 1212 3946 rex
1241 3889 1407 3944 David
1432 3904 1617 3960 regem
1644 3889 1926 3946 constituit
1955 3890 2109 3949 Salo-

522 4003 741 4045 monem
765 4004 777 4040 :
810 3984 1063 4056 misitque
1089 4001 1212 4040 cum
1239 4000 1305 4041 eo
1325 3984 1505 4040 Sadoc
1524 3983 1889 4054 sacerdotem,
1921 3995 1976 4041 et
2002 3985 2109 4042 Na-

518 4080 652 4137 than
685 4078 1029 4152 prophetam,
1059 4091 1111 4135 et
1147 4078 1401 4134 Banaiam
1433 4076 1603 4133 ﬁlium
1632 4076 1858 4143 Joiadte.
1890 4090 1945 4137 et
1973 4081 2109 4137 Che-

519 4164 661 4233 ἐθαιί
691 4184 745 4230 et
781 4164 1050 4240 Phelethi,
1079 4182 1135 4229 et
1163 4172 1536 4242 imposuerunt
1568 4188 1690 4228 eum
1719 4188 1887 4245 super
1908 4175 2107 4233 mulam

516 4264 684 4341 regis.
731 4260 1120 4333 Unxeruntquc
1151 4282 1273 4321 enm
1301 4262 1481 4321 Sadoc
1515 4262 1770 4323 sacerdos
1805 4278 1860 4325 et
1896 4268 2106 4326 Natltan

519 4363 786 4437 prepheta
811 4378 997 4433 regem
1028 4362 1080 4416 in
1112 4359 1252 4418 Gion
1281 4358 1402 4432 [Μδ.
1437 4358 1638 4434 Genu],
1670 4373 1724 4418 ct
1747 4364 2110 4421 ascenderunt

510 4452 645 4516 inde
661 4458 965 4533 glaatantes,
1000 4463 1056 4512 et
1108 4453 1351 4509 insonuit
1390 4451 1542 4528 [Μεε.
1585 4455 1838 4529 intonuit]
1872 4457 2103 4517 civitas:

2196 2307 2257 2352 ut
2294 2296 2569 2368 intelligas
2612 2296 2866 2353 universa
2895 2313 3018 2368 quae
3063 2297 3202 2354 facis
3225 2338 3242 2365 ,
3273 2304 3332 2354 et
3365 2312 3711 2369 quocumque
3736 2307 3794 2354 te

2198 2388 2427 2445 verteris
2453 2407 2464 2443 :
2494 2399 2550 2443 ut
2578 2390 2867 2445 conﬁrmet
2889 2388 3152 2447 Dominus
3177 2404 3462 2447 sermones
3483 2404 3636 2456 suos,
3657 2403 3797 2461 quos

2196 2484 2412 2539 locutos
2438 2492 2523 2540 est
2547 2486 2616 2539 de
2646 2500 2732 2540 me
2754 2526 2770 2552 ,
2797 2484 3024 2543 dicens:
3055 2486 3114 2544 Si
3143 2486 3508 2545 custodiet-int
3535 2487 3633 2543 ﬁlii
3664 2486 3742 2542 tui
3767 2481 3796 2522 ἀ

2198 2578 2342 2634 viam
2386 2594 2535 2634 suam
2556 2620 2571 2646 ,
2600 2590 2656 2634 et
2683 2580 3083 2636 ambulaverint
3110 2594 3296 2639 coram
3326 2595 3418 2638 me
3444 2582 3498 2636 iu
3527 2580 3793 2649 veritate,

2182 2660 2257 2725 in
2293 2673 2445 2726 omni
2494 2671 2661 2727 corde
2690 2688 2824 2738 suo,
2855 2681 2911 2728 et
2934 2673 2992 2727 in
3021 2671 3173 2733 omni
3199 2674 3379 2730 anima
3408 2688 3529 2743 sua,
3562 2688 3672 2731 non
3700 2689 3800 2730 an-

2202 2762 2410 2819 feretur
2440 2763 2538 2819 tibi
2567 2765 2650 2821 vir
2679 2765 2746 2821 de
2770 2765 2911 2821 solio
2932 2760 3123 2822 Israel.
3151 2765 3231 2827 Tu
3261 2782 3477 2839 quoque
3500 2768 3644 2824 nosti
3672 2782 3800 2839 quae

2205 2855 2399 2911 iecerit
2444 2855 2579 2911 mihi
2611 2855 2750 2912 Joah
2780 2856 2924 2912 [ilius
2952 2859 3183 2925 Sarviw,
3213 2874 3335 2932 qua:
3364 2856 3557 2918 fecerit
3578 2860 3797 2916 duobus

2203 2944 2541 3019 principibus
2563 2950 2840 3005 exercitus
2866 2950 3052 3017 Israel,
3073 2950 3259 3007 Abner
3279 2952 3396 3008 ﬁlio
3421 2953 3547 3019 Ner,
3566 2961 3626 3009 et
3640 2956 3798 3009 Ama-

2206 3056 2283 3095 sa:
2329 3042 2439 3096 lilio
2469 3040 2697 3098 Jether:
2728 3058 2866 3113 quos
2906 3044 3142 3110 occidit,
3171 3056 3228 3102 et
3262 3044 3456 3102 eﬁ'ndit
3479 3046 3800 3118 sanguinein

2210 3130 2337 3190 belli
2360 3132 2414 3189 in
2443 3149 2603 3205 pace,
2626 3144 2683 3191 et
2709 3135 2891 3206 posuit
2910 3132 3161 3194 eruerem
3185 3137 3358 3209 praelii
3386 3138 3444 3193 in
3469 3137 3652 3195 balteo
3676 3152 3801 3206 suo,

2210 3229 2302 3301 qui
2330 3240 2447 3284 erat
2484 3228 2629 3285 circa
2662 3231 2878 3285 lumbos
2907 3232 3057 3300 ejus,
3100 3239 3157 3285 et
3190 3230 3249 3285 in
3280 3231 3650 3287 calceamento
3678 3245 3801 3297 suo,

2208 3322 2352 3393 quod
2376 3334 2496 3377 erat
2523 3323 2575 3377 in
2603 3322 2833 3392 pedibus
2860 3322 3003 3393 ejus.
3035 3312 3231 3380 Facies
3253 3338 3387 3395 ergo
3407 3323 3558 3394 juxta
3587 3324 3804 3396 sapien-

2213 3418 2341 3471 tiam
2364 3425 2532 3483 tuam,
2555 3425 2610 3472 et
2630 3431 2737 3471 non
2759 3416 2997 3471 dedoces
3016 3414 3098 3490 [h.
3122 3412 3388 3488 depones]
3409 3415 3669 3473 canitiem
3689 3412 3806 3488 ejus

2210 3509 2434 3583 paciﬁce
2462 3508 2531 3565 ad
2572 3502 2797 3565 inferos.
2842 3508 2950 3565 Sed
2992 3518 3049 3566 et
3080 3508 3203 3566 ﬁliis
3226 3509 3488 3567 Berzellai
3513 3510 3807 3568 Galaaditis

2210 3603 2407 3661 reddes
2429 3604 2682 3676 gratiam,
2711 3616 2979 3677 eruntque
3006 3606 3355 3663 comedentes
3381 3607 3436 3662 in
3466 3620 3659 3663 mensa
3677 3612 3800 3662 tua:

2211 3715 2565 3767 occurrerunt
2589 3706 2732 3763 enim
2761 3704 2893 3760 mihi
2923 3704 3141 3775 quando
3160 3703 3436 3776 fugiebam
3465 3720 3494 3756 a
3529 3702 3663 3759 (acie
3689 3701 3806 3759 Ah-

2210 3802 2381 3859 salom
2400 3798 2589 3855 fratris
2611 3799 2708 3853 tui.
2732 3796 2910 3853 Habes
2928 3785 3145 3868 quoque
3166 3795 3309 3869 apud
3330 3803 3385 3851 te
3417 3794 3542 3864 Ws.
3564 3803 3699 3851 tacet
3734 3793 3809 3867 te]

2213 3895 2391 3953 Semel
2422 3891 2590 3949 ﬁlium
2619 3891 2758 3949 Gera
2785 3891 2889 3962 ﬁlii
2927 3889 3005 3963 [h.
3039 3905 3147 3948 non
3175 3889 3357 3962 habet]
3385 3887 3591 3946 Jetnini
3618 3888 3690 3945 de
3710 3889 3812 3944 Ba-

2214 3988 2426 4056 hurim,
2476 3987 2567 4059 qui
2608 3972 2888 4041 maledixit
2935 3984 3066 4040 mihi
3106 3981 3489 4040 maledictione
3528 3983 3810 4054 pessima,

2211 4082 2428 4155 quando
2456 4080 2608 4149 ibam
2649 4081 2716 4137 ad
2757 4089 2933 4137 castra
2965 4080 3046 4153 [h.
3079 4080 3414 4153 Mannaim]:
3444 4081 3539 4138 sed
3568 4081 3691 4152 quia
3715 4079 3813 4136 de-

2210 4176 2426 4236 scendit
2453 4175 2585 4232 mihi
2616 4176 2669 4231 in
2697 4189 2982 4233 occursum
3012 4189 3136 4231 cum
3171 4177 3462 4237 transirem
3486 4174 3810 4241 Iordanem,

2213 4281 2267 4327 et
2290 4269 2462 4341 juravi
2494 4271 2542 4325 ei
2568 4284 2663 4340 per
2683 4268 2996 4336 Dominum,
3018 4269 3241 4327 dicens:
3269 4267 3387 4325 Non
3413 4277 3469 4325 te
3488 4267 3809 4325 interﬁciant

2204 4360 2428 4437 gladio:
2470 4371 2525 4417 tu
2570 4361 2684 4417 noli
2722 4359 2836 4431 pati
2864 4374 2987 4418 esse
3009 4375 3134 4416 eum
3166 4360 3473 4416 innoxium.
3505 4359 3602 4415 Vir
3630 4368 3811 4419 autem

2209 4457 2427 4528 sapiens
2453 4469 2535 4520 es.
2566 4464 2624 4513 et
2645 4452 2784 4511 scies
2806 4470 2930 4527 qua:
2958 4452 3150 4521 facias,
3172 4453 3518 4523 deducesque
3541 4451 3621 4524 [h.
3644 4450 3816 4519 depo-

518 4548 634 4607 hzec
665 4559 752 4606 est
788 4566 894 4625 vox
910 4594 931 4643 ,‘
969 4563 1130 4620 quam
1159 4547 1407 4603 audistis.
1438 4548 1544 4606 Sed
1572 4557 1628 4606 ct
1657 4551 1910 4607 Salomon
1955 4555 2108 4610 sedet
2130 4582 2185 4651 θ
2212 4549 2330 4621 nes]
2356 4563 2520 4605 canos
2545 4549 2664 4620 ejus
2690 4565 2814 4605 cum
2839 4551 3104 4623 sanguine
3138 4549 3210 4604 ad
3232 4546 3532 4604 infernum.
3579 4545 3671 4618 [Τ.
3697 4541 3813 4619 IV.]

516 4660 683 4713 snper
705 4642 903 4699 solium
926 4634 1102 4713 regni.
1128 4641 1193 4695 Et
1222 4641 1451 4713 ingressi
1472 4644 1621 4699 servi
1648 4646 1790 4716 regis
1820 4646 2108 4706 benedixe-
2138 4634 2182 4651 ν
2210 4639 2478 4696 Ποΐωίνίι
2507 4641 2665 4712 is"!!!
2698 4640 2863 4696 DaVid
2891 4655 3017 4697 cum
3046 4642 3296 4712 ρ-ἰιτίιιυε
3316 4641 3459 4708 suis.
3482 4650 3543 4697 θῑ
3567 4638 3816 4710 sepultus

515 4749 646 4797 runt
673 4735 899 4794 domino
932 4745 1123 4792 nostro
1153 4738 1264 4808 regi
1294 4731 1461 4793 David
1495 4740 1739 4795 dicentes
1766 4759 1777 4795 :
1802 4742 2109 4813 Ampliﬁeet

504 4820 662 4891 'Deus
690 4848 885 4889 nomen
937 4828 1252 4890 Salomonis
1282 4849 1445 4907 super
1475 4851 1673 4892 nomen
1702 4845 1885 4908 tuum,
1915 4850 1972 4895 et
1994 4857 2106 4894 ma-

513 4924 733 5000 gniiicct
761 4925 1016 4981 thronum
1049 4926 1167 4997 ejus
1196 4942 1362 4998 super
1394 4928 1644 4984 thronum
1678 4940 1849 4985 tuum.
1880 4932 1945 4993 Et
1969 4935 2102 4997 ado.

504 5004 656 5080 ’ravit
688 5038 782 5078 rex
829 5022 880 5077 in
914 5022 1117 5078 lectulo
1143 5037 1267 5078 suo.
1312 5021 1540 5092 Insuper
1576 5031 1631 5077 et
1661 5022 1778 5080 haec
1805 5024 1990 5101 [Vulg.
2027 5038 2106 5095 ιιι

506 5112 636 5173 “cent
667 5116 892 5186 insuper
922 5126 971 5170 et
1002 5112 1142 5186 hinc]
1170 5115 1386 5175 locutus
1416 5126 1500 5170 est
1531 5132 1545 5169 ε
1573 5114 1896 5174 Benedictus
1928 5120 2109 5178 Domit.

506 5210 618 5267 'nus
658 5209 802 5266 Deus
830 5204 996 5281 Israel
1024 5251 1039 5275 ,
1072 5209 1164 5281 qui
1198 5207 1348 5265 dedit
1379 5208 1540 5266 hodie
1576 5211 1857 5271 sedentem
1890 5224 1913 5254 ο
1942 5231 2106 5287 super

508 5305 733 5373 solium,
761 5302 1069 5361 videntibus
1099 5303 1272 5360 oculis
1299 5304 1460 5359 meis.
1493 5303 1695 5361 Territi
1720 5314 1850 5363 sunt
1864 5322 2022 5380 ergo,
2046 5322 2103 5373 et

587 5451 613 5521 ξ
638 5444 786 5521 idem
812 5440 1118 5521 Verongms.
1150 5453 1257 5499 ms.
1290 5444 1643 5521 dominorum
1668 5446 1796 5521 regi.

585 5515 612 5556 δ
639 5516 853 5574 Omittit
878 5513 964 5570 hic
996 5514 1137 5590 idem
1171 5529 1301 5582 ms.,
1331 5515 1560 5583 librarii,
1605 5528 1663 5572 ut
1690 5513 1923 5586 videtur,
1954 5526 2100 5590 osci-

512 5590 895 5660 tantiamvoccs
908 5602 948 5639 α
962 5586 1189 5661 deum
1209 5602 1386 5661 cei-um
1407 5604 1429 5643 :
1453 5604 1576 5661 qua:
1600 5593 1844 5648 tamenin
1868 5586 2101 5653 iiehrico

513 5664 861 5747 sunt‘p'ﬁpl,
896 5673 958 5712 ac
985 5659 1193 5741 ueteris
1224 5659 1399 5747 libris.

583 5745 606 5806 «ξ
643 5730 1078 5806 Yortiuensn‘ms':
1110 5731 1164 5806 in
1184 5732 1312 5806 solio
1337 5749 1478 5800 nica,
1504 5749 1624 5791 cum
1657 5730 1913 5806 Vulgatis.

581 5801 609 5841 ιι
644 5799 844 5876 Regius
872 5796 1288 5876 ‘ctL‘m‘beiensis
1319 5796 1474 5876 num.
1502 5804 1561 5860 tl
1595 5796 1919 5876 leguni',vias
1936 5827 2093 5867 meas.

508 5876 619 5938 Alii
643 5872 767 5935 cum
794 5873 1022 5947 Vulgata
1051 5872 1260 5946 Latina,
1296 5875 1402 5933 vias
1428 5892 1573 5934 suos.
1598 5872 1835 5945 Quidam
1868 5879 2097 5955 habent,

2210 4737 2379 4793 estin
2420 4736 2642 4793 civitate
2685 4737 2872 4792 David.
2918 4738 3048 4796 Dies
3095 4749 3280 4793 autem
3323 4738 3522 4808 quibus
3569 4736 3819 4808 regnavit

2206 4834 2378 4892 David
2401 4849 2563 4906 super
2588 4832 2778 4898 Israel,
2803 4834 3159 4904 quadraginta
3185 4834 3312 4891 anni
3333 4842 3493 4889 sunt:
3517 4832 3572 4888 in
3597 4832 3814 4888 Hebron

2209 4932 2455 5001 regnavit
2480 4941 2689 5002 septem
2712 4931 2909 4986 annis:
2945 4931 2999 4989 in
3025 4928 3347 4995 Jerusalem,
3372 4926 3593 4998 tnigiuta
3614 4928 3813 4982 tribus.

2204 5024 2464 5081 Salomon
2499 5032 2522 5061 ε
2552 5032 2735 5078 autem
2764 5022 2913 5080 sedit
2941 5034 3107 5092 super
3148 5023 3402 5078 thronum
3440 5018 3610 5075 David
3648 5018 3819 5088 patris

2208 5120 2293 5176 sui
2314 5162 2328 5188 ,
2371 5126 2430 5173 et
2468 5119 2736 5175 [inuoluat
2766 5128 2850 5174 est
2875 5133 3105 5189 regnum
3138 5117 3258 5189 eius
3291 5116 3474 5173 nimis.
3507 5115 3596 5186 ['1‘.
3628 5111 3821 5185 v.13:

2207 5214 2485 5285 ingressus
2511 5213 2754 5270 Adonias
2780 5213 2926 5271 ﬁlius
2974 5212 3210 5286 llaggith
3249 5212 3317 5269 ad
3352 5210 3664 5269 Bethsubee
3694 5224 3818 5264 na—

2203 5317 2344 5366 m
2372 5308 2705 5367 Salomonis.
2744 5310 2882 5379 Quae
2912 5309 3071 5369 dixit
3096 5307 3189 5365 ei:
3222 5304 3557 5363 Paciﬁcusne
3583 5300 3817 5375 estinde.

2212 5454 2349 5510 viam
2381 5470 2568 5509 meam.
2595 5448 2806 5524 Canon,
2841 5465 2902 5509 ut
2923 5456 3030 5514 nos
3049 5452 3338 5512 edidimus.
3364 5446 3550 5509 ΜΑιιτ.

2299 5526 2583 5596 —-Vulgati
2602 5526 2834 5593 plurium
2867 5543 3105 5586 numero
3133 5529 3244 5581 vias
3272 5542 3413 5581 suas.
3448 5523 3819 5596 ConcinitVe-

2206 5612 2438 5653 ronens.
2468 5588 2576 5652 ius.
2604 5588 2738 5652 cum
2771 5612 2865 5665 eo,
2901 5618 3065 5672 quem
3110 5596 3373 5655 Cononem
3394 5602 3569 5653 ’voca't‘
3602 5588 3819 5652 Martia-

2206 5686 2361 5726 ﬂu‘l‘llS
2370 5708 2383 5723 .

2280 5754 2304 5780 ο
2337 5742 2543 5797 Nomen
2569 5742 2852 5809 Salomon,
2874 5745 2952 5798 md
2984 5745 3169 5812 regni
3204 5744 3324 5813 ejus
3360 5742 3668 5800 notandum
3716 5738 3821 5795 itii-

2208 5813 2363 5883 tium,
2399 5813 2698 5873 Veronens.
2723 5828 2835 5872 ms.
2865 5817 3043 5874 minio
3069 5816 3338 5873 distinxit.

3627 5879 3658 5888 ι..
