4144 6364
353 379 419 441 77
1658 380 1863 443 LIBER
1895 382 1918 444 ι
1954 379 2333 444 MALACHIM.

3505 380 3609 445 6‘78

314 490 448 537 tacet
473 478 579 553 est]
605 478 881 553 Ingressus
917 484 1077 539 tuus?
1105 476 1211 553 Qui
1259 476 1582 554 reSpondit:
1626 480 1909 538 Pacificas.
1940 482 1989 547 Α
2017 481 2148 538 dicit
2172 494 2268 538 rex
2292 494 2305 535 ‘:
2340 476 2635 554 Egredere.
2664 473 2765 549 Qui
2795 478 2907 539 ait:
2935 474 3052 538 Non
3081 480 3347 553 egrediar,
3388 482 3482 538 sed
3524 482 3611 538 hic

311 572 677 647 Addiditque:
712 572 901 632 Sermo
927 577 1056 632 mihi
1087 586 1172 633 est
1198 576 1261 632 ad
1284 583 1359 633 te.
1389 575 1487 633 Cui
1507 576 1615 631 ait:
1642 574 1910 647 Loquere.

312 666 385 721 Et
413 665 507 723 ille
541 683 553 720 :
587 666 689 732 Tu,
716 666 916 739 inquit,
962 670 1132 739 nosti,
1162 670 1283 739 quia
1315 680 1493 723 meum
1522 675 1640 723 erat
1666 681 1914 736 regnum,

317 766 489 815 etme
532 770 906 830 praeposuerat
949 760 1071 832 [Ms.
1117 758 1497 833 proposuerat]
1527 760 1702 815 omnis
1750 757 1917 814 Israel

312 852 422 909 sibi
449 852 505 909 in
530 866 711 925 regem
736 871 750 908 :
779 854 875 911 sed
900 854 1215 911 translatum
1245 866 1331 911 est
1358 866 1581 925 regnum
1602 897 1616 919 ,
1642 862 1696 909 et
1718 850 1916 907 factum

316 952 400 1001 est
426 945 613 1001 fratris
643 944 749 1001 mei
774 963 789 1001 :
817 960 847 1001 a
876 945 1108 1003 Domino
1134 947 1279 1001 enim
1321 946 1670 1024 constitutum
1716 954 1801 1000 eSt
1843 944 1912 999 ei.

313 1038 471 1095 Nunc
514 1052 646 1109 ergo
695 1038 1012 1109 petitionem
1071 1054 1231 1095 unam
1287 1038 1550 1109 deprecor
1600 1053 1630 1093 a
1687 1046 1793 1093 te:
1848 1050 1917 1091 ne

314 1134 617 1189 confundas
645 1134 835 1189 faciem
873 1146 1073 1189 meam.
1109 1133 1239 1202 Qua:
1296 1132 1435 1188 dixit
1486 1126 1553 1187 ad
1607 1142 1769 1187 eum:
1812 1124 1919 1184 Lo-

313 1240 506 1298 quere.
542 1228 613 1283 Et
637 1226 729 1284 ille
758 1228 872 1282 ait:
914 1228 1133 1298 Precor,
1180 1236 1239 1283 ut
1286 1225 1434 1282 dicas
1480 1224 1757 1282 Salomoni
1803 1221 1916 1293 regi

311 1323 527 1395 (neque
573 1322 720 1377 enim
761 1332 959 1392 negare
1002 1321 1093 1375 tibi
1136 1320 1422 1393 quidquam
1448 1322 1637 1390 {potest
1670 1317 1750 1390 ‘lh.
1784 1315 1917 1372 Nam

315 1432 420 1471 non
442 1424 647 1470 avertet
668 1415 849 1485 faciem
877 1412 1054 1485 tuam]
1072 1413 1091 1485 )
1112 1426 1167 1468 ut
1194 1414 1287 1469 det
1306 1413 1433 1467 mihi
1450 1410 1647 1483 Abisag
1667 1407 1920 1467 Sunami-

318 1517 411 1564 ten
437 1506 628 1579 [γαίῃ.
662 1506 1006 1562 Sunamidem
1050 1506 1133 1561 hic
1177 1515 1223 1560 et
1256 1505 1695 1577 infra]uxorem.
1736 1503 1804 1559 Et
1845 1504 1923 1559 ait

322 1599 656 1657 Betltsabee:
688 1600 855 1667 Bene,
883 1612 983 1671 ego
1012 1599 1203 1669 loquar
1242 1614 1340 1669 pro
1381 1609 1433 1652 te
1457 1597 1590 1667 regi.
1612 1596 1765 1652 Venit
1791 1610 1919 1665 ergo

317 1694 613 1751 Bethsabee
636 1696 701 1749 ad
739 1708 918 1765 regem
940 1694 1306 1759 Salomonem,
1336 1700 1393 1745 ut
1421 1691 1735 1761 loqueretur
1758 1690 1806 1743 ei
1824 1702 1920 1758 pro

312 1778 549 1857 Adonia,
578 1800 634 1844 et
654 1787 890 1843 surrexit
912 1803 1007 1842 rex
1032 1786 1085 1841 in
1106 1798 1390 1841 occursum
1409 1784 1547 1853 ejus,
1573 1781 1921 1853 adoravitque

2021 576 2243 631 moriar.
2277 574 2620 632 Renuntiavit
2647 572 2875 633 Banaias
2895 575 3011 647 regi
3037 591 3365 644 sermonem,
3395 575 3610 633 dicens:

2022 668 2149 725 Haec
2176 670 2384 725 locutus
2414 679 2498 726 est
2524 668 2678 738 Joab,
2711 680 2766 727 et
2792 672 2906 726 bare
2933 670 3210 742 respondit
3252 667 3403 725 mihi.
3445 664 3617 726 Dixit-

2020 775 2125 831 que
2154 761 2204 816 ei
2230 754 2361 833 [Ms.
2395 768 2525 816 tacet
2551 756 2621 834 ei]
2647 762 2923 818 reszac
2966 763 3105 818 sicut
3152 761 3363 817 locutus
3409 772 3511 830 eSt,
3562 768 3618 818 et

2019 853 2263 911 interllce
2290 868 2435 923 eum,
2460 864 2515 911 et
2539 857 2731 927 sepeli,
2753 867 2805 911 et
2828 855 3101 913 amovehis
3122 856 3435 928 sanguinem
3459 855 3618 911 iuno-

2021 955 2252 1013 centem,
2286 948 2374 1019 qui
2402 946 2604 1004 ell'usus
2633 959 2715 1005 cSt
2742 962 2773 1003 a
2799 943 2956 1019 Joab,
2988 964 3018 1005 a
3050 964 3157 1017 tne,
3188 958 3242 1005 et
3272 966 3302 1005 a
3332 950 3494 1005 domo
3524 963 3620 1020 pa-

2022 1042 2119 1095 tris
2149 1040 2274 1095 mei.
2308 1040 2372 1095 Et
2400 1039 2595 1097 reddat
2620 1038 2882 1097 Dominus
2929 1043 3242 1113 sanguinem
3294 1042 3414 1112 ejus
3458 1056 3620 1114 super

2022 1142 2187 1204 caput
2228 1132 2369 1204 ejus,
2417 1135 2539 1206 quia
2570 1134 2839 1190 interfecit
2884 1133 3021 1190 duos
3048 1135 3217 1203 viros,
3262 1134 3622 1206 melioresque

2022 1241 2104 1295 se,
2137 1234 2193 1282 et
2216 1220 2413 1283 occidit
2438 1243 2532 1284 eos
2558 1228 2759 1299 gladio,
2792 1239 2946 1299 patre
2972 1242 3093 1285 meo
3120 1228 3289 1284 David
3313 1226 3619 1301 ignorante,

2024 1322 2206 1380 Ahuer
2239 1320 2405 1380 lilium
2434 1324 2543 1383 Ner
2568 1324 2865 1398 principem
2900 1327 3106 1383 militiae
3136 1325 3323 1395 lsrael,
3356 1335 3410 1381 et
3451 1322 3620 1380 Ama-

2024 1430 2139 1471 sam
2163 1418 2333 1473 lilium
2357 1419 2542 1475 Jetber
2559 1419 2856 1493 principem
2874 1419 3144 1476 exercitus
3161 1420 3322 1487 Juda,
3357 1429 3407 1475 et
3438 1435 3623 1475 rever-

2026 1515 2167 1565 tetur
2184 1512 2399 1582 sanguis
2416 1511 2632 1568 illorum
2657 1514 2710 1568 in
2727 1524 2886 1585 caput
2907 1513 3065 1581 Joab,
3086 1524 3139 1569 et
3156 1513 3208 1568 in
3223 1514 3381 1582 caput
3401 1510 3624 1567 seminis

2026 1603 2157 1673 ejus,
2192 1600 2245 1657 in
2271 1604 2683 1674 sempiternum.
2710 1602 2877 1660 David
2902 1613 3079 1660 autem
3105 1613 3157 1660 et
3178 1604 3368 1659 semini
3395 1602 3534 1673 ejus,
3565 1609 3621 1657 et

2025 1695 2207 1749 domui
2233 1705 2286 1750 et
2317 1697 2511 1750 throno
2558 1697 2724 1762 illius,
2767 1700 2834 1752 sit
2876 1712 2977 1768 pax
3018 1711 3188 1767 usque
3221 1697 3272 1750 in
3303 1706 3563 1751 aeternum
3593 1708 3623 1750 a

2028 1784 2275 1843 Domino.
2294 1786 2524 1861 [T.Vll.]
2542 1788 2796 1846 Ascendit
2808 1790 2985 1861 itaque
3000 1788 3228 1845 Banaias
3246 1789 3384 1843 ﬁlius
3398 1787 3624 1857 Joiadas,

314 1878 1331 1950 eam,etscilitsuperthmnumsuum:
1357 1878 1666 1947 pOSilusque
1681 1878 1923 1931 eslthro-
1954 1884 2001 1951 Β
2031 1890 2086 1937 et
2106 1892 2395 1952 aggressus
2419 1897 2539 1936 eum
2566 1882 2832 1937 interiecit
2858 1899 2871 1936 :
2902 1883 3248 1953 sepultusque
3277 1894 3356 1937 εει
3385 1879 3438 1935 in
3465 1882 3626 1935 domo

318 1988 420 2029 nus
446 1973 604 2027 matri
627 1973 789 2041 regis,
812 1986 933 2041 qua:
955 1971 1092 2027 sedit
1120 1968 1184 2025 ad
1214 1967 1496 2024 dexteram
1517 1967 1652 2039 ejus.
1681 1966 1926 2037 Dixitque

314 2066 399 2122 ei:
436 2066 758 2121 Petitlonem
786 2074 949 2120 unam
982 2064 1260 2135 parvulam
1293 2074 1393 2135 ego
1419 2063 1684 2133 deprecor
1709 2072 1738 2116 τι
1766 2072 1837 2127 te,
1859 2076 1928 2118 ne

323 2161 626 2219 confundas
654 2161 734 2231 [Ιι.
761 2175 829 2215 ne
856 2158 1091 2231 avertas]
1120 2159 1306 2213 fariem
1336 2175 1531 2213 meam.
1558 2156 1625 2213 Et
1649 2156 1773 2230 [Ms.
1800 2167 1927 2211 tacet

326 2254 413 2327 et]
440 2257 577 2311 dixit
602 2257 654 2311 ei
688 2271 781 2310 rex
809 2272 821 2308 :
855 2253 1003 2321 Pete,
1038 2266 1213 2309 mater
1243 2268 1359 2310 mea
1398 2254 1525 2325 1Ms.
1569 2251 1713 2323 mi]:
1753 2268 1929 2323 neque

322 2354 467 2407 enim
494 2352 575 2405 fas
601 2358 682 2405 est
702 2356 761 2403 ut
778 2358 1017 2405 avertam
1049 2348 1238 2404 faciem
1272 2359 1415 2403 tttam
1449 2348 1537 2420 [ιι.
1572 2349 1723 2413 l’ete,
1754 2359 1928 2402 mater

320 2444 411 2497 mi.
443 2442 560 2496 Non
602 2450 842 2496 avertam
864 2440 1056 2496 faciem
1089 2440 1277 2513 tuam].
1301 2443 1434 2509 Quae
1459 2443 1573 2496 ait:
1607 2441 1773 2495 Detur
1800 2441 1930 2496 Abi-

323 2551 420 2608 sag
447 2536 743 2593 Suuamitis
773 2536 997 2592 Adonite
1020 2537 1177 2591 fratri
1208 2548 1298 2591 tuo
1328 2552 1487 2592 uxor.
1516 2534 1924 2607 Responditque

327 2642 427 2686 rex
449 2628 725 2695 Salomon,
762 2640 818 2685 ct
859 2631 994 2686 dixit
1041 2631 1197 2685 matri
1246 2644 1401 2687 sum:
1452 2629 1635 2699 Quare
1686 2628 1929 2699 postulas

330 2724 531 2795 Abisag
561 2723 876 2781 Sunamiteu
918 2720 1181 2779 Adonim?
1218 2724 1428 2794 postula
1468 2725 1519 2779 ei
1560 2730 1614 2778 et
1652 2736 1877 2794 regnum
1910 2738 1925 2780 :

331 2818 452 2885 ipse
478 2828 564 2872 est
593 2819 732 2872 enim
764 2819 931 2873 frater
960 2832 1115 2873 meus
1145 2822 1319 2888 major
1350 2834 1460 2885 me,
1493 2828 1548 2873 et
1576 2818 1738 2874 habet
1765 2817 1929 2872 Abia-

328 2917 455 2971 thar
479 2917 838 2983 sacerdotem,
870 2927 923 2971 et
952 2914 1089 2971 Joab
1115 2915 1283 2971 tilium
1314 2916 1518 2971 Sarvia:
1558 2910 1652 2986 [ὴ.
1683 2924 1730 2967 et
1766 2912 1834 2982 ei,
1878 2922 1931 2969 et

331 3008 590 3064 Miiatbar
620 3010 913 3075 sacerdoti,
947 3017 1001 3064 et
1025 3008 1161 3064 Joab
1183 3008 1291 3062 lilio
1314 3006 1561 3077 Sarviae].
1594 3002 1803 3062 Juravit
1828 3007 1933 3060 ita-

334 3118 434 3173 que
462 3118 560 3159 rex
592 3104 848 3158 Salomon
873 3108 969 3174 per
996 3102 1308 3169 Dominum,
1344 3102 1530 3156 dicens
1557 3117 1571 3155 :
1600 3098 1728 3155 lltec
1766 3100 1929 3155 faciat

338 3196 464 3252 mihi
492 3197 659 3263 Deus,
690 3208 747 3253 et
775 3190 889 3252 haec
916 3197 1101 3263 addat,
1135 3199 1254 3267 quia
1284 3204 1475 3251 contra
1506 3194 1743 3251 animam
1776 3210 1927 3250 suam

2033 1984 2128 2032 sua
2149 1976 2201 2028 in
2221 1977 2455 2031 deserto.
2485 1977 2549 2030 Et
2568 1974 2851 2030 constituit
2872 1991 2965 2031 rex
2989 1974 3221 2030 Banaian
3240 1974 3403 2028 tilium
3426 1971 3632 2029 Joiada:

2034 2083 2134 2141 pro
2161 2085 2226 2124 eo
2264 2080 2426 2139 Super
2465 2068 2783 2138 exercitum,
2806 2078 2858 2124 et
2880 2068 3056 2125 Sadoc
3078 2067 3414 2124 sacerdotem
3455 2065 3633 2136 posuit

2036 2180 2133 2236 pro
2148 2162 2585 2220 Abiathar.l\lisit
2602 2181 2811 2235 quoque
2828 2179 2950 2233 rex,
2967 2175 3019 2221 et
3032 2162 3452 2232 voeavitSemei,
3473 2160 3634 2217 dixit-

2034 2274 2137 2327 que
2160 2259 2206 2313 ei
2227 2275 2238 2311 :
2256 2254 2481 2312 [Edilica
2503 2254 2597 2311 tibi
2619 2258 2833 2313 domum
2856 2256 2908 2312 in
2924 2258 3245 2325 Jerusalem,
3262 2264 3315 2311 et
3329 2254 3509 2311 habita
3534 2255 3627 2323 ibi,

2032 2360 2083 2405 et
2111 2366 2215 2404 non
2239 2350 2531 2421 egredieris
2555 2350 2678 2406 inde
2701 2350 2809 2406 huc
2829 2359 2989 2421 atque
3006 2352 3150 2406 illuc.
3168 2350 3511 2421 Quacumque
3536 2363 3632 2403 au-

2034 2444 2139 2498 tem
2153 2443 2239 2498 die
2251 2458 2499 2512 egressus
2518 2441 2704 2511 fueris,
2722 2458 2769 2499 et
2793 2444 3069 2498 transieris
3084 2450 3379 2499 torrentem
3394 2442 3630 2509 Cedron,

2034 2535 2171 2589 Scito
2198 2547 2249 2588 te
2274 2535 2713 2590 interliciendum
2737 2554 2749 2590 :
2775 2536 2992 2607 sanguis
3016 2545 3136 2591 tuus
3159 2537 3258 2591 erit
3283 2548 3447 2607 super
3472 2547 3633 2606 caput

2034 2634 2205 2683 tuum.
2234 2627 2479 2698 Dixitque
2509 2628 2689 2684 Semei
2722 2631 2831 2699 regi
2858 2646 2871 2683 :
2900 2628 3084 2684 Bonus
3105 2639 3187 2685 est
3211 2628 3343 2703 [Ms.
3369 2640 3497 2685 tacet
3530 2628 3632 2701 est]

2033 2738 2232 2779 sermo.
2260 2723 2411 2779 Sicut
2437 2725 2648 2779 locutus
2673 2736 2759 2780 eet
2782 2725 3032 2779 dominus
3056 2742 3207 2781 meus
3231 2742 3345 2793 rex,
3374 2728 3451 2781 sic
3476 2722 3637 2781 faciet

2036 2827 2231 2873 Servus
2280 2828 2423 2873 tuus.
2474 2815 2747 2874 Habitavit
2791 2820 2972 2889 itaque
3021 2819 3201 2875 Semei
3251 2819 3304 2874 in
3336 2818 3637 2875 Jerusalem

2035 2912 2226 2969 diebus
2257 2912 2461 2967 multis.
2495 2910 2718 2969 Factum
2751 2924 2833 2970 est
2859 2925 3035 2970 autem
3068 2925 3186 2985 post
3216 2930 3388 2971 annos
3415 2926 3547 2983 tres,
3577 2924 3637 2971 ttt

2038 3004 2287 3077 lugerent
2317 3007 2457 3062 servi
2489 3002 2576 3079 [h.
2609 3009 2715 3064 duo
2746 3006 2922 3083 servi]
2956 3010 3132 3066 Semei
3166 3010 3229 3066 ad
3261 3009 3426 3065 Aeliis
3464 3008 3633 3066 lilium

2036 3094 2259 3154 Maaeha
2296 3110 2475 3171 regem
2508 3100 2687 3156 Geth:
2726 3101 3136 3173 nuntiatumque
3158 3112 3239 3158 est
3260 3102 3467 3171 Semei,
3496 3104 3639 3174 quod

2048 3193 2190 3246 servi
2217 3191 2334 3262 ejus
2363 3202 2547 3248 essent
2578 3188 2765 3265 [Vulg].
2797 3193 2985 3267 issent]
3020 3195 3073 3249 in
3105 3194 3264 3251 Geth.
3299 3195 3369 3251 Et
3397 3197 3639 3252 surrexit

333 3288 544 3345 locutus
575 3296 661 3343 est
681 3284 916 3344 Adonias
941 3287 1164 3343 verbum
1197 3290 1316 3343 hoc.
1341 3286 1407 3342 Et
1431 3300 1572 3341 nunc
1596 3287 1727 3340 vivit
1748 3282 1933 3341 Doml-
1959 3278 2003 3340 C
2037 3282 2238 3353 Semei,
2269 3294 2323 3341 et
2351 3287 2542 3341 stravit
2565 3284 2774 3342 asinum
2808 3302 3003 3343 suum:
3045 3284 3247 3361 ivitque
3291 3290 3344 3344 in
3390 3286 3528 3345 Geth
3570 3286 3637 3345 ad

336 3397 461 3449 nus,
491 3382 580 3452 qui
608 3381 842 3436 ﬁrmavit
864 3396 968 3445 me,
995 3391 1049 3435 et
1073 3380 1357 3435 collocavit
1378 3378 1395 3452 [
1418 3377 1575 3452 Vulg.
1604 3378 1802 3431 addunt
1824 3374 1933 3449 me]

340 3484 507 3545 super
521 3473 711 3529 solium
737 3472 902 3527 David
928 3474 1097 3543 patris
1116 3473 1244 3537 mei,
1267 3470 1359 3541 qui
1379 3470 1505 3527 iecit
1535 3468 1664 3525 mihi
1691 3472 1929 3533 domum,

338 3570 486 3624 sicut
510 3567 719 3622 locutus
748 3576 853 3634 est,
884 3566 1007 3637 quia
1047 3562 1209 3621 hodie
1254 3564 1531 3621 occidetur
1571 3562 1811 3619 Adonias
1851 3560 1932 3634 [Τ.

347 3660 456 3735 Vl].
496 3662 747 3733 Misitque
778 3672 873 3717 rex
903 3661 1158 3716 Salomon
1202 3674 1298 3730 per
1328 3670 1542 3714 manum
1587 3654 1805 3712 Banaiae
1844 3656 1937 3710 lilii

342 3757 571 3823 Joiadaa,
602 3759 689 3828 qui
724 3756 991 3811 interfecit
1021 3770 1164 3823 eum,
1198 3766 1253 3810 et
1285 3766 1528 3810 mortuus
1550 3764 1651 3809 εει.
1680 3750 1941 3808 Abiatliar

346 3862 563 3923 quoque
609 3846 877 3906 sacerdoti
928 3849 1063 3904 dixit
1110 3865 1245 3905 rex:
1293 3848 1446 3904 Vade
1489 3852 1541 3904 in
1575 3848 1847 3903 Anathoth
1877 3848 1943 3902 ad

348 3958 542 4019 agrum
576 3959 746 4015 tuum,
778 3942 1029 4017 equidem
1054 3944 1140 3998 vir
1170 3941 1360 3998 mortis
1404 3958 1505 3999 es:
1549 3940 1662 4003 sed,
1686 3940 1849 3997 hodie
1893 3950 1945 3997 te

350 4060 463 4100 non
494 4038 830 4112 interliciam,
866 4043 989 4113 quia
1021 4036 1247 4113 portasti
1275 4054 1455 4095 arcam
1488 4038 1700 4095 Domini
1732 4038 1825 4093 Dei
1858 4037 1945 4109 [h.

352 4139 567 4195 Domini
598 4137 833 4209 Domini]
864 4146 1047 4193 coram
1080 4133 1249 4189 David
1280 4143 1432 4204 patre
1463 4134 1583 4205 Uis.
1617 4132 1773 4204 patri]
1804 4148 1948 4197 meo,

359 4241 411 4288 ct
436 4231 738 4288 sustinuisti
772 4230 1014 4287 laborem
1044 4222 1101 4283 in
1132 4224 1406 4291 omnibus,
1441 4229 1494 4280 in
1524 4226 1718 4298 quibus
1740 4225 1952 4280 labora-

364 4326 434 4380 vit
458 4335 610 4397 pater
633 4336 803 4380 meus.
824 4323 998 4394 Ejecit
1019 4334 1146 4391 ergo
1168 4319 1424 4376 Salomon
1451 4316 1734 4385 Abiatbar,
1766 4328 1822 4372 ut
1844 4328 1951 4372 non

2040 3379 2201 3434 Achis
2241 3378 2307 3434 ad
2348 3380 2732 3451 requirendum
2778 3395 2965 3437 servos
3002 3390 3131 3436 suos
3157 3424 3171 3447 ,
3212 3392 3266 3437 et
3302 3382 3523 3437 adduxit
3548 3396 3643 3437 eos

2041 3472 2109 3527 de
2140 3471 2299 3527 Geth.
2332 3470 2645 3527 Nuntiatum
2678 3482 2761 3528 est
2790 3482 2968 3529 autem
2999 3470 3297 3541 Salomoni,
3339 3475 3480 3545 quod
3511 3476 3648 3531 isset

2042 3564 2222 3623 Semei
2258 3566 2309 3621 in
2343 3566 2481 3621 Gcth
2513 3566 2580 3621 de
2605 3567 2929 3635 Jerusalem,
2955 3578 3007 3623 et
3034 3568 3306 3624 rediisset.
3331 3569 3397 3624 Et
3423 3570 3646 3626 mittens

2041 3661 2255 3715 Voeavit
2285 3676 2432 3724 eum,
2462 3658 2705 3732 dixitque
2742 3658 2862 3716 illi:
2914 3662 3103 3717 Nonne
3152 3660 3477 3719 testiﬁcatus
3525 3679 3646 3719 sum

2046 3758 2141 3813 tibi
2172 3774 2264 3828 per
2294 3756 2673 3827 Dominum,et
2698 3757 2918 3827 praedixi
2945 3756 3431 3829 tibizQuacumquc
3454 3756 3529 3831 [h.
3555 3760 3649 3815 ad-

2046 3852 2223 3923 juravi
2255 3850 2349 3905 tibi
2379 3866 2474 3920 per
2497 3848 2813 3920 Dominum,
2848 3860 2902 3906 et
2941 3854 3294 3906 contristatus
3320 3866 3439 3907 sum
3466 3868 3480 3908 :
3509 3851 3650 3920 Qua-

2047 3941 2300 4015 cumque]
2342 3942 2431 3999 die
2480 3959 2764 4015 egressus,
2812 3944 2938 3999 ieris
2984 3943 3089 3999 huc
3125 3953 3179 4000 et
3216 3942 3376 4015 illuc,
3409 3948 3549 4001 scito
3592 3955 3646 4001 te

2052 4050 2173 4091 esse
2198 4034 2563 4089 meriturum?
2594 4032 2661 4089 Et
2692 4035 3017 4105 respondisti
3046 4034 3211 4091 mihi:
3243 4035 3423 4092 Bonus
3449 4053 3648 4107 sermo,

2050 4122 2082 4166 1»
2111 4143 2271 4199 quem
2302 4126 2502 4182 audivi.
2537 4126 2717 4196 Quare
2744 4145 2872 4201 ergo
2904 4146 3010 4184 non
3055 4126 3337 4186 custodisti
3377 4131 3655 4201 jusjuran-

2056 4218 2184 4276 dum
2222 4220 2459 4292 Domini,
2494 4230 2549 4278 et
2577 4230 2906 4294 praeceptum
2937 4223 3079 4294 quod
3118 4238 3478 4294 praeceperam
3527 4222 3662 4279 tibi?

2054 4314 2305 4385 Dixitque
2329 4332 2423 4371 rex
2447 4314 2513 4371 ad
2536 4315 2717 4372 Semei
2740 4332 2754 4370 :
2781 4312 2861 4371 Tu
2889 4314 3027 4370 nosti
3049 4331 3209 4371 omne
3241 4316 3466 4382 malum,
3507 4318 3661 4387 cujus

358 4426 505 4473 esset
523 4417 781 4474 sacerdos
804 4412 1040 4483 Domini,
1072 4415 1470 4484 utimpleretur
1497 4429 1680 4470 sermo
1709 4412 1949 4480 Domini,
2063 4409 2155 4464 tibi
2186 4408 2463 4465 conscium
2494 4420 2577 4465 est
2601 4424 2697 4465 cor
2730 4421 2900 4477 tuum,
2934 4408 3076 4482 quod
3109 4409 3285 4466 fecisti
3316 4410 3485 4466 David
3523 4413 3664 4481 patri

365 4522 522 4579 quem
553 4510 769 4564 locutus
797 4518 878 4563 est
905 4518 1069 4576 super
1091 4504 1443 4562 domumlieli
1471 4506 1524 4560 in
1543 4502 1959 4561 Silo.chitau-
2058 4514 2211 4557 meo:
2240 4501 2474 4558 reddidit
2496 4501 2756 4558 Dominus
2782 4502 3041 4557 malitiam
3066 4513 3207 4558 tuam
3226 4501 3280 4557 in
3304 4512 3467 4572 caput
3492 4512 3664 4558 tuum.

364 4610 477 4656 tem
502 4603 719 4656 nuntius
737 4598 803 4655 ad
824 4594 1666 4671 l*Joab,quodJoabdeclinasset
1683 4598 1960 4669 postAdo-
1994 4668 2017 4671 A
2068 4594 2136 4649 Et
2171 4611 2268 4649 rex
2308 4596 2565 4651 Salomon
2612 4597 2962 4665 benedictus,
3016 4606 3069 4653 ct
3112 4597 3339 4651 thronus
3365 4594 3533 4652 David
3561 4598 3670 4653 erit

368 4697 538 4761 niam,
563 4704 617 4749 et
643 4703 767 4762 post
786 4668 1129 4748 Salomonem
1154 4709 1260 4748 non
1286 4694 1642 4748 declinasset:
1672 4668 1801 4762 fugit
1834 4707 1963 4761 ergo
1988 4668 2042 4730 Ῑ)
2067 4689 2277 4744 stabilis
2308 4704 2489 4744 coram
2521 4689 2753 4745 Domino
2783 4706 2951 4759 usque
2975 4692 3025 4745 in
3056 4690 3473 4760 sempiternum.
3500 4687 3673 4745 Jussit

370 4785 509 4839 Joab
537 4786 593 4840 in
628 4784 1027 4840 tabernaculum
1060 4786 1295 4849 Domini,
1323 4797 1375 4841 et
1404 4786 1765 4858 apprehendit
1791 4802 1962 4841 cornu
2064 4778 2248 4852 itaque
2280 4796 2369 4838 rex
2399 4782 2614 4836 Danaize
2648 4783 2756 4839 filio
2786 4784 3012 4853 .loiadae,
3038 4785 3125 4856 qui
3148 4799 3423 4855 egressus,
3451 4800 3671 4856 percus-

373 4877 580 4933 altaris.
616 4876 1038 4948 Nuntiatumquc
1064 4888 1146 4933 est
1172 4879 1284 4949 regi
1310 4880 1605 4946 Salomoni,
1633 4879 1772 4951 quod
1799 4878 1966 4950 fugis-
2072 4877 2139 4930 sit
2168 4890 2314 4938 eum.
2346 4886 2401 4931 et
2433 4885 2680 4930 mortuus
2713 4886 2816 4932 est.

375 4981 460 5028 set
507 4970 643 5028 Joab
692 4973 744 5027 in
797 4972 1211 5027 tabernaculum
1266 4972 1479 5028 Domini
1524 4984 1580 5028 et
1628 4983 1769 5028 esset
1816 4975 1967 5042 juxta
2146 4967 2231 5041 [Τ.
2260 4967 2383 5038 VlIl,
2417 4968 2547 5039 Cap.
2580 4969 2692 5043 ιιι]
2720 4969 3110 5027 Confirmatum
3141 4981 3225 5027 est
3255 4972 3419 5043 igitur
3449 4989 3673 5045 regnum

378 5062 581 5130 altare,
633 5065 891 5137 misitque
931 5064 1187 5120 Salomon
1230 5062 1483 5120 Banaiam
1528 5066 1694 5121 illium
1740 5052 1969 5134 Joiada),
2074 5063 2130 5119 in
2165 5079 2323 5116 manu
2354 5060 2685 5131 Salomonis,
2714 5073 2769 5118 et
2794 5062 3055 5121 afﬁnitate
3078 5064 3401 5134 conjunctus
3424 5077 3508 5122 est
3536 5067 3675 5123 Pha-

382 5156 604 5219 dicens:
651 5158 821 5225 Vade,
864 5158 1105 5214 interfice
1138 5170 1280 5213 eum.
1316 5159 1380 5212 Et
1408 5160 1527 5229 [ΜΞ.
1563 5168 1691 5214 taret
1720 5158 1794 5224 et]
1825 5160 1974 5214 vt-nit
2081 5156 2230 5212 raoui
2282 5157 2393 5225 regi
2443 5154 2699 5226 Egypti;
2749 5156 2956 5228 accepit
3000 5174 3233 5230 namque
3260 5156 3422 5212 liiiam
3458 5160 3594 5229 ejus,
3625 5170 3680 5216 et

384 5254 610 5311 Banaias
650 5254 720 5310 ad
767 5253 1165 5310 tabernaculum
1215 5252 1449 5318 Domini.
1478 5266 1533 5308 et
1562 5254 1695 5307 dixit
1725 5256 1814 5309 ei:
1851 5253 1974 5309 llaec
2081 5250 2307 5308 adduxit
2334 5249 2386 5306 in
2418 5252 2689 5307 civitatem
2721 5250 2912 5318 David,
2948 5253 3122 5310 donec
3168 5254 3466 5325 compleret
3509 5255 3678 5312 aedili-

461 5437 631 5495 ιι]ηο
676 5449 909 5508 excepto
946 5436 1165 5492 Canoue
1206 5432 1790 5508 liebraicaeveritatis.
1837 5447 1967 5508 mss.

392 5527 581 5566 omnes
611 5506 831 5566 codices
856 5508 1202 5564 Notariorum
1235 5523 1296 5559 ac
1330 5506 1669 5559 librariorum
1702 5506 1966 5573 imperitia

395 5584 672 5651 depravati
705 5595 828 5637 sunt
858 5581 959 5636 hoc
1001 5579 1201 5633 modo:
1238 5576 1389 5632 Venit
1418 5588 1600 5651 autem
1646 5578 1875 5651 nuntius
1901 5578 1969 5629 ad

397 5648 729 5707 Sniomonem
757 5696 771 5718 ,
818 5662 922 5709 etc.
967 5651 1099 5707 Nam
1136 5665 1357 5704 sensum
1410 5648 1705 5716 Scriptura:
1752 5648 1971 5702 minime

401 5726 793 5795 percipientes,
825 5732 1382 5795 putarunterrorenL
1407 5734 1537 5795 esse
1573 5719 1615 5795 si
1661 5719 1928 5795 legeretur
1956 5736 1967 5772 :

406 5790 991 5850 Venit-antemnamtius
1038 5794 1105 5848 ad
1152 5793 1306 5847 Joab.
1351 5790 1496 5845 Bene
1530 5790 1685 5860 igitur
1721 5790 1973 5843 monebat

400 5868 759 5938 Hieronymus
802 5871 851 5919 in
894 5866 1118 5937 cpistola
1171 5864 1235 5918 ad
1278 5865 1556 5924 Lucinum,
1592 5877 1796 5938 morem
1834 5861 1971 5938 hunc

400 5954 521 5995 esse
563 5933 941 6008 librariorum,
978 5948 1037 5995 ιιι
1083 5938 1349 6007 scribant,
1380 5951 1483 5991 non
1508 5934 1643 6006 quod
1681 5933 1971 6001 inveniunt,

2076 5434 2165 5487 sed
2195 5433 2331 5503 quod
2359 5431 2657 5503 intelligunt
2686 5448 2704 5486 :
2732 5443 2782 5487 et
2806 5433 2930 5486 dum
2960 5434 3154 5489 alienos
3176 5452 3373 5491 errores
3402 5440 3676 5495 emendare

2076 5506 2336 5571 nituntur,
2368 5502 2646 5558 ostendam
2676 5520 2820 5558 suos.
2848 5505 3030 5560 illam.

2146 5605 2215 5616 ——
2244 5575 2458 5646 Optime
2486 5589 2701 5646 rursum
2746 5593 2867 5630 cum
2908 5574 3204 5634 Martianazi
3247 5581 3468 5637 Canone
3511 5582 3677 5639 Vero-

2077 5663 2237 5702 nens.
2269 5645 2369 5699 ius.
2406 5646 2461 5699 In
2492 5645 2615 5701 aliis
2640 5663 2742 5714 pro
2770 5649 2925 5712 Joab,
2960 5650 3164 5704 invenit
3197 5651 3286 5705 ille
3316 5653 3671 5708 Salomonem.

2149 5716 2177 5756 1³
2209 5717 2420 5772 Reticet
2441 5717 2592 5784 juxta
2620 5719 2939 5773 Helm-ticam
2968 5724 3206 5788 phrasitn
3234 5741 3335 5779 ius.
3371 5724 3675 5779 Veronens.

2076 5806 2247 5859 quem.
2280 5788 2565 5861 Chaldaeus
2590 5806 2805 5859 quoque
2834 5803 2999 5861 atque
3028 5794 3146 5847 alite
3189 5794 3495 5851 Orientales
3540 5797 3679 5851 Ver-

2076 5860 2356 5987 :ionncsjlita
2380 5861 2582 5933 legunt,
2613 5863 3077 5936 distinguuntqttc,
3102 5863 3305 5942 Bonum
3332 5866 3535 5924 verbum
3552 5883 3570 5925 :
3588 5885 3683 5924 au-

2120 5949 2208 5987 wz.
2237 5947 2265 5987 e
2296 5948 2346 5987 c.

2120 5941 2208 6003 ivi,
2237 5941 2346 5989 etc.
