4144 6364
512 318 617 379 679

1497 317 1558 376 S.
1601 311 1987 374 lllERONYMl
2029 311 2260 373 DIVINA
2304 312 2780 374 BIBLIOTHECA.

3692 317 3786 376 680

507 449 640 492 cans
666 433 887 491 domum
913 447 1066 490 suam
1094 441 1146 488 et
1172 430 1390 489 domum
1417 429 1656 495 Domini,
1686 436 1744 485 et
1766 443 1980 484 murum
2009 426 2100 483 Je-
2126 428 2179 490 Α
2204 443 2365 497 quam
2393 443 2494 500 ego
2523 429 2733 501 peperi,
2763 426 2973 500 peperit
3001 437 3057 486 et
3087 426 3242 496 haec;
3275 436 3331 486 et
3358 443 3576 488 eramus
3612 429 3786 500 simul,

506 530 741 588 rusalem
771 543 866 599 per
893 527 1198 583 circuitum.
1230 526 1479 581 Attamen
1508 520 1740 593 populus
1785 519 2102 576 immolabat

509 627 564 683 in
585 623 841 683 excelsis:
866 639 973 679 non
993 622 1136 679 enim
1160 620 1478 676 aediﬁcatum
1497 627 1613 674 erat
1628 616 1886 688 templum
1902 616 2102 672 nomini

512 716 725 773 Domini
757 731 922 788 usque
947 715 1003 771 in
1029 714 1170 770 diem
1204 711 1377 767 illum.
1406 710 1612 768 Dilexit
1639 718 1818 766 autem
1846 709 2102 766 Salomon

506 810 809 875 dominum,
831 807 1108 864 ambulans
1123 807 1176 862 in
1199 807 1481 877 prmeeptis
1501 802 1669 861 David
1689 803 1860 876 patris
1881 803 1989 868 sui,
2010 818 2102 859 ex-

505 914 665 976 cepto
687 901 832 974 quod
859 901 909 956 in
937 898 1165 956 excelsis
1191 897 1524 965 immolabat,
1557 906 1609 953 et
1630 894 1959 952 accendebat
1982 896 2101 966 thy-

507 999 725 1055 miama.
742 993 887 1050 Abiit
905 993 1084 1064 itaque
1100 993 1152 1048 in
1168 992 1412 1057 Gabaon,
1433 1001 1492 1046 ut
1518 989 1824 1045 immolaret
1845 989 1948 1045 ibi:
1969 987 2103 1042 illud

510 1090 710 1162 quippe
748 1095 868 1143 erat
904 1086 1175 1142 excelsum
1215 1085 1541 1140 maximum:
1586 1082 1732 1138 mille
1772 1080 1976 1137 hostias
2020 1080 2099 1152 [h.

506 1184 655 1241 mille
680 1178 1010 1250 holocausta]
1033 1180 1084 1234 in
1109 1177 1482 1234 holocaustum
1504 1176 1700 1233 obtulit
1730 1174 1985 1232 Salomon
2013 1188 2103 1228 su-

505 1290 605 1347 per
632 1273 802 1329 altare
829 1269 958 1327 illud
983 1272 1037 1326 in
1069 1270 1309 1327 Gabaon.
1355 1268 1438 1341 [T.
1475 1266 1595 1339 lX.]
1628 1266 1890 1338 Apparuit
1917 1274 2100 1320 autem

511 1365 639 1442 [Ms.
666 1375 796 1422 tacet
824 1363 1028 1436 autem]
1073 1363 1335 1419 Dominus
1373 1361 1653 1418 Salomoni
1693 1375 1790 1432 per
1833 1359 2102 1415 somnium

508 1471 690 1529 nocte,
713 1458 932 1517 dicens:
961 1459 1176 1515 Postula
1223 1456 1368 1530 quod
1406 1457 1514 1524 vis,
1542 1465 1600 1510 ut
1628 1455 1750 1510 dem
1784 1453 1902 1510 tibi.
1931 1451 1998 1508 Et
2025 1451 2102 1506 ait

509 1555 794 1612 Salomon:
826 1553 906 1609 Tu
945 1552 1114 1609 fecisti
1153 1567 1274 1607 cum
1298 1565 1457 1606 servo
1484 1559 1575 1604 tuo
1601 1547 1776 1604 David
1805 1555 1960 1619 patre
1981 1559 2105 1601 meo

508 1645 939 1704 misericordiam
964 1660 1234 1717 magnam,
1258 1644 1399 1700 sicut
1417 1641 1711 1699 ambulavit
1731 1643 1784 1698 in
1808 1648 2101 1712 conspectu

502 1748 598 1797 tuo
621 1740 673 1795 iu
696 1740 945 1807 veritate,
972 1747 1026 1793 et
1044 1735 1280 1808 jusﬁtia,
1307 1747 1361 1793 et
1388 1747 1540 1792 recto
1562 1735 1728 1792 corde
1759 1744 1976 1790 tecum:
2006 1747 2102 1788 cu-

2206 523 2493 594 nullusque
2535 523 2671 580 alius
2717 523 2772 578 iu
2818 522 2977 580 domo
3008 523 3314 591 nobiscum,
3352 526 3594 596 exceptis
3645 525 3795 583 nobis

2204 614 2435 673 duabus.
2485 617 2728 673 Mortuus
2773 626 2857 685 est
2922 627 3104 674 autem
3153 617 3296 673 ﬁlius
3344 617 3588 674 mulieris
3638 616 3796 690 hujus

2205 721 2387 778 nocte,
2432 709 2710 767 dormiens
2738 711 2940 783 quippe
2980 712 3255 783 oppressit
3277 727 3424 768 eum.
3468 711 3538 768 Et
3573 727 3798 769 consur-

2202 817 2336 874 gens
2364 804 2684 874 intempesta
2716 811 2876 859 nocte
2913 804 3117 859 silentio
3149 802 3228 876 [h.
3273 819 3380 860 non
3427 802 3641 876 habet],
3681 805 3800 861 tulit

2204 898 2375 954 ﬁlium
2403 914 2581 954 meum
2609 897 2679 955 de
2703 898 2877 956 latere
2903 915 3027 954 meo
3052 899 3266 955 ancilla:
3297 908 3403 955 tua:
3429 898 3760 970 dormientis
3783 943 3798 969 ,

2204 1003 2258 1050 et
2281 994 2564 1052 collocavit
2590 995 2644 1050 in
2665 994 2784 1051 sinu
2807 1009 2941 1051 suo:
2969 1011 3127 1050 suum
3147 1004 3327 1051 autem
3353 995 3544 1064 ﬁlium,
3569 995 3662 1066 qui
3682 1004 3802 1050 erat

2205 1095 2472 1153 mortuus,
2502 1085 2684 1158 posuit
2711 1086 2767 1142 in
2796 1087 2921 1143 sinu
2965 1103 3111 1143 meo.
3159 1088 3400 1159 Cumque
3441 1087 3806 1144 surrexissem

2204 1195 2361 1236 mane
2381 1191 2442 1236 ut
2459 1179 2646 1237 darem
2665 1181 2750 1237 lac
2771 1181 2880 1237 ﬁlio
2903 1197 3045 1248 meo,
3070 1182 3318 1253 apparuit
3338 1190 3615 1238 mortuus:
3643 1196 3804 1253 quem

2203 1270 2512 1343 diligentius
2559 1272 2773 1331 intuens
2818 1273 2964 1330 clara
3004 1273 3147 1340 luce,
3176 1273 3514 1346 deprehendi
3543 1290 3651 1331 non
3683 1289 3813 1331 esse

2205 1381 2383 1421 meum
2415 1380 2574 1437 quem
2605 1381 2921 1436 genueram.
2953 1364 3364 1438 Responditque
3384 1367 3554 1423 altera
3578 1365 3806 1423 mulier:

2203 1457 2325 1515 Non
2350 1470 2436 1516 est
2464 1460 2537 1515 ita
2569 1458 2764 1533 [Vulg.
2793 1461 2994 1516 addunt
3026 1471 3086 1516 ut
3125 1460 3306 1534 dicis],
3352 1461 3450 1518 sed
3493 1461 3634 1516 lilius
3683 1471 3806 1516 tuus

2204 1561 2449 1608 mortuus
2471 1560 2574 1618 est,
2605 1569 2756 1609 meus
2793 1562 2971 1609 autem
3012 1553 3163 1608 vivit.
3192 1553 3516 1609 Econtrario
3543 1553 3632 1608 illa
3661 1551 3810 1609 dice-

2205 1644 2296 1701 bat
2320 1663 2332 1698 :
2361 1644 2608 1702 Mentiris
2633 1664 2647 1699 :
2675 1647 2818 1702 ﬁlius
2842 1647 3044 1718 quippe
3068 1662 3221 1703 meus
3246 1647 3397 1716 vivit,
3429 1655 3484 1703 et
3507 1646 3654 1702 ﬁlius
3681 1656 3803 1702 tuus

2205 1751 2452 1794 mortuus
2484 1748 2587 1794 est.
2613 1739 2791 1810 Atque
2841 1741 2895 1794 in
2942 1738 3087 1796 hunc
3135 1739 3356 1796 modum
3399 1739 3811 1798 contendebant

499 1833 712 1890 stodisti
735 1833 876 1888 enim
900 1831 948 1886 ei
973 1831 1401 1887 misericordiam
1421 1829 1747 1902 algrandem,
1767 1839 1821 1885 et
1837 1826 2034 1884 dedisti
2048 1827 2099 1882 ei
2130 1829 2178 1892 B
2203 1845 2386 1888 coram
2431 1846 2580 1903 rege.
2625 1830 2779 1888 Tunc
2823 1848 2918 1888 rex
2963 1833 3077 1889 ait:
3127 1831 3258 1888 Ilaec
3293 1832 3445 1903 dicit,
3475 1831 3619 1890 ﬁlius
3651 1847 3804 1888 meus

503 1925 674 1981 ﬁlium
702 1924 980 1981 sedentem
1002 1938 1164 1995 super
1188 1923 1441 1978 thronum
1465 1923 1602 1992 ejus,
1634 1922 1774 1976 sicut
1802 1931 1882 1976 est
1913 1918 2094 1974 hodie.

503 2021 571 2077 Et
614 2034 780 2088 nunc,
813 2018 1040 2076 Domine
1085 2016 1229 2074 Deus
1275 2032 1426 2073 meus
1466 2015 1594 2088 [Με.
1634 2024 1683 2070 et
1729 2013 1888 2087 Vulg.
1933 2009 2100 2076 (iacent

503 2109 700 2183 meus],
733 2122 788 2166 tu
829 2125 1056 2182 regnare
1099 2108 1274 2165 fecisti
1319 2123 1535 2164 servum
1586 2116 1739 2160 tuum
1785 2120 1882 2176 pro
1925 2102 2100 2158 David

501 2215 655 2278 patre
685 2220 807 2260 meo
831 2221 847 2260 :
878 2219 980 2272 ego
1009 2211 1191 2259 autem
1219 2217 1338 2257 sum
1364 2216 1498 2273 puer
1521 2214 1743 2270 parvus,
1766 2208 1821 2253 et
1843 2197 2101 2268 ignorans

499 2315 774 2372 egressum
805 2309 859 2354 et
889 2297 1170 2354 introitum
1201 2312 1369 2352 meum
1400 2295 1475 2368 [h.
1512 2310 1620 2350 non
1654 2291 1860 2364 habet].
1892 2291 1961 2347 Et
1985 2309 2102 2348 ser-

499 2410 602 2450 vus
639 2403 764 2449 tuus
808 2392 860 2448 in
903 2391 1087 2448 medio
1128 2399 1211 2446 est
1244 2389 1424 2461 populi
1458 2387 1535 2460 [h.
1569 2386 1751 2458 populi
1783 2384 1906 2458 tui],
1940 2401 2101 2456 quem

499 2487 735 2558 elcgisti,
767 2486 950 2557 populi
1001 2483 1219 2551 inﬁniti,
1266 2482 1358 2552 qui
1403 2479 1678 2536 numerari
1722 2489 1778 2535 et
1823 2477 2102 2548 supputari

500 2597 607 2637 non
656 2589 834 2652 potest
878 2594 989 2650 prae
1035 2576 1402 2634 multitudine.
1445 2575 1610 2632 Dabis
1653 2590 1784 2645 ergo
1814 2589 1979 2630 servo
2009 2585 2102 2629 tuo

499 2689 595 2731 cor
625 2673 824 2742 docile,
858 2682 917 2729 ut
945 2672 1196 2744 pepulum
1223 2681 1371 2728 tuum
1399 2670 1647 2742 judicare
1674 2669 1870 2741 possit,
1902 2679 1957 2724 et
1987 2667 2101 2723 dis-

499 2785 727 2828 cernere
779 2771 921 2825 inter
951 2768 1150 2824 bonum
1191 2777 1247 2822 et
1282 2767 1510 2822 malum.
1549 2765 1680 2832 Quis
1719 2763 1864 2820 enim
1903 2765 2104 2834 poterit

496 2865 742 2938 judicare
767 2862 1023 2934 populum
1045 2860 1073 2899 δ
1101 2873 1244 2916 tuum
1269 2860 1414 2915 hunc
1445 2857 1709 2914 multum?
1735 2856 1943 2912 Placuit
1971 2871 2102 2926 ergo

500 2973 682 3014 sermo
723 2971 909 3014 coram
955 2955 1184 3011 Domino
1229 2955 1308 3026 [h.
1355 2954 1409 3008 in
1455 2951 1628 3009 oculis
1667 2948 1925 3021 Domini],
1959 2948 2102 3020 quod

503 3053 760 3111 Salomon
797 3050 1168 3121 hujuscemodi
1203 3049 1530 3120 postulasset
1558 3062 1696 3102 rem.
1729 3045 1800 3101 Et
1825 3044 1967 3100 dixit
1998 3045 2104 3100 Do-

499 3148 678 3203 minus
719 3143 1037 3201 Salomoni:
1085 3142 1220 3211 Quia
1271 3140 1557 3211 postulasti
1605 3137 1831 3194 verbum
1881 3136 2014 3203 hoc,
2047 3144 2102 3190 et

2201 1925 2354 1990 vivit,
2381 1934 2437 1981 et
2465 1923 2605 1980 ﬁlius
2631 1936 2756 1981 tuus
2785 1933 3032 1980 mortuus
3067 1934 3172 1982 est.
3222 1927 3288 1982 Et
3336 1925 3438 1982 ista
3485 1927 3800 1998 respondit,

2201 2033 2334 2086 non,
2363 2018 2459 2076 sed
2493 2019 2634 2074 ﬁlius
2661 2028 2796 2075 tuus.
2816 2027 3066 2076 mortuus
3087 2029 3192 2085 est,
3221 2029 3278 2075 et
3297 2019 3444 2076 ﬁlius
3471 2035 3624 2078 meus
3649 2021 3802 2077 vivit.

2203 2115 2354 2170 Dixit
2382 2131 2513 2185 ergo
2541 2129 2638 2170 rex
2663 2133 2676 2170 :
2708 2113 2914 2171 Afferte
2942 2114 3074 2169 mihi
3103 2113 3364 2186 gladium.
3387 2113 3634 2186 Cumque
3654 2124 3798 2171 attu-

2205 2207 2402 2264 lissent
2427 2206 2667 2278 gladium
2696 2221 2883 2263 coram
2908 2223 3035 2279 rege
3059 2226 3074 2262 :
3102 2206 3361 2276 Dividite,
3390 2207 3584 2279 inquit,
3628 2207 3806 2264 infan-

2203 2309 2312 2356 tem
2339 2299 2519 2354 vivum
2549 2299 2600 2354 in
2631 2299 2766 2355 duas
2791 2307 2994 2370 partes,
3021 2307 3077 2356 et
3101 2299 3227 2357 date
3269 2300 3554 2357 dimidiam
3591 2310 3804 2373 partem

2202 2394 2320 2463 uni,
2352 2403 2408 2450 et
2431 2392 2709 2448 dimidiam
2741 2403 2949 2465 partem
2975 2393 3152 2450 alteri.
3185 2394 3332 2450 Dixit
3357 2403 3538 2452 autem
3578 2396 3804 2466 mulier,

2204 2487 2360 2558 cujus
2404 2486 2543 2542 ﬁlius
2587 2497 2708 2542 erat
2756 2486 2944 2554 vivus,
2995 2487 3065 2544 ad
3106 2503 3293 2560 regem
3342 2492 3656 2560 (commota
3686 2498 3812 2544 sunt

2203 2582 2403 2653 quippe
2425 2581 2633 2637 viscera
2657 2581 2775 2651 ejus
2794 2595 2958 2652 super
2979 2581 3096 2638 ﬁlio
3118 2568 3276 2655 suo):
3304 2581 3568 2650 Obsecro,
3588 2583 3810 2641 domine

2205 2671 2286 2743 [h.
2321 2688 2426 2728 non
2457 2672 2619 2728 habet
2648 2671 2914 2744 domine],
2942 2672 3069 2730 date
3095 2673 3170 2730 illi
3208 2673 3470 2731 infantem
3507 2675 3707 2744 vivum,
3757 2685 3810 2733 et

2207 2767 2377 2822 nolite
2412 2767 2722 2824 interﬁcere
2763 2783 2904 2823 eum.
2946 2768 3269 2824 Econtrario
3294 2768 3384 2825 illa
3416 2769 3665 2827 dicebat:
3701 2771 3810 2827 Nec

2205 2861 2361 2930 mihi,
2393 2877 2494 2918 nec
2524 2862 2618 2918 tibi
2647 2863 2741 2928 sit,
2774 2859 2802 2899 ἀ
2833 2863 2930 2918 sed
2975 2863 3272 2918 dividatur.
3317 2863 3668 2935 Respondens
3707 2881 3805 2920 rex

2204 2956 2315 3012 ait:
2361 2957 2497 3011 Date
2548 2955 2674 3012 huic
2720 2954 2985 3012 infantem
3033 2957 3243 3023 vivum,
3275 2967 3334 3013 et
3361 2974 3467 3014 non
3491 2957 3802 3017 occidatur:

2206 3046 2322 3103 haec
2347 3057 2432 3104 est
2461 3045 2606 3103 enim
2639 3045 2767 3119 [Με.
2801 3057 2936 3102 tacet
2965 3048 3134 3121 enim]
3173 3059 3352 3104 mater
3398 3050 3538 3120 ejus.
3584 3051 3806 3108 Audivit

2203 3141 2384 3214 itaque
2413 3143 2589 3198 omnis
2617 3140 2784 3200 Israel
2805 3142 3072 3213 judicium
3100 3143 3245 3215 quod
3273 3143 3572 3214 iudicasset
3603 3160 3722 3212 rex,
3752 3155 3811 3202 et

501 3257 606 3299 non
640 3240 817 3312 petisti
853 3238 949 3294 tibi
993 3237 1110 3294 dies
1158 3235 1376 3301 multos,
1429 3249 1528 3290 nec
1568 3233 1807 3297 divitias,
1851 3241 1948 3286 aut
1982 3230 2100 3286 ani—
2126 3215 2172 3280 C
2205 3239 2503 3296 timuerunt
2529 3255 2734 3312 regem,
2771 3239 3021 3296 videntes
3067 3239 3389 3312 sapientiam
3435 3239 3534 3296 Dei
3579 3255 3705 3297 esse
3754 3241 3809 3298 ίη

500 3350 642 3390 mam
675 3331 795 3406 [Ms.
823 3340 870 3386 et
907 3329 1066 3402 Vulg.
1101 3326 1331 3398 animas]
1360 3326 1706 3382 inimicorum
1738 3333 1976 3389 tuorum,
2005 3321 2099 3378 sed

501 3427 781 3500 postulasti
805 3425 897 3481 tibi
919 3423 1237 3494 sapientiam
1267 3419 1334 3475 ad
1357 3418 1777 3475 discernendum
1796 3416 2058 3488 judicium
2081 3430 2097 3470 :

499 3538 628 3578 ecce
663 3523 765 3577 feci
799 3519 892 3576 tibi
936 3517 1234 3574 secundum
1265 3527 1549 3570 sermones
1597 3523 1738 3576 tuos,
1770 3519 1826 3566 ct
1850 3508 1976 3565 dedi
2006 3507 2100 3563 tibi

498 3631 594 3671 cor
632 3615 847 3685 sapiens
889 3621 945 3667 et
985 3609 1322 3681 intelligens,
1351 3608 1407 3664 in
1440 3616 1646 3662 tantum
1676 3617 1733 3659 ut
1764 3605 1946 3659 nullus
1973 3615 2101 3662 ante

500 3717 553 3765 te
582 3707 775 3764 similis
801 3707 875 3761 tui
904 3705 1084 3768 fuerit,
1117 3717 1217 3758 nec
1246 3712 1368 3772 post
1395 3710 1448 3755 te
1477 3709 1826 3754 surrecturus
1861 3697 1951 3752 sit.
1989 3697 2098 3753 Sed

499 3812 554 3856 et
582 3802 717 3868 haec,
746 3813 866 3870 qua:
899 3811 1003 3852 non
1037 3792 1344 3865 posmlasti,
1378 3792 1501 3848 dedi
1535 3790 1672 3847 tibi:
1704 3789 1920 3846 divitias
1950 3790 2099 3846 scili-

497 3903 608 3961 cet,
641 3903 694 3948 et
721 3890 972 3963 gloriam,
1006 3897 1062 3942 ut
1093 3902 1253 3942 nemo
1279 3886 1474 3940 similis
1506 3886 1579 3940 tui
1610 3884 1776 3940 fuerit
1801 3885 1854 3938 in
1879 3882 2098 3952 regibus

498 3985 710 4042 cunctis
735 3993 885 4039 retro
912 3980 1100 4037 diebus
1127 3978 1203 4053 [h.
1234 3979 1303 4034 sit
1333 3979 1387 4034 in
1437 3977 1655 4047 regibus
1682 3977 1934 4032 omnibus
1976 3976 2097 4033 die-

496 4078 599 4136 bus
625 4077 772 4150 tuis].
806 4077 862 4134 Si
891 4085 1072 4132 autem
1099 4073 1462 4128 ambulaveris
1492 4073 1544 4126 in
1577 4069 1679 4127 viis
1717 4072 1877 4135 meis,
1902 4080 1957 4126 et
2003 4087 2099 4126 cu-

495 4173 750 4230 stodieris
772 4180 1040 4242 praecepta
1069 4184 1210 4236 mea,
1234 4179 1290 4224 et
1320 4177 1342 4207 c
1374 4168 1624 4224 mandata
1655 4182 1796 4233 mea,
1819 4165 1958 4222 sicut
1983 4181 2098 4221 am-

497 4265 705 4323 bulavit
731 4262 900 4320 David
931 4272 1082 4334 pater
1112 4271 1257 4329 tuus,
1311 4261 1498 4331 longos
1549 4259 1740 4314 faciam
1787 4257 1905 4314 dies
1953 4267 2096 4314 tuos.

495 4362 661 4433 Igitur
681 4360 954 4432 evigilavit
978 4358 1258 4422 Salomon,
1282 4366 1338 4411 et
1359 4354 1624 4410 intellexit
1651 4352 1792 4424 quod
1824 4353 2096 4409 somnium

498 4453 576 4524 [h.
616 4451 780 4523 igitur
818 4449 1089 4521 evigilavit
1129 4447 1384 4503 Salomon
1423 4463 1438 4503 :
1483 4456 1539 4502 et
1586 4460 1716 4501 ecce
1758 4445 2092 4518 somnium]:

494 4547 739 4616 Cumque
763 4543 998 4599 venisset
1027 4539 1349 4605 Jerusalem,
1380 4538 1535 4593 stetit
1559 4553 1741 4593 coram
1766 4553 1886 4592 arca
1920 4537 2095 4593 fmde-

496 4643 572 4697 ris
600 4614 838 4706 Domini,
863 4649 914 4695 et
945 4638 1142 4693 obtulit
1187 4635 1525 4702 holocausta,
1572 4643 1626 4691 et
1673 4635 1800 4690 fecit
1847 4634 2090 4688 victimas
2119 4614 2173 4675 D

496 4735 788 4806 paciﬁcas,
835 4741 892 4789 et
933 4730 1130 4803 grande
1178 4729 1255 4802 [h.
1289 4744 1397 4786 non
1440 4727 1621 4801 habet]
1647 4727 1951 4784 convivium
1977 4729 2092 4782 uni-

495 4828 667 4883 versis
725 4825 938 4881 famulis
981 4825 1116 4880 suis.
1181 4821 1263 4895 [T.
1317 4821 1411 4895 X.]
1451 4821 1602 4878 'l‘unc
1648 4829 1918 4877 venerunt
1973 4819 2092 4875 dum

497 4921 750 4978 mulieres
795 4918 1109 4974 meretrices
1140 4915 1208 4971 ad
1251 4930 1459 4988 regem.
1509 4922 1880 4984 steteruntque
1907 4928 2093 4970 coram

496 5031 584 5080 eo,
613 5028 842 5084 quarum
873 5024 978 5065 una
1001 5011 1076 5065 ait
1112 5025 1127 5063 :
1161 5009 1382 5064 Obsecro
1410 5007 1486 5080 [h.
1519 5022 1626 5062 non
1657 5006 1860 5079 habet],
1903 5007 1974 5063 mi
2000 5007 2096 5063 do-

498 5107 646 5163 mine
669 5123 684 5165 :
711 5121 812 5176 ego
841 5113 897 5160 et
928 5103 1120 5159 mulier
1149 5102 1264 5158 hazc
1292 5100 1674 5158 habitabamus
1699 5100 1750 5154 in
1773 5099 1937 5156 domo
1964 5117 2094 5169 una,

497 5213 552 5257 et
582 5201 765 5272 peperi
793 5196 934 5270 apud
966 5212 1086 5253 eam
1104 5195 1158 5252 in
1187 5195 1460 5252 cubiculo.
1482 5193 1664 5249 Tertia
1683 5209 1812 5250 vero
1833 5193 1920 5252 die
1946 5204 2098 5265 post-

570 5372 598 5401 α
628 5359 910 5417 lnterserit
931 5373 1031 5414 ms.
1058 5355 1356 5412 Veronens.
1383 5362 1543 5422 tuam,
1568 5352 1922 5410 reticentibus
1942 5354 2094 5411 libris

503 5435 648 5493 aliis.

571 5507 599 5548 b
629 5505 772 5561 Idem
801 5518 906 5558 ms.
931 5516 1053 5556 cum
1077 5498 1342 5571 Vulgatis,
1368 5497 1619 5571 papulum
1640 5497 2093 5571 ξξῑιρηιλροριιιωη

500 5590 646 5636 tuum
675 5579 811 5631 hunc
839 5573 1081 5637 multum,
1106 5567 1322 5643 lon'gius
1347 5567 1527 5626 tamen
1553 5570 1622 5624 ab
1642 5567 1929 5624 Hebraico.

575 5663 598 5692 ο
629 5649 812 5717 Neque
839 5646 926 5701 hic
955 5645 1094 5717 bene
1124 5643 1189 5698 ad
1215 5642 1516 5699 'llebrreum
1555 5649 1770 5717 textum
1799 5650 1942 5696 tacet
1985 5657 2087 5698 ms.

507 5711 801 5781 Veronens.
835 5716 1080 5772 mandata
1109 5728 1218 5784 tua,
1249 5730 1423 5784 neque
1448 5729 1570 5770 mox
1603 5711 1771 5767 David
1798 5728 2016 5768 nomen.

571 5793 598 5834 ιι
639 5791 898 5850 Voculam
931 5786 1042 5854 sed,
1066 5802 1189 5858 qua:
1236 5801 1412 5858 neque
1457 5787 1511 5840 in
1548 5784 1795 5851 Hebraeo,
1830 5801 2004 5858 neque
2035 5787 2088 5842 in

499 5868 623 5926 aliis
674 5863 944 5936 plerisque
994 5859 1244 5918 omnibus
1293 5857 1443 5916 libris
1482 5867 1587 5926 est,
1635 5858 1824 5914 reticet
1880 5857 2083 5916 Veron.
2184 5897 2186 5899 ›

2203 3345 2270 3387 eo
2295 3332 2364 3386 ad
2389 3331 2692 3387 faciendum
2718 3330 3007 3400 judicium.

2276 3422 2374 3495 [Τ.
2427 3423 2522 3490 XI,
2567 3423 2697 3496 Cap.
2745 3423 2870 3496 lV.]
2940 3424 3068 3480 Erat
3125 3434 3308 3481 autem
3361 3441 3457 3482 rex
3532 3426 3794 3484 Salomon

2202 3529 2436 3586 regnans
2475 3530 2639 3586 super
2676 3531 2891 3572 omnem
2925 3513 3125 3583 lsrael,
3155 3525 3212 3572 et
3262 3517 3316 3572 bi
3359 3519 3640 3590 principes
3669 3535 3806 3592 quos

2204 3608 2440 3664 habebat
2472 3626 2486 3662 :
2515 3609 2740 3664 Azarias
2781 3608 2923 3664 ﬁlius
2967 3608 3146 3665 Sadoc
3189 3620 3213 3648 ο
3252 3611 3555 3668 sacerdotis
3592 3628 3611 3668 :
3658 3613 3798 3669 Elic-

2202 3701 2335 3767 reph
2363 3711 2417 3756 et
2442 3700 2580 3756 Ahia
2604 3700 2701 3756 ﬁlii
2725 3701 2845 3758 Sisa
2869 3702 3067 3758 scriba:
3089 3721 3099 3756 :
3129 3702 3398 3775 Josaphat
3425 3705 3574 3762 ﬁlius
3600 3705 3800 3763 Abilud

2202 3808 2234 3847 a
2261 3793 2278 3831 ί
2311 3795 2718 3850 commentariis
2743 3812 2756 3848 :
2785 3796 3014 3851 Banaias
3044 3795 3185 3852 ﬁlius
3214 3797 3425 3854 Joiada:
3452 3815 3619 3870 super
3642 3816 3802 3857 exer-

2201 3887 2366 3943 citum
2400 3905 2415 3944 :
2451 3887 2629 3943 Sadoc
2664 3897 2869 3952 autem.
2903 3898 2960 3945 et
2992 3889 3256 3946 Abiatbar
3294 3893 3629 3951 sacerdotes.
3660 3899 3800 3951 Aza-

2200 3982 2310 4038 rias
2340 3983 2486 4038 ﬁlius
2522 3982 2753 4052 Natban,
2789 3999 2957 4054 super
2985 4000 3080 4040 eos
3112 3985 3192 4057 [h.
3220 4000 3386 4056 super
3423 3988 3797 4061 praepositos].

2199 4075 2289 4143 qui
2314 4076 2645 4130 assistebant
2674 4078 2786 4144 regi
2823 4093 2839 4132 :
2883 4075 3069 4131 Zabud
3101 4077 3246 4133 ﬁlius
3274 4078 3488 4136 Nathan
3517 4083 3794 4150 sacerdos,

2199 4169 2407 4225 amicus
2437 4169 2607 4239 regis,
2639 4177 2694 4224 et
2727 4168 2925 4225 Ahisar
2951 4170 3284 4241 praepositus
3310 4173 3524 4242 domus,
3551 4186 3605 4232 et
3647 4175 3794 4232 Ado-

2200 4263 2373 4316 niram
2399 4261 2544 4316 ﬁlius
2573 4259 2727 4317 Abda
2757 4277 2920 4333 super
2953 4263 3174 4319 tributa.
3207 4264 3453 4323 Habebat
3483 4280 3664 4325 autem
3689 4267 3795 4325 Sa-

2198 4352 2382 4408 lomon
2409 4353 2697 4432 duodecim
2739 4355 3025 4426 praefectos
3050 4371 3216 4428 super
3241 4375 3454 4416 omnem
3484 4361 3670 4432 Israel,
3701 4364 3793 4434 qui

2199 4446 2517 4516 praebebant
2544 4460 2812 4500 annonam
2845 4447 2958 4516 regi
2989 4455 3046 4502 et
3070 4446 3255 4503 domui
3288 4449 3407 4520 ejus
3439 4467 3454 4510 :
3488 4467 3589 4522 per
3615 4454 3793 4526 singu-

2198 4539 2280 4595 los
2327 4539 2470 4595 enim
2527 4554 2744 4596 menses
2792 4540 2845 4595 in
2877 4556 3041 4608 anno,
3089 4543 3285 4614 singuli
3328 4548 3640 4604 necessaria
3689 4548 3794 4604 tui-

2200 4632 2522 4690 nistrabant.
2582 4633 2652 4690 Et
2699 4640 2814 4691 tunc
2881 4637 3098 4692 nomina
3151 4652 3387 4694 eorum:
3438 4640 3679 4707 Benltur,
3739 4643 3794 4700 in

2200 4734 2384 4782 monte
2403 4725 2682 4797 Ephraim.
2710 4727 3008 4797 Bendecar,
3030 4730 3082 4784 in
3107 4729 3342 4798 Macces,
3365 4740 3420 4787 et
3447 4732 3501 4788 in
3528 4733 3790 4804 Salehim,

2198 4831 2254 4879 et
2278 4823 2330 4876 in
2358 4820 2735 4888 Betti-Sanies,
2764 4832 2818 4876 et
2846 4821 2980 4877 Elon
3013 4833 3070 4879 et
3089 4823 3438 4883 Both-Anan.
3464 4828 3708 4884 Benesed
3739 4831 3794 4884 in

2199 4915 2448 4972 Aruboth
2485 4915 2694 4985 :ipsius
2722 4925 2840 4971 erat
2867 4916 3080 4974 Soccho
3106 4931 3161 4974 et
3199 4921 3377 4975 omnis
3400 4928 3546 4977 terra
3582 4922 3792 4994 Epher.

2199 5007 2603 5076 Benabinadab,
2649 5009 2805 5080 cujus
2864 5012 3044 5068 omnis
3093 5010 3496 5082 Nephath—Dor,
3547 5014 3795 5087 Tapbeth

2199 5103 2363 5159 ﬁliam
2395 5101 2706 5159 Salomonis
2756 5103 2990 5161 habebat
3018 5121 3266 5164 uxorem.
3309 5107 3453 5163 Bona
3484 5107 3628 5164 ﬁlius
3656 5108 3794 5164 Alii-

2198 5196 2292 5253 lud
2317 5198 2539 5268 regebat
2564 5195 2820 5253 Thanaeh
2857 5209 2913 5255 et
2937 5198 3219 5273 Mageddo,
3247 5211 3304 5260 et
3324 5202 3635 5260 universam
3652 5201 3788 5260 Beth

2198 5371 2414 5429 quoque
2442 5369 2546 5429 ms.

2275 5426 2997 5522 ο-ΔρξξοᾳηςξΞ-ξηεηεμτφο-
3015 5438 3150 5522 mm
3166 5476 3182 5500 ,
3207 5435 3386 5522 και·ωοὶ
3431 5436 3634 5522 aliquot
3662 5435 3786 5494 libri

2199 5506 2254 5554 in
2288 5510 2438 5579 recto
2479 5510 2694 5579 vertunt
2725 5506 2889 5579 ἱερεύς
2923 5506 3162 5579 εᾼῳξίιηιε
3192 5519 3454 5565 consonat
3481 5509 3782 5567 Veronens.

2197 5586 2301 5642 ms.
2338 5570 2594 5626 Sacerdos
2629 5586 2728 5642 pro
2759 5570 3078 5632 Sacerdotis.

2272 5641 2392 5722 f__ln
2417 5641 2953 5722 codicis’Yerone‘ns.
2989 5649 3234 5720 margine
3280 5654 3542 5722 scriptum
3597 5662 3681 5712 est
3727 5653 3780 5708 in

2195 5713 2348 5770 LXX
2385 5732 2417 5768 a
2454 5717 2733 5788 memoria,
2772 5715 2966 5788 quibus
2994 5713 3234 5777 veterem
3281 5713 3524 5783 Latinam
3555 5725 3781 5785 Versio-

2195 5804 2318 5846 nem
2348 5803 2414 5845 ex
2442 5787 2634 5847 Graeco
2665 5787 2933 5861 dcuOtari,
2964 5791 3097 5852 nihil
3123 5804 3209 5852 est
3234 5795 3478 5856 dubium.
3620 5833 3639 5873 ι
