3964 6344
326 278 427 336 681

1655 286 1858 346 LIBER
1901 289 1922 346 I
1962 290 2346 350 MALACIIIM.

3525 308 3632 367 682

333 391 461 454 San,
494 403 618 459 qua:
644 398 729 445 est
752 390 907 462 juxta
938 390 1198 449 Sarthana
1233 393 1420 451 subter
1444 395 1674 462 .lezrael,
1708 415 1736 451 a
1771 399 1936 454 Betb-
1965 401 2015 463 Α
2043 401 2144 457 bus
2173 420 2188 459 :
2217 404 2514 471 sapientior
2543 404 2718 460 Ethau
2751 404 3016 474 Fzrabite,
3050 418 3105 466 et
3140 410 3366 479 Ileman,
3395 415 3634 473 etChal—

329 481 433 536 Sau
469 497 644 551 usque
676 484 993 540 Abelmeula
1027 497 1050 523 ³
1084 503 1113 542 c
1155 486 1376 557 regione
1415 490 1696 544 Jecmaau.
1728 492 1933 561 Beuga—

331 573 429 629 ber
461 576 509 628 iu
542 576 778 631 Hamuth
807 578 1006 634 Galaad
1043 599 1055 635 :
1083 579 1316 635 habebat
1350 571 1668 638 AvutIt-Jair
1698 584 1792 638 ﬁlii
1828 584 1935 639 Ma-

331 681 488 722 nasse
530 667 586 722 iu
617 668 823 726 Galaad
859 690 869 726 :
899 671 1015 742 ipse
1043 686 1272 742 praeerat
1307 675 1358 727 iu
1389 677 1534 730 omni
1577 677 1799 745 regione
1829 682 1932 732 Ar-

331 762 456 833 gob,
484 778 610 833 qum
642 773 728 820 est
755 766 808 820 in
840 765 1036 834 BaSan,
1062 768 1347 838 sexaginta
1370 769 1684 824 civitatibus
1727 772 1936 841 magnis

330 865 491 926 atque
523 859 778 924 muralis,
813 876 934 930 quae
973 859 1248 916 habebant
1277 876 1431 918 seras
1479 879 1673 920 aereas.
1727 865 1936 920 Altina-

333 949 457 1011 dad,
491 951 640 1006 ﬁlius
673 953 850 1019 Addo,
895 966 1125 1024 praterat
1175 956 1227 1010 in
1267 957 1502 1014 Mauaim
1547 978 1561 1016 ;
1594 959 1854 1014 Ahimaas
1884 961 1936 1015 in

332 1043 626 1115 Nepluhali
662 1065 675 1101 :
707 1048 803 1104 sed
835 1056 891 1104 et
923 1051 1041 1120 ipse
1072 1049 1309 1107 habebat
1337 1053 1591 1109 BaSll‘laIII
1640 1055 1802 1110 ﬁliam
1841 1055 1941 1111 Sa-

335 1139 569 1195 lomonis
601 1141 656 1196 in
687 1144 961 1214 conjugio.
996 1144 1164 1214 Bana,
1199 1146 1339 1202 ﬁlius
1366 1148 1519 1212 Ilusi,
1552 1147 1607 1202 iu
1641 1150 1776 1203 Aser
1809 1147 1935 1221 [Με.

334 1235 513 1291 Banaa
550 1246 596 1291 et
643 1235 828 1306 Asar'],
867 1241 915 1294 in
950 1239 1167 1294 Balotlt.
1201 1239 1488 1311 .Iosapltat,
1527 1243 1667 1296 lilius
1700 1239 1936 1310 Pliar'ue,

335 1329 388 1384 in
407 1329 677 1390 ISsachar.
703 1333 906 1398 Semei,
926 1334 1068 1388 ﬁlius
1089 1335 1203 1404 Ela,
1240 1336 1292 1391 in
1315 1336 1619 1404 Beujamiu.
1653 1338 1853 1403 Gaber,
1880 1337 1942 1391 ﬁ-

334 1423 440 1478 lius
496 1423 640 1487 Uri,
693 1426 747 1480 in
808 1436 952 1482 terra
1004 1427 1234 1494 Galaad,
1286 1429 1339 1483 in
1397 1439 1540 1484 terra
1596 1430 1739 1485 Seou
1799 1430 1942 1500 regis

339 1517 643 1572 Arnorrbzei
669 1527 726 1574 et
748 1518 826 1590 Og
851 1521 994 1589 regis
1022 1520 1216 1589 Basan,
1247 1536 1412 1591 super
1433 1523 1611 1577 omnia
1635 1536 1755 1590 qua:
1789 1531 1945 1577 erant

335 1609 391 1665 in
440 1611 530 1666 illa
567 1623 712 1667 terra
745 1613 834 1685 [h.
890 1623 944 1668 et
978 1615 1266 1683 praefectus
1299 1632 1430 1670 unus
1477 1626 1600 1672 erat
1641 1631 1803 1685 super
1843 1625 1942 1670 ter-

338 1701 491 1775 ram].
515 1705 656 1760 Juda
686 1715 741 1760 et
769 1707 930 1762 Israel
959 1707 1383 1764 innumerabiles
1404 1707 1484 1779 [Ιι.
1503 1709 1724 1778 plurimi
1745 1709 1778 1779 Ι.
1803 1710 1943 1764 sicut

2038 494 2158 549 chol
2191 494 2320 568 [Μδ.
2352 495 2583 570 Calca~],
2628 508 2682 551 et
2719 499 2917 567 Dorda,
2953 501 3077 556 ﬁliis
3106 503 3265 570 Maol,
3299 515 3354 560 et
3389 521 3505 561 erat
3539 525 3634 562 no-

2041 589 2273 642 minatus
2303 589 2358 643 in
2387 593 2657 648 universis
2702 595 2954 664 gentibus
2989 611 3085 666 per
3114 597 3422 653 circuitum.
3458 600 3634 657 Locu-

2034 678 2129 734 tus
2167 690 2253 736 est
2298 698 2512 753 quoque
2562 684 2820 741 Salomon
2871 688 2974 743 tria
3020 689 3186 745 millia
3226 692 3533 761 parabolas,
3577 703 3635 750 et

2041 771 2258 828 fuerunt
2285 775 2528 831 carmina
2556 779 2673 846 ejus
2697 780 2935 850 quinque
2964 790 3018 836 et
3046 782 3216 837 mille.
3248 783 3313 839 Et
3339 783 3636 856 disputavit

2039 883 2205 937 super
2233 870 2415 940 lignis,
2447 886 2478 926 a
2508 872 2674 928 cedro
2702 889 2821 944 quae
2867 883 2954 930 est
2985 875 3039 930 in
3080 876 3314 943 Libano,
3354 894 3523 949 usque
3564 880 3636 936 ad

2042 960 2338 1034 hyssopum
2367 980 2487 1034 quas
2520 966 2798 1036 egreditur
2829 967 2894 1023 de
2942 969 3169 1039 pariete,
3200 978 3255 1024 et
3282 970 3541 1028 disseruit
3567 973 3638 1027 de

2037 1056 2320 1127 jumentis,
2352 1069 2406 1114 et
2429 1059 2763 1126 volucribus,
2788 1071 2843 1114 et
2866 1061 3170 1131 reptilibus,
3206 1073 3259 1118 et
3289 1062 3548 1132 piscibus.
3570 1065 3639 1120 Et

2042 1151 2335 1204 veniebant
2364 1150 2431 1206 de
2471 1153 2685 1207 cunctis
2717 1153 2928 1223 papulis
2957 1154 3024 1208 ad
3064 1153 3392 1210 audiendam
3423 1157 3639 1225 sapien-

2045 1241 2173 1296 tiam
2203 1242 2514 1298 Salomonis
2536 1254 2590 1300 et
2615 1244 2742 1316 [Μσ.
2773 1255 2905 1300 tacet
2931 1245 3004 1318 et]
3034 1247 3101 1301 ab
3127 1248 3394 1305 universis
3419 1249 3637 1321 regibus

2045 1343 2229 1402 terrae,
2255 1337 2342 1403 qui
2373 1336 2665 1392 audiebant
2695 1340 3017 1408 sapientiam
3062 1341 3200 1410 ejus.

2118 1427 2202 1499 [T.
2241 1428 2382 1499 XIII,
2417 1429 2547 1499 Cap.
2584 1430 2672 1502 V.]
2718 1432 2859 1487 Misit
2893 1449 3109 1505 quoque
3156 1435 3338 1490 Iliram
3372 1453 3464 1492 rex
3504 1438 3638 1510 'I‘yri

2045 1537 2236 1577 servos
2286 1539 2414 1578 suos
2461 1524 2527 1578 ad
2581 1524 2928 1582 Salomouem
2971 1546 2984 1582 :
3037 1527 3250 1583 audivit
3303 1531 3446 1585 enim
3491 1531 3641 1602 qttud

2047 1617 2222 1684 ipsum
2252 1617 2533 1672 uuxisseut
2558 1633 2740 1689 regem
2776 1635 2872 1688 pro
2903 1629 3056 1688 patre
3087 1622 3203 1690 ejus
3235 1637 3249 1674 :
3283 1624 3408 1692 quia
3435 1625 3640 1680 amicus

2049 1705 2225 1762 fuerat
2263 1710 2444 1764 lliram
2485 1710 2653 1764 David
2696 1712 3137 1782 omnitempore.
3188 1713 3332 1769 Misit
3368 1727 3545 1771 autem
3587 1726 3644 1773 et

338 1810 500 1850 arena
543 1798 714 1852 maris
743 1798 795 1851 iu
827 1799 1174 1854 multitudine
1210 1817 1223 1854 ;
1257 1800 1630 1867 comedentes,
1673 1812 1729 1856 et
1755 1802 1941 1856 biben-
1975 1801 2022 1863 B
2051 1802 2308 1857 Salomon
2339 1804 2404 1858 ad
2432 1803 2638 1871 lliram,
2665 1804 2855 1860 dicens
2883 1823 2896 1859 :
2921 1806 3001 1860 Tu
3027 1807 3134 1861 scis
3171 1809 3502 1864 voluntatem
3543 1811 3647 1864 Da-

341 1896 443 1956 tes,
477 1900 643 1961 atque
696 1891 965 1948 lzetantt-s.
1009 1893 1095 1965 [Τ.
1132 1893 1250 1958 ΧΠ,
1283 1895 1347 1948 C.
1401 1894 1513 1965 ιγρ]
1558 1896 1816 1951 Salomon
1848 1912 1944 1950 au-

342 1993 448 2040 tem
493 1998 613 2041 erat
654 1988 706 2042 in
753 1987 960 2043 ditione
998 2004 1127 2055 sua,
1175 1990 1382 2044 habens
1425 1990 1606 2044 omnia
1648 2007 1814 2058 regna
1857 1989 1885 2028 ι)
1914 2007 1944 2046 a

342 2074 563 2131 ﬂumine
589 2087 752 2132 terra;
778 2078 1082 2134 Philistbim
1110 2096 1278 2149 usjue
1299 2059 1364 2135 ad
1382 2083 1674 2137 terminum
1699 2082 1943 2154 Egypti,

341 2171 687 2228 oﬂ'ereulium
710 2175 810 2229 sibi
833 2193 1080 2242 munera,
1100 2186 1156 2232 et
1171 2179 1522 2234 servientium
1547 2181 1592 2234 ei
1609 2183 1817 2236 cunctis
1835 2181 1950 2238 die-

342 2266 444 2321 bus
471 2267 595 2322 vita:
624 2267 765 2338 ejus.
795 2270 926 2326 Erat
951 2280 1132 2327 autem
1160 2272 1316 2328 cibus
1336 2273 1412 2346 μι.
1442 2274 1616 2346 panis]
1639 2276 1949 2332 Salomonis

343 2375 441 2431 per
462 2361 580 2416 dies
621 2363 891 2432 singulas,
929 2365 1142 2434 triginta
1169 2367 1281 2420 cori
1323 2367 1534 2432 similae,
1579 2379 1634 2424 et
1670 2371 1950 2435 sexaginta

342 2459 457 2509 cori
493 2455 710 2523 farinae,
753 2456 944 2514 decem
988 2460 1152 2515 boves
1195 2461 1440 2531 pingues.
1479 2472 1532 2518 et
1566 2463 1752 2533 viginti
1786 2464 1952 2520 boves

343 2552 652 2618 pascuales,
679 2562 732 2606 et
753 2561 970 2606 centum
1007 2553 1204 2609 arietes
1232 2555 1503 2627 [b.oves'],
1536 2568 1760 2628 excepta
1793 2573 1953 2612 vena—

343 2641 494 2696 tione
505 2657 820 2711 cervorum,
836 2660 1028 2713 caprea
1039 2663 1157 2700 rum
1173 2659 1335 2718 atque
1351 2649 1692 2712 bubalorum,
1709 2659 1763 2705 et
1776 2651 1952 2705 avium

342 2735 554 2790 atiliutn
575 2737 657 2810 [ὴ.
677 2736 1119 2804 oiuissis,cervis,
1138 2744 1375 2809 capreis,
1399 2740 1646 2812 bubulis].
1666 2743 1784 2813 Ipse
1812 2744 1955 2799 enim

345 2829 632 2885 obtinebat
662 2846 877 2885 omnem
917 2834 1226 2904 regionem,
1266 2850 1388 2902 qua}
1421 2845 1541 2891 erat
1571 2845 1720 2892 trans
1753 2836 1955 2892 ﬁumen

349 2935 372 2962 ε
397 2940 430 2978 a
461 2923 679 2994 Tapbsa
728 2940 896 2994 usque
925 2927 1145 2992 Gazam,
1178 2938 1232 2984 et
1279 2940 1502 2984 cunctos
1539 2945 1696 3000 reges
1740 2931 1957 2986 illarum

345 3017 660 3086 regionum,
703 3027 759 3074 et
812 3017 1045 3074 habebat
1076 3035 1264 3090 pacem
1295 3037 1364 3076 ex
1407 3024 1552 3076 omni
1586 3032 1741 3093 parte
1773 3023 1824 3078 in
1854 3023 1958 3077 cir-

348 3112 525 3168 cuitu.
568 3113 965 3183 Habitabatque
1016 3114 1155 3171 Juda
1195 3125 1251 3172 et
1297 3117 1458 3173 Israel
1509 3119 1717 3189 absque
1765 3120 1960 3176 timore

2054 1893 2142 1949 vid
2175 1896 2343 1965 patris
2375 1898 2504 1966 mei,
2548 1906 2604 1952 et
2642 1899 2768 1967 quia
2811 1915 2918 1953 non
2969 1902 3203 1971 potuerit
3242 1902 3514 1960 a'dilicare
3543 1904 3645 1959 do-

2049 2003 2194 2041 mum
2228 1988 2306 2060 [b.
2339 1987 2419 2043 Tu
2447 1990 2555 2044 scis
2585 1991 2725 2060 quod
2758 1991 2919 2045 Dat-id
2944 2004 3097 2060 pater
3126 2009 3281 2048 meus
3319 2010 3426 2049 non
3475 1997 3649 2065 potuit

2050 2078 2318 2134 :editicare
2334 2080 2577 2151 domum]
2599 2083 2802 2136 nomini
2823 2083 3036 2137 Domini
3057 2084 3149 2140 Dei
3165 2085 3248 2139 sui
3266 2100 3485 2157 propter
3504 2089 3647 2144 bella

2053 2172 2390 2228 imminentia
2412 2190 2510 2244 per
2531 2177 2844 2245 circuitum,
2869 2176 3049 2232 donec
3069 2177 3227 2234 daret
3259 2181 3521 2236 Dominus
3550 2197 3647 2238 eos

2053 2268 2152 2322 sub
2184 2268 2409 2336 vestigio
2439 2270 2633 2334 pedum
2663 2269 2802 2338 ejus.
2847 2269 2930 2340 [T.
2972 2269 3137 2342 XIV.]
3169 2271 3322 2328 Nunc
3353 2285 3534 2329 autem
3564 2291 3650 2332 re-

2053 2362 2234 2430 quiem
2263 2361 2410 2416 dedit
2441 2358 2468 2399 ἀ
2501 2362 2766 2417 Dominus
2796 2363 2941 2418 Deus
2977 2379 3131 2420 meus
3158 2366 3288 2420 mihi
3322 2383 3417 2437 per
3443 2361 3652 2425 circui-

2056 2463 2192 2521 tum,
2238 2465 2294 2510 Θι
2349 2471 2455 2511 non
2511 2465 2596 2510 est
2645 2467 2838 2522 satan,
2895 2473 3071 2528 neque
3131 2475 3392 2516 OCCUI'SIIS
3452 2464 3649 2520 malus.

2055 2547 2419 2615 Quamobrem
2446 2550 2625 2618 cogito
2670 2550 2945 2607 trdiﬁcare
2981 2553 3241 2623 templum
3284 2556 3488 2610 nomini
3539 2557 3649 2612 Do-

2060 2642 2191 2694 mini
2226 2639 2350 2712 [Μδ.
2401 2651 2534 2696 tacet
2592 2642 2826 2713 Domini]
2858 2643 2948 2697 Dei
2978 2645 3105 2705 mei.
3149 2644 3293 2700 sicut
3332 2646 3544 2702 locutus
3569 2658 3656 2704 est

2057 2733 2321 2788 Dominus
2363 2733 2530 2789 David
2589 2734 2731 2804 patri
2777 2749 2918 2800 meo,
2975 2735 3162 2791 dicens
3212 2753 3224 2788 :
3285 2736 3456 2792 Filius
3505 2749 3651 2809 tuus,

2057 2841 2218 2893 quem
2246 2825 2390 2880 dabo
2431 2840 2530 2896 pro
2559 2835 2611 2882 te
2641 2843 2806 2898 super
2833 2826 3034 2882 solium
3067 2838 3238 2897 tuum,
3276 2831 3391 2900 ipse
3418 2832 3656 2888 aediﬁca-

2058 2918 2140 2973 bit
2181 2917 2400 2973 domum
2434 2919 2638 2973 nomini
2677 2934 2820 2974 meo.
2875 2918 3112 2989 Praecipe
3154 2919 3317 2991 igitur
3357 2933 3414 2977 ut
3465 2926 3658 2994 praeci-

2059 3013 2192 3070 dant
2222 3013 2354 3069 mibi
2384 3013 2569 3086 [Vult].
2601 3015 2799 3069 addunt
2825 3017 2967 3072 servi
2999 3015 3098 3088 tui]
3121 3017 3316 3072 cedros
3337 3018 3404 3072 de
3427 3019 3651 3087 Libano,

2062 3116 2118 3162 et
2138 3107 2282 3162 servi
2325 3107 2432 3162 mei
2455 3107 2568 3162 sint
2596 3123 2718 3164 cum
2748 3111 2921 3165 servis
2947 3111 3055 3164 tuis
3089 3129 3102 3165 :
3138 3113 3447 3168 mercedem
3471 3125 3653 3176 autem

349 3205 468 3260 ullo
512 3205 592 3276 μ).
632 3206 970 3279 conﬁdenter]
1003 3250 1016 3272 ,
1048 3209 1418 3280 unusquisque
1445 3210 1547 3264 sub
1575 3213 1690 3266 vite
1733 3227 1853 3280 sua,
1897 3219 1954 3267 et
1979 3195 2025 3259 C
2057 3218 2342 3258 servorum
2379 3212 2598 3257 tuorum
2633 3202 2775 3258 dabo
2811 3205 2904 3258 tibi
2942 3219 3337 3275 quamcumque
3377 3223 3656 3279 pralcepe-

348 3298 460 3353 sub
491 3298 595 3353 ﬁcu
618 3314 739 3367 sua,
767 3315 796 3354 a
826 3299 937 3355 Dan
962 3317 1131 3372 usque
1162 3302 1489 3368 Ber-Sabee,
1523 3306 1731 3360 cunctis
1762 3304 1960 3361 diebus

352 3392 692 3449 Salomonis.
730 3394 798 3448 Et
844 3393 1078 3450 habebat
1104 3397 1361 3452 Salomon
1405 3397 1758 3468 quadraginta
1790 3399 1960 3454 millia

352 3486 630 3556 praesepia
680 3501 950 3558 equorum
1011 3489 1294 3544 currilium
1347 3503 1402 3546 et
1454 3491 1737 3548 duodecim
1789 3493 1960 3548 millia

352 3581 726 3649 equestrium.
757 3579 1189 3652 Nuiti-iebantqtie
1215 3597 1310 3638 eos
1331 3585 1626 3654 supradicti
1651 3584 1797 3655 regis
1823 3600 1963 3656 pra:-

353 3671 491 3729 I'ecti
515 3689 530 3729 :
563 3673 660 3729 sed
689 3682 746 3729 et
767 3675 1076 3730 necessaria
1103 3689 1303 3730 tnensae
1325 3678 1466 3747 regis
1491 3677 1817 3744 Salomoois,
1838 3692 1959 3731 cum

354 3766 578 3836 ingenti
603 3781 732 3822 cura
767 3765 1084 3836 praebebant
1113 3768 1164 3820 in
1205 3778 1450 3838 tempore
1479 3785 1597 3823 suo.
1634 3769 1712 3840 [b.
1745 3768 1964 3823 Nutrie-

351 3859 603 3930 bantque
642 3859 945 3929 supradicti
995 3859 1231 3928 praefecti
1281 3875 1466 3928 regem
1511 3860 1878 3925 Salomonem,
1911 3869 1966 3916 et

354 3969 559 4009 omnes
581 3953 843 4009 convivas
872 3953 1177 4010 Salomonis
1207 3969 1328 4010 cum
1357 3955 1562 4025 ingenti
1589 3970 1716 4009 cura
1746 3954 1798 4009 iu
1829 3964 1966 4008 tem-

355 4064 500 4121 pore
527 4047 671 4120 suo.]
706 4048 978 4103 Hordeum
1008 4064 1226 4120 quoque
1248 4058 1302 4104 et
1325 4049 1506 4119 paleas
1525 4063 1784 4119 equorum
1808 4057 1862 4104 et
1879 4048 1968 4118 ju-

359 4154 678 4198 mentorum
711 4141 1030 4197 deferebant
1061 4144 1113 4196 in
1153 4142 1357 4210 locum,
1401 4143 1490 4199 ubi
1522 4151 1642 4198 erat
1669 4157 1785 4209 rex,
1815 4142 1966 4211 juxta

364 4239 730 4294 consdtutum
762 4238 887 4292 sibi.
920 4238 998 4310 [li.
1033 4237 1122 4293 ubi
1143 4247 1263 4293 erat
1291 4235 1642 4292 constitutum
1675 4234 1825 4305 sibi.]
1861 4237 1963 4292 De-

365 4332 457 4388 dit
500 4347 718 4403 quoque
753 4333 890 4386 Deus
939 4330 1262 4401 sapientiam
1301 4330 1598 4396 Salomoni,
1632 4341 1688 4387 et
1734 4330 1968 4401 pruden-

369 4426 503 4480 tiam
537 4424 764 4479 multam
790 4421 971 4485 nimis,
995 4431 1050 4477 et
1078 4423 1416 4478 latitudinem
1440 4421 1642 4488 cordis,
1665 4422 1820 4493 quasi
1851 4435 1968 4477 are-

371 4533 528 4582 nam,
571 4532 694 4585 qua:
724 4524 809 4571 est
845 4517 899 4570 in
933 4514 1117 4570 littore
1162 4519 1346 4571 maris.
1392 4516 1459 4571 Et
1512 4514 1854 4586 praecedebat
1883 4528 1970 4569 sa-

2061 3295 2136 3349 ris
2188 3294 2265 3367 ]It.
2314 3312 2688 3368 quamcumque
2717 3295 2940 3351 dixeris.
2995 3296 3149 3369 Vulg.
3200 3301 3444 3374 petieris]
3487 3319 3500 3356 :
3548 3304 3658 3360 scis

2060 3387 2206 3443 enim
2243 3388 2518 3458 quomodo
2563 3387 2688 3461 [Με.
2734 3389 3012 3460 quoniam]
3061 3406 3169 3444 non
3223 3402 3306 3446 est
3353 3392 3404 3446 in
3457 3396 3660 3464 pupulo

2063 3498 2186 3537 meo
2219 3483 2294 3554 [ιι.
2341 3483 2391 3538 ἰιι
2425 3481 2599 3554 nobis]
2629 3483 2714 3536 vir
2737 3483 2826 3554 qui
2859 3485 3072 3539 noverit
3100 3485 3239 3554 ligna
3273 3486 3484 3542 caedere
3521 3490 3665 3546 sicut

2064 3574 2293 3629 Sidonii.
2324 3576 2456 3630 Cum
2483 3589 2616 3646 ergo
2645 3575 2888 3632 audisset
2913 3577 3098 3632 Hiram
3125 3578 3289 3633 verba
3325 3578 3662 3649 Salomonis,

2063 3669 2277 3724 laetatus
2301 3678 2384 3723 est
2405 3669 2579 3734 valde,
2605 3677 2659 3724 et
2680 3674 2750 3723 ait
2777 3690 2789 3723 ς
2830 3670 3160 3726 Benedictus
3183 3672 3442 3729 Dominus
3470 3684 3493 3711 ε
3520 3673 3663 3730 Deus

2067 3760 2252 3827 hodie,
2284 3762 2374 3832 qui
2407 3762 2556 3816 dedit
2589 3761 2752 3816 David
2787 3761 2952 3817 ﬁlium
2999 3764 3463 3830 sapientissimum
3501 3783 3666 3837 super

2066 3856 2326 3926 pupulum
2360 3855 2503 3912 hunc
2539 3856 2853 3926 plurimum.
2889 3856 2972 3928 [Τ.
3006 3857 3148 3930 XV]
3193 3859 3255 3914 Et
3297 3860 3442 3916 misit
3479 3862 3664 3917 Hiram

2067 3949 2134 4004 ad
2177 3950 2546 4014 Salomonem,
2581 3951 2811 4005 dicens:
2847 3949 3044 4006 Audivi
3099 3967 3457 4022 quaecumque
3508 3971 3663 4012 man-

2078 4041 2216 4096 dasti
2246 4041 2409 4096 mihi:
2441 4056 2542 4114 ego
2568 4041 2760 4096 faciam
2792 4056 3010 4098 omnem
3057 4045 3387 4100 voluntatem
3435 4056 3579 4102 tuam
3610 4048 3666 4104 in

2068 4137 2230 4208 lignis
2255 4135 2491 4191 cedrinis
2521 4133 2856 4205 etabiegnis.
2887 4133 3040 4190 Servi
3070 4137 3172 4192 mei
3200 4137 3475 4206 deponent
3502 4155 3562 4194 ea
3595 4140 3666 4196 de

2069 4229 2276 4286 Libano
2306 4229 2373 4284 ad
2415 4244 2583 4293 mare,
2616 4239 2672 4283 et
2697 4225 2808 4298 ego'
2824 4242 3144 4298 componam
3181 4244 3246 4284 ea
3287 4229 3340 4284 in
3371 4230 3578 4286 ratibus
3607 4231 3665 4288 in

2070 4327 2229 4393 mari,
2263 4340 2432 4396 usque
2473 4323 2540 4378 ad
2581 4323 2760 4380 locum
2793 4339 2951 4392 quem
2989 4323 3376 4394 signiﬁcaveris
3415 4327 3568 4393 mihi,
3609 4334 3667 4382 et

2071 4418 2362 4490 applicabo
2391 4433 2454 4472 ea
2493 4416 2586 4480 ibi,
2615 4425 2671 4472 et
2717 4425 2770 4471 tu
2807 4416 2966 4472 tolles
2995 4431 3056 4471 ea
3092 4434 3104 4470 :
3141 4417 3522 4487 prwbebisque
3571 4434 3668 4474 ne-

2072 4513 2309 4569 cessaria
2351 4513 2514 4577 mihi,
2562 4520 2620 4567 ut
2657 4510 2814 4565 detur
2855 4510 3009 4566 cibus
3055 4509 3238 4564 domui
3289 4525 3446 4565 meae.
3482 4511 3669 4582 Itaque

373 4611 583 4683 pientia
625 4609 933 4665 Salomonis
979 4609 1302 4678 sapientiam
1343 4584 1581 4664 omnium
1615 4607 1970 4664 Orientaliqu
2000 4584 2051 4644 D
2080 4605 2263 4661 Hiram
2295 4605 2372 4677 [Ιι.
2423 4605 2508 4659 hic
2542 4603 2726 4666 habet,
2777 4600 2968 4672 Hiron]
3013 4600 3172 4655 dabat
3204 4601 3485 4656 Salomoui
3524 4603 3671 4674 ligna

367 4713 433 4761 et
471 4703 877 4783 Egyptiorum,
917 4710 972 4759 et
997 4711 1116 4758 erat
1145 4703 1443 4774 sapientior
1481 4701 1697 4757 cunctis
1741 4699 1974 4755 homini-

454 4919 479 4948 ⁸
503 4909 630 4965 Hrec
657 4911 826 4966 verba
854 4920 1070 4965 mutare
1101 4910 1379 4964 noluimus
1414 4907 1480 4963 ad
1536 4906 1695 4962 ﬁdem
1737 4905 1979 4962 Canouis

372 4981 664 5038 Hebraicaa
693 4983 944 5037 veritatis
985 4983 1077 5036 ubi
1113 4981 1366 5050 legimus,
1392 4997 1553 5050 usque
1582 4978 1901 5043 Abelnteula,
1933 4985 1980 5031 et

370 5070 541 5118 usque
569 5055 827 5126 regionem
850 5052 1120 5126 Jecrnaam
1146 5051 1308 5126 :Aquia
1331 5094 1353 5126 ,ν
1372 5060 1430 5104 ιιι
1454 5059 1611 5126 antea
1641 5053 1847 5114 monui,
1873 5065 1979 5103 non

373 5127 515 5178 satis
546 5122 715 5194 liquet
747 5140 777 5178 e
807 5141 916 5194 quo
961 5125 1108 5179 fonte
1164 5124 1424 5177 ﬂuxerint
1456 5123 1507 5176 iu
1549 5122 1829 5176 Cauonem
1865 5128 1975 5194 tam

375 5191 698 5264 frequentes
725 5191 1156 5253 emendatioues.
1183 5210 1304 5264 quze
1333 5195 1384 5247 in
1414 5209 1480 5248 eo
1505 5194 1757 5247 visuntur
1786 5209 1799 5246 :
1825 5208 1890 5246 an
1910 5191 1983 5264 ab

375 5263 796 5333 exemplaribus
822 5263 1568 5338 castigatiuribilsvcrsionis
1605 5263 1984 5338 Ilieronymia-

377 5353 502 5405 nze;
537 5348 628 5393 aut
657 5354 722 5392 ex
758 5335 1024 5393 industria
1054 5337 1366 5408 peritissimi
1399 5337 1630 5408 alicujus
1662 5335 1983 5408 emendato-

378 5411 486 5471 ris,
520 5412 611 5479 qui
647 5410 810 5463 multa
837 5410 888 5464 in
924 5406 1281 5464 translatione
1315 5407 1634 5479 Hieronymi
1667 5407 1731 5459 ad
1764 5406 1985 5479 codices

379 5477 748 5536 IIebrErorum
781 5481 1014 5537 recudit.
1049 5482 1194 5534 Sciat
1223 5478 1456 5548 proinde
1489 5477 1658 5533 lcetor
1687 5477 1984 5544 studiosus,

382 5554 770 5617 hujuscemodi
797 5553 1064 5607 lectiOues
1092 5551 1429 5616 emendatas,
1461 5565 1585 5619 quae
1613 5549 1844 5616 alicujus
1876 5563 1988 5602 mo-

381 5626 561 5678 menti
587 5623 935 5684 videbautur.
968 5624 1016 5677 iu
1041 5624 1185 5678 notis
1211 5621 1602 5691 marginalihus
1627 5624 1993 5691 nostrissemo

383 5710 493 5765 per
525 5695 838 5763 appositas;
871 5711 940 5750 ne
971 5696 1097 5765 quid
1143 5690 1465 5749 eruditionis
1493 5692 1796 5765 curiositati
1821 5690 1990 5760 depe-

379 5763 528 5822 riret
562 5768 954 5822 studiosiorum
975 5763 999 5830 ,ἡ
1023 5768 1067 5820 si
1099 5765 1214 5819 lnec
1243 5765 1446 5820 intacta
1475 5763 1907 5831 remansissent,
1942 5769 1999 5820 et

379 5837 676 5908 despectui
704 5837 1061 5894 haberentur.
1095 5837 1276 5891 Manr.

680 5932 957 5997 Ρλτιιοι..
1001 5927 1298 5998 XXVIII.

2079 4698 2322 4766 cedrina,
2357 4707 2411 4752 et
2441 4697 2584 4768 ligna
2611 4695 2858 4766 abiegno,
2892 4693 3046 4764 juxta
3077 4708 3294 4749 omnem
3335 4695 3672 4753 voluntatem

2153 4902 2181 4941 ι)
2222 4901 2322 4956 Ms.
2354 4899 2657 4954 Veronens.
2685 4897 2860 4952 omnia
2889 4909 3048 4966 regna
3064 4895 3199 4949 sicut
3222 4911 3254 4950 a
3282 4898 3518 4967 ﬂumine.
3541 4907 3630 4956 etc
3657 4915 3673 4959 :

2084 4975 2150 5030 Et
2177 4976 2379 5028 scimus
2410 4971 2628 5039 quidem
2660 4970 2993 5036 disputatum
3011 4967 3193 5039 ductis
3225 4968 3358 5024 viris
3388 4969 3454 5024 de
3484 4986 3550 5026 eo
3577 4972 3682 5026 Ilu-

2086 5049 2251 5110 mine,
2273 5038 2537 5116 quodalii
2567 5042 2926 5116 Euphratem,
2951 5038 3039 5092 alii
3069 5047 3364 5116 torrentem
3386 5039 3568 5116 Quae,
3593 5045 3679 5116 vel

2085 5118 2255 5173 Besor
2292 5110 2762 5183 interpretantur:
2797 5110 2927 5183 illud
2957 5123 3088 5164 vero
3121 5111 3269 5183 sicut,
3307 5112 3436 5183 quid
3469 5110 3566 5178 sit,
3594 5115 3684 5171 vel

2089 5190 2233 5244 unde
2267 5181 2622 5256 Antiquarius
2651 5181 2964 5248 excuderit,
3001 5181 3293 5236 nescimus.
3324 5181 3527 5240 Confer
3558 5185 3688 5242 sub-

2088 5270 2405 5332 sequentem
2441 5259 2883 5332 Ani_iota_tionem.

2165 5325 2187 5370 ὃ
2230 5330 2374 5386 Idem
2404 5343 2506 5382 ms.
2536 5328 2620 5382 hic
2647 5325 2925 5398 interserit
2948 5339 3135 5379 vocem
3150 5326 3312 5398 quasi
3335 5341 3354 5380 :
3376 5327 3518 5397 quod
3545 5326 3692 5398 glas-

2089 5419 2236 5462 sema
2262 5401 2537 5456 studiosus
2564 5413 2672 5453 non
2702 5410 2862 5452 nemo
2883 5395 2950 5450 de
2973 5409 3074 5451 suo
3098 5395 3408 5463 addideriti
3433 5395 3692 5470 quemado

2091 5476 2308 5532 modum
2341 5472 2592 5543 superiui
2619 5471 2774 5524 sicut.

2164 5544 2191 5583 ἀ
2232 5537 2424 5600 Tacet'
2449 5544 2536 5596 hic
2577 5557 2684 5596 ms.
2730 5554 2928 5595 nomen
2977 5537 3266 5604 Dominus,
3311 5538 3453 5608 quod
3485 5548 3571 5594 est
3608 5547 3694 5595 ta-

2096 5632 2220 5672 men
2251 5616 2303 5671 in
2337 5615 2564 5670 Hebraeo
2591 5631 2604 5667 :
2641 5621 2754 5667 tum
2785 5622 2834 5666 et
2864 5611 3212 5682 particulam,
3247 5625 3407 5681 quam
3438 5610 3696 5667 Hebrteus

2097 5702 2313 5763 qquue
2342 5688 2576 5763 ignorat.
2820 5754 2863 5763 η
3232 5753 3260 5763 Α,
3344 5759 3352 5763 Δ
3387 5751 3438 5763 Η

2175 5770 2198 5796 θ
2228 5751 2638 5813 'L‘um'llebraeo
2669 5772 2772 5813 ms.
2820 5754 3126 5813 Veronens.
3161 5753 3359 5809 reticet
3385 5751 3473 5808 hic
3499 5767 3700 5810 nomen

2107 5830 2270 5887 Deus.

3225 5917 3305 5976 22
