4144 6364
513 308 621 368 883

1527 312 1582 368 S.
1626 306 2014 367 HIERONYMI
2052 304 2286 364 DIVINA
2322 304 2807 365 BIBLIOTHECA.

3710 301 3812 363 681

511 424 652 493 eius.
681 421 939 482 Salomon
970 433 1150 480 autem
1184 423 1461 495 praebebat
1495 423 1678 480 Hiram
1710 423 1902 495 viginti
1940 421 2108 478 millia
2138 423 2189 483 A
2216 422 2543 491 forinsecus,
2577 434 2635 478 ut
2680 437 2786 479 non
2836 422 3106 478 limrerent
3154 419 3331 476 muris
3359 418 3565 492 templi.
3609 419 3813 478 Domus

519 531 680 573 caros
708 515 894 587 tritici,
921 516 974 572 in
998 517 1179 573 cibum
1209 524 1235 553 ι
1264 516 1457 571 domus
1477 516 1614 587 ejus,
1657 526 1711 571 et
1737 514 1931 586 viginti
1957 528 2115 572 corus

525 608 797 677 purissimi
830 608 937 671 olei
972 625 987 664 :
1039 608 1157 664 haec
1193 607 1467 663 tribuebat
1494 606 1753 663 Salomon
1800 608 1985 664 Hiram
2021 622 2117 677 per

519 714 695 755 annos
730 699 992 771 singulos.
1040 698 1197 754 Dedit
1232 713 1451 771 quoque
1488 698 1750 755 Dominus
1791 700 2113 769 sapientiam

522 790 825 858 Salomoni,
857 792 1000 847 sicut
1024 790 1239 846 locutus
1260 799 1344 846 est
1370 790 1424 847 ei
1454 790 1584 864 liis.
1638 799 1771 846 tacet
1794 790 1888 862 ei],
1920 803 1975 847 et
2000 802 2117 846 erat

518 896 629 955 pax
653 884 793 938 inter
826 883 1012 937 lliram
1040 892 1096 938 et
1119 881 1495 950 Salomonem,
1526 892 1583 939 et
1610 891 1994 953 percusserunt
2020 883 2117 941 fte-

520 974 628 1032 dus
649 975 827 1031 ambo.
860 973 1144 1046 Elegitque
1194 991 1290 1032 rex
1330 974 1592 1033 Salomon
1631 990 1827 1047 operas
1855 976 1926 1031 de
1969 975 2115 1031 omni

518 1064 711 1132 Israel,
738 1074 794 1122 et
834 1060 953 1122 erat
991 1065 1214 1123 indictio
1247 1068 1467 1138 triginta
1501 1055 1678 1123 'miltia
1703 1069 1967 1123 virorum.
1999 1067 2117 1122 Mit-

520 1158 776 1231 tebatque
802 1173 900 1215 eos
942 1159 994 1214 in
1024 1159 1312 1231 Libanum,
1341 1161 1531 1218 decem
1580 1161 1748 1216 millia
1779 1176 1877 1233 per
1902 1175 2119 1217 menses

517 1252 763 1323 singulos
786 1252 1054 1321 vicissim,
1085 1255 1158 1310 ita
1191 1263 1247 1310 ut
1276 1255 1488 1311 duobus
1524 1256 1810 1313 mensibus
1835 1266 2020 1312 essent
2060 1257 2116 1310 in

519 1344 775 1402 domibus
814 1346 963 1413 suis,
1014 1355 1069 1402 et
1120 1346 1416 1403 Adoniram
1484 1357 1603 1403 erat
1656 1362 1821 1419 super
1865 1346 2120 1418 hujusce-

518 1437 664 1494 modi
697 1438 1014 1496 indictione.
1061 1439 1414 1513 Fueruntque
1452 1439 1733 1499 Salomoni
1778 1442 2116 1514 septuaginta

518 1529 687 1587 millia
716 1529 744 1570 δ
782 1546 997 1599 eorum,
1046 1535 1134 1605 qui
1186 1550 1354 1590 onera
1402 1534 1714 1606 portabant.
1745 1544 1801 1591 et
1843 1536 2116 1607 octoginta

517 1623 691 1680 millia
721 1624 1051 1682 latomorum
1098 1627 1151 1682 in
1182 1637 1367 1683 monte
1398 1645 1411 1681 :
1444 1628 1654 1699 absque
1693 1629 2001 1699 praepositis
2025 1627 2116 1699 qui

518 1726 791 1786 praeerant
819 1718 1045 1788 singulis
1091 1720 1373 1787 operibus,
1408 1735 1639 1775 numero
1677 1721 1837 1776 trium
1886 1721 2115 1776 millium

2218 527 2398 573 autem
2444 533 2565 573 cum
2602 516 2985 583 aedificaretur,
3023 514 3294 586 lapidibus
3330 510 3600 571 dédolatis
3652 526 3815 584 atque

2220 608 2473 680 perfectis
2527 608 2790 665 aedificata
2830 617 2935 675 est,
2983 617 3038 664 ct
3082 606 3332 674 malleus,
3381 615 3438 663 et
3486 606 3712 675 securis,
3759 616 3813 663 ct

2218 713 2381 755 omne
2412 699 2824 766 ferramentum,
2881 714 2989 755 non
3023 707 3149 755 sunt
3183 699 3364 755 audita
3395 700 3447 753 in
3472 697 3658 768 domo,
3691 714 3844 781 cum.

2219 792 2611 849 aediﬁcaretur.
2641 793 2855 850 Ostium
2887 792 3073 849 lateris
3101 791 3265 851 medii
3295 792 3347 848 in
3393 803 3546 866 parte
3572 802 3689 849 erat
3717 792 3814 850 do-

2222 900 2343 940 mus
2374 886 2581 941 dextra:
2618 902 2631 940 :
2671 895 2727 943 ct
2768 901 2866 958 per
2904 885 3182 943 cochleam
3212 884 3583 943 ascendebant
3615 884 3667 942 in
3705 902 3817 942 tne-

2219 977 2368 1033 dium
2398 979 2769 1043 ctenaculum,
2802 986 2859 1034 et
2888 994 2917 1032 a
2950 977 3131 1034 medio
3162 977 3216 1034 in
3252 978 3496 1035 tertium.
3531 976 3602 1036 Et
3643 979 3815 1034 aedili-

2218 1071 2369 1127 cavit
2395 1070 2639 1139 domum,
2685 1081 2742 1128 et
2763 1071 3166 1127 consummavit
3206 1086 3327 1126 eam
3375 1089 3388 1125 :
3426 1071 3562 1128 texit
3601 1087 3820 1143 quoque

2219 1162 2441 1219 domum
2477 1164 2822 1235 laquearibus
2864 1163 3127 1219 cedrinis.
3176 1163 3244 1219 Et
3288 1162 3574 1218 aediﬁcavit
3613 1163 3822 1218 tabula-

2222 1266 2333 1313 tum
2358 1272 2523 1328 super
2566 1272 2783 1312 omnem
2825 1256 3049 1312 domum
3081 1256 3321 1328 quinque
3359 1256 3556 1312 cubitis
3581 1255 3822 1311 altitudi-

2219 1348 2326 1415 nis,
2359 1357 2414 1404 et
2442 1348 2660 1420 operuit
2681 1348 2901 1403 domum
2937 1347 3101 1419 lignis
3147 1349 3402 1404 cedrinis.
3431 1348 3518 1421 [T.
3549 1344 3719 1419 IUL]
3752 1347 3820 1401 Et

2219 1440 2395 1496 factus
2430 1447 2742 1506 est,sermo
2779 1440 2998 1496 Domini
3046 1440 3113 1497 ad
3161 1440 3534 1510 Salomonem,
3569 1440 3754 1496 dicens
3804 1457 3820 1499 ;

2220 1532 2425 1588 Domus
2447 1532 2587 1599 ha-c,
2616 1549 2775 1604 quam
2806 1534 3070 1599 aediﬁcas,
3114 1534 3159 1589 si
3189 1534 3559 1590 ambulaveris
3596 1534 3648 1589 in
3682 1549 3822 1605 pra:-

2220 1628 2393 1698 ceptis
2442 1628 2600 1694 meis,
2645 1636 2701 1683 et
2726 1627 2931 1699 judicia
2981 1644 3096 1682 mea
3146 1625 3364 1696 feceris,
3398 1638 3454 1683 et
3494 1625 3822 1682 custodieris

2218 1721 2402 1775 omnia
2436 1719 2692 1775 mandata
2720 1736 2861 1785 mea,
2885 1720 3141 1791 gradiens
3168 1736 3268 1792 per
3296 1735 3360 1777 ea
3405 1737 3420 1774 :
3454 1719 3685 1776 firmabo
3706 1735 3824 1777 ser-

518 1819 575 1868 et
622 1821 1010 1881 trecentorum,
1062 1816 1493 1885 praecipientium
1544 1816 1747 1886 p0pulo
1798 1826 1844 1870 et
1884 1815 1962 1890 [h.
2008 1831 2118 1871 non
2152 1819 2197 1880 Β
2224 1826 2443 1867 monent
2467 1827 2646 1867 meum
2669 1811 3404 1884 tibi,quemlocutussumad
3422 1811 3589 1868 David
3613 1822 3821 1885 patrem

516 1903 706 1976 habet]
737 1904 823 1961 Itis
864 1908 950 1975 qui
989 1907 1257 1963 faciebant
1290 1924 1445 1978 opus.
1486 1907 1861 1981 Prrecepitque
1901 1923 2017 1976 rex,
2061 1918 2116 1964 ut

523 1992 778 2055 tollerent
806 1998 1017 2070 lapides
1060 1999 1320 2067 grandes,
1353 1999 1562 2071 lapides
1588 1990 1881 2071 pretiosos,
1910 2002 1963 2056 in
1996 2001 2116 2055 fun-

518 2090 832 2147 damentum
864 2091 1074 2159 templi,
1097 2102 1151 2148 et
1178 2092 1510 2163 quadrarent
1538 2107 1632 2149 eos
1682 2111 1696 2148 :
1730 2108 1866 2163 quos
1894 2092 2115 2149 dolave-

518 2193 643 2239 rnnt
673 2184 1008 2241 cmmentarii
1053 2184 1388 2247 Salomonis.
1422 2195 1477 2240 et
1510 2185 1843 2243 caementarii
1885 2186 2065 2241 Hiram
2097 2204 2111 2241 :

512 2291 678 2346 porro
712 2288 734 2315 ο
770 2276 928 2335 Biblii
959 2287 1404 2347 praeparaverunt
1434 2277 1509 2351 [h.
1559 2285 1617 2332 et
1644 2276 1843 2333 Giblim
1876 2285 1933 2331 et
1973 2291 2113 2347 pras-

518 2367 866 2439 paraveruntj
921 2369 1061 2440 ligna
1106 2377 1162 2423 et
1203 2367 1413 2439 lapides
1460 2366 1529 2423 ad
1579 2364 1957 2423 aediﬁcandam
2017 2368 2115 2422 do-

518 2476 690 2517 mum.

589 2550 673 2624 [Ο.
708 2552 770 2608 ν.
804 2549 934 2625 Cap.
968 2549 1082 2623 VL]
1116 2551 1339 2608 Factum
1379 2559 1466 2609 est
1503 2551 1668 2621 igitur
1692 2551 2114 2623 quadringente-

514 2644 655 2703 simo
679 2656 732 2701 et
761 2646 1097 2717 octagesimo
1141 2659 1288 2701 anno
1315 2642 1655 2714 egressionis
1680 2643 1913 2698 filiorum
1949 2643 2115 2700 israel

518 2737 586 2794 de
611 2747 751 2793 terra
774 2736 1015 2809 A‘Igypti,
1041 2737 1093 2792 in
1112 2752 1257 2792 anno
1282 2745 1497 2807 quarto,
1524 2750 1710 2791 mense
1733 2735 1827 2790 Zio
1849 2734 2112 2809 [Malui]

515 2829 658 2901 (ipse
685 2840 765 2886 est
798 2829 1003 2885 mensis
1028 2826 1347 2897 secundus),
1376 2826 1518 2901 regis
1540 2824 1729 2899 [ναις.
1751 2826 1927 2897 regni]
1959 2826 2117 2882 Salo-
2154 2826 2161 2831 ’

520 2922 698 2975 monis
729 2935 892 2989 super
922 2918 1122 2986 Israel,
1167 2917 1437 2975 ενάίίίοίιῐθ
1479 2918 1643 2988 εωρίι
1674 2918 1894 2973 domum
1923 2916 2110 2992 [Vul_q.

523 3011 778 3068 aediﬁcari
806 3009 1021 3081 domus]
1046 3010 1298 3067 Domino.
1335 3008 1535 3065 Domus
1561 3017 1765 3075 autem,
1794 3024 1955 3079 quam
1984 3008 2116 3065 aedi-

518 3104 712 3161 ficabat
749 3119 844 3159 rex
875 3102 1132 3159 Salomon
1164 3102 1416 3167 Domino,
1451 3100 1683 3157 habebat
1711 3100 1990 3172 sexaginta
2021 3115 2116 3156 cu-

2219 1914 2389 1959 tuum.
2438 1907 2507 1960 Et
2550 1906 2808 1960 habitabo
2838 1905 2892 1960 in
2926 1906 3107 1962 medio
3133 1906 3369 1962 filiorum
3393 1905 3586 1973 Israel,
3631 1916 3685 1963 et
3714 1921 3821 1961 non

2215 1999 2590 2071 derelinquam
2622 2002 2878 2071 populum
2914 2015 3094 2056 meum
3124 2000 3314 2058 lsrael.
3364 1999 3534 2073 igitur
3581 2000 3820 2057 aedifica-

2213 2093 2291 2148 vit
2317 2093 2575 2148 Salomon
2593 2093 2835 2160 domum,
2856 2103 2910 2149 et
2930 2094 3329 2149 consummavit
3348 2110 3489 2150 eam.
3522 2092 3609 2167 ['l‘.
3636 2091 3823 2166 XVII].

2214 2188 2283 2243 Et
2308 2189 2595 2243 tedilicavit
2633 2188 2761 2261 [Ms.
2805 2189 2977 2244 addit.
3015 2187 3300 2261 Salomon]
3347 2188 3586 2260 parietes
3627 2188 3825 2244 domus

2216 2270 2544 2336 intrinsecus
2591 2280 2843 2336 tabulatis
2883 2281 3146 2350 cedrinis,
3194 2296 3224 2336 a
3272 2283 3583 2351 pavimento
3627 2281 3825 2337 domus

2217 2387 2388 2442 usque
2416 2371 2481 2426 ad
2510 2373 2882 2430 summitatem
2908 2376 3196 2445 parietum,
3227 2384 3283 2431 et
3315 2389 3487 2446 usque
3504 2374 3571 2430 ad
3602 2375 3826 2447 laquea-

2217 2463 2319 2528 ria,
2357 2470 2573 2535 operuit
2615 2464 2777 2531 lignis
2809 2466 3160 2535 intrinsecus,
3192 2475 3247 2522 et
3287 2469 3419 2523 texit
3450 2468 3821 2538 pavimentum

2215 2557 2407 2612 domus
2443 2558 2643 2613 tabulis
2692 2556 2962 2628 abiegnis.
2998 2557 3416 2631 Ediﬂcavitque
3448 2559 3637 2631 viginti
3660 2560 3822 2617 cubi-

2219 2659 2395 2704 torum
2438 2650 2506 2705 ad
2552 2642 2911 2719 posteriorem
2967 2659 3174 2720 partem
3224 2652 3410 2723 templi
3451 2653 3686 2721 tabulata
3731 2669 3824 2710 ce—

2216 2740 2395 2808 drina,
2426 2757 2454 2796 a
2489 2744 2803 2811 pavimento
2831 2757 3004 2814 usque
3032 2743 3096 2799 ad
3127 2745 3431 2815 superiora,
3454 2755 3509 2801 et
3537 2744 3667 2802 fecit
3690 2745 3824 2802 inte-

2217 2832 2420 2888 riorem
2472 2833 2694 2889 domum
2757 2837 2963 2891 oraculi
3037 2839 3091 2891 in
3122 2836 3414 2894 'Sanctum
3464 2837 3818 2895 Sanctorum.

2217 2924 2388 2981 Porro
2424 2927 2783 2998 quadraginta
2819 2928 3130 2984 cubitorum
3171 2937 3294 2986 erat
3334 2931 3505 3000 ipsum
3552 2932 3822 3001 templum

2216 3033 2316 3088 pro
2342 3017 2556 3074 foribus
2576 3020 2801 3075 oraculi.
2838 3022 2904 3076 Et
2933 3023 3100 3078 cedro
3136 3025 3315 3079 omnis
3338 3024 3530 3079 domus
3561 3024 3822 3080 intrinse-

2216 3125 2313 3165 cus
2346 3111 2702 3178 vestiebatur,
2737 3112 2946 3170 habens
2967 3123 3277 3172 tornaturas
3307 3132 3432 3173 suas
3459 3127 3513 3173 et
3535 3118 3822 3188 iuncturas

515 3196 659 3251 bitos
692 3197 743 3251 in
776 3193 1137 3267 longitudine,
1168 3202 1221 3248 et
1246 3193 1436 3263 viginti
1465 3192 1676 3247 cubitus
1718 3191 1774 3248 in
1806 3191 2109 3262 latitudine,
2140 3209 2187 3275 ρ
2218 3202 2560 3270 fabrefacta,
2585 3215 2639 3261 ei
2664 3207 2950 3263 mammas
2980 3211 3284 3266 eminemes
3318 3229 3330 3264 ε
3367 3213 3548 3266 omnia
3580 3211 3822 3268 Geminis

516 3297 573 3347 et
613 3290 831 3360 triginta
881 3288 1095 3343 cubitos
1138 3285 1192 3342 in
1231 3284 1540 3341 altitudine.
1583 3283 1652 3341 Et
1707 3285 1951 3353 porticus
1996 3293 2116 3342 erat

516 3392 643 3438 ante
672 3382 932 3452 templum
962 3380 1042 3454 [h.
1077 3388 1203 3435 ante
1253 3381 1513 3449 templum
1546 3377 1765 3449 domus]
1795 3379 1987 3449 viginti
2019 3394 2121 3457 cui

514 3475 761 3531 bitorum
809 3460 1208 3545 longitudinis,
1257 3471 1409 3542 juxta
1458 3486 1769 3527 mensuram
1812 3470 2116 3527 latitudinis

516 3568 729 3637 templi,
785 3566 842 3621 et
880 3565 1114 3620 habebat
1160 3562 1353 3619 decem
1406 3550 1621 3620 cubitus
1659 3564 1960 3619 latitudinis
1991 3574 2118 3622 ante

514 3657 708 3713 faciem
747 3655 956 3724 templi.
988 3655 1251 3726 Fecitque
1298 3654 1351 3709 in
1400 3655 1602 3724 templo
1627 3654 1894 3710 fenestras
1926 3651 1951 3690 ἀ
1982 3654 2119 3710 obli-

517 3768 672 3825 quas.
703 3751 772 3807 Et
816 3749 1104 3807 aediﬁcavit
1153 3764 1317 3821 super
1358 3750 1616 3819 parietem
1656 3748 1842 3817 templi
1882 3747 2115 3803 tabulata

520 3860 620 3919 per
647 3860 863 3917 gyrum.
891 3843 944 3899 in
976 3842 1274 3914 parietibus
1301 3843 1496 3897 domus
1529 3858 1625 3912 per
1658 3842 1943 3898 circuitum
1984 3851 2117 3897 tem-

520 3936 596 4009 pli
625 3943 682 3991 et
710 3934 938 4001 oraculi,
972 3945 1027 3990 et
1062 3933 1190 3989 fecit
1220 3934 1391 3990 latera
1428 3933 1483 3988 in
1513 3932 1760 3989 circuitu.
1805 3933 2120 3992 Tabulatqu

524 4027 669 4099 quod
699 4026 886 4081 subter
913 4036 1053 4095 erat,
1087 4026 1329 4097 quinque
1358 4025 1575 4081 cubitus
1610 4024 1843 4082 habebat
1886 4027 2126 4083 latitudi-

528 4121 636 4186 nis,
665 4130 719 4176 et
748 4119 985 4176 medium
1020 4119 1319 4176 tabulatum
1347 4135 1441 4176 sex
1462 4119 1767 4175 cubitorum
1799 4120 2123 4189 latitudinis,

529 4222 585 4271 et
612 4212 833 4270 tertium
866 4213 1162 4271 tabulatum
1187 4222 1398 4285 septem
1442 4213 1652 4270 habens
1681 4213 1895 4269 cubitus
1937 4214 2125 4272 latitu—

530 4305 695 4363 dinis.
726 4305 935 4362 Trabes
970 4315 1153 4362 autem
1202 4307 1383 4375 posuit
1433 4304 1488 4361 in
1518 4304 1681 4362 domo
1712 4320 1807 4376 per
1836 4305 2124 4363 circuitum

2221 3294 2418 3351 tabulis
2439 3298 2814 3355 vestiebantur
2840 3318 2850 3354 :
2883 3316 2985 3356 nec
3011 3304 3235 3357 omnino
3267 3302 3404 3374 lapis
3434 3319 3702 3375 apparere
3734 3322 3822 3376 po-

2220 3397 2363 3445 terat
2399 3390 2453 3445 in
2487 3393 2683 3462 pariete
2713 3393 2788 3465 [h.
2827 3411 2935 3449 non
2978 3396 3183 3469 habet].
3221 3396 3515 3453 Oraculum
3543 3409 3723 3455 autem
3768 3400 3820 3455 in

2221 3482 2399 3562 medio
2426 3483 2640 3550 domus,
2670 3486 2725 3540 in
2758 3486 3005 3543 interiori
3031 3498 3184 3559 parte
3210 3489 3416 3545 fecerat
3436 3491 3513 3563 [h.
3549 3506 3819 3562 praepara-

2217 3573 2416 3645 verat],
2452 3583 2509 3628 nt
2541 3587 2764 3644 poneret
2794 3577 2864 3632 ibi
2897 3594 3078 3634 arcam
3116 3579 3335 3636 hederis
3363 3580 3604 3637 Domini.
3648 3581 3821 3639 Porro

2217 3664 2495 3718 oraculum
2524 3666 2757 3721 habebat
2786 3662 2975 3738 viginti
3006 3670 3221 3727 cubitos
3255 3672 3631 3744 longitudinis,
3663 3684 3716 3729 et
3744 3675 3823 3729 vi-

2224 3754 2360 3823 ginti
2387 3756 2598 3813 cnbitos
2617 3759 2941 3829 latitudinis,
2966 3771 3020 3817 et
3043 3764 3228 3834 viginti
3258 3765 3470 3821 subitos
3491 3766 3819 3836 altitudinis,

2224 3856 2280 3902 et
2337 3849 2554 3917 operuit
2619 3851 2750 3907 illud
2818 3865 2986 3924 atque
3046 3857 3265 3913 vestivit
3329 3875 3464 3913 auro
3526 3860 3823 3929 purissimo

2226 3938 2304 4013 [h.
2341 3940 2585 4014 obryzo].
2640 3942 2749 4002 Sed
2801 3954 2858 4001 et
2899 3949 3073 4005 altare
3110 3948 3325 4006 vestivit
3363 3951 3551 4008 cedro.
3590 3953 3820 4009 Domum

2225 4046 2439 4104 quoque
2482 4045 2607 4089 ante
2647 4038 2929 4095 oraculum
2969 4042 3185 4112 operuit
3233 4058 3368 4100 auro
3411 4046 3700 4116 purissimo
3725 4089 3739 4112 ,
3769 4057 3825 4102 et

2224 4124 2399 4181 affixit
2434 4127 2668 4185 laminas
2697 4131 2867 4188 clavis
2896 4135 3102 4190 aureis.
3152 4135 3405 4208 Nihilque
3442 4147 3559 4194 erat
3589 4138 3644 4193 in
3689 4147 3826 4194 tem-

2225 4219 2337 4289 plo,
2367 4221 2510 4290 quod
2550 4237 2657 4279 non
2685 4238 2823 4281 auro
2865 4234 3173 4299 tegeretur;
3205 4228 3299 4285 sed
3337 4238 3394 4285 et
3440 4238 3623 4287 totum
3654 4231 3824 4286 altare

2228 4312 2433 4368 oraculi
2469 4314 2603 4370 texit
2640 4330 2795 4372 auro.
2830 4327 2854 4355 ε
2901 4320 2967 4375 Et
2995 4319 3122 4376 fecit
3153 4322 3207 4376 in
3227 4322 3451 4378 oraculo
3492 4322 3605 4381 duo
3632 4326 3827 4379 cheru-

606 4456 631 4484 ι
671 4445 975 4531 Praeferunt
1015 4444 1277 4500 Hebraeus
1313 4453 1368 4499 et
1399 4443 1609 4515 Vulgati
1654 4458 1775 4499 cum
1821 4457 1924 4498 ms.
1958 4443 2130 4499 Ἴθι-ου
2156 4452 2520 4531 Dcapax‘tt
2551 4465 2570 4504 :
2620 4447 2887 4531 Fanestri:
2933 4471 3157 4531 quoque,
3214 4456 3411 4529 inquit,
3463 4464 3629 4531 justo
3674 4456 3825 4514 LXX

538 4533 694 4574 nens.
726 4517 925 4572 damni.

612 4588 638 4627 δ
678 4588 822 4644 Idem
866 4603 971 4655 ins.
1007 4586 1309 4643 Veronens.
1342 4602 1612 4659 equorum,
1648 4601 1713 4641 ex
1742 4584 1896 4641 scioli
1926 4585 2133 4656 glossa-

546 4661 678 4715 toris
707 4659 943 4729 ingenio.

622 4742 644 4769 ο
688 4726 854 4785 Effert
899 4744 1089 4783 revera
1129 4728 1386 4783 llebrtcus
1417 4743 1612 4782 nomen
1648 4726 1789 4782 istud
1835 4743 1929 4795 per
1957 4738 1993 4784 :t‘
2040 4726 2137 4781 Gi-

542 4803 666 4857 blim
698 4818 714 4855 :
745 4817 931 4856 verum
969 4800 1148 4855 Giblos
1178 4809 1234 4855 et
1283 4798 1461 4852 Biblos
1500 4814 1598 4868 pro
1627 4799 1818 4853 eadem
1866 4798 2135 4853 habentur

549 4874 681 4928 urbe
719 4871 1015 4927 Plitenicizu
1055 4872 1121 4925 ad
1169 4870 1380 4925 radices
1427 4869 1640 4925 Libani.
1675 4869 1807 4925 Vide
1859 4869 2131 4926 Ezechiel.

549 4959 718 5008 xxvn,
754 4945 803 4997 9.

622 5014 649 5051 ά
688 5013 745 5068 in
801 5014 925 5068 albo
955 5012 1255 5069 Vt-rnnens.
1304 5026 1407 5068 ms.
1453 5010 1570 5065 lta'c
1600 5011 1889 5080 apponitur
1940 5020 2063 5066 nota
2118 5028 2132 5065 :

553 5083 620 5139 In
649 5082 818 5158 LXX,
848 5088 1044 5158 januas
1079 5084 1356 5139 absconsas
1386 5084 1705 5158 reticulatas.
1733 5082 1940 5151 Nempe
1961 5153 1970 5158 _
1990 5083 2137 5158 Dati-

554 5172 678 5212 nam
710 5153 1028 5210 Versionem
1060 5171 1181 5224 qu'c
1212 5168 1338 5208 ante
1388 5154 1863 5225 lliennymianam
1922 5153 2136 5208 obtine-

552 5227 666 5293 bat,
694 5236 851 5279 vocat
896 5226 1060 5285 LXX.
1106 5227 1305 5297 quippe
1334 5240 1493 5294 quam
1525 5225 1617 5297 ad_
1637 5239 1822 5278 eorum
1854 5225 2136 5297 exemplar

552 5311 918 5378 esptessam:
972 5295 1325 5381 alii's‘plitruit
1366 5295 1805 5381 vasare‘ltalam.
1854 5295 2028 5381 Porro,
2055 5299 2134 5381 in:

555 5365 836 5438 terpretati
888 5378 1013 5446 sunt
1059 5365 1270 5446 LXX_:_
1301 5365 1523 5446 Gepida;
1567 5365 1983 5446 diunon-«rapias;
2012 5367 2134 5437 (vel

552 5437 1145 5519 {apaxumotu'vagzvel
1188 5437 1612 5519 dedtx‘rtiwgs'yctc)
1645 5437 1898 5519 xpun'ra'tc.
1930 5437 1985 5519 id
2031 5446 2132 5519 est,

554 5509 833 5583 Fe'nestras
865 5509 1237 5583 prospicientes
1271 5509 2040 5583 (ve[obliqueprospicientesL
2050 5512 2133 5565 vel

552 5579 889 5651 cancellatas)
908 5579 1154 5634 occultas.
1175 5580 1232 5637 S.
1252 5583 1366 5651 ipse
1380 5580 1557 5645 Pater,
1582 5579 1889 5636 COntmt'nt.
1921 5581 1975 5633 in
2004 5580 2129 5634 Eze-

550 5654 711 5709 chiel.
748 5653 783 5706 l.
833 5668 927 5717 xu,
960 5655 1138 5722 itel‘ert
1195 5653 1544 5722 Septuaginta
1595 5652 1823 5707 vertisse
1879 5654 2135 5720 fenestras

458 5745 466 5753 ν
546 5725 893 5780 absconditus.
948 5721 1237 5789 Fenestraz,
1280 5721 1473 5792 inquit,
1522 5734 1671 5777 erant
1717 5724 2132 5792 obliquw,rquas

543 5794 695 5851 LXX
741 5793 1089 5861 absconditus,
1137 5791 1480 5864 Symmachus
1521 5796 1718 5861 τοξικάς
1748 5791 1917 5846 uocat.
1968 5791 2033 5846 Et
2078 5794 2130 5849 in

2234 4528 2387 4573 erant
2417 4524 2571 4590 facite
2618 4522 2674 4576 in
2703 4523 2913 4578 modum
2946 4522 3101 4587 retis,
3144 4522 3310 4582 instar
3351 4522 3824 4585 cancellorum"...

2234 4606 2329 4661 pro
2362 4593 2562 4669 _quibus
2606 4594 2674 4669 in
2754 4594 3011 4669 Heliraico
3051 4596 3284 4669 obliquas
3352 4601 3604 4668 fenestras
3651 4601 3822 4657 habet.

2312 4671 2334 4698 θ
2359 4662 2569 4738 Nomen
2596 4662 2795 4738 Cherub
2818 4666 3079 4738 singulari
3112 4662 3362 4736 numero,
3389 4679 3446 4727 et
3467 4672 3746 4728 Cherubin:
3772 4674 3824 4728 in

2236 4732 2456 4812 plurali,
2493 4736 2687 4812 dnples
2715 4753 2884 4806 genus
2908 4732 3127 4797 obtinet
3154 4742 3295 4812 apud
3324 4732 3683 4811 Interpretes,
3708 4761 3825 4799 ma-

2234 4804 2790 4862 sculinum-videlicet
2828 4824 2891 4862 ac
2922 4820 3167 4865 neutrum
3190 4804 3215 4866 ἐ
3243 4815 3381 4867 unde
3411 4804 3614 4869 Clierub
3645 4804 3827 4870 semin-

2235 4875 2358 4950 das,
2384 4886 2440 4929 et
2467 4874 2670 4931 Clterub
2699 4881 3003 4950 secundum,
3047 4883 3277 4949 legimus
3308 4885 3360 4938 iu
3390 4900 3490 4940 ms.
3522 4887 3823 4942 codicibus.

2236 4945 2601 5026 literonymus
2631 4952 2697 5004 ad
2723 4945 3009 5006 Damasum
3041 4945 3288 5010 scribens
3314 4956 3384 5011 de
3403 4958 3689 5026 Seraphim
3716 4960 3827 5015 ha-c

2235 5018 2416 5101 aiebat
2447 5017 2462 5071 ἑ
2493 5017 3000 5101 l‘nﬂencreguoq‘tte
3029 5026 3300 5101 diuersitas
3325 5039 3418 5081 est.
3448 5017 3824 5101 Septuaginta,

2235 5088 2449 5168 Aquila,
2473 5078 2893 5168 etnTheodotion,
2917 5078 3415 5168 Seraphimlneulrov
3435 5078 3824 5167 ﬁerife'r'é'iééinii

2237 5157 2858 5235 tulerunt,Symmachus
2873 5157 3177 5221 masculino.
3199 5167 3309 5222 Nec
3330 5157 3619 5235 putandum
3643 5186 3825 5227 sexum

2236 5246 2343 5285 esse
2370 5232 2429 5311 in.
2453 5232 2725 5311 t't'rtutibus
2756 5232 2871 5293 Dei.
2895 5253 3011 5311 cum
3027 5241 3181 5311 etiam
3206 5242 3315 5311 ipsa
3330 5232 3570 5304 Spiritus
3595 5253 3822 5309 sanctus,

2235 5302 2515 5383 secundum
2545 5306 2886 5383 proprietates
2918 5308 3107 5383 lingua:
3132 5302 3396 5374 Hebrwte,
3417 5313 3627 5383 [carinas
3642 5302 3822 5383 genere

2236 5375 2684 5458 profcrntur,pua
2714 5375 3098 5458 (Πῐῄμϐνᾲςε
3128 5392 3331 5458 neutro,
3366 5375 3688 5458 τὸῖπνςῦμῷ
3725 5385 3823 5439 ια-

2236 5447 2340 5497 tine
2371 5447 2687 5524 masculino,
2717 5447 2985 5524 _Spit'ittts._
3022 5452 3102 5505 Ea:
3139 5471 3242 5523 qua
3284 5447 3683 5524 intelligendam
3715 5470 3821 5524 est,

2235 5516 2446 5593 quando
2466 5516 2539 5593 de.
2552 5516 2906 5593 superioribus
2934 5516 3248 5593 disputatur,
3273 5536 3320 5578 et
3353 5516 3700 5582 masculinum
3726 5516 3824 5582 ali;

2236 5583 2385 5654 quid,
2402 5602 2497 5672 seu.
2513 5587 2812 5657 femininum
2831 5583 3185 5672 poniturdton
3201 5583 3315 5672 tam
3332 5613 3519 5672 serunt
3536 5599 3825 5672 signiﬁcari

2237 5672 2391 5737 {ratam
2423 5658 2815 5737 idiomasonare
2830 5658 3330 5737 iiugnw.Siquidcm
3360 5669 3470 5736 ipse
3482 5658 3622 5725 Deus
3652 5658 3827 5725 inrisi-

2238 5725 2354 5780 bilis
2384 5740 2429 5783 et
2457 5731 2864 5812 ittcorrttptibitis
2892 5725 3146 5812 o—nmibtts'
3171 5754 3299 5808 pene
3327 5725 3517 5812 linguis
3565 5746 3826 5809 profertur

2236 5813 2420 5865 genere
2440 5803 2761 5867 masculino;
2791 5820 2905 5858 cum
2928 5809 2980 5860 in
3000 5822 3113 5863 cum
3143 5803 3425 5867 non‘cadat
3443 5803 3613 5869 καὶ.
3649 5803 3827 5869 hiant.
