  <div class='ocr_page' id='page_1' title='image "/cluster/home/n/w/nwhite01/storage/ocr_20150623/28/hvd.32044015471410/348.png"; bbox 0 0 4144 6364; ppageno 0'>
   <div class='ocr_carea' id='block_1_1' title="bbox 274 343 381 419">
    <p class='ocr_par' dir='ltr' id='par_1_1' title="bbox 274 343 381 419">
     <span class='ocr_line' id='line_1_1' title="bbox 274 343 381 419; baseline 0.009 -3"><span class='ocrx_word' id='word_1_1' title='bbox 274 343 381 419; x_wconf 69' lang='lat' dir='ltr'><strong>ess</strong></span> 
     </span>
    </p>
   </div>
   <div class='ocr_carea' id='block_1_2' title="bbox 1565 347 2260 414">
    <p class='ocr_par' dir='ltr' id='par_1_2' title="bbox 1565 347 2260 414">
     <span class='ocr_line' id='line_1_2' title="bbox 1565 347 2260 414; baseline -0.006 0"><span class='ocrx_word' id='word_1_2' title='bbox 1565 347 1772 414; x_wconf 73' lang='lat' dir='ltr'><strong>LIBER</strong></span> <span class='ocrx_word' id='word_1_3' title='bbox 1813 353 1835 413; x_wconf 87' lang='lat' dir='ltr'><strong>l</strong></span> <span class='ocrx_word' id='word_1_4' title='bbox 1875 347 2260 412; x_wconf 63' lang='lat' dir='ltr'><strong>MALACIIIM.</strong></span> 
     </span>
    </p>
   </div>
   <div class='ocr_carea' id='block_1_3' title="bbox 3463 358 3565 414">
    <p class='ocr_par' dir='ltr' id='par_1_3' title="bbox 3463 358 3565 414">
     <span class='ocr_line' id='line_1_3' title="bbox 3463 358 3565 414; baseline 0.029 -5"><span class='ocrx_word' id='word_1_5' title='bbox 3463 358 3565 414; x_wconf 65' lang='lat' dir='ltr'><strong>6M</strong></span> 
     </span>
    </p>
   </div>
   <div class='ocr_carea' id='block_1_4' title="bbox 275 466 3564 544">
    <p class='ocr_par' dir='ltr' id='par_1_4' title="bbox 275 466 3564 544">
     <span class='ocr_line' id='line_1_4' title="bbox 275 466 3564 544; baseline 0.001 -19"><span class='ocrx_word' id='word_1_6' title='bbox 275 470 386 526; x_wconf 82' lang='lat' dir='ltr'><strong>bim</strong></span> <span class='ocrx_word' id='word_1_7' title='bbox 443 467 514 526; x_wconf 88' lang='lat' dir='ltr'><strong>de</strong></span> <span class='ocrx_word' id='word_1_8' title='bbox 552 468 717 544; x_wconf 73' lang='lat' dir='ltr'><strong>lignis</strong></span> <span class='ocrx_word' id='word_1_9' title='bbox 758 469 1048 537; x_wconf 75' lang='lat' dir='ltr'><strong>olivarum,</strong></span> <span class='ocrx_word' id='word_1_10' title='bbox 1098 472 1285 528; x_wconf 81' lang='lat' dir='ltr'><strong>decem</strong></span> <span class='ocrx_word' id='word_1_11' title='bbox 1334 471 1641 527; x_wconf 82' lang='lat' dir='ltr'><strong>cubitorum</strong></span> <span class='ocrx_word' id='word_1_12' title='bbox 1691 470 1872 525; x_wconf 88' lang='lat' dir='ltr'><strong>altitu-</strong></span> <span class='ocrx_word' id='word_1_13' title='bbox 1902 477 1942 542; x_wconf 65' lang='grc' dir='ltr'>Α</span> <span class='ocrx_word' id='word_1_14' title='bbox 1978 477 2098 520; x_wconf 89' lang='lat' dir='ltr'><strong>tuor</strong></span> <span class='ocrx_word' id='word_1_15' title='bbox 2143 466 2527 522; x_wconf 83' lang='lat' dir='ltr'><strong>deanthulaera</strong></span> <span class='ocrx_word' id='word_1_16' title='bbox 2577 468 2718 522; x_wconf 63' lang='lat' dir='ltr'><strong>iiter</strong></span> <span class='ocrx_word' id='word_1_17' title='bbox 2759 468 3042 523; x_wconf 89' lang='lat' dir='ltr'><strong>columnas</strong></span> <span class='ocrx_word' id='word_1_18' title='bbox 3087 471 3382 527; x_wconf 85' lang='lat' dir='ltr'><strong>cedrtnas:</strong></span> <span class='ocrx_word' id='word_1_19' title='bbox 3423 473 3564 542; x_wconf 69' lang='lat' dir='ltr'><strong>ligna</strong></span> 
     </span>
    </p>
   </div>
   <div class='ocr_carea' id='block_1_5' title="bbox 276 563 1864 636">
    <p class='ocr_par' dir='ltr' id='par_1_5' title="bbox 276 563 1864 636">
     <span class='ocr_line' id='line_1_5' title="bbox 276 563 1864 636; baseline -0.001 -18"><span class='ocrx_word' id='word_1_20' title='bbox 276 563 440 618; x_wconf 87' lang='lat' dir='ltr'><strong>diuis.</strong></span> <span class='ocrx_word' id='word_1_21' title='bbox 460 565 710 635; x_wconf 80' lang='lat' dir='ltr'><strong>Quinque</strong></span> <span class='ocrx_word' id='word_1_22' title='bbox 731 567 1036 623; x_wconf 80' lang='lat' dir='ltr'><strong>cubitorum</strong></span> <span class='ocrx_word' id='word_1_23' title='bbox 1060 567 1142 622; x_wconf 91' lang='lat' dir='ltr'><strong>ala</strong></span> <span class='ocrx_word' id='word_1_24' title='bbox 1167 567 1372 623; x_wconf 87' lang='lat' dir='ltr'><strong>cherub</strong></span> <span class='ocrx_word' id='word_1_25' title='bbox 1395 581 1520 632; x_wconf 84' lang='lat' dir='ltr'><strong>una,</strong></span> <span class='ocrx_word' id='word_1_26' title='bbox 1551 573 1607 620; x_wconf 91' lang='lat' dir='ltr'><strong>et</strong></span> <span class='ocrx_word' id='word_1_27' title='bbox 1627 565 1864 636; x_wconf 85' lang='lat' dir='ltr'><strong>quinque</strong></span> 
     </span>
    </p>
   </div>
   <div class='ocr_carea' id='block_1_6' title="bbox 270 657 1864 725">
    <p class='ocr_par' dir='ltr' id='par_1_6' title="bbox 270 657 1864 725">
     <span class='ocr_line' id='line_1_6' title="bbox 270 657 1864 725; baseline 0.001 -13"><span class='ocrx_word' id='word_1_28' title='bbox 270 657 580 713; x_wconf 91' lang='lat' dir='ltr'><strong>cubitorum</strong></span> <span class='ocrx_word' id='word_1_29' title='bbox 620 661 705 714; x_wconf 87' lang='lat' dir='ltr'><strong>ala</strong></span> <span class='ocrx_word' id='word_1_30' title='bbox 737 660 944 717; x_wconf 89' lang='lat' dir='ltr'><strong>cheruh</strong></span> <span class='ocrx_word' id='word_1_31' title='bbox 973 661 1138 718; x_wconf 87' lang='lat' dir='ltr'><strong>altera</strong></span> <span class='ocrx_word' id='word_1_32' title='bbox 1167 678 1180 717; x_wconf 90' lang='lat'><strong>:</strong></span> <span class='ocrx_word' id='word_1_33' title='bbox 1222 662 1274 716; x_wconf 92' lang='lat' dir='ltr'><strong>id</strong></span> <span class='ocrx_word' id='word_1_34' title='bbox 1302 670 1404 725; x_wconf 88' lang='lat' dir='ltr'><strong>est,</strong></span> <span class='ocrx_word' id='word_1_35' title='bbox 1434 668 1620 716; x_wconf 89' lang='lat' dir='ltr'><strong>decem</strong></span> <span class='ocrx_word' id='word_1_36' title='bbox 1652 660 1864 715; x_wconf 86' lang='lat' dir='ltr'><strong>cubitos</strong></span> 
     </span>
    </p>
   </div>
   <div class='ocr_carea' id='block_1_7' title="bbox 270 753 1867 828">
    <p class='ocr_par' dir='ltr' id='par_1_7' title="bbox 270 753 1867 828">
     <span class='ocr_line' id='line_1_7' title="bbox 270 753 1867 828; baseline -0.001 -19"><span class='ocrx_word' id='word_1_37' title='bbox 270 753 561 821; x_wconf 74' lang='lat' dir='ltr'><strong>habentes,</strong></span> <span class='ocrx_word' id='word_1_38' title='bbox 605 771 634 810; x_wconf 89' lang='lat' dir='ltr'><strong>a</strong></span> <span class='ocrx_word' id='word_1_39' title='bbox 683 757 993 814; x_wconf 78' lang='lat' dir='ltr'><strong>summitate</strong></span> <span class='ocrx_word' id='word_1_40' title='bbox 1033 758 1132 813; x_wconf 64' lang='lat' dir='ltr'><strong>alat</strong></span> <span class='ocrx_word' id='word_1_41' title='bbox 1174 773 1343 828; x_wconf 88' lang='lat' dir='ltr'><strong>usque</strong></span> <span class='ocrx_word' id='word_1_42' title='bbox 1386 757 1450 810; x_wconf 86' lang='lat' dir='ltr'><strong>ad</strong></span> <span class='ocrx_word' id='word_1_43' title='bbox 1497 755 1722 811; x_wconf 91' lang='lat' dir='ltr'><strong>alterius</strong></span> <span class='ocrx_word' id='word_1_44' title='bbox 1769 755 1867 808; x_wconf 70' lang='lat' dir='ltr'><strong>alte.</strong></span> 
     </span>
    </p>
   </div>
   <div class='ocr_carea' id='block_1_8' title="bbox 273 847 1868 923">
    <p class='ocr_par' dir='ltr' id='par_1_8' title="bbox 273 847 1868 923">
     <span class='ocr_line' id='line_1_8' title="bbox 273 847 1868 923; baseline 0.001 -21"><span class='ocrx_word' id='word_1_45' title='bbox 273 847 400 919; x_wconf 69' lang='grc' dir='ltr'><strong>[Μι.</strong></span> <span class='ocrx_word' id='word_1_46' title='bbox 436 856 569 904; x_wconf 83' lang='lat' dir='ltr'><strong>tacet</strong></span> <span class='ocrx_word' id='word_1_47' title='bbox 610 851 730 923; x_wconf 78' lang='lat' dir='ltr'><strong>ahe]</strong></span> <span class='ocrx_word' id='word_1_48' title='bbox 774 851 1161 908; x_wconf 88' lang='lat' dir='ltr'><strong>summitatem.</strong></span> <span class='ocrx_word' id='word_1_49' title='bbox 1195 851 1390 907; x_wconf 91' lang='lat' dir='ltr'><strong>Decem</strong></span> <span class='ocrx_word' id='word_1_50' title='bbox 1423 866 1639 922; x_wconf 90' lang='lat' dir='ltr'><strong>quoque</strong></span> <span class='ocrx_word' id='word_1_51' title='bbox 1660 849 1868 906; x_wconf 87' lang='lat' dir='ltr'><strong>cubito-</strong></span> 
     </span>
    </p>
   </div>
   <div class='ocr_carea' id='block_1_9' title="bbox 270 942 1869 1016">
    <p class='ocr_par' dir='ltr' id='par_1_9' title="bbox 270 942 1869 1016">
     <span class='ocr_line' id='line_1_9' title="bbox 270 942 1869 1016; baseline 0.002 -19"><span class='ocrx_word' id='word_1_52' title='bbox 270 957 392 997; x_wconf 89' lang='lat' dir='ltr'><strong>rum</strong></span> <span class='ocrx_word' id='word_1_53' title='bbox 443 951 560 998; x_wconf 91' lang='lat' dir='ltr'><strong>erat</strong></span> <span class='ocrx_word' id='word_1_54' title='bbox 595 942 805 1000; x_wconf 88' lang='lat' dir='ltr'><strong>cherub</strong></span> <span class='ocrx_word' id='word_1_55' title='bbox 828 956 852 983; x_wconf 74' lang='grc' dir='ltr'>ι</span> <span class='ocrx_word' id='word_1_56' title='bbox 889 946 1189 1002; x_wconf 90' lang='lat' dir='ltr'><strong>secundum</strong></span> <span class='ocrx_word' id='word_1_57' title='bbox 1223 963 1236 1000; x_wconf 88' lang='lat'><strong>:</strong></span> <span class='ocrx_word' id='word_1_58' title='bbox 1267 945 1322 1000; x_wconf 92' lang='lat' dir='ltr'><strong>in</strong></span> <span class='ocrx_word' id='word_1_59' title='bbox 1353 960 1606 1000; x_wconf 89' lang='lat' dir='ltr'><strong>mensura</strong></span> <span class='ocrx_word' id='word_1_60' title='bbox 1648 947 1786 1016; x_wconf 89' lang='lat' dir='ltr'><strong>pari,</strong></span> <span class='ocrx_word' id='word_1_61' title='bbox 1817 955 1869 1001; x_wconf 91' lang='lat' dir='ltr'><strong>et</strong></span> 
     </span>
    </p>
   </div>
   <div class='ocr_carea' id='block_1_10' title="bbox 271 1038 1870 1106">
    <p class='ocr_par' dir='ltr' id='par_1_10' title="bbox 271 1038 1870 1106">
     <span class='ocr_line' id='line_1_10' title="bbox 271 1038 1870 1106; baseline 0.002 -16"><span class='ocrx_word' id='word_1_62' title='bbox 271 1051 409 1106; x_wconf 92' lang='lat' dir='ltr'><strong>opus</strong></span> <span class='ocrx_word' id='word_1_63' title='bbox 435 1053 604 1092; x_wconf 86' lang='lat' dir='ltr'><strong>unum</strong></span> <span class='ocrx_word' id='word_1_64' title='bbox 635 1046 756 1094; x_wconf 85' lang='lat' dir='ltr'><strong>erat</strong></span> <span class='ocrx_word' id='word_1_65' title='bbox 787 1038 838 1093; x_wconf 91' lang='lat' dir='ltr'><strong>in</strong></span> <span class='ocrx_word' id='word_1_66' title='bbox 881 1039 1094 1094; x_wconf 90' lang='lat' dir='ltr'><strong>duobus</strong></span> <span class='ocrx_word' id='word_1_67' title='bbox 1123 1038 1428 1104; x_wconf 85' lang='lat' dir='ltr'><strong>cherubim,</strong></span> <span class='ocrx_word' id='word_1_68' title='bbox 1465 1038 1518 1094; x_wconf 88' lang='lat' dir='ltr'><strong>id</strong></span> <span class='ocrx_word' id='word_1_69' title='bbox 1541 1049 1655 1106; x_wconf 88' lang='lat' dir='ltr'><strong>est,</strong></span> <span class='ocrx_word' id='word_1_70' title='bbox 1691 1039 1870 1094; x_wconf 88' lang='lat' dir='ltr'><strong>altitu-</strong></span> 
     </span>
    </p>
   </div>
   <div class='ocr_carea' id='block_1_11' title="bbox 273 1127 1867 1196">
    <p class='ocr_par' dir='ltr' id='par_1_11' title="bbox 273 1127 1867 1196">
     <span class='ocr_line' id='line_1_11' title="bbox 273 1127 1867 1196; baseline 0.001 -12"><span class='ocrx_word' id='word_1_71' title='bbox 273 1127 460 1184; x_wconf 87' lang='lat' dir='ltr'><strong>dinem</strong></span> <span class='ocrx_word' id='word_1_72' title='bbox 508 1130 742 1185; x_wconf 87' lang='lat' dir='ltr'><strong>bahebat</strong></span> <span class='ocrx_word' id='word_1_73' title='bbox 775 1147 912 1186; x_wconf 76' lang='lat' dir='ltr'><strong>unus</strong></span> <span class='ocrx_word' id='word_1_74' title='bbox 952 1132 1158 1188; x_wconf 88' lang='lat' dir='ltr'><strong>cberub</strong></span> <span class='ocrx_word' id='word_1_75' title='bbox 1193 1131 1381 1188; x_wconf 88' lang='lat' dir='ltr'><strong>decem</strong></span> <span class='ocrx_word' id='word_1_76' title='bbox 1423 1133 1767 1196; x_wconf 82' lang='lat' dir='ltr'><strong>cubitorum,</strong></span> <span class='ocrx_word' id='word_1_77' title='bbox 1817 1140 1867 1185; x_wconf 90' lang='lat' dir='ltr'><strong>et</strong></span> 
     </span>
    </p>
   </div>
   <div class='ocr_carea' id='block_1_12' title="bbox 273 1223 1869 1298">
    <p class='ocr_par' dir='ltr' id='par_1_12' title="bbox 273 1223 1869 1298">
     <span class='ocr_line' id='line_1_12' title="bbox 273 1223 1869 1298; baseline -0.001 -20"><span class='ocrx_word' id='word_1_78' title='bbox 273 1223 529 1280; x_wconf 83' lang='lat' dir='ltr'><strong>similiter</strong></span> <span class='ocrx_word' id='word_1_79' title='bbox 563 1223 769 1281; x_wconf 79' lang='lat' dir='ltr'><strong>citerth</strong></span> <span class='ocrx_word' id='word_1_80' title='bbox 815 1226 1105 1282; x_wconf 88' lang='lat' dir='ltr'><strong>secundus.</strong></span> <span class='ocrx_word' id='word_1_81' title='bbox 1148 1226 1435 1298; x_wconf 81' lang='lat' dir='ltr'><strong>Posuitun</strong></span> <span class='ocrx_word' id='word_1_82' title='bbox 1484 1225 1768 1280; x_wconf 76' lang='lat' dir='ltr'><strong>cherubim</strong></span> <span class='ocrx_word' id='word_1_83' title='bbox 1819 1226 1869 1278; x_wconf 90' lang='lat' dir='ltr'><strong>in</strong></span> 
     </span>
    </p>
   </div>
   <div class='ocr_carea' id='block_1_13' title="bbox 276 1316 1871 1398">
    <p class='ocr_par' dir='ltr' id='par_1_13' title="bbox 276 1316 1871 1398">
     <span class='ocr_line' id='line_1_13' title="bbox 276 1316 1871 1398; baseline -0.004 -25"><span class='ocrx_word' id='word_1_84' title='bbox 276 1317 461 1373; x_wconf 86' lang='lat' dir='ltr'><strong>medio</strong></span> <span class='ocrx_word' id='word_1_85' title='bbox 515 1316 703 1388; x_wconf 87' lang='lat' dir='ltr'><strong>templi</strong></span> <span class='ocrx_word' id='word_1_86' title='bbox 749 1317 1071 1373; x_wconf 80' lang='lat' dir='ltr'><strong>interioris:</strong></span> <span class='ocrx_word' id='word_1_87' title='bbox 1119 1318 1488 1398; x_wconf 72' lang='lat' dir='ltr'><strong>extendebant</strong></span> <span class='ocrx_word' id='word_1_88' title='bbox 1541 1327 1718 1372; x_wconf 81' lang='lat' dir='ltr'><strong>autem</strong></span> <span class='ocrx_word' id='word_1_89' title='bbox 1759 1316 1871 1372; x_wconf 85' lang='lat' dir='ltr'><strong>alas</strong></span> 
     </span>
    </p>
   </div>
   <div class='ocr_carea' id='block_1_14' title="bbox 279 1399 1871 1484">
    <p class='ocr_par' dir='ltr' id='par_1_14' title="bbox 279 1399 1871 1484">
     <span class='ocr_line' id='line_1_14' title="bbox 279 1399 1871 1484; baseline -0.002 -17"><span class='ocrx_word' id='word_1_90' title='bbox 279 1425 406 1467; x_wconf 86' lang='lat' dir='ltr'><strong>suas</strong></span> <span class='ocrx_word' id='word_1_91' title='bbox 431 1410 731 1478; x_wconf 73' lang='lat' dir='ltr'><strong>cherubim,</strong></span> <span class='ocrx_word' id='word_1_92' title='bbox 765 1421 819 1467; x_wconf 92' lang='lat' dir='ltr'><strong>ct</strong></span> <span class='ocrx_word' id='word_1_93' title='bbox 841 1409 1096 1484; x_wconf 75' lang='lat' dir='ltr'><strong>tangebat</strong></span> <span class='ocrx_word' id='word_1_94' title='bbox 1129 1399 1217 1467; x_wconf 81' lang='lat' dir='ltr'><strong>ala</strong></span> <span class='ocrx_word' id='word_1_95' title='bbox 1248 1427 1356 1468; x_wconf 91' lang='lat' dir='ltr'><strong>una</strong></span> <span class='ocrx_word' id='word_1_96' title='bbox 1387 1411 1672 1484; x_wconf 75' lang='lat' dir='ltr'><strong>parietem.</strong></span> <span class='ocrx_word' id='word_1_97' title='bbox 1709 1421 1762 1466; x_wconf 87' lang='lat' dir='ltr'><strong>et</strong></span> <span class='ocrx_word' id='word_1_98' title='bbox 1790 1409 1871 1464; x_wconf 84' lang='lat' dir='ltr'><strong>ala</strong></span> 
     </span>
    </p>
   </div>
   <div class='ocr_carea' id='block_1_15' title="bbox 278 1503 1873 1578">
    <p class='ocr_par' dir='ltr' id='par_1_15' title="bbox 278 1503 1873 1578">
     <span class='ocr_line' id='line_1_15' title="bbox 278 1503 1873 1578; baseline -0.003 -17"><span class='ocrx_word' id='word_1_99' title='bbox 278 1505 487 1562; x_wconf 85' lang='lat' dir='ltr'><strong>cherub</strong></span> <span class='ocrx_word' id='word_1_100' title='bbox 517 1503 740 1561; x_wconf 78' lang='lat' dir='ltr'><strong>Secundi</strong></span> <span class='ocrx_word' id='word_1_101' title='bbox 775 1507 1028 1578; x_wconf 83' lang='lat' dir='ltr'><strong>tangebat</strong></span> <span class='ocrx_word' id='word_1_102' title='bbox 1059 1506 1320 1576; x_wconf 79' lang='lat' dir='ltr'><strong>parietem</strong></span> <span class='ocrx_word' id='word_1_103' title='bbox 1355 1507 1584 1561; x_wconf 90' lang='lat' dir='ltr'><strong>alterum</strong></span> <span class='ocrx_word' id='word_1_104' title='bbox 1610 1522 1622 1557; x_wconf 86' lang='lat'><strong>:</strong></span> <span class='ocrx_word' id='word_1_105' title='bbox 1653 1505 1751 1559; x_wconf 60' lang='lat' dir='ltr'><strong>ala!</strong></span> <span class='ocrx_word' id='word_1_106' title='bbox 1775 1519 1873 1556; x_wconf 84' lang='lat' dir='ltr'><strong>au-</strong></span> 
     </span>
    </p>
   </div>
   <div class='ocr_carea' id='block_1_16' title="bbox 281 1597 1873 1670">
    <p class='ocr_par' dir='ltr' id='par_1_16' title="bbox 281 1597 1873 1670">
     <span class='ocr_line' id='line_1_16' title="bbox 281 1597 1873 1670; baseline -0.002 -15"><span class='ocrx_word' id='word_1_107' title='bbox 281 1606 390 1655; x_wconf 89' lang='lat' dir='ltr'><strong>tem</strong></span> <span class='ocrx_word' id='word_1_108' title='bbox 443 1599 630 1656; x_wconf 75' lang='lat' dir='ltr'><strong>altera:</strong></span> <span class='ocrx_word' id='word_1_109' title='bbox 670 1599 721 1654; x_wconf 92' lang='lat' dir='ltr'><strong>in</strong></span> <span class='ocrx_word' id='word_1_110' title='bbox 755 1599 928 1654; x_wconf 90' lang='lat' dir='ltr'><strong>media</strong></span> <span class='ocrx_word' id='word_1_111' title='bbox 970 1611 1120 1670; x_wconf 88' lang='lat' dir='ltr'><strong>parte</strong></span> <span class='ocrx_word' id='word_1_112' title='bbox 1163 1599 1349 1668; x_wconf 82' lang='lat' dir='ltr'><strong>templi</strong></span> <span class='ocrx_word' id='word_1_113' title='bbox 1385 1614 1444 1653; x_wconf 86' lang='lat' dir='ltr'><strong>se</strong></span> <span class='ocrx_word' id='word_1_114' title='bbox 1482 1597 1710 1654; x_wconf 79' lang='lat' dir='ltr'><strong>invicem</strong></span> <span class='ocrx_word' id='word_1_115' title='bbox 1742 1613 1873 1652; x_wconf 81' lang='lat' dir='ltr'><strong>con-</strong></span> 
     </span>
    </p>
   </div>
   <div class='ocr_carea' id='block_1_17' title="bbox 285 1692 1878 1763">
    <p class='ocr_par' dir='ltr' id='par_1_17' title="bbox 285 1692 1878 1763">
     <span class='ocr_line' id='line_1_17' title="bbox 285 1692 1878 1763; baseline -0.002 -16"><span class='ocrx_word' id='word_1_116' title='bbox 285 1692 584 1763; x_wconf 74' lang='lat' dir='ltr'><strong>ﬁngebant.</strong></span> <span class='ocrx_word' id='word_1_117' title='bbox 619 1692 772 1748; x_wconf 82' lang='lat' dir='ltr'><strong>Tein</strong></span> <span class='ocrx_word' id='word_1_118' title='bbox 812 1707 1026 1763; x_wconf 85' lang='lat' dir='ltr'><strong>quoque</strong></span> <span class='ocrx_word' id='word_1_119' title='bbox 1066 1692 1350 1748; x_wconf 88' lang='lat' dir='ltr'><strong>cherubim</strong></span> <span class='ocrx_word' id='word_1_120' title='bbox 1393 1707 1544 1746; x_wconf 90' lang='lat' dir='ltr'><strong>auro.</strong></span> <span class='ocrx_word' id='word_1_121' title='bbox 1585 1693 1641 1746; x_wconf 81' lang='lat' dir='ltr'><strong>Et</strong></span> <span class='ocrx_word' id='word_1_122' title='bbox 1687 1705 1878 1746; x_wconf 88' lang='lat' dir='ltr'><strong>onmes</strong></span> 
     </span>
    </p>
   </div>
   <div class='ocr_carea' id='block_1_18' title="bbox 285 1782 1880 1856">
    <p class='ocr_par' dir='ltr' id='par_1_18' title="bbox 285 1782 1880 1856">
     <span class='ocr_line' id='line_1_18' title="bbox 285 1782 1880 1856; baseline -0.001 -18"><span class='ocrx_word' id='word_1_123' title='bbox 285 1785 526 1856; x_wconf 82' lang='lat' dir='ltr'><strong>parietes</strong></span> <span class='ocrx_word' id='word_1_124' title='bbox 553 1783 738 1856; x_wconf 90' lang='lat' dir='ltr'><strong>templi</strong></span> <span class='ocrx_word' id='word_1_125' title='bbox 771 1801 868 1856; x_wconf 90' lang='lat' dir='ltr'><strong>per</strong></span> <span class='ocrx_word' id='word_1_126' title='bbox 890 1786 1180 1843; x_wconf 86' lang='lat' dir='ltr'><strong>circuitum</strong></span> <span class='ocrx_word' id='word_1_127' title='bbox 1218 1783 1244 1823; x_wconf 72' lang='grc' dir='ltr'>δ</span> <span class='ocrx_word' id='word_1_128' title='bbox 1279 1785 1410 1852; x_wconf 65' lang='lat' dir='ltr'><strong>sculi</strong></span> <span class='ocrx_word' id='word_1_129' title='bbox 1432 1786 1501 1840; x_wconf 87' lang='lat' dir='ltr'><strong>sit</strong></span> <span class='ocrx_word' id='word_1_130' title='bbox 1528 1783 1692 1838; x_wconf 85' lang='lat' dir='ltr'><strong>variis</strong></span> <span class='ocrx_word' id='word_1_131' title='bbox 1721 1782 1880 1839; x_wconf 79' lang='lat' dir='ltr'><strong>caela-</strong></span> 
     </span>
    </p>
   </div>
   <div class='ocr_carea' id='block_1_19' title="bbox 1968 560 3565 636">
    <p class='ocr_par' dir='ltr' id='par_1_19' title="bbox 1968 560 3565 636">
     <span class='ocr_line' id='line_1_19' title="bbox 1968 560 3565 636; baseline 0.005 -24"><span class='ocrx_word' id='word_1_132' title='bbox 1968 561 2169 630; x_wconf 90' lang='lat' dir='ltr'><strong>quippe</strong></span> <span class='ocrx_word' id='word_1_133' title='bbox 2191 560 2411 615; x_wconf 89' lang='lat' dir='ltr'><strong>cedrina</strong></span> <span class='ocrx_word' id='word_1_134' title='bbox 2434 561 2713 616; x_wconf 89' lang='lat' dir='ltr'><strong>exciderat</strong></span> <span class='ocrx_word' id='word_1_135' title='bbox 2738 561 2789 617; x_wconf 91' lang='lat' dir='ltr'><strong>in</strong></span> <span class='ocrx_word' id='word_1_136' title='bbox 2818 563 3098 619; x_wconf 77' lang='lat' dir='ltr'><strong>columnas</strong></span> <span class='ocrx_word' id='word_1_137' title='bbox 3125 564 3202 636; x_wconf 86' lang='lat' dir='ltr'><strong>[h.</strong></span> <span class='ocrx_word' id='word_1_138' title='bbox 3237 581 3398 636; x_wconf 86' lang='lat' dir='ltr'><strong>super</strong></span> <span class='ocrx_word' id='word_1_139' title='bbox 3433 584 3565 636; x_wconf 87' lang='lat' dir='ltr'><strong>qua-</strong></span> 
     </span>
    </p>
   </div>
   <div class='ocr_carea' id='block_1_20' title="bbox 1973 652 3564 732">
    <p class='ocr_par' dir='ltr' id='par_1_20' title="bbox 1973 652 3564 732">
     <span class='ocr_line' id='line_1_20' title="bbox 1973 652 3564 732; baseline 0.008 -29"><span class='ocrx_word' id='word_1_140' title='bbox 1973 660 2093 704; x_wconf 88' lang='lat' dir='ltr'><strong>tuor</strong></span> <span class='ocrx_word' id='word_1_141' title='bbox 2132 652 2510 708; x_wconf 83' lang='lat' dir='ltr'><strong>Columnarum</strong></span> <span class='ocrx_word' id='word_1_142' title='bbox 2551 656 2780 720; x_wconf 73' lang='lat' dir='ltr'><strong>ordines,</strong></span> <span class='ocrx_word' id='word_1_143' title='bbox 2833 657 3085 728; x_wconf 83' lang='lat' dir='ltr'><strong>lignaque</strong></span> <span class='ocrx_word' id='word_1_144' title='bbox 3123 658 3348 714; x_wconf 89' lang='lat' dir='ltr'><strong>cedrina</strong></span> <span class='ocrx_word' id='word_1_145' title='bbox 3401 677 3564 732; x_wconf 86' lang='lat' dir='ltr'><strong>super</strong></span> 
     </span>
    </p>
   </div>
   <div class='ocr_carea' id='block_1_21' title="bbox 1971 743 3566 816">
    <p class='ocr_par' dir='ltr' id='par_1_21' title="bbox 1971 743 3566 816">
     <span class='ocr_line' id='line_1_21' title="bbox 1971 743 3566 816; baseline 0.006 -19"><span class='ocrx_word' id='word_1_146' title='bbox 1971 743 2298 816; x_wconf 79' lang='lat' dir='ltr'><strong>column-ts].</strong></span> <span class='ocrx_word' id='word_1_147' title='bbox 2337 745 2402 799; x_wconf 88' lang='lat' dir='ltr'><strong>Et</strong></span> <span class='ocrx_word' id='word_1_148' title='bbox 2435 746 2694 802; x_wconf 81' lang='lat' dir='ltr'><strong>tabulatis</strong></span> <span class='ocrx_word' id='word_1_149' title='bbox 2730 748 2970 804; x_wconf 89' lang='lat' dir='ltr'><strong>cedrinis</strong></span> <span class='ocrx_word' id='word_1_150' title='bbox 3007 751 3224 805; x_wconf 72' lang='lat' dir='ltr'><strong>vestivit</strong></span> <span class='ocrx_word' id='word_1_151' title='bbox 3262 762 3429 807; x_wconf 86' lang='lat' dir='ltr'><strong>totam</strong></span> <span class='ocrx_word' id='word_1_152' title='bbox 3473 768 3566 808; x_wconf 85' lang='lat' dir='ltr'><strong>ca-</strong></span> 
     </span>
    </p>
   </div>
   <div class='ocr_carea' id='block_1_22' title="bbox 1973 840 3565 912">
    <p class='ocr_par' dir='ltr' id='par_1_22' title="bbox 1973 840 3565 912">
     <span class='ocr_line' id='line_1_22' title="bbox 1973 840 3565 912; baseline 0.008 -24"><span class='ocrx_word' id='word_1_153' title='bbox 1973 851 2204 905; x_wconf 87' lang='lat' dir='ltr'><strong>meram,</strong></span> <span class='ocrx_word' id='word_1_154' title='bbox 2241 851 2360 907; x_wconf 74' lang='lat' dir='ltr'><strong>qtttr</strong></span> <span class='ocrx_word' id='word_1_155' title='bbox 2389 840 2741 909; x_wconf 77' lang='lat' dir='ltr'><strong>quadraginta</strong></span> <span class='ocrx_word' id='word_1_156' title='bbox 2779 843 3016 912; x_wconf 82' lang='lat' dir='ltr'><strong>quinque</strong></span> <span class='ocrx_word' id='word_1_157' title='bbox 3048 844 3316 899; x_wconf 86' lang='lat' dir='ltr'><strong>columnis</strong></span> <span class='ocrx_word' id='word_1_158' title='bbox 3350 856 3565 901; x_wconf 84' lang='lat' dir='ltr'><strong>susten-</strong></span> 
     </span>
    </p>
   </div>
   <div class='ocr_carea' id='block_1_23' title="bbox 1973 917 3567 1012">
    <p class='ocr_par' dir='ltr' id='par_1_23' title="bbox 1973 917 3567 1012">
     <span class='ocr_line' id='line_1_23' title="bbox 1973 917 3567 1012; baseline 0.008 -28"><span class='ocrx_word' id='word_1_159' title='bbox 1973 930 2184 986; x_wconf 87' lang='lat' dir='ltr'><strong>tabatur</strong></span> <span class='ocrx_word' id='word_1_160' title='bbox 2212 930 2340 1002; x_wconf 69' lang='grc' dir='ltr'><strong>[Με.</strong></span> <span class='ocrx_word' id='word_1_161' title='bbox 2372 917 2777 1005; x_wconf 82' lang='lat' dir='ltr'><strong>sustinebatur].</strong></span> <span class='ocrx_word' id='word_1_162' title='bbox 2809 934 2958 990; x_wconf 85' lang='lat' dir='ltr'><strong>Unus</strong></span> <span class='ocrx_word' id='word_1_163' title='bbox 2978 945 3147 991; x_wconf 75' lang='lat' dir='ltr'><strong>autem</strong></span> <span class='ocrx_word' id='word_1_164' title='bbox 3172 938 3363 1010; x_wconf 91' lang='lat' dir='ltr'><strong>[b.non</strong></span> <span class='ocrx_word' id='word_1_165' title='bbox 3385 939 3567 1012; x_wconf 88' lang='lat' dir='ltr'><strong>habet]</strong></span> 
     </span>
    </p>
   </div>
   <div class='ocr_carea' id='block_1_24' title="bbox 1975 1022 3564 1096">
    <p class='ocr_par' dir='ltr' id='par_1_24' title="bbox 1975 1022 3564 1096">
     <span class='ocr_line' id='line_1_24' title="bbox 1975 1022 3564 1096; baseline 0.008 -20"><span class='ocrx_word' id='word_1_166' title='bbox 1975 1023 2108 1076; x_wconf 89' lang='lat' dir='ltr'><strong>ordo</strong></span> <span class='ocrx_word' id='word_1_167' title='bbox 2131 1022 2362 1079; x_wconf 89' lang='lat' dir='ltr'><strong>habebat</strong></span> <span class='ocrx_word' id='word_1_168' title='bbox 2384 1026 2668 1081; x_wconf 86' lang='lat' dir='ltr'><strong>columnas</strong></span> <span class='ocrx_word' id='word_1_169' title='bbox 2695 1029 3007 1096; x_wconf 80' lang='lat' dir='ltr'><strong>quindecim</strong></span> <span class='ocrx_word' id='word_1_170' title='bbox 3032 1041 3222 1086; x_wconf 83' lang='lat' dir='ltr'><strong>contra</strong></span> <span class='ocrx_word' id='word_1_171' title='bbox 3248 1048 3306 1088; x_wconf 92' lang='lat' dir='ltr'><strong>se</strong></span> <span class='ocrx_word' id='word_1_172' title='bbox 3335 1033 3564 1090; x_wconf 81' lang='lat' dir='ltr'><strong>invicem</strong></span> 
     </span>
    </p>
   </div>
   <div class='ocr_carea' id='block_1_25' title="bbox 1978 1117 3637 1198">
    <p class='ocr_par' dir='ltr' id='par_1_25' title="bbox 1978 1117 3637 1198">
     <span class='ocr_line' id='line_1_25' title="bbox 1978 1117 3637 1198; baseline 0.008 -28"><span class='ocrx_word' id='word_1_173' title='bbox 1978 1117 2204 1187; x_wconf 73' lang='lat' dir='ltr'><strong>positas,</strong></span> <span class='ocrx_word' id='word_1_174' title='bbox 2240 1125 2296 1172; x_wconf 90' lang='lat' dir='ltr'><strong>ct</strong></span> <span class='ocrx_word' id='word_1_175' title='bbox 2325 1135 2354 1172; x_wconf 89' lang='lat' dir='ltr'><strong>e</strong></span> <span class='ocrx_word' id='word_1_176' title='bbox 2397 1121 2622 1189; x_wconf 65' lang='lat' dir='ltr'><strong>regione</strong></span> <span class='ocrx_word' id='word_1_177' title='bbox 2660 1137 2719 1176; x_wconf 89' lang='lat' dir='ltr'><strong>se</strong></span> <span class='ocrx_word' id='word_1_178' title='bbox 2749 1124 3128 1193; x_wconf 63' lang='lat' dir='ltr'><strong>respicientes,</strong></span> <span class='ocrx_word' id='word_1_179' title='bbox 3167 1129 3358 1197; x_wconf 73' lang='lat' dir='ltr'><strong>mqttaii</strong></span> <span class='ocrx_word' id='word_1_180' title='bbox 3392 1129 3569 1198; x_wconf 87' lang='lat' dir='ltr'><strong>spatio</strong></span> <span class='ocrx_word' id='word_1_181' title='bbox 3619 1133 3637 1143; x_wconf 82' lang='lat'><strong>‘</strong></span> 
     </span>
    </p>
   </div>
   <div class='ocr_carea' id='block_1_26' title="bbox 1979 1210 3567 1288">
    <p class='ocr_par' dir='ltr' id='par_1_26' title="bbox 1979 1210 3567 1288">
     <span class='ocr_line' id='line_1_26' title="bbox 1979 1210 3567 1288; baseline 0.006 -24"><span class='ocrx_word' id='word_1_182' title='bbox 1979 1210 2120 1264; x_wconf 88' lang='lat' dir='ltr'><strong>inter</strong></span> <span class='ocrx_word' id='word_1_183' title='bbox 2163 1211 2468 1279; x_wconf 86' lang='lat' dir='ltr'><strong>columnas,</strong></span> <span class='ocrx_word' id='word_1_184' title='bbox 2521 1223 2574 1267; x_wconf 90' lang='lat' dir='ltr'><strong>et</strong></span> <span class='ocrx_word' id='word_1_185' title='bbox 2613 1227 2778 1278; x_wconf 83' lang='lat' dir='ltr'><strong>super</strong></span> <span class='ocrx_word' id='word_1_186' title='bbox 2815 1215 3097 1272; x_wconf 84' lang='lat' dir='ltr'><strong>columnas</strong></span> <span class='ocrx_word' id='word_1_187' title='bbox 3139 1217 3567 1288; x_wconf 76' lang='lat' dir='ltr'><strong>quadrangulum</strong></span> 
     </span>
    </p>
   </div>
   <div class='ocr_carea' id='block_1_27' title="bbox 1980 1303 3559 1376">
    <p class='ocr_par' dir='ltr' id='par_1_27' title="bbox 1980 1303 3559 1376">
     <span class='ocr_line' id='line_1_27' title="bbox 1980 1303 3559 1376; baseline 0.005 -19"><span class='ocrx_word' id='word_1_188' title='bbox 1980 1303 2120 1374; x_wconf 75' lang='lat' dir='ltr'><strong>ligna</strong></span> <span class='ocrx_word' id='word_1_189' title='bbox 2165 1304 2216 1357; x_wconf 91' lang='lat' dir='ltr'><strong>in</strong></span> <span class='ocrx_word' id='word_1_190' title='bbox 2243 1305 2457 1357; x_wconf 87' lang='lat' dir='ltr'><strong>cunctis</strong></span> <span class='ocrx_word' id='word_1_191' title='bbox 2483 1307 2730 1376; x_wconf 72' lang='lat' dir='ltr'><strong>:rqualia.</strong></span> <span class='ocrx_word' id='word_1_192' title='bbox 2777 1307 2836 1361; x_wconf 85' lang='lat' dir='ltr'><strong>Et</strong></span> <span class='ocrx_word' id='word_1_193' title='bbox 2871 1310 3136 1375; x_wconf 85' lang='lat' dir='ltr'><strong>porticum</strong></span> <span class='ocrx_word' id='word_1_194' title='bbox 3188 1313 3559 1366; x_wconf 77' lang='lat' dir='ltr'><strong>columnarum</strong></span> 
     </span>
    </p>
   </div>
   <div class='ocr_carea' id='block_1_28' title="bbox 1982 1392 3568 1474">
    <p class='ocr_par' dir='ltr' id='par_1_28' title="bbox 1982 1392 3568 1474">
     <span class='ocr_line' id='line_1_28' title="bbox 1982 1392 3568 1474; baseline 0.008 -28"><span class='ocrx_word' id='word_1_195' title='bbox 1982 1392 2102 1448; x_wconf 79' lang='lat' dir='ltr'><strong>fecit</strong></span> <span class='ocrx_word' id='word_1_196' title='bbox 2130 1397 2514 1464; x_wconf 73' lang='lat' dir='ltr'><strong>quinquaginti</strong></span> <span class='ocrx_word' id='word_1_197' title='bbox 2547 1399 2856 1453; x_wconf 79' lang='lat' dir='ltr'><strong>cubitorum</strong></span> <span class='ocrx_word' id='word_1_198' title='bbox 2882 1401 3255 1471; x_wconf 55' lang='lat' dir='ltr'><strong>longitudinis,</strong></span> <span class='ocrx_word' id='word_1_199' title='bbox 3281 1413 3334 1457; x_wconf 84' lang='lat' dir='ltr'><strong>ct</strong></span> <span class='ocrx_word' id='word_1_200' title='bbox 3358 1405 3568 1474; x_wconf 72' lang='lat' dir='ltr'><strong>uiginti</strong></span> 
     </span>
    </p>
   </div>
   <div class='ocr_carea' id='block_1_29' title="bbox 1980 1485 3573 1561">
    <p class='ocr_par' dir='ltr' id='par_1_29' title="bbox 1980 1485 3573 1561">
     <span class='ocr_line' id='line_1_29' title="bbox 1980 1485 3573 1561; baseline 0.009 -24"><span class='ocrx_word' id='word_1_201' title='bbox 1980 1485 2286 1540; x_wconf 85' lang='lat' dir='ltr'><strong>cubitorum</strong></span> <span class='ocrx_word' id='word_1_202' title='bbox 2335 1487 2658 1551; x_wconf 83' lang='lat' dir='ltr'><strong>latitudinis.</strong></span> <span class='ocrx_word' id='word_1_203' title='bbox 2690 1503 2741 1543; x_wconf 92' lang='lat' dir='ltr'><strong>et</strong></span> <span class='ocrx_word' id='word_1_204' title='bbox 2785 1493 3013 1547; x_wconf 83' lang='lat' dir='ltr'><strong>alteram</strong></span> <span class='ocrx_word' id='word_1_205' title='bbox 3048 1494 3311 1561; x_wconf 80' lang='lat' dir='ltr'><strong>porticum</strong></span> <span class='ocrx_word' id='word_1_206' title='bbox 3347 1497 3397 1550; x_wconf 90' lang='lat' dir='ltr'><strong>in</strong></span> <span class='ocrx_word' id='word_1_207' title='bbox 3437 1497 3573 1552; x_wconf 81' lang='lat' dir='ltr'><strong>facie</strong></span> 
     </span>
    </p>
   </div>
   <div class='ocr_carea' id='block_1_30' title="bbox 1981 1578 3577 1659">
    <p class='ocr_par' dir='ltr' id='par_1_30' title="bbox 1981 1578 3577 1659">
     <span class='ocr_line' id='line_1_30' title="bbox 1981 1578 3577 1659; baseline 0.006 -28"><span class='ocrx_word' id='word_1_208' title='bbox 1981 1578 2202 1644; x_wconf 81' lang='lat' dir='ltr'><strong>majoris</strong></span> <span class='ocrx_word' id='word_1_209' title='bbox 2231 1583 2492 1649; x_wconf 90' lang='lat' dir='ltr'><strong>porticus,</strong></span> <span class='ocrx_word' id='word_1_210' title='bbox 2527 1594 2578 1636; x_wconf 91' lang='lat' dir='ltr'><strong>et</strong></span> <span class='ocrx_word' id='word_1_211' title='bbox 2600 1585 2904 1651; x_wconf 66' lang='lat' dir='ltr'><strong>coiumnas,</strong></span> <span class='ocrx_word' id='word_1_212' title='bbox 2931 1594 2982 1640; x_wconf 90' lang='lat' dir='ltr'><strong>et</strong></span> <span class='ocrx_word' id='word_1_213' title='bbox 3013 1586 3261 1659; x_wconf 85' lang='lat' dir='ltr'><strong>epistylia</strong></span> <span class='ocrx_word' id='word_1_214' title='bbox 3293 1603 3455 1659; x_wconf 87' lang='lat' dir='ltr'><strong>super</strong></span> <span class='ocrx_word' id='word_1_215' title='bbox 3482 1605 3577 1645; x_wconf 80' lang='lat' dir='ltr'><strong>co-</strong></span> 
     </span>
    </p>
   </div>
   <div class='ocr_carea' id='block_1_31' title="bbox 1984 1669 3576 1751">
    <p class='ocr_par' dir='ltr' id='par_1_31' title="bbox 1984 1669 3576 1751">
     <span class='ocr_line' id='line_1_31' title="bbox 1984 1669 3576 1751; baseline 0.011 -31"><span class='ocrx_word' id='word_1_216' title='bbox 1984 1669 2214 1723; x_wconf 85' lang='lat' dir='ltr'><strong>lumnas.</strong></span> <span class='ocrx_word' id='word_1_217' title='bbox 2259 1670 2528 1728; x_wconf 89' lang='lat' dir='ltr'><strong>Purticum</strong></span> <span class='ocrx_word' id='word_1_218' title='bbox 2560 1687 2776 1745; x_wconf 88' lang='lat' dir='ltr'><strong>quoque</strong></span> <span class='ocrx_word' id='word_1_219' title='bbox 2806 1675 2962 1744; x_wconf 84' lang='lat' dir='ltr'><strong>solii,</strong></span> <span class='ocrx_word' id='word_1_220' title='bbox 3005 1677 3055 1732; x_wconf 85' lang='lat' dir='ltr'><strong>iu</strong></span> <span class='ocrx_word' id='word_1_221' title='bbox 3084 1695 3188 1751; x_wconf 89' lang='lat' dir='ltr'><strong>qua</strong></span> <span class='ocrx_word' id='word_1_222' title='bbox 3233 1681 3465 1737; x_wconf 87' lang='lat' dir='ltr'><strong>tribunal</strong></span> <span class='ocrx_word' id='word_1_223' title='bbox 3491 1693 3576 1739; x_wconf 86' lang='lat' dir='ltr'><strong>est</strong></span> 
     </span>
    </p>
   </div>
   <div class='ocr_carea' id='block_1_32' title="bbox 1985 1759 3572 1842">
    <p class='ocr_par' dir='ltr' id='par_1_32' title="bbox 1985 1759 3572 1842">
     <span class='ocr_line' id='line_1_32' title="bbox 1985 1759 3572 1842; baseline 0.013 -32"><span class='ocrx_word' id='word_1_224' title='bbox 1985 1759 2061 1831; x_wconf 74' lang='grc' dir='ltr'><strong>[ιι.</strong></span> <span class='ocrx_word' id='word_1_225' title='bbox 2101 1763 2152 1816; x_wconf 91' lang='lat' dir='ltr'><strong>in</strong></span> <span class='ocrx_word' id='word_1_226' title='bbox 2185 1778 2290 1833; x_wconf 91' lang='lat' dir='ltr'><strong>qua</strong></span> <span class='ocrx_word' id='word_1_227' title='bbox 2315 1764 2634 1836; x_wconf 85' lang='lat' dir='ltr'><strong>judicabat]</strong></span> <span class='ocrx_word' id='word_1_228' title='bbox 2678 1766 2807 1822; x_wconf 78' lang='lat' dir='ltr'><strong>fecit</strong></span> <span class='ocrx_word' id='word_1_229' title='bbox 2845 1781 2897 1822; x_wconf 85' lang='lat' dir='ltr'><strong>et</strong></span> <span class='ocrx_word' id='word_1_230' title='bbox 2932 1772 3062 1824; x_wconf 76' lang='lat' dir='ltr'><strong>texit</strong></span> <span class='ocrx_word' id='word_1_231' title='bbox 3093 1773 3249 1842; x_wconf 74' lang='lat' dir='ltr'><strong>tignis</strong></span> <span class='ocrx_word' id='word_1_232' title='bbox 3279 1773 3515 1829; x_wconf 88' lang='lat' dir='ltr'><strong>cedriuis</strong></span> <span class='ocrx_word' id='word_1_233' title='bbox 3545 1797 3572 1830; x_wconf 87' lang='lat' dir='ltr'><strong>a</strong></span> 
     </span>
    </p>
   </div>
   <div class='ocr_carea' id='block_1_33' title="bbox 287 1852 3575 1950">
    <p class='ocr_par' dir='ltr' id='par_1_33' title="bbox 287 1852 3575 1950">
     <span class='ocr_line' id='line_1_33' title="bbox 287 1852 3575 1950; baseline 0.004 -40"><span class='ocrx_word' id='word_1_234' title='bbox 287 1852 423 1934; x_wconf 55' lang='lat' dir='ltr'><strong>iuris</strong></span> <span class='ocrx_word' id='word_1_235' title='bbox 453 1887 509 1932; x_wconf 63' lang='grc' dir='ltr'><strong>οι</strong></span> <span class='ocrx_word' id='word_1_236' title='bbox 537 1852 719 1941; x_wconf 53' lang='grc' dir='ltr'><strong>μη.ηῶ</strong></span> <span class='ocrx_word' id='word_1_237' title='bbox 754 1852 786 1917; x_wconf 67' lang='grc' dir='ltr'><strong>ε’</strong></span> <span class='ocrx_word' id='word_1_238' title='bbox 810 1887 862 1932; x_wconf 64' lang='grc' dir='ltr'><strong>ει</strong></span> <span class='ocrx_word' id='word_1_239' title='bbox 895 1876 1022 1934; x_wconf 57' lang='grc' dir='ltr'><strong>[θεῖε</strong></span> <span class='ocrx_word' id='word_1_240' title='bbox 1053 1878 1104 1932; x_wconf 64' lang='lat' dir='ltr'><strong>in</strong></span> <span class='ocrx_word' id='word_1_241' title='bbox 1129 1876 1212 1932; x_wconf 69' lang='lat' dir='ltr'><strong>eis</strong></span> <span class='ocrx_word' id='word_1_242' title='bbox 1235 1873 1536 1943; x_wconf 52' lang='lat' dir='ltr'><strong>cherubim,</strong></span> <span class='ocrx_word' id='word_1_243' title='bbox 1571 1884 1624 1929; x_wconf 61' lang='grc' dir='ltr'><strong>ρι</strong></span> <span class='ocrx_word' id='word_1_244' title='bbox 1651 1874 1875 1945; x_wconf 49' lang='lat' dir='ltr'><strong>paimas’</strong></span> <span class='ocrx_word' id='word_1_245' title='bbox 1912 1887 1958 1950; x_wconf 73' lang='grc' dir='ltr'><strong>Β</strong></span> <span class='ocrx_word' id='word_1_246' title='bbox 1987 1852 2305 1950; x_wconf 78' lang='lat' dir='ltr'><strong>pavimento</strong></span> <span class='ocrx_word' id='word_1_247' title='bbox 2348 1871 2519 1925; x_wconf 84' lang='lat' dir='ltr'><strong>usque.</strong></span> <span class='ocrx_word' id='word_1_248' title='bbox 2575 1857 2641 1911; x_wconf 91' lang='lat' dir='ltr'><strong>ad</strong></span> <span class='ocrx_word' id='word_1_249' title='bbox 2697 1862 3089 1916; x_wconf 51' lang='lat' dir='ltr'><strong>summititcm.</strong></span> <span class='ocrx_word' id='word_1_250' title='bbox 3135 1863 3200 1918; x_wconf 83' lang='lat' dir='ltr'><strong>Et</strong></span> <span class='ocrx_word' id='word_1_251' title='bbox 3247 1866 3575 1922; x_wconf 66' lang='lat' dir='ltr'><strong>domuncula</strong></span> 
     </span>
    </p>
   </div>
   <div class='ocr_carea' id='block_1_34' title="bbox 288 1967 1885 2042">
    <p class='ocr_par' dir='ltr' id='par_1_34' title="bbox 288 1967 1885 2042">
     <span class='ocr_line' id='line_1_34' title="bbox 288 1967 1885 2042; baseline -0.003 -15"><span class='ocrx_word' id='word_1_252' title='bbox 288 1981 340 2027; x_wconf 88' lang='lat' dir='ltr'><strong>et</strong></span> <span class='ocrx_word' id='word_1_253' title='bbox 378 1972 625 2042; x_wconf 86' lang='lat' dir='ltr'><strong>picturas</strong></span> <span class='ocrx_word' id='word_1_254' title='bbox 655 1972 860 2038; x_wconf 78' lang='lat' dir='ltr'><strong>varias,</strong></span> <span class='ocrx_word' id='word_1_255' title='bbox 897 1971 1048 2041; x_wconf 74' lang='lat' dir='ltr'><strong>quasi</strong></span> <span class='ocrx_word' id='word_1_256' title='bbox 1081 1969 1450 2040; x_wconf 84' lang='lat' dir='ltr'><strong>prominentes</strong></span> <span class='ocrx_word' id='word_1_257' title='bbox 1478 1967 1546 2024; x_wconf 92' lang='lat' dir='ltr'><strong>de</strong></span> <span class='ocrx_word' id='word_1_258' title='bbox 1572 1969 1798 2038; x_wconf 84' lang='lat' dir='ltr'><strong>pariete,</strong></span> <span class='ocrx_word' id='word_1_259' title='bbox 1829 1974 1885 2022; x_wconf 91' lang='lat' dir='ltr'><strong>et</strong></span> 
     </span>
    </p>
   </div>
   <div class='ocr_carea' id='block_1_35' title="bbox 300 2059 1883 2138">
    <p class='ocr_par' dir='ltr' id='par_1_35' title="bbox 300 2059 1883 2138">
     <span class='ocr_line' id='line_1_35' title="bbox 300 2059 1883 2138; baseline -0.004 -18"><span class='ocrx_word' id='word_1_260' title='bbox 300 2065 648 2132; x_wconf 76' lang='lat' dir='ltr'><strong>egredientes</strong></span> <span class='ocrx_word' id='word_1_261' title='bbox 669 2065 747 2138; x_wconf 15' lang='lat' dir='ltr'><strong>[,h.</strong></span> <span class='ocrx_word' id='word_1_262' title='bbox 771 2065 1094 2119; x_wconf 86' lang='lat' dir='ltr'><strong>intrinsecus</strong></span> <span class='ocrx_word' id='word_1_263' title='bbox 1110 2074 1161 2117; x_wconf 84' lang='lat' dir='ltr'><strong>et</strong></span> <span class='ocrx_word' id='word_1_264' title='bbox 1187 2059 1562 2132; x_wconf 85' lang='lat' dir='ltr'><strong>extrinsecus].</strong></span> <span class='ocrx_word' id='word_1_265' title='bbox 1589 2059 1693 2116; x_wconf 86' lang='lat' dir='ltr'><strong>Sed</strong></span> <span class='ocrx_word' id='word_1_266' title='bbox 1721 2073 1768 2114; x_wconf 89' lang='lat' dir='ltr'><strong>et</strong></span> <span class='ocrx_word' id='word_1_267' title='bbox 1795 2075 1883 2128; x_wconf 80' lang='lat' dir='ltr'><strong>pa-</strong></span> 
     </span>
    </p>
   </div>
   <div class='ocr_carea' id='block_1_36' title="bbox 291 2151 1888 2213">
    <p class='ocr_par' dir='ltr' id='par_1_36' title="bbox 291 2151 1888 2213">
     <span class='ocr_line' id='line_1_36' title="bbox 291 2151 1888 2213; baseline -0.004 -1"><span class='ocrx_word' id='word_1_268' title='bbox 291 2159 590 2213; x_wconf 84' lang='lat' dir='ltr'><strong>vimentum</strong></span> <span class='ocrx_word' id='word_1_269' title='bbox 621 2157 814 2210; x_wconf 81' lang='lat' dir='ltr'><strong>d0mus</strong></span> <span class='ocrx_word' id='word_1_270' title='bbox 845 2156 976 2209; x_wconf 75' lang='lat' dir='ltr'><strong>texit</strong></span> <span class='ocrx_word' id='word_1_271' title='bbox 1006 2170 1142 2210; x_wconf 90' lang='lat' dir='ltr'><strong>auro</strong></span> <span class='ocrx_word' id='word_1_272' title='bbox 1168 2153 1498 2208; x_wconf 79' lang='lat' dir='ltr'><strong>intrinsecus</strong></span> <span class='ocrx_word' id='word_1_273' title='bbox 1525 2161 1580 2208; x_wconf 88' lang='lat' dir='ltr'><strong>et</strong></span> <span class='ocrx_word' id='word_1_274' title='bbox 1619 2151 1888 2207; x_wconf 85' lang='lat' dir='ltr'><strong>extrinse-</strong></span> 
     </span>
    </p>
   </div>
   <div class='ocr_carea' id='block_1_37' title="bbox 295 2243 1888 2320">
    <p class='ocr_par' dir='ltr' id='par_1_37' title="bbox 295 2243 1888 2320">
     <span class='ocr_line' id='line_1_37' title="bbox 295 2243 1888 2320; baseline -0.005 -14"><span class='ocrx_word' id='word_1_275' title='bbox 295 2267 413 2306; x_wconf 88' lang='lat' dir='ltr'><strong>cus.</strong></span> <span class='ocrx_word' id='word_1_276' title='bbox 473 2250 543 2306; x_wconf 87' lang='lat' dir='ltr'><strong>Et</strong></span> <span class='ocrx_word' id='word_1_277' title='bbox 588 2251 640 2304; x_wconf 91' lang='lat' dir='ltr'><strong>in</strong></span> <span class='ocrx_word' id='word_1_278' title='bbox 687 2251 933 2320; x_wconf 79' lang='lat' dir='ltr'><strong>ingressu</strong></span> <span class='ocrx_word' id='word_1_279' title='bbox 962 2247 1164 2303; x_wconf 89' lang='lat' dir='ltr'><strong>oraculi</strong></span> <span class='ocrx_word' id='word_1_280' title='bbox 1216 2247 1338 2302; x_wconf 77' lang='lat' dir='ltr'><strong>fecit</strong></span> <span class='ocrx_word' id='word_1_281' title='bbox 1376 2245 1571 2301; x_wconf 90' lang='lat' dir='ltr'><strong>ostiola</strong></span> <span class='ocrx_word' id='word_1_282' title='bbox 1617 2245 1685 2301; x_wconf 87' lang='lat' dir='ltr'><strong>de</strong></span> <span class='ocrx_word' id='word_1_283' title='bbox 1730 2243 1888 2316; x_wconf 75' lang='lat' dir='ltr'><strong>lignis</strong></span> 
     </span>
    </p>
   </div>
   <div class='ocr_carea' id='block_1_38' title="bbox 297 2339 1891 2414">
    <p class='ocr_par' dir='ltr' id='par_1_38' title="bbox 297 2339 1891 2414">
     <span class='ocr_line' id='line_1_38' title="bbox 297 2339 1891 2414; baseline -0.004 -16"><span class='ocrx_word' id='word_1_284' title='bbox 297 2345 588 2407; x_wconf 86' lang='lat' dir='ltr'><strong>olivarum,</strong></span> <span class='ocrx_word' id='word_1_285' title='bbox 615 2357 904 2414; x_wconf 75' lang='lat' dir='ltr'><strong>posmsque</strong></span> <span class='ocrx_word' id='word_1_286' title='bbox 932 2342 1240 2413; x_wconf 81' lang='lat' dir='ltr'><strong>angulorum</strong></span> <span class='ocrx_word' id='word_1_287' title='bbox 1264 2340 1344 2414; x_wconf 91' lang='lat' dir='ltr'><strong>[h.</strong></span> <span class='ocrx_word' id='word_1_288' title='bbox 1387 2356 1492 2396; x_wconf 92' lang='lat' dir='ltr'><strong>non</strong></span> <span class='ocrx_word' id='word_1_289' title='bbox 1527 2339 1708 2412; x_wconf 83' lang='lat' dir='ltr'><strong>habet]</strong></span> <span class='ocrx_word' id='word_1_290' title='bbox 1738 2341 1891 2410; x_wconf 88' lang='lat' dir='ltr'><strong>quiu-</strong></span> 
     </span>
    </p>
   </div>
   <div class='ocr_carea' id='block_1_39' title="bbox 297 2433 1893 2510">
    <p class='ocr_par' dir='ltr' id='par_1_39' title="bbox 297 2433 1893 2510">
     <span class='ocr_line' id='line_1_39' title="bbox 297 2433 1893 2510; baseline -0.002 -19"><span class='ocrx_word' id='word_1_291' title='bbox 297 2455 425 2510; x_wconf 87' lang='lat' dir='ltr'><strong>que.</strong></span> <span class='ocrx_word' id='word_1_292' title='bbox 480 2437 552 2493; x_wconf 88' lang='lat' dir='ltr'><strong>Et</strong></span> <span class='ocrx_word' id='word_1_293' title='bbox 589 2437 698 2492; x_wconf 92' lang='lat' dir='ltr'><strong>duo</strong></span> <span class='ocrx_word' id='word_1_294' title='bbox 733 2436 878 2492; x_wconf 90' lang='lat' dir='ltr'><strong>ostia</strong></span> <span class='ocrx_word' id='word_1_295' title='bbox 925 2437 993 2492; x_wconf 89' lang='lat' dir='ltr'><strong>de</strong></span> <span class='ocrx_word' id='word_1_296' title='bbox 1038 2436 1198 2506; x_wconf 81' lang='lat' dir='ltr'><strong>lignis</strong></span> <span class='ocrx_word' id='word_1_297' title='bbox 1239 2435 1529 2502; x_wconf 75' lang='lat' dir='ltr'><strong>olivarum,</strong></span> <span class='ocrx_word' id='word_1_298' title='bbox 1573 2443 1623 2491; x_wconf 91' lang='lat' dir='ltr'><strong>et</strong></span> <span class='ocrx_word' id='word_1_299' title='bbox 1667 2433 1893 2500; x_wconf 86' lang='lat' dir='ltr'><strong>sculpsit</strong></span> 
     </span>
    </p>
   </div>
   <div class='ocr_carea' id='block_1_40' title="bbox 300 2527 1892 2600">
    <p class='ocr_par' dir='ltr' id='par_1_40' title="bbox 300 2527 1892 2600">
     <span class='ocr_line' id='line_1_40' title="bbox 300 2527 1892 2600; baseline -0.003 -15"><span class='ocrx_word' id='word_1_300' title='bbox 300 2533 354 2585; x_wconf 94' lang='lat' dir='ltr'><strong>in</strong></span> <span class='ocrx_word' id='word_1_301' title='bbox 410 2531 491 2586; x_wconf 89' lang='lat' dir='ltr'><strong>eis</strong></span> <span class='ocrx_word' id='word_1_302' title='bbox 533 2532 794 2600; x_wconf 83' lang='lat' dir='ltr'><strong>picturam</strong></span> <span class='ocrx_word' id='word_1_303' title='bbox 849 2528 1166 2593; x_wconf 88' lang='lat' dir='ltr'><strong>cherubim,</strong></span> <span class='ocrx_word' id='word_1_304' title='bbox 1223 2539 1271 2583; x_wconf 90' lang='lat' dir='ltr'><strong>et</strong></span> <span class='ocrx_word' id='word_1_305' title='bbox 1341 2527 1637 2598; x_wconf 89' lang='lat' dir='ltr'><strong>palmarum</strong></span> <span class='ocrx_word' id='word_1_306' title='bbox 1695 2527 1892 2599; x_wconf 76' lang='lat' dir='ltr'><strong>species</strong></span> 
     </span>
    </p>
   </div>
   <div class='ocr_carea' id='block_1_41' title="bbox 297 2616 1891 2696">
    <p class='ocr_par' dir='ltr' id='par_1_41' title="bbox 297 2616 1891 2696">
     <span class='ocr_line' id='line_1_41' title="bbox 297 2616 1891 2696; baseline -0.004 -19"><span class='ocrx_word' id='word_1_307' title='bbox 297 2623 378 2696; x_wconf 83' lang='lat' dir='ltr'><strong>[h.</strong></span> <span class='ocrx_word' id='word_1_308' title='bbox 409 2637 517 2678; x_wconf 91' lang='lat' dir='ltr'><strong>non</strong></span> <span class='ocrx_word' id='word_1_309' title='bbox 545 2622 755 2694; x_wconf 85' lang='lat' dir='ltr'><strong>habet],</strong></span> <span class='ocrx_word' id='word_1_310' title='bbox 784 2632 837 2679; x_wconf 91' lang='lat' dir='ltr'><strong>et</strong></span> <span class='ocrx_word' id='word_1_311' title='bbox 871 2620 1174 2694; x_wconf 76' lang='lat' dir='ltr'><strong>anaglypha</strong></span> <span class='ocrx_word' id='word_1_312' title='bbox 1205 2621 1280 2688; x_wconf 81' lang='grc' dir='ltr'><strong>ιιι.</strong></span> <span class='ocrx_word' id='word_1_313' title='bbox 1317 2629 1373 2674; x_wconf 85' lang='lat' dir='ltr'><strong>et</strong></span> <span class='ocrx_word' id='word_1_314' title='bbox 1405 2621 1646 2690; x_wconf 85' lang='lat' dir='ltr'><strong>picturas</strong></span> <span class='ocrx_word' id='word_1_315' title='bbox 1690 2616 1891 2689; x_wconf 87' lang='lat' dir='ltr'><strong>varias]</strong></span> 
     </span>
    </p>
   </div>
   <div class='ocr_carea' id='block_1_42' title="bbox 299 2715 1897 2791">
    <p class='ocr_par' dir='ltr' id='par_1_42' title="bbox 299 2715 1897 2791">
     <span class='ocr_line' id='line_1_42' title="bbox 299 2715 1897 2791; baseline -0.001 -20"><span class='ocrx_word' id='word_1_316' title='bbox 299 2718 459 2774; x_wconf 89' lang='lat' dir='ltr'><strong>valde</strong></span> <span class='ocrx_word' id='word_1_317' title='bbox 487 2717 611 2791; x_wconf 77' lang='lat' dir='ltr'><strong>IMs.</strong></span> <span class='ocrx_word' id='word_1_318' title='bbox 649 2715 843 2790; x_wconf 86' lang='lat' dir='ltr'><strong>valide]</strong></span> <span class='ocrx_word' id='word_1_319' title='bbox 880 2717 1264 2786; x_wconf 82' lang='lat' dir='ltr'><strong>prominentia,</strong></span> <span class='ocrx_word' id='word_1_320' title='bbox 1298 2724 1352 2770; x_wconf 89' lang='lat' dir='ltr'><strong>et</strong></span> <span class='ocrx_word' id='word_1_321' title='bbox 1391 2716 1524 2770; x_wconf 83' lang='lat' dir='ltr'><strong>texit</strong></span> <span class='ocrx_word' id='word_1_322' title='bbox 1557 2731 1619 2770; x_wconf 90' lang='lat' dir='ltr'><strong>ea</strong></span> <span class='ocrx_word' id='word_1_323' title='bbox 1652 2730 1806 2780; x_wconf 85' lang='lat' dir='ltr'><strong>auro,</strong></span> <span class='ocrx_word' id='word_1_324' title='bbox 1839 2725 1897 2770; x_wconf 90' lang='lat' dir='ltr'><strong>et</strong></span> 
     </span>
    </p>
   </div>
   <div class='ocr_carea' id='block_1_43' title="bbox 297 2808 1897 2880">
    <p class='ocr_par' dir='ltr' id='par_1_43' title="bbox 297 2808 1897 2880">
     <span class='ocr_line' id='line_1_43' title="bbox 297 2808 1897 2880; baseline -0.002 -18"><span class='ocrx_word' id='word_1_325' title='bbox 297 2811 514 2880; x_wconf 90' lang='lat' dir='ltr'><strong>operuit</strong></span> <span class='ocrx_word' id='word_1_326' title='bbox 565 2819 669 2864; x_wconf 87' lang='lat' dir='ltr'><strong>tant</strong></span> <span class='ocrx_word' id='word_1_327' title='bbox 727 2809 1010 2864; x_wconf 90' lang='lat' dir='ltr'><strong>cherubim</strong></span> <span class='ocrx_word' id='word_1_328' title='bbox 1075 2819 1235 2876; x_wconf 89' lang='lat' dir='ltr'><strong>quam</strong></span> <span class='ocrx_word' id='word_1_329' title='bbox 1286 2808 1545 2876; x_wconf 63' lang='lat' dir='ltr'><strong>palmas,</strong></span> <span class='ocrx_word' id='word_1_330' title='bbox 1604 2817 1656 2861; x_wconf 83' lang='lat' dir='ltr'><strong>et</strong></span> <span class='ocrx_word' id='word_1_331' title='bbox 1715 2813 1897 2861; x_wconf 64' lang='lat' dir='ltr'><strong>cratera</strong></span> 
     </span>
    </p>
   </div>
   <div class='ocr_carea' id='block_1_44' title="bbox 297 2899 1897 2974">
    <p class='ocr_par' dir='ltr' id='par_1_44' title="bbox 297 2899 1897 2974">
     <span class='ocr_line' id='line_1_44' title="bbox 297 2899 1897 2974; baseline -0.001 -19"><span class='ocrx_word' id='word_1_332' title='bbox 297 2901 382 2974; x_wconf 70' lang='lat' dir='ltr'><strong>ih.</strong></span> <span class='ocrx_word' id='word_1_333' title='bbox 425 2917 528 2956; x_wconf 90' lang='lat' dir='ltr'><strong>non</strong></span> <span class='ocrx_word' id='word_1_334' title='bbox 561 2901 748 2973; x_wconf 84' lang='lat' dir='ltr'><strong>habet]</strong></span> <span class='ocrx_word' id='word_1_335' title='bbox 773 2917 926 2956; x_wconf 89' lang='lat' dir='ltr'><strong>auro.</strong></span> <span class='ocrx_word' id='word_1_336' title='bbox 952 2900 1213 2972; x_wconf 89' lang='lat' dir='ltr'><strong>Fecitque</strong></span> <span class='ocrx_word' id='word_1_337' title='bbox 1245 2902 1298 2954; x_wconf 88' lang='lat' dir='ltr'><strong>in</strong></span> <span class='ocrx_word' id='word_1_338' title='bbox 1333 2900 1554 2955; x_wconf 88' lang='lat' dir='ltr'><strong>introitu</strong></span> <span class='ocrx_word' id='word_1_339' title='bbox 1586 2899 1770 2967; x_wconf 80' lang='lat' dir='ltr'><strong>templi</strong></span> <span class='ocrx_word' id='word_1_340' title='bbox 1801 2914 1897 2970; x_wconf 86' lang='lat' dir='ltr'><strong>po-</strong></span> 
     </span>
    </p>
   </div>
   <div class='ocr_carea' id='block_1_45' title="bbox 299 2993 1894 3065">
    <p class='ocr_par' dir='ltr' id='par_1_45' title="bbox 299 2993 1894 3065">
     <span class='ocr_line' id='line_1_45' title="bbox 299 2993 1894 3065; baseline -0.002 -17"><span class='ocrx_word' id='word_1_341' title='bbox 299 3003 414 3050; x_wconf 87' lang='lat' dir='ltr'><strong>stes</strong></span> <span class='ocrx_word' id='word_1_342' title='bbox 439 2994 508 3050; x_wconf 90' lang='lat' dir='ltr'><strong>de</strong></span> <span class='ocrx_word' id='word_1_343' title='bbox 539 2995 700 3064; x_wconf 75' lang='lat' dir='ltr'><strong>lignis</strong></span> <span class='ocrx_word' id='word_1_344' title='bbox 723 2995 988 3049; x_wconf 85' lang='lat' dir='ltr'><strong>olivarum</strong></span> <span class='ocrx_word' id='word_1_345' title='bbox 1014 2993 1504 3065; x_wconf 84' lang='lat' dir='ltr'><strong>quadrangulalos,</strong></span> <span class='ocrx_word' id='word_1_346' title='bbox 1536 3003 1592 3049; x_wconf 90' lang='lat' dir='ltr'><strong>et</strong></span> <span class='ocrx_word' id='word_1_347' title='bbox 1621 2993 1726 3047; x_wconf 91' lang='lat' dir='ltr'><strong>duo</strong></span> <span class='ocrx_word' id='word_1_348' title='bbox 1755 2993 1894 3048; x_wconf 70' lang='lat' dir='ltr'><strong>ostia</strong></span> 
     </span>
    </p>
   </div>
   <div class='ocr_carea' id='block_1_46' title="bbox 297 3085 1898 3158">
    <p class='ocr_par' dir='ltr' id='par_1_46' title="bbox 297 3085 1898 3158">
     <span class='ocr_line' id='line_1_46' title="bbox 297 3085 1898 3158; baseline -0.001 -17"><span class='ocrx_word' id='word_1_349' title='bbox 297 3085 369 3142; x_wconf 87' lang='lat' dir='ltr'><strong>de</strong></span> <span class='ocrx_word' id='word_1_350' title='bbox 411 3086 578 3158; x_wconf 77' lang='lat' dir='ltr'><strong>lignis</strong></span> <span class='ocrx_word' id='word_1_351' title='bbox 615 3087 860 3157; x_wconf 80' lang='lat' dir='ltr'><strong>abiegnis</strong></span> <span class='ocrx_word' id='word_1_352' title='bbox 904 3088 1250 3151; x_wconf 86' lang='lat' dir='ltr'><strong>altrinsecus,</strong></span> <span class='ocrx_word' id='word_1_353' title='bbox 1284 3094 1339 3140; x_wconf 89' lang='lat' dir='ltr'><strong>et</strong></span> <span class='ocrx_word' id='word_1_354' title='bbox 1378 3095 1668 3155; x_wconf 81' lang='lat' dir='ltr'><strong>utrumque</strong></span> <span class='ocrx_word' id='word_1_355' title='bbox 1698 3085 1898 3139; x_wconf 91' lang='lat' dir='ltr'><strong>ostium</strong></span> 
     </span>
    </p>
   </div>
   <div class='ocr_carea' id='block_1_47' title="bbox 300 3177 1901 3249">
    <p class='ocr_par' dir='ltr' id='par_1_47' title="bbox 300 3177 1901 3249">
     <span class='ocr_line' id='line_1_47' title="bbox 300 3177 1901 3249; baseline -0.001 -15"><span class='ocrx_word' id='word_1_356' title='bbox 300 3179 506 3249; x_wconf 83' lang='lat' dir='ltr'><strong>duplex</strong></span> <span class='ocrx_word' id='word_1_357' title='bbox 534 3193 674 3248; x_wconf 89' lang='lat' dir='ltr'><strong>erat,</strong></span> <span class='ocrx_word' id='word_1_358' title='bbox 707 3191 762 3236; x_wconf 91' lang='lat' dir='ltr'><strong>et</strong></span> <span class='ocrx_word' id='word_1_359' title='bbox 796 3195 856 3236; x_wconf 90' lang='lat' dir='ltr'><strong>se</strong></span> <span class='ocrx_word' id='word_1_360' title='bbox 884 3181 1114 3235; x_wconf 89' lang='lat' dir='ltr'><strong>invicem</strong></span> <span class='ocrx_word' id='word_1_361' title='bbox 1139 3177 1166 3217; x_wconf 71' lang='grc' dir='ltr'><em>δ</em></span> <span class='ocrx_word' id='word_1_362' title='bbox 1197 3189 1390 3235; x_wconf 78' lang='lat' dir='ltr'><strong>tenens</strong></span> <span class='ocrx_word' id='word_1_363' title='bbox 1421 3179 1788 3248; x_wconf 85' lang='lat' dir='ltr'><strong>aperiebatur.</strong></span> <span class='ocrx_word' id='word_1_364' title='bbox 1837 3179 1901 3233; x_wconf 81' lang='lat' dir='ltr'><strong>Et</strong></span> 
     </span>
    </p>
   </div>
   <div class='ocr_carea' id='block_1_48' title="bbox 1989 1944 3576 2030">
    <p class='ocr_par' dir='ltr' id='par_1_48' title="bbox 1989 1944 3576 2030">
     <span class='ocr_line' id='line_1_48' title="bbox 1989 1944 3576 2030; baseline 0.011 -34"><span class='ocrx_word' id='word_1_365' title='bbox 1989 1944 2064 2016; x_wconf 79' lang='lat' dir='ltr'><strong>[h.</strong></span> <span class='ocrx_word' id='word_1_366' title='bbox 2090 1947 2328 2018; x_wconf 84' lang='lat' dir='ltr'><strong>domus],</strong></span> <span class='ocrx_word' id='word_1_367' title='bbox 2363 1949 2415 2002; x_wconf 92' lang='lat' dir='ltr'><strong>in</strong></span> <span class='ocrx_word' id='word_1_368' title='bbox 2441 1966 2545 2020; x_wconf 87' lang='lat' dir='ltr'><strong>qua</strong></span> <span class='ocrx_word' id='word_1_369' title='bbox 2580 1951 2867 2007; x_wconf 86' lang='lat' dir='ltr'><strong>sederctur</strong></span> <span class='ocrx_word' id='word_1_370' title='bbox 2901 1953 3026 2026; x_wconf 81' lang='lat' dir='ltr'><strong>[Ms.</strong></span> <span class='ocrx_word' id='word_1_371' title='bbox 3059 1957 3303 2030; x_wconf 86' lang='lat' dir='ltr'><strong>sedetur]</strong></span> <span class='ocrx_word' id='word_1_372' title='bbox 3335 1959 3402 2012; x_wconf 83' lang='lat' dir='ltr'><strong>ad</strong></span> <span class='ocrx_word' id='word_1_373' title='bbox 3428 1960 3576 2030; x_wconf 84' lang='lat' dir='ltr'><strong>judi-</strong></span> 
     </span>
    </p>
   </div>
   <div class='ocr_carea' id='block_1_49' title="bbox 1989 2039 3578 2121">
    <p class='ocr_par' dir='ltr' id='par_1_49' title="bbox 1989 2039 3578 2121">
     <span class='ocr_line' id='line_1_49' title="bbox 1989 2039 3578 2121; baseline 0.011 -31"><span class='ocrx_word' id='word_1_374' title='bbox 1989 2039 2214 2092; x_wconf 81' lang='lat' dir='ltr'><strong>candum</strong></span> <span class='ocrx_word' id='word_1_375' title='bbox 2272 2040 2350 2112; x_wconf 82' lang='lat' dir='ltr'><strong>[h.</strong></span> <span class='ocrx_word' id='word_1_376' title='bbox 2394 2058 2512 2102; x_wconf 83' lang='lat' dir='ltr'><strong>non</strong></span> <span class='ocrx_word' id='word_1_377' title='bbox 2564 2041 2782 2116; x_wconf 81' lang='lat' dir='ltr'><strong>habet],</strong></span> <span class='ocrx_word' id='word_1_378' title='bbox 2847 2057 2966 2101; x_wconf 87' lang='lat' dir='ltr'><strong>erat</strong></span> <span class='ocrx_word' id='word_1_379' title='bbox 3021 2050 3070 2100; x_wconf 93' lang='lat' dir='ltr'><strong>in</strong></span> <span class='ocrx_word' id='word_1_380' title='bbox 3135 2050 3310 2105; x_wconf 89' lang='lat' dir='ltr'><strong>media</strong></span> <span class='ocrx_word' id='word_1_381' title='bbox 3368 2052 3578 2121; x_wconf 83' lang='lat' dir='ltr'><strong>porticu</strong></span> 
     </span>
    </p>
   </div>
   <div class='ocr_carea' id='block_1_50' title="bbox 1993 2132 3581 2218">
    <p class='ocr_par' dir='ltr' id='par_1_50' title="bbox 1993 2132 3581 2218">
     <span class='ocr_line' id='line_1_50' title="bbox 1993 2132 3581 2218; baseline 0.013 -34"><span class='ocrx_word' id='word_1_382' title='bbox 1993 2132 2065 2203; x_wconf 88' lang='lat' dir='ltr'><strong>[lt.</strong></span> <span class='ocrx_word' id='word_1_383' title='bbox 2097 2145 2209 2189; x_wconf 75' lang='lat' dir='ltr'><strong>erat</strong></span> <span class='ocrx_word' id='word_1_384' title='bbox 2241 2136 2293 2190; x_wconf 88' lang='lat' dir='ltr'><strong>in</strong></span> <span class='ocrx_word' id='word_1_385' title='bbox 2318 2136 2460 2191; x_wconf 79' lang='lat' dir='ltr'><strong>atrio</strong></span> <span class='ocrx_word' id='word_1_386' title='bbox 2489 2138 2642 2209; x_wconf 79' lang='lat' dir='ltr'><strong>alio],</strong></span> <span class='ocrx_word' id='word_1_387' title='bbox 2676 2139 2839 2194; x_wconf 79' lang='lat' dir='ltr'><strong>simili</strong></span> <span class='ocrx_word' id='word_1_388' title='bbox 2878 2155 3062 2210; x_wconf 83' lang='lat' dir='ltr'><strong>Opere.</strong></span> <span class='ocrx_word' id='word_1_389' title='bbox 3102 2143 3330 2200; x_wconf 85' lang='lat' dir='ltr'><strong>Domum</strong></span> <span class='ocrx_word' id='word_1_390' title='bbox 3365 2163 3581 2218; x_wconf 84' lang='lat' dir='ltr'><strong>quoque</strong></span> 
     </span>
    </p>
   </div>
   <div class='ocr_carea' id='block_1_51' title="bbox 1994 2226 3582 2313">
    <p class='ocr_par' dir='ltr' id='par_1_51' title="bbox 1994 2226 3582 2313">
     <span class='ocr_line' id='line_1_51' title="bbox 1994 2226 3582 2313; baseline 0.009 -33"><span class='ocrx_word' id='word_1_391' title='bbox 1994 2226 2119 2282; x_wconf 75' lang='lat' dir='ltr'><strong>fecit</strong></span> <span class='ocrx_word' id='word_1_392' title='bbox 2143 2229 2267 2282; x_wconf 76' lang='lat' dir='ltr'><strong>lilize</strong></span> <span class='ocrx_word' id='word_1_393' title='bbox 2281 2229 2585 2286; x_wconf 80' lang='lat' dir='ltr'><strong>PharaOnis</strong></span> <span class='ocrx_word' id='word_1_394' title='bbox 2605 2234 2786 2303; x_wconf 85' lang='lat' dir='ltr'><strong>(quam</strong></span> <span class='ocrx_word' id='word_1_395' title='bbox 2806 2249 3030 2292; x_wconf 87' lang='lat' dir='ltr'><strong>uxorem</strong></span> <span class='ocrx_word' id='word_1_396' title='bbox 3047 2237 3278 2294; x_wconf 84' lang='lat' dir='ltr'><strong>duxerat</strong></span> <span class='ocrx_word' id='word_1_397' title='bbox 3296 2241 3582 2313; x_wconf 81' lang='lat' dir='ltr'><strong>Salomon)</strong></span> 
     </span>
    </p>
   </div>
   <div class='ocr_carea' id='block_1_52' title="bbox 1995 2319 3585 2404">
    <p class='ocr_par' dir='ltr' id='par_1_52' title="bbox 1995 2319 3585 2404">
     <span class='ocr_line' id='line_1_52' title="bbox 1995 2319 3585 2404; baseline 0.012 -32"><span class='ocrx_word' id='word_1_398' title='bbox 1995 2319 2084 2373; x_wconf 91' lang='lat' dir='ltr'><strong>tali</strong></span> <span class='ocrx_word' id='word_1_399' title='bbox 2117 2334 2306 2390; x_wconf 86' lang='lat' dir='ltr'><strong>opere,</strong></span> <span class='ocrx_word' id='word_1_400' title='bbox 2336 2325 2480 2391; x_wconf 88' lang='lat' dir='ltr'><strong>quali</strong></span> <span class='ocrx_word' id='word_1_401' title='bbox 2510 2334 2562 2378; x_wconf 90' lang='lat' dir='ltr'><strong>et</strong></span> <span class='ocrx_word' id='word_1_402' title='bbox 2596 2326 2734 2380; x_wconf 88' lang='lat' dir='ltr'><strong>hanc</strong></span> <span class='ocrx_word' id='word_1_403' title='bbox 2765 2332 3057 2397; x_wconf 84' lang='lat' dir='ltr'><strong>porticum.</strong></span> <span class='ocrx_word' id='word_1_404' title='bbox 3083 2331 3275 2386; x_wconf 80' lang='lat' dir='ltr'><strong>Omnia</strong></span> <span class='ocrx_word' id='word_1_405' title='bbox 3317 2334 3585 2404; x_wconf 88' lang='lat' dir='ltr'><strong>lapidibus</strong></span> 
     </span>
    </p>
   </div>
   <div class='ocr_carea' id='block_1_53' title="bbox 1996 2413 3582 2492">
    <p class='ocr_par' dir='ltr' id='par_1_53' title="bbox 1996 2413 3582 2492">
     <span class='ocr_line' id='line_1_53' title="bbox 1996 2413 3582 2492; baseline 0.015 -32"><span class='ocrx_word' id='word_1_406' title='bbox 1996 2413 2274 2482; x_wconf 56' lang='lat' dir='ltr'><strong>pietiosis.</strong></span> <span class='ocrx_word' id='word_1_407' title='bbox 2301 2415 2389 2485; x_wconf 90' lang='lat' dir='ltr'><strong>qui</strong></span> <span class='ocrx_word' id='word_1_408' title='bbox 2419 2415 2487 2470; x_wconf 89' lang='lat' dir='ltr'><strong>ad</strong></span> <span class='ocrx_word' id='word_1_409' title='bbox 2513 2433 2756 2471; x_wconf 88' lang='lat' dir='ltr'><strong>normam</strong></span> <span class='ocrx_word' id='word_1_410' title='bbox 2779 2421 3066 2488; x_wconf 85' lang='lat' dir='ltr'><strong>quamdam</strong></span> <span class='ocrx_word' id='word_1_411' title='bbox 3092 2434 3254 2492; x_wconf 88' lang='lat' dir='ltr'><strong>atque</strong></span> <span class='ocrx_word' id='word_1_412' title='bbox 3277 2441 3582 2482; x_wconf 77' lang='lat' dir='ltr'><strong>mensuram</strong></span> 
     </span>
    </p>
   </div>
   <div class='ocr_carea' id='block_1_54' title="bbox 1999 2506 3584 2575">
    <p class='ocr_par' dir='ltr' id='par_1_54' title="bbox 1999 2506 3584 2575">
     <span class='ocr_line' id='line_1_54' title="bbox 1999 2506 3584 2575; baseline 0.012 -19"><span class='ocrx_word' id='word_1_413' title='bbox 1999 2511 2105 2558; x_wconf 91' lang='lat' dir='ltr'><strong>tam</strong></span> <span class='ocrx_word' id='word_1_414' title='bbox 2150 2506 2478 2564; x_wconf 84' lang='lat' dir='ltr'><strong>intrinsecus</strong></span> <span class='ocrx_word' id='word_1_415' title='bbox 2520 2526 2678 2575; x_wconf 85' lang='lat' dir='ltr'><strong>quam</strong></span> <span class='ocrx_word' id='word_1_416' title='bbox 2715 2516 3056 2568; x_wconf 55' lang='lat' dir='ltr'><strong>extrinseins</strong></span> <span class='ocrx_word' id='word_1_417' title='bbox 3097 2519 3264 2571; x_wconf 83' lang='lat' dir='ltr'><strong>serati</strong></span> <span class='ocrx_word' id='word_1_418' title='bbox 3307 2532 3505 2573; x_wconf 86' lang='lat' dir='ltr'><strong>erant:</strong></span> <span class='ocrx_word' id='word_1_419' title='bbox 3555 2535 3584 2575; x_wconf 85' lang='lat' dir='ltr'><strong>a</strong></span> 
     </span>
    </p>
   </div>
   <div class='ocr_carea' id='block_1_55' title="bbox 2001 2597 3586 2676">
    <p class='ocr_par' dir='ltr' id='par_1_55' title="bbox 2001 2597 3586 2676">
     <span class='ocr_line' id='line_1_55' title="bbox 2001 2597 3586 2676; baseline 0.011 -26"><span class='ocrx_word' id='word_1_420' title='bbox 2001 2597 2356 2653; x_wconf 81' lang='lat' dir='ltr'><strong>fundamento</strong></span> <span class='ocrx_word' id='word_1_421' title='bbox 2386 2615 2559 2670; x_wconf 88' lang='lat' dir='ltr'><strong>usque</strong></span> <span class='ocrx_word' id='word_1_422' title='bbox 2588 2603 2655 2657; x_wconf 87' lang='lat' dir='ltr'><strong>ad</strong></span> <span class='ocrx_word' id='word_1_423' title='bbox 2681 2610 3046 2662; x_wconf 84' lang='lat' dir='ltr'><strong>summitatem</strong></span> <span class='ocrx_word' id='word_1_424' title='bbox 3077 2611 3342 2676; x_wconf 85' lang='lat' dir='ltr'><strong>parietum</strong></span> <span class='ocrx_word' id='word_1_425' title='bbox 3369 2653 3383 2676; x_wconf 91' lang='lat'><strong>,</strong></span> <span class='ocrx_word' id='word_1_426' title='bbox 3411 2621 3466 2666; x_wconf 89' lang='lat' dir='ltr'><strong>et</strong></span> <span class='ocrx_word' id='word_1_427' title='bbox 3491 2631 3586 2667; x_wconf 70' lang='lat' dir='ltr'><strong>ex-</strong></span> 
     </span>
    </p>
   </div>
   <div class='ocr_carea' id='block_1_56' title="bbox 2001 2689 3587 2775">
    <p class='ocr_par' dir='ltr' id='par_1_56' title="bbox 2001 2689 3587 2775">
     <span class='ocr_line' id='line_1_56' title="bbox 2001 2689 3587 2775; baseline 0.011 -33"><span class='ocrx_word' id='word_1_428' title='bbox 2001 2689 2269 2745; x_wconf 88' lang='lat' dir='ltr'><strong>trinsecus</strong></span> <span class='ocrx_word' id='word_1_429' title='bbox 2300 2691 2427 2764; x_wconf 67' lang='lat' dir='ltr'><strong>ws.</strong></span> <span class='ocrx_word' id='word_1_430' title='bbox 2475 2695 2828 2770; x_wconf 68' lang='lat' dir='ltr'><strong>intrinsecus]</strong></span> <span class='ocrx_word' id='word_1_431' title='bbox 2862 2715 3030 2768; x_wconf 82' lang='lat' dir='ltr'><strong>usque.</strong></span> <span class='ocrx_word' id='word_1_432' title='bbox 3060 2701 3122 2754; x_wconf 81' lang='lat' dir='ltr'><strong>ad</strong></span> <span class='ocrx_word' id='word_1_433' title='bbox 3160 2708 3360 2758; x_wconf 86' lang='lat' dir='ltr'><strong>atrium</strong></span> <span class='ocrx_word' id='word_1_434' title='bbox 3394 2706 3587 2775; x_wconf 84' lang='lat' dir='ltr'><strong>majus.</strong></span> 
     </span>
    </p>
   </div>
   <div class='ocr_carea' id='block_1_57' title="bbox 2001 2781 3595 2868">
    <p class='ocr_par' dir='ltr' id='par_1_57' title="bbox 2001 2781 3595 2868">
     <span class='ocr_line' id='line_1_57' title="bbox 2001 2781 3595 2868; baseline 0.011 -32"><span class='ocrx_word' id='word_1_435' title='bbox 2001 2781 2377 2840; x_wconf 84' lang='lat' dir='ltr'><strong>Fundamenta</strong></span> <span class='ocrx_word' id='word_1_436' title='bbox 2404 2796 2604 2852; x_wconf 86' lang='lat' dir='ltr'><strong>autem,</strong></span> <span class='ocrx_word' id='word_1_437' title='bbox 2629 2787 2698 2842; x_wconf 92' lang='lat' dir='ltr'><strong>de</strong></span> <span class='ocrx_word' id='word_1_438' title='bbox 2724 2789 2993 2860; x_wconf 88' lang='lat' dir='ltr'><strong>lapidibus</strong></span> <span class='ocrx_word' id='word_1_439' title='bbox 3019 2797 3292 2863; x_wconf 85' lang='lat' dir='ltr'><strong>pretiosis,</strong></span> <span class='ocrx_word' id='word_1_440' title='bbox 3328 2798 3595 2868; x_wconf 86' lang='lat' dir='ltr'><strong>lapidibus</strong></span> 
     </span>
    </p>
   </div>
   <div class='ocr_carea' id='block_1_58' title="bbox 2003 2878 3595 2961">
    <p class='ocr_par' dir='ltr' id='par_1_58' title="bbox 2003 2878 3595 2961">
     <span class='ocr_line' id='line_1_58' title="bbox 2003 2878 3595 2961; baseline 0.01 -31"><span class='ocrx_word' id='word_1_441' title='bbox 2003 2879 2210 2946; x_wconf 81' lang='lat' dir='ltr'><strong>magnis</strong></span> <span class='ocrx_word' id='word_1_442' title='bbox 2235 2878 2424 2934; x_wconf 86' lang='lat' dir='ltr'><strong>decem</strong></span> <span class='ocrx_word' id='word_1_443' title='bbox 2451 2881 2566 2936; x_wconf 71' lang='lat' dir='ltr'><strong>sive</strong></span> <span class='ocrx_word' id='word_1_444' title='bbox 2591 2892 2720 2936; x_wconf 90' lang='lat' dir='ltr'><strong>octo</strong></span> <span class='ocrx_word' id='word_1_445' title='bbox 2750 2884 3080 2940; x_wconf 90' lang='lat' dir='ltr'><strong>cubitorum.</strong></span> <span class='ocrx_word' id='word_1_446' title='bbox 3113 2888 3172 2940; x_wconf 84' lang='lat' dir='ltr'><strong>Et</strong></span> <span class='ocrx_word' id='word_1_447' title='bbox 3207 2888 3442 2960; x_wconf 87' lang='lat' dir='ltr'><strong>desuper</strong></span> <span class='ocrx_word' id='word_1_448' title='bbox 3465 2893 3595 2961; x_wconf 53' lang='lat' dir='ltr'><strong>lupi-</strong></span> 
     </span>
    </p>
   </div>
   <div class='ocr_carea' id='block_1_59' title="bbox 2002 2971 3598 3051">
    <p class='ocr_par' dir='ltr' id='par_1_59' title="bbox 2002 2971 3598 3051">
     <span class='ocr_line' id='line_1_59' title="bbox 2002 2971 3598 3051; baseline 0.006 -25"><span class='ocrx_word' id='word_1_449' title='bbox 2002 2971 2098 3026; x_wconf 84' lang='lat' dir='ltr'><strong>des</strong></span> <span class='ocrx_word' id='word_1_450' title='bbox 2155 2973 2377 3041; x_wconf 81' lang='lat' dir='ltr'><strong>pretiosi</strong></span> <span class='ocrx_word' id='word_1_451' title='bbox 2421 2974 2646 3044; x_wconf 66' lang='lat' dir='ltr'><strong>mqttalis</strong></span> <span class='ocrx_word' id='word_1_452' title='bbox 2692 2991 2961 3031; x_wconf 77' lang='lat' dir='ltr'><strong>mensurae</strong></span> <span class='ocrx_word' id='word_1_453' title='bbox 2993 2979 3124 3034; x_wconf 71' lang='lat' dir='ltr'><strong>si-cti</strong></span> <span class='ocrx_word' id='word_1_454' title='bbox 3180 2992 3365 3051; x_wconf 81' lang='lat' dir='ltr'><strong>erant,</strong></span> <span class='ocrx_word' id='word_1_455' title='bbox 3408 2984 3598 3038; x_wconf 80' lang='lat' dir='ltr'><strong>sinnli-</strong></span> 
     </span>
    </p>
   </div>
   <div class='ocr_carea' id='block_1_60' title="bbox 2003 3068 3596 3147">
    <p class='ocr_par' dir='ltr' id='par_1_60' title="bbox 2003 3068 3596 3147">
     <span class='ocr_line' id='line_1_60' title="bbox 2003 3068 3596 3147; baseline 0.009 -29"><span class='ocrx_word' id='word_1_456' title='bbox 2003 3073 2196 3134; x_wconf 78' lang='lat' dir='ltr'><strong>terque</strong></span> <span class='ocrx_word' id='word_1_457' title='bbox 2216 3068 2286 3122; x_wconf 84' lang='lat' dir='ltr'><strong>de</strong></span> <span class='ocrx_word' id='word_1_458' title='bbox 2328 3068 2495 3122; x_wconf 85' lang='lat' dir='ltr'><strong>cedro</strong></span> <span class='ocrx_word' id='word_1_459' title='bbox 2522 3068 2600 3140; x_wconf 92' lang='lat' dir='ltr'><strong>[h.</strong></span> <span class='ocrx_word' id='word_1_460' title='bbox 2634 3079 2688 3123; x_wconf 91' lang='lat' dir='ltr'><strong>et</strong></span> <span class='ocrx_word' id='word_1_461' title='bbox 2727 3072 2920 3140; x_wconf 83' lang='lat' dir='ltr'><strong>cedri].</strong></span> <span class='ocrx_word' id='word_1_462' title='bbox 2963 3074 3022 3126; x_wconf 75' lang='lat' dir='ltr'><strong>Et</strong></span> <span class='ocrx_word' id='word_1_463' title='bbox 3061 3077 3256 3130; x_wconf 90' lang='lat' dir='ltr'><strong>atrium</strong></span> <span class='ocrx_word' id='word_1_464' title='bbox 3289 3077 3459 3147; x_wconf 89' lang='lat' dir='ltr'><strong>majus</strong></span> <span class='ocrx_word' id='word_1_465' title='bbox 3509 3093 3596 3132; x_wconf 83' lang='lat' dir='ltr'><strong>ro-</strong></span> 
     </span>
    </p>
   </div>
   <div class='ocr_carea' id='block_1_61' title="bbox 2005 3160 3602 3237">
    <p class='ocr_par' dir='ltr' id='par_1_61' title="bbox 2005 3160 3602 3237">
     <span class='ocr_line' id='line_1_61' title="bbox 2005 3160 3602 3237; baseline 0.008 -22"><span class='ocrx_word' id='word_1_466' title='bbox 2005 3160 2252 3228; x_wconf 88' lang='lat' dir='ltr'><strong>tuudmn,</strong></span> <span class='ocrx_word' id='word_1_467' title='bbox 2281 3163 2440 3216; x_wconf 86' lang='lat' dir='ltr'><strong>trium</strong></span> <span class='ocrx_word' id='word_1_468' title='bbox 2470 3162 2723 3219; x_wconf 90' lang='lat' dir='ltr'><strong>ordinum</strong></span> <span class='ocrx_word' id='word_1_469' title='bbox 2752 3167 2818 3219; x_wconf 86' lang='lat' dir='ltr'><strong>de</strong></span> <span class='ocrx_word' id='word_1_470' title='bbox 2849 3166 3124 3235; x_wconf 86' lang='lat' dir='ltr'><strong>lapidibus</strong></span> <span class='ocrx_word' id='word_1_471' title='bbox 3150 3172 3338 3237; x_wconf 76' lang='lat' dir='ltr'><strong>sertis,</strong></span> <span class='ocrx_word' id='word_1_472' title='bbox 3363 3183 3412 3227; x_wconf 91' lang='lat' dir='ltr'><strong>et</strong></span> <span class='ocrx_word' id='word_1_473' title='bbox 3445 3175 3602 3227; x_wconf 90' lang='lat' dir='ltr'><strong>unius</strong></span> 
     </span>
    </p>
   </div>
   <div class='ocr_carea' id='block_1_62' title="bbox 300 3253 1896 3348">
    <p class='ocr_par' dir='ltr' id='par_1_62' title="bbox 300 3270 1896 3342">
     <span class='ocr_line' id='line_1_62' title="bbox 300 3270 1896 3342; baseline 0 -17"><span class='ocrx_word' id='word_1_474' title='bbox 300 3270 860 3342; x_wconf 84' lang='lat' dir='ltr'><strong>seuipsitcherubim.</strong></span> <span class='ocrx_word' id='word_1_475' title='bbox 887 3281 939 3327; x_wconf 94' lang='lat' dir='ltr'><strong>et</strong></span> <span class='ocrx_word' id='word_1_476' title='bbox 972 3274 1200 3342; x_wconf 90' lang='lat' dir='ltr'><strong>palmas,</strong></span> <span class='ocrx_word' id='word_1_477' title='bbox 1224 3279 1278 3326; x_wconf 90' lang='lat' dir='ltr'><strong>et</strong></span> <span class='ocrx_word' id='word_1_478' title='bbox 1310 3271 1596 3326; x_wconf 67' lang='lat' dir='ltr'><strong>carlaturas</strong></span> <span class='ocrx_word' id='word_1_479' title='bbox 1629 3272 1705 3341; x_wconf 64' lang='lat' dir='ltr'><strong>{In</strong></span> <span class='ocrx_word' id='word_1_480' title='bbox 1740 3281 1790 3327; x_wconf 91' lang='lat' dir='ltr'><strong>et</strong></span> <span class='ocrx_word' id='word_1_481' title='bbox 1820 3271 1896 3341; x_wconf 89' lang='lat' dir='ltr'><strong>pi-</strong></span> 
     </span>
    </p>
   </div>
   <div class='ocr_carea' id='block_1_63' title="bbox 2002 3253 3596 3348">
    <p class='ocr_par' dir='ltr' id='par_1_63' title="bbox 2007 3253 3596 3330">
     <span class='ocr_line' id='line_1_63' title="bbox 2007 3253 3596 3330; baseline 0.008 -24"><span class='ocrx_word' id='word_1_482' title='bbox 2007 3253 2218 3308; x_wconf 86' lang='lat' dir='ltr'><strong>ordinis</strong></span> <span class='ocrx_word' id='word_1_483' title='bbox 2259 3253 2326 3308; x_wconf 84' lang='lat' dir='ltr'><strong>de</strong></span> <span class='ocrx_word' id='word_1_484' title='bbox 2364 3255 2546 3308; x_wconf 86' lang='lat' dir='ltr'><strong>dolatu</strong></span> <span class='ocrx_word' id='word_1_485' title='bbox 2580 3253 2706 3325; x_wconf 77' lang='grc' dir='ltr'><strong>[Μδ.</strong></span> <span class='ocrx_word' id='word_1_486' title='bbox 2749 3257 2954 3330; x_wconf 63' lang='lat' dir='ltr'><strong>dolata]</strong></span> <span class='ocrx_word' id='word_1_487' title='bbox 2998 3261 3202 3316; x_wconf 82' lang='lat' dir='ltr'><strong>cedro:</strong></span> <span class='ocrx_word' id='word_1_488' title='bbox 3242 3277 3343 3316; x_wconf 85' lang='lat' dir='ltr'><strong>nec</strong></span> <span class='ocrx_word' id='word_1_489' title='bbox 3393 3281 3500 3319; x_wconf 75' lang='lat' dir='ltr'><strong>non</strong></span> <span class='ocrx_word' id='word_1_490' title='bbox 3545 3268 3596 3319; x_wconf 88' lang='lat' dir='ltr'><strong>itt</strong></span> 
     </span>
    </p>
   </div>
   <div class='ocr_carea' id='block_1_64' title="bbox 301 3365 1896 3437">
    <p class='ocr_par' dir='ltr' id='par_1_64' title="bbox 301 3365 1896 3437">
     <span class='ocr_line' id='line_1_64' title="bbox 301 3365 1896 3437; baseline -0.001 -16"><span class='ocrx_word' id='word_1_491' title='bbox 301 3375 490 3421; x_wconf 90' lang='lat' dir='ltr'><strong>cturas</strong></span> <span class='ocrx_word' id='word_1_492' title='bbox 530 3365 729 3437; x_wconf 86' lang='lat' dir='ltr'><strong>varias]</strong></span> <span class='ocrx_word' id='word_1_493' title='bbox 759 3366 913 3422; x_wconf 86' lang='lat' dir='ltr'><strong>valde</strong></span> <span class='ocrx_word' id='word_1_494' title='bbox 962 3366 1266 3422; x_wconf 83' lang='lat' dir='ltr'><strong>eminentes</strong></span> <span class='ocrx_word' id='word_1_495' title='bbox 1301 3386 1313 3422; x_wconf 91' lang='lat'><strong>:</strong></span> <span class='ocrx_word' id='word_1_496' title='bbox 1359 3365 1676 3436; x_wconf 90' lang='lat' dir='ltr'><strong>operuitque</strong></span> <span class='ocrx_word' id='word_1_497' title='bbox 1714 3366 1896 3420; x_wconf 88' lang='lat' dir='ltr'><strong>omnia</strong></span> 
     </span>
    </p>
   </div>
   <div class='ocr_carea' id='block_1_65' title="bbox 305 3455 1899 3530">
    <p class='ocr_par' dir='ltr' id='par_1_65' title="bbox 305 3455 1899 3530">
     <span class='ocr_line' id='line_1_65' title="bbox 305 3455 1899 3530; baseline -0.001 -17"><span class='ocrx_word' id='word_1_498' title='bbox 305 3458 525 3513; x_wconf 88' lang='lat' dir='ltr'><strong>laminis</strong></span> <span class='ocrx_word' id='word_1_499' title='bbox 553 3458 734 3515; x_wconf 86' lang='lat' dir='ltr'><strong>aureis</strong></span> <span class='ocrx_word' id='word_1_500' title='bbox 760 3471 926 3528; x_wconf 85' lang='lat' dir='ltr'><strong>opere</strong></span> <span class='ocrx_word' id='word_1_501' title='bbox 954 3458 1162 3530; x_wconf 88' lang='lat' dir='ltr'><strong>quadro</strong></span> <span class='ocrx_word' id='word_1_502' title='bbox 1186 3456 1253 3512; x_wconf 85' lang='lat' dir='ltr'><strong>ad</strong></span> <span class='ocrx_word' id='word_1_503' title='bbox 1285 3455 1528 3528; x_wconf 79' lang='lat' dir='ltr'><strong>regulam</strong></span> <span class='ocrx_word' id='word_1_504' title='bbox 1554 3458 1631 3530; x_wconf 87' lang='lat' dir='ltr'><strong>[_b.</strong></span> <span class='ocrx_word' id='word_1_505' title='bbox 1658 3457 1899 3527; x_wconf 88' lang='lat' dir='ltr'><strong>operuit-</strong></span> 
     </span>
    </p>
   </div>
   <div class='ocr_carea' id='block_1_66' title="bbox 301 3546 1902 3621">
    <p class='ocr_par' dir='ltr' id='par_1_66' title="bbox 301 3546 1902 3621">
     <span class='ocr_line' id='line_1_66' title="bbox 301 3546 1902 3621; baseline -0.001 -17"><span class='ocrx_word' id='word_1_506' title='bbox 301 3563 411 3621; x_wconf 88' lang='lat' dir='ltr'><strong>que</strong></span> <span class='ocrx_word' id='word_1_507' title='bbox 442 3563 575 3605; x_wconf 88' lang='lat' dir='ltr'><strong>auro</strong></span> <span class='ocrx_word' id='word_1_508' title='bbox 611 3551 896 3620; x_wconf 70' lang='lat' dir='ltr'><strong>aequaliter</strong></span> <span class='ocrx_word' id='word_1_509' title='bbox 921 3564 1084 3619; x_wconf 88' lang='lat' dir='ltr'><strong>super</strong></span> <span class='ocrx_word' id='word_1_510' title='bbox 1121 3546 1476 3618; x_wconf 77' lang='lat' dir='ltr'><strong>sculpturas].</strong></span> <span class='ocrx_word' id='word_1_511' title='bbox 1514 3547 1582 3602; x_wconf 83' lang='lat' dir='ltr'><strong>Et</strong></span> <span class='ocrx_word' id='word_1_512' title='bbox 1613 3547 1902 3602; x_wconf 76' lang='lat' dir='ltr'><strong>mdiiicavit</strong></span> 
     </span>
    </p>
   </div>
   <div class='ocr_carea' id='block_1_67' title="bbox 305 3640 1899 3711">
    <p class='ocr_par' dir='ltr' id='par_1_67' title="bbox 305 3640 1899 3711">
     <span class='ocr_line' id='line_1_67' title="bbox 305 3640 1899 3711; baseline -0.003 -13"><span class='ocrx_word' id='word_1_513' title='bbox 305 3645 509 3700; x_wconf 88' lang='lat' dir='ltr'><strong>atrium</strong></span> <span class='ocrx_word' id='word_1_514' title='bbox 540 3645 770 3698; x_wconf 85' lang='lat' dir='ltr'><strong>interius</strong></span> <span class='ocrx_word' id='word_1_515' title='bbox 799 3644 974 3698; x_wconf 88' lang='lat' dir='ltr'><strong>tribus</strong></span> <span class='ocrx_word' id='word_1_516' title='bbox 1003 3641 1288 3696; x_wconf 86' lang='lat' dir='ltr'><strong>ordinibus</strong></span> <span class='ocrx_word' id='word_1_517' title='bbox 1317 3640 1556 3708; x_wconf 89' lang='lat' dir='ltr'><strong>lapidum</strong></span> <span class='ocrx_word' id='word_1_518' title='bbox 1587 3641 1899 3711; x_wconf 79' lang='lat' dir='ltr'><strong>pulitoruni,</strong></span> 
     </span>
    </p>
   </div>
   <div class='ocr_carea' id='block_1_68' title="bbox 304 3732 1902 3807">
    <p class='ocr_par' dir='ltr' id='par_1_68' title="bbox 304 3732 1902 3807">
     <span class='ocr_line' id='line_1_68' title="bbox 304 3732 1902 3807; baseline -0.003 -15"><span class='ocrx_word' id='word_1_519' title='bbox 304 3745 364 3792; x_wconf 87' lang='lat' dir='ltr'><strong>et</strong></span> <span class='ocrx_word' id='word_1_520' title='bbox 379 3737 982 3807; x_wconf 73' lang='lat' dir='ltr'><strong>unoordiuelignotum</strong></span> <span class='ocrx_word' id='word_1_521' title='bbox 1011 3734 1182 3790; x_wconf 85' lang='lat' dir='ltr'><strong>cedri.</strong></span> <span class='ocrx_word' id='word_1_522' title='bbox 1213 3732 1507 3805; x_wconf 81' lang='lat' dir='ltr'><strong>[T.XVll.]</strong></span> <span class='ocrx_word' id='word_1_523' title='bbox 1541 3735 1902 3804; x_wconf 78' lang='lat' dir='ltr'><strong>Anuoquarto</strong></span> 
     </span>
    </p>
   </div>
   <div class='ocr_carea' id='block_1_69' title="bbox 307 3825 1906 3890">
    <p class='ocr_par' dir='ltr' id='par_1_69' title="bbox 307 3825 1906 3890">
     <span class='ocr_line' id='line_1_69' title="bbox 307 3825 1906 3890; baseline -0.002 -6"><span class='ocrx_word' id='word_1_524' title='bbox 307 3829 533 3884; x_wconf 77' lang='lat' dir='ltr'><strong>iundata</strong></span> <span class='ocrx_word' id='word_1_525' title='bbox 553 3835 652 3883; x_wconf 85' lang='lat' dir='ltr'><strong>.est</strong></span> <span class='ocrx_word' id='word_1_526' title='bbox 676 3828 869 3883; x_wconf 82' lang='lat' dir='ltr'><strong>domus</strong></span> <span class='ocrx_word' id='word_1_527' title='bbox 902 3827 1114 3882; x_wconf 90' lang='lat' dir='ltr'><strong>Domini</strong></span> <span class='ocrx_word' id='word_1_528' title='bbox 1142 3828 1193 3881; x_wconf 90' lang='lat' dir='ltr'><strong>in</strong></span> <span class='ocrx_word' id='word_1_529' title='bbox 1223 3841 1408 3881; x_wconf 89' lang='lat' dir='ltr'><strong>mense</strong></span> <span class='ocrx_word' id='word_1_530' title='bbox 1438 3825 1559 3890; x_wconf 82' lang='lat' dir='ltr'><strong>Zio,</strong></span> <span class='ocrx_word' id='word_1_531' title='bbox 1593 3835 1647 3881; x_wconf 90' lang='lat' dir='ltr'><strong>et</strong></span> <span class='ocrx_word' id='word_1_532' title='bbox 1677 3826 1732 3879; x_wconf 90' lang='lat' dir='ltr'><strong>in</strong></span> <span class='ocrx_word' id='word_1_533' title='bbox 1763 3840 1906 3880; x_wconf 89' lang='lat' dir='ltr'><strong>anno</strong></span> 
     </span>
    </p>
   </div>
   <div class='ocr_carea' id='block_1_70' title="bbox 309 3919 1909 3994">
    <p class='ocr_par' dir='ltr' id='par_1_70' title="bbox 309 3919 1909 3994">
     <span class='ocr_line' id='line_1_70' title="bbox 309 3919 1909 3994; baseline -0.003 -17"><span class='ocrx_word' id='word_1_534' title='bbox 309 3922 828 3986; x_wconf 87' lang='lat' dir='ltr'><strong>undecimo,mense</strong></span> <span class='ocrx_word' id='word_1_535' title='bbox 843 3921 937 3976; x_wconf 85' lang='lat' dir='ltr'><strong>Bul</strong></span> <span class='ocrx_word' id='word_1_536' title='bbox 957 3921 1102 3994; x_wconf 88' lang='lat' dir='ltr'><strong>(ipse</strong></span> <span class='ocrx_word' id='word_1_537' title='bbox 1133 3927 1213 3972; x_wconf 82' lang='lat' dir='ltr'><strong>est</strong></span> <span class='ocrx_word' id='word_1_538' title='bbox 1241 3919 1446 3973; x_wconf 88' lang='lat' dir='ltr'><strong>mensis</strong></span> <span class='ocrx_word' id='word_1_539' title='bbox 1477 3919 1754 3985; x_wconf 84' lang='lat' dir='ltr'><strong>octavus),</strong></span> <span class='ocrx_word' id='word_1_540' title='bbox 1788 3931 1909 3987; x_wconf 89' lang='lat' dir='ltr'><strong>per-</strong></span> 
     </span>
    </p>
   </div>
   <div class='ocr_carea' id='block_1_71' title="bbox 312 4008 1909 4081">
    <p class='ocr_par' dir='ltr' id='par_1_71' title="bbox 312 4008 1909 4081">
     <span class='ocr_line' id='line_1_71' title="bbox 312 4008 1909 4081; baseline -0.004 -12"><span class='ocrx_word' id='word_1_541' title='bbox 312 4014 456 4070; x_wconf 79' lang='lat' dir='ltr'><strong>fecta</strong></span> <span class='ocrx_word' id='word_1_542' title='bbox 503 4022 587 4068; x_wconf 89' lang='lat' dir='ltr'><strong>est</strong></span> <span class='ocrx_word' id='word_1_543' title='bbox 622 4013 819 4068; x_wconf 91' lang='lat' dir='ltr'><strong>domus</strong></span> <span class='ocrx_word' id='word_1_544' title='bbox 847 4013 901 4066; x_wconf 87' lang='lat' dir='ltr'><strong>in</strong></span> <span class='ocrx_word' id='word_1_545' title='bbox 931 4012 1075 4065; x_wconf 92' lang='lat' dir='ltr'><strong>omni</strong></span> <span class='ocrx_word' id='word_1_546' title='bbox 1106 4024 1273 4081; x_wconf 88' lang='lat' dir='ltr'><strong>opere</strong></span> <span class='ocrx_word' id='word_1_547' title='bbox 1302 4023 1424 4076; x_wconf 84' lang='lat' dir='ltr'><strong>suo,</strong></span> <span class='ocrx_word' id='word_1_548' title='bbox 1456 4018 1512 4064; x_wconf 91' lang='lat' dir='ltr'><strong>et</strong></span> <span class='ocrx_word' id='word_1_549' title='bbox 1539 4008 1593 4062; x_wconf 92' lang='lat' dir='ltr'><strong>in</strong></span> <span class='ocrx_word' id='word_1_550' title='bbox 1640 4009 1909 4063; x_wconf 89' lang='lat' dir='ltr'><strong>universis</strong></span> 
     </span>
    </p>
   </div>
   <div class='ocr_carea' id='block_1_72' title="bbox 315 4100 1909 4176">
    <p class='ocr_par' dir='ltr' id='par_1_72' title="bbox 315 4100 1909 4176">
     <span class='ocr_line' id='line_1_72' title="bbox 315 4100 1909 4176; baseline -0.004 -15"><span class='ocrx_word' id='word_1_551' title='bbox 315 4107 644 4162; x_wconf 82' lang='lat' dir='ltr'><strong>utensilibus</strong></span> <span class='ocrx_word' id='word_1_552' title='bbox 683 4107 798 4160; x_wconf 88' lang='lat' dir='ltr'><strong>suis</strong></span> <span class='ocrx_word' id='word_1_553' title='bbox 838 4105 966 4176; x_wconf 73' lang='grc' dir='ltr'><strong>[Με.</strong></span> <span class='ocrx_word' id='word_1_554' title='bbox 1005 4113 1136 4157; x_wconf 82' lang='lat' dir='ltr'><strong>tacet</strong></span> <span class='ocrx_word' id='word_1_555' title='bbox 1179 4102 1314 4172; x_wconf 81' lang='lat' dir='ltr'><strong>suis]</strong></span> <span class='ocrx_word' id='word_1_556' title='bbox 1351 4100 1745 4172; x_wconf 77' lang='lat' dir='ltr'><strong>tediiiCavilqne</strong></span> <span class='ocrx_word' id='word_1_557' title='bbox 1789 4115 1909 4156; x_wconf 89' lang='lat' dir='ltr'><strong>eam</strong></span> 
     </span>
    </p>
   </div>
   <div class='ocr_carea' id='block_1_73' title="bbox 315 4201 730 4268">
    <p class='ocr_par' dir='ltr' id='par_1_73' title="bbox 315 4201 730 4268">
     <span class='ocr_line' id='line_1_73' title="bbox 315 4201 730 4268; baseline -0.01 -12"><span class='ocrx_word' id='word_1_558' title='bbox 315 4201 476 4256; x_wconf 88' lang='lat' dir='ltr'><strong>annis</strong></span> <span class='ocrx_word' id='word_1_559' title='bbox 501 4209 730 4268; x_wconf 83' lang='lat' dir='ltr'><strong>septem.</strong></span> 
     </span>
    </p>
   </div>
   <div class='ocr_carea' id='block_1_74' title="bbox 391 4285 1910 4366">
    <p class='ocr_par' dir='ltr' id='par_1_74' title="bbox 391 4285 1910 4366">
     <span class='ocr_line' id='line_1_74' title="bbox 391 4285 1910 4366; baseline -0.004 -20"><span class='ocrx_word' id='word_1_560' title='bbox 391 4292 541 4366; x_wconf 83' lang='lat' dir='ltr'><strong>[Cap.</strong></span> <span class='ocrx_word' id='word_1_561' title='bbox 574 4289 709 4363; x_wconf 79' lang='lat' dir='ltr'><strong>Vll.]</strong></span> <span class='ocrx_word' id='word_1_562' title='bbox 753 4291 982 4345; x_wconf 91' lang='lat' dir='ltr'><strong>Domum</strong></span> <span class='ocrx_word' id='word_1_563' title='bbox 1017 4299 1195 4342; x_wconf 90' lang='lat' dir='ltr'><strong>autem</strong></span> <span class='ocrx_word' id='word_1_564' title='bbox 1239 4300 1390 4342; x_wconf 87' lang='lat' dir='ltr'><strong>suam</strong></span> <span class='ocrx_word' id='word_1_565' title='bbox 1432 4285 1728 4342; x_wconf 68' lang='lat' dir='ltr'><strong>aedificavit</strong></span> <span class='ocrx_word' id='word_1_566' title='bbox 1758 4285 1910 4341; x_wconf 90' lang='lat' dir='ltr'><strong>Salo-</strong></span> 
     </span>
    </p>
   </div>
   <div class='ocr_carea' id='block_1_75' title="bbox 319 4377 1909 4451">
    <p class='ocr_par' dir='ltr' id='par_1_75' title="bbox 319 4377 1909 4451">
     <span class='ocr_line' id='line_1_75' title="bbox 319 4377 1909 4451; baseline -0.006 -10"><span class='ocrx_word' id='word_1_567' title='bbox 319 4400 447 4441; x_wconf 88' lang='lat' dir='ltr'><strong>mon</strong></span> <span class='ocrx_word' id='word_1_568' title='bbox 481 4383 742 4439; x_wconf 83' lang='lat' dir='ltr'><strong>tredecim</strong></span> <span class='ocrx_word' id='word_1_569' title='bbox 771 4384 947 4449; x_wconf 87' lang='lat' dir='ltr'><strong>annis,</strong></span> <span class='ocrx_word' id='word_1_570' title='bbox 972 4392 1021 4437; x_wconf 92' lang='lat' dir='ltr'><strong>et</strong></span> <span class='ocrx_word' id='word_1_571' title='bbox 1043 4381 1109 4436; x_wconf 90' lang='lat' dir='ltr'><strong>ad</strong></span> <span class='ocrx_word' id='word_1_572' title='bbox 1128 4377 1426 4451; x_wconf 77' lang='lat' dir='ltr'><strong>perfectum</strong></span> <span class='ocrx_word' id='word_1_573' title='bbox 1449 4394 1618 4448; x_wconf 85' lang='lat' dir='ltr'><strong>usque</strong></span> <span class='ocrx_word' id='word_1_574' title='bbox 1641 4378 1909 4449; x_wconf 85' lang='lat' dir='ltr'><strong>perduxit.</strong></span> 
     </span>
    </p>
   </div>
   <div class='ocr_carea' id='block_1_76' title="bbox 322 4471 1914 4547">
    <p class='ocr_par' dir='ltr' id='par_1_76' title="bbox 322 4471 1914 4547">
     <span class='ocr_line' id='line_1_76' title="bbox 322 4471 1914 4547; baseline -0.006 -14"><span class='ocrx_word' id='word_1_575' title='bbox 322 4476 638 4533; x_wconf 62' lang='lat' dir='ltr'><strong>Ediﬁcavit</strong></span> <span class='ocrx_word' id='word_1_576' title='bbox 660 4491 879 4547; x_wconf 89' lang='lat' dir='ltr'><strong>quoque</strong></span> <span class='ocrx_word' id='word_1_577' title='bbox 907 4475 1128 4530; x_wconf 88' lang='lat' dir='ltr'><strong>domum</strong></span> <span class='ocrx_word' id='word_1_578' title='bbox 1159 4474 1328 4527; x_wconf 77' lang='lat' dir='ltr'><strong>saltus</strong></span> <span class='ocrx_word' id='word_1_579' title='bbox 1353 4471 1544 4527; x_wconf 85' lang='lat' dir='ltr'><strong>Libani</strong></span> <span class='ocrx_word' id='word_1_580' title='bbox 1574 4481 1790 4527; x_wconf 90' lang='lat' dir='ltr'><strong>centum</strong></span> <span class='ocrx_word' id='word_1_581' title='bbox 1822 4485 1914 4525; x_wconf 92' lang='lat' dir='ltr'><strong>cu-</strong></span> 
     </span>
    </p>
   </div>
   <div class='ocr_carea' id='block_1_77' title="bbox 322 4566 1914 4639">
    <p class='ocr_par' dir='ltr' id='par_1_77' title="bbox 322 4566 1914 4639">
     <span class='ocr_line' id='line_1_77' title="bbox 322 4566 1914 4639; baseline -0.003 -15"><span class='ocrx_word' id='word_1_582' title='bbox 322 4570 560 4624; x_wconf 89' lang='lat' dir='ltr'><strong>bitorum</strong></span> <span class='ocrx_word' id='word_1_583' title='bbox 593 4568 965 4639; x_wconf 77' lang='lat' dir='ltr'><strong>longitudinis,</strong></span> <span class='ocrx_word' id='word_1_584' title='bbox 992 4577 1048 4623; x_wconf 91' lang='lat' dir='ltr'><strong>et</strong></span> <span class='ocrx_word' id='word_1_585' title='bbox 1073 4567 1468 4638; x_wconf 80' lang='lat' dir='ltr'><strong>quinquaginta</strong></span> <span class='ocrx_word' id='word_1_586' title='bbox 1497 4567 1802 4621; x_wconf 85' lang='lat' dir='ltr'><strong>cubitorum</strong></span> <span class='ocrx_word' id='word_1_587' title='bbox 1837 4566 1914 4620; x_wconf 90' lang='lat' dir='ltr'><strong>la-</strong></span> 
     </span>
    </p>
   </div>
   <div class='ocr_carea' id='block_1_78' title="bbox 324 4659 1914 4736">
    <p class='ocr_par' dir='ltr' id='par_1_78' title="bbox 324 4659 1914 4736">
     <span class='ocr_line' id='line_1_78' title="bbox 324 4659 1914 4736; baseline -0.004 -18"><span class='ocrx_word' id='word_1_588' title='bbox 324 4663 602 4728; x_wconf 87' lang='lat' dir='ltr'><strong>titudinis,</strong></span> <span class='ocrx_word' id='word_1_589' title='bbox 635 4671 688 4716; x_wconf 90' lang='lat' dir='ltr'><strong>et</strong></span> <span class='ocrx_word' id='word_1_590' title='bbox 717 4661 941 4736; x_wconf 78' lang='lat' dir='ltr'><strong>triginta</strong></span> <span class='ocrx_word' id='word_1_591' title='bbox 978 4661 1283 4716; x_wconf 80' lang='lat' dir='ltr'><strong>cubitorum</strong></span> <span class='ocrx_word' id='word_1_592' title='bbox 1314 4659 1652 4727; x_wconf 75' lang='lat' dir='ltr'><strong>altitudinis,</strong></span> <span class='ocrx_word' id='word_1_593' title='bbox 1691 4670 1744 4716; x_wconf 90' lang='lat' dir='ltr'><strong>et</strong></span> <span class='ocrx_word' id='word_1_594' title='bbox 1772 4671 1914 4730; x_wconf 90' lang='lat' dir='ltr'><strong>qua-</strong></span> 
     </span>
    </p>
   </div>
   <div class='ocr_carea' id='block_1_79' title="bbox 2005 3347 3593 3426">
    <p class='ocr_par' dir='ltr' id='par_1_79' title="bbox 2005 3347 3593 3426">
     <span class='ocr_line' id='line_1_79' title="bbox 2005 3347 3593 3426; baseline 0.009 -26"><span class='ocrx_word' id='word_1_595' title='bbox 2005 3349 2145 3400; x_wconf 88' lang='lat' dir='ltr'><strong>atrio</strong></span> <span class='ocrx_word' id='word_1_596' title='bbox 2175 3347 2368 3402; x_wconf 88' lang='lat' dir='ltr'><strong>domus</strong></span> <span class='ocrx_word' id='word_1_597' title='bbox 2409 3349 2622 3404; x_wconf 88' lang='lat' dir='ltr'><strong>Domini</strong></span> <span class='ocrx_word' id='word_1_598' title='bbox 2658 3352 2927 3419; x_wconf 86' lang='lat' dir='ltr'><strong>interiori,</strong></span> <span class='ocrx_word' id='word_1_599' title='bbox 2958 3362 3012 3409; x_wconf 91' lang='lat' dir='ltr'><strong>et</strong></span> <span class='ocrx_word' id='word_1_600' title='bbox 3049 3356 3099 3409; x_wconf 90' lang='lat' dir='ltr'><strong>in</strong></span> <span class='ocrx_word' id='word_1_601' title='bbox 3133 3357 3343 3426; x_wconf 91' lang='lat' dir='ltr'><strong>porticu</strong></span> <span class='ocrx_word' id='word_1_602' title='bbox 3381 3359 3593 3416; x_wconf 91' lang='lat' dir='ltr'><strong>domus.</strong></span> 
     </span>
    </p>
   </div>
   <div class='ocr_carea' id='block_1_80' title="bbox 2004 3440 3595 3527">
    <p class='ocr_par' dir='ltr' id='par_1_80' title="bbox 2004 3440 3595 3527">
     <span class='ocr_line' id='line_1_80' title="bbox 2004 3440 3595 3527; baseline 0.008 -33"><span class='ocrx_word' id='word_1_603' title='bbox 2004 3440 2147 3494; x_wconf 87' lang='lat' dir='ltr'><strong>Misit</strong></span> <span class='ocrx_word' id='word_1_604' title='bbox 2187 3455 2403 3512; x_wconf 88' lang='lat' dir='ltr'><strong>quoque</strong></span> <span class='ocrx_word' id='word_1_605' title='bbox 2447 3457 2540 3496; x_wconf 74' lang='lat' dir='ltr'><strong>rex</strong></span> <span class='ocrx_word' id='word_1_606' title='bbox 2569 3443 2844 3514; x_wconf 83' lang='lat' dir='ltr'><strong>Salomon,</strong></span> <span class='ocrx_word' id='word_1_607' title='bbox 2869 3459 2920 3501; x_wconf 88' lang='lat' dir='ltr'><strong>et</strong></span> <span class='ocrx_word' id='word_1_608' title='bbox 2954 3447 3080 3503; x_wconf 87' lang='lat' dir='ltr'><strong>tulit</strong></span> <span class='ocrx_word' id='word_1_609' title='bbox 3118 3451 3299 3506; x_wconf 90' lang='lat' dir='ltr'><strong>lliram</strong></span> <span class='ocrx_word' id='word_1_610' title='bbox 3327 3451 3393 3507; x_wconf 86' lang='lat' dir='ltr'><strong>de</strong></span> <span class='ocrx_word' id='word_1_611' title='bbox 3421 3453 3595 3527; x_wconf 85' lang='lat' dir='ltr'><strong>Tyro,</strong></span> 
     </span>
    </p>
   </div>
   <div class='ocr_carea' id='block_1_81' title="bbox 2003 3531 3600 3613">
    <p class='ocr_par' dir='ltr' id='par_1_81' title="bbox 2003 3531 3600 3613">
     <span class='ocr_line' id='line_1_81' title="bbox 2003 3531 3600 3613; baseline 0.012 -30"><span class='ocrx_word' id='word_1_612' title='bbox 2003 3531 2178 3585; x_wconf 81' lang='lat' dir='ltr'><strong>lilium</strong></span> <span class='ocrx_word' id='word_1_613' title='bbox 2225 3533 2468 3586; x_wconf 84' lang='lat' dir='ltr'><strong>mulieris</strong></span> <span class='ocrx_word' id='word_1_614' title='bbox 2517 3534 2694 3590; x_wconf 67' lang='lat' dir='ltr'><strong>viduae</strong></span> <span class='ocrx_word' id='word_1_615' title='bbox 2740 3537 2807 3590; x_wconf 86' lang='lat' dir='ltr'><strong>de</strong></span> <span class='ocrx_word' id='word_1_616' title='bbox 2867 3540 3005 3593; x_wconf 86' lang='lat' dir='ltr'><strong>tribu</strong></span> <span class='ocrx_word' id='word_1_617' title='bbox 3064 3540 3386 3612; x_wconf 83' lang='lat' dir='ltr'><strong>Nephtltali,</strong></span> <span class='ocrx_word' id='word_1_618' title='bbox 3449 3559 3600 3613; x_wconf 85' lang='lat' dir='ltr'><strong>patre</strong></span> 
     </span>
    </p>
   </div>
   <div class='ocr_carea' id='block_1_82' title="bbox 2004 3621 3602 3706">
    <p class='ocr_par' dir='ltr' id='par_1_82' title="bbox 2004 3621 3602 3706">
     <span class='ocr_line' id='line_1_82' title="bbox 2004 3621 3602 3706; baseline 0.01 -27"><span class='ocrx_word' id='word_1_619' title='bbox 2004 3625 2191 3697; x_wconf 85' lang='lat' dir='ltr'><strong>Tyrio,</strong></span> <span class='ocrx_word' id='word_1_620' title='bbox 2217 3628 2482 3682; x_wconf 81' lang='lat' dir='ltr'><strong>artificem</strong></span> <span class='ocrx_word' id='word_1_621' title='bbox 2506 3636 2781 3695; x_wconf 83' lang='lat' dir='ltr'><strong>:erarinm,</strong></span> <span class='ocrx_word' id='word_1_622' title='bbox 2799 3621 2853 3686; x_wconf 77' lang='lat' dir='ltr'><strong>et</strong></span> <span class='ocrx_word' id='word_1_623' title='bbox 2887 3635 3100 3697; x_wconf 69' lang='lat' dir='ltr'><strong>plenum</strong></span> <span class='ocrx_word' id='word_1_624' title='bbox 3124 3639 3414 3706; x_wconf 86' lang='lat' dir='ltr'><strong>sapientia,</strong></span> <span class='ocrx_word' id='word_1_625' title='bbox 3441 3647 3496 3693; x_wconf 87' lang='lat' dir='ltr'><strong>et</strong></span> <span class='ocrx_word' id='word_1_626' title='bbox 3518 3641 3602 3694; x_wconf 80' lang='lat' dir='ltr'><strong>in-</strong></span> 
     </span>
    </p>
   </div>
   <div class='ocr_carea' id='block_1_83' title="bbox 2005 3718 3597 3800">
    <p class='ocr_par' dir='ltr' id='par_1_83' title="bbox 2005 3718 3597 3800">
     <span class='ocr_line' id='line_1_83' title="bbox 2005 3718 3597 3800; baseline 0.01 -30"><span class='ocrx_word' id='word_1_627' title='bbox 2005 3718 2299 3788; x_wconf 74' lang='lat' dir='ltr'><strong>telligentia</strong></span> <span class='ocrx_word' id='word_1_628' title='bbox 2323 3761 2336 3783; x_wconf 90' lang='lat'><strong>,</strong></span> <span class='ocrx_word' id='word_1_629' title='bbox 2367 3733 2417 3774; x_wconf 91' lang='lat' dir='ltr'><strong>et</strong></span> <span class='ocrx_word' id='word_1_630' title='bbox 2459 3721 2704 3776; x_wconf 52' lang='lat' dir='ltr'><strong>doctrina</strong></span> <span class='ocrx_word' id='word_1_631' title='bbox 2736 3723 2800 3777; x_wconf 84' lang='lat' dir='ltr'><strong>ad</strong></span> <span class='ocrx_word' id='word_1_632' title='bbox 2835 3725 3147 3780; x_wconf 75' lang='lat' dir='ltr'><strong>faciendum</strong></span> <span class='ocrx_word' id='word_1_633' title='bbox 3173 3743 3336 3783; x_wconf 89' lang='lat' dir='ltr'><strong>omne</strong></span> <span class='ocrx_word' id='word_1_634' title='bbox 3367 3745 3504 3800; x_wconf 87' lang='lat' dir='ltr'><strong>opus</strong></span> <span class='ocrx_word' id='word_1_635' title='bbox 3532 3749 3597 3786; x_wconf 86' lang='lat' dir='ltr'><strong>ex</strong></span> 
     </span>
    </p>
   </div>
   <div class='ocr_carea' id='block_1_84' title="bbox 2009 3812 3605 3892">
    <p class='ocr_par' dir='ltr' id='par_1_84' title="bbox 2009 3812 3605 3892">
     <span class='ocr_line' id='line_1_84' title="bbox 2009 3812 3605 3892; baseline 0.009 -26"><span class='ocrx_word' id='word_1_636' title='bbox 2009 3828 2138 3867; x_wconf 55' lang='lat' dir='ltr'><strong>aire.</strong></span> <span class='ocrx_word' id='word_1_637' title='bbox 2171 3812 2420 3880; x_wconf 87' lang='lat' dir='ltr'><strong>Quicum</strong></span> <span class='ocrx_word' id='word_1_638' title='bbox 2452 3818 2693 3870; x_wconf 70' lang='lat' dir='ltr'><strong>venisset</strong></span> <span class='ocrx_word' id='word_1_639' title='bbox 2724 3817 2793 3872; x_wconf 89' lang='lat' dir='ltr'><strong>ad</strong></span> <span class='ocrx_word' id='word_1_640' title='bbox 2824 3833 3005 3889; x_wconf 79' lang='lat' dir='ltr'><strong>regem</strong></span> <span class='ocrx_word' id='word_1_641' title='bbox 3043 3822 3428 3892; x_wconf 82' lang='lat' dir='ltr'><strong>Salomouem,</strong></span> <span class='ocrx_word' id='word_1_642' title='bbox 3476 3827 3605 3881; x_wconf 85' lang='lat' dir='ltr'><strong>fecit</strong></span> 
     </span>
    </p>
   </div>
   <div class='ocr_carea' id='block_1_85' title="bbox 2011 3907 3606 3990">
    <p class='ocr_par' dir='ltr' id='par_1_85' title="bbox 2011 3907 3606 3990">
     <span class='ocr_line' id='line_1_85' title="bbox 2011 3907 3606 3990; baseline 0.01 -31"><span class='ocrx_word' id='word_1_643' title='bbox 2011 3921 2174 3962; x_wconf 88' lang='lat' dir='ltr'><strong>omne</strong></span> <span class='ocrx_word' id='word_1_644' title='bbox 2204 3921 2340 3975; x_wconf 68' lang='lat' dir='ltr'><strong>onus</strong></span> <span class='ocrx_word' id='word_1_645' title='bbox 2371 3907 2510 3978; x_wconf 80' lang='lat' dir='ltr'><strong>ejus.</strong></span> <span class='ocrx_word' id='word_1_646' title='bbox 2548 3910 2612 3963; x_wconf 76' lang='lat' dir='ltr'><strong>Et</strong></span> <span class='ocrx_word' id='word_1_647' title='bbox 2639 3910 2791 3966; x_wconf 86' lang='lat' dir='ltr'><strong>linxit</strong></span> <span class='ocrx_word' id='word_1_648' title='bbox 2825 3911 2961 3967; x_wconf 89' lang='lat' dir='ltr'><strong>duas</strong></span> <span class='ocrx_word' id='word_1_649' title='bbox 2983 3916 3266 3971; x_wconf 85' lang='lat' dir='ltr'><strong>columnas</strong></span> <span class='ocrx_word' id='word_1_650' title='bbox 3288 3934 3482 3990; x_wconf 68' lang='lat' dir='ltr'><strong>meas,</strong></span> <span class='ocrx_word' id='word_1_651' title='bbox 3513 3921 3606 3975; x_wconf 55' lang='lat' dir='ltr'><strong>de.</strong></span> 
     </span>
    </p>
   </div>
   <div class='ocr_carea' id='block_1_86' title="bbox 2014 4003 3602 4082">
    <p class='ocr_par' dir='ltr' id='par_1_86' title="bbox 2014 4003 3602 4082">
     <span class='ocr_line' id='line_1_86' title="bbox 2014 4003 3602 4082; baseline 0.008 -28"><span class='ocrx_word' id='word_1_652' title='bbox 2014 4016 2130 4056; x_wconf 90' lang='lat' dir='ltr'><strong>cem</strong></span> <span class='ocrx_word' id='word_1_653' title='bbox 2163 4011 2216 4054; x_wconf 82' lang='lat' dir='ltr'><strong>et</strong></span> <span class='ocrx_word' id='word_1_654' title='bbox 2243 4011 2368 4056; x_wconf 83' lang='lat' dir='ltr'><strong>octo</strong></span> <span class='ocrx_word' id='word_1_655' title='bbox 2399 4003 2706 4058; x_wconf 85' lang='lat' dir='ltr'><strong>cubitorum</strong></span> <span class='ocrx_word' id='word_1_656' title='bbox 2739 4006 3042 4062; x_wconf 82' lang='lat' dir='ltr'><strong>altitudinis</strong></span> <span class='ocrx_word' id='word_1_657' title='bbox 3075 4011 3386 4066; x_wconf 83' lang='lat' dir='ltr'><strong>columnam</strong></span> <span class='ocrx_word' id='word_1_658' title='bbox 3416 4031 3602 4082; x_wconf 85' lang='lat' dir='ltr'><strong>unam,</strong></span> 
     </span>
    </p>
   </div>
   <div class='ocr_carea' id='block_1_87' title="bbox 2015 4094 3606 4164">
    <p class='ocr_par' dir='ltr' id='par_1_87' title="bbox 2015 4094 3606 4164">
     <span class='ocr_line' id='line_1_87' title="bbox 2015 4094 3606 4164; baseline 0.011 -16"><span class='ocrx_word' id='word_1_659' title='bbox 2015 4107 2072 4149; x_wconf 91' lang='lat' dir='ltr'><strong>et</strong></span> <span class='ocrx_word' id='word_1_660' title='bbox 2108 4094 2248 4149; x_wconf 84' lang='lat' dir='ltr'><strong>linea</strong></span> <span class='ocrx_word' id='word_1_661' title='bbox 2278 4094 2563 4150; x_wconf 86' lang='lat' dir='ltr'><strong>duodecim</strong></span> <span class='ocrx_word' id='word_1_662' title='bbox 2609 4098 2913 4153; x_wconf 76' lang='lat' dir='ltr'><strong>cubitorum</strong></span> <span class='ocrx_word' id='word_1_663' title='bbox 2971 4102 3241 4160; x_wconf 88' lang='lat' dir='ltr'><strong>ambiebat</strong></span> <span class='ocrx_word' id='word_1_664' title='bbox 3297 4107 3606 4164; x_wconf 89' lang='lat' dir='ltr'><strong>columnam</strong></span> 
     </span>
    </p>
   </div>
   <div class='ocr_carea' id='block_1_88' title="bbox 2016 4189 3613 4269">
    <p class='ocr_par' dir='ltr' id='par_1_88' title="bbox 2016 4189 3613 4269">
     <span class='ocr_line' id='line_1_88' title="bbox 2016 4189 3613 4269; baseline 0.01 -27"><span class='ocrx_word' id='word_1_665' title='bbox 2016 4195 2324 4259; x_wconf 83' lang='lat' dir='ltr'><strong>utramque.</strong></span> <span class='ocrx_word' id='word_1_666' title='bbox 2355 4189 2469 4242; x_wconf 81' lang='lat' dir='ltr'><strong>Duo</strong></span> <span class='ocrx_word' id='word_1_667' title='bbox 2499 4203 2718 4260; x_wconf 80' lang='lat' dir='ltr'><strong>quoque</strong></span> <span class='ocrx_word' id='word_1_668' title='bbox 2745 4195 2990 4260; x_wconf 88' lang='lat' dir='ltr'><strong>capitella</strong></span> <span class='ocrx_word' id='word_1_669' title='bbox 3023 4195 3172 4265; x_wconf 83' lang='lat' dir='ltr'><strong>fecit,</strong></span> <span class='ocrx_word' id='word_1_670' title='bbox 3198 4215 3318 4267; x_wconf 74' lang='lat' dir='ltr'><strong>qua:</strong></span> <span class='ocrx_word' id='word_1_671' title='bbox 3345 4216 3613 4269; x_wconf 57' lang='lat' dir='ltr'><strong>ponet-eno</strong></span> 
     </span>
    </p>
   </div>
   <div class='ocr_carea' id='block_1_89' title="bbox 2019 4275 3602 4355">
    <p class='ocr_par' dir='ltr' id='par_1_89' title="bbox 2019 4275 3602 4355">
     <span class='ocr_line' id='line_1_89' title="bbox 2019 4275 3602 4355; baseline 0.009 -18"><span class='ocrx_word' id='word_1_672' title='bbox 2019 4293 2108 4338; x_wconf 87' lang='lat' dir='ltr'><strong>tur</strong></span> <span class='ocrx_word' id='word_1_673' title='bbox 2131 4299 2296 4355; x_wconf 87' lang='lat' dir='ltr'><strong>super</strong></span> <span class='ocrx_word' id='word_1_674' title='bbox 2334 4287 2508 4354; x_wconf 87' lang='lat' dir='ltr'><strong>capita</strong></span> <span class='ocrx_word' id='word_1_675' title='bbox 2553 4275 2952 4355; x_wconf 76' lang='lat' dir='ltr'><strong>columnarum,</strong></span> <span class='ocrx_word' id='word_1_676' title='bbox 3013 4301 3036 4326; x_wconf 70' lang='grc' dir='ltr'>ε</span> <span class='ocrx_word' id='word_1_677' title='bbox 3089 4291 3268 4346; x_wconf 76' lang='lat' dir='ltr'><strong>insilia</strong></span> <span class='ocrx_word' id='word_1_678' title='bbox 3321 4310 3386 4348; x_wconf 82' lang='lat' dir='ltr'><strong>ex</strong></span> <span class='ocrx_word' id='word_1_679' title='bbox 3444 4311 3602 4352; x_wconf 70' lang='lat' dir='ltr'><strong>tere:</strong></span> 
     </span>
    </p>
   </div>
   <div class='ocr_carea' id='block_1_90' title="bbox 2017 4381 3610 4453">
    <p class='ocr_par' dir='ltr' id='par_1_90' title="bbox 2017 4381 3610 4453">
     <span class='ocr_line' id='line_1_90' title="bbox 2017 4381 3610 4453; baseline 0.008 -22"><span class='ocrx_word' id='word_1_680' title='bbox 2017 4382 2256 4449; x_wconf 83' lang='lat' dir='ltr'><strong>quinque</strong></span> <span class='ocrx_word' id='word_1_681' title='bbox 2283 4381 2591 4434; x_wconf 86' lang='lat' dir='ltr'><strong>cubitorum</strong></span> <span class='ocrx_word' id='word_1_682' title='bbox 2636 4381 2939 4437; x_wconf 89' lang='lat' dir='ltr'><strong>altitudinis</strong></span> <span class='ocrx_word' id='word_1_683' title='bbox 2974 4385 3289 4452; x_wconf 89' lang='lat' dir='ltr'><strong>capitellum</strong></span> <span class='ocrx_word' id='word_1_684' title='bbox 3332 4404 3520 4453; x_wconf 89' lang='lat' dir='ltr'><strong>unum,</strong></span> <span class='ocrx_word' id='word_1_685' title='bbox 3558 4399 3610 4443; x_wconf 74' lang='lat' dir='ltr'><strong>et</strong></span> 
     </span>
    </p>
   </div>
   <div class='ocr_carea' id='block_1_91' title="bbox 2019 4474 3614 4548">
    <p class='ocr_par' dir='ltr' id='par_1_91' title="bbox 2019 4474 3614 4548">
     <span class='ocr_line' id='line_1_91' title="bbox 2019 4474 3614 4548; baseline 0.007 -26"><span class='ocrx_word' id='word_1_686' title='bbox 2019 4474 2259 4544; x_wconf 85' lang='lat' dir='ltr'><strong>quinque</strong></span> <span class='ocrx_word' id='word_1_687' title='bbox 2289 4474 2596 4530; x_wconf 88' lang='lat' dir='ltr'><strong>cubitorum</strong></span> <span class='ocrx_word' id='word_1_688' title='bbox 2643 4475 2940 4530; x_wconf 72' lang='lat' dir='ltr'><strong>altitudinis</strong></span> <span class='ocrx_word' id='word_1_689' title='bbox 2977 4479 3286 4548; x_wconf 83' lang='lat' dir='ltr'><strong>capitellum</strong></span> <span class='ocrx_word' id='word_1_690' title='bbox 3328 4481 3554 4535; x_wconf 88' lang='lat' dir='ltr'><strong>alterum</strong></span> <span class='ocrx_word' id='word_1_691' title='bbox 3602 4499 3614 4533; x_wconf 89' lang='lat'><strong><em>:</em></strong></span> 
     </span>
    </p>
   </div>
   <div class='ocr_carea' id='block_1_92' title="bbox 2020 4566 3612 4635">
    <p class='ocr_par' dir='ltr' id='par_1_92' title="bbox 2020 4566 3612 4635">
     <span class='ocr_line' id='line_1_92' title="bbox 2020 4566 3612 4635; baseline 0.003 -15"><span class='ocrx_word' id='word_1_692' title='bbox 2020 4573 2077 4620; x_wconf 91' lang='lat' dir='ltr'><strong>et</strong></span> <span class='ocrx_word' id='word_1_693' title='bbox 2097 4567 2248 4635; x_wconf 87' lang='lat' dir='ltr'><strong>quasi</strong></span> <span class='ocrx_word' id='word_1_694' title='bbox 2276 4566 2330 4620; x_wconf 92' lang='lat' dir='ltr'><strong>in</strong></span> <span class='ocrx_word' id='word_1_695' title='bbox 2363 4566 2579 4622; x_wconf 87' lang='lat' dir='ltr'><strong>modum</strong></span> <span class='ocrx_word' id='word_1_696' title='bbox 2629 4570 2758 4622; x_wconf 89' lang='lat' dir='ltr'><strong>retis</strong></span> <span class='ocrx_word' id='word_1_697' title='bbox 2790 4577 2841 4621; x_wconf 87' lang='lat' dir='ltr'><strong>et</strong></span> <span class='ocrx_word' id='word_1_698' title='bbox 2882 4575 3194 4623; x_wconf 87' lang='lat' dir='ltr'><strong>catenarum</strong></span> <span class='ocrx_word' id='word_1_699' title='bbox 3235 4567 3335 4624; x_wconf 89' lang='lat' dir='ltr'><strong>sibi</strong></span> <span class='ocrx_word' id='word_1_700' title='bbox 3381 4571 3612 4626; x_wconf 87' lang='lat' dir='ltr'><strong>invicem</strong></span> 
     </span>
    </p>
   </div>
   <div class='ocr_carea' id='block_1_93' title="bbox 2029 4657 3616 4732">
    <p class='ocr_par' dir='ltr' id='par_1_93' title="bbox 2029 4657 3616 4732">
     <span class='ocr_line' id='line_1_93' title="bbox 2029 4657 3616 4732; baseline 0.004 -20"><span class='ocrx_word' id='word_1_701' title='bbox 2029 4657 2047 4696; x_wconf 74' lang='grc' dir='ltr'><em>τ</em></span> <span class='ocrx_word' id='word_1_702' title='bbox 2073 4661 2214 4713; x_wconf 89' lang='lat' dir='ltr'><strong>miro</strong></span> <span class='ocrx_word' id='word_1_703' title='bbox 2245 4674 2410 4730; x_wconf 87' lang='lat' dir='ltr'><strong>opere</strong></span> <span class='ocrx_word' id='word_1_704' title='bbox 2437 4667 2841 4716; x_wconf 84' lang='lat' dir='ltr'><strong>eontextarum.</strong></span> <span class='ocrx_word' id='word_1_705' title='bbox 2866 4659 3169 4732; x_wconf 89' lang='lat' dir='ltr'><strong>Utrumque</strong></span> <span class='ocrx_word' id='word_1_706' title='bbox 3191 4662 3499 4732; x_wconf 89' lang='lat' dir='ltr'><strong>capitellum</strong></span> <span class='ocrx_word' id='word_1_707' title='bbox 3525 4679 3616 4719; x_wconf 34' lang='lat' dir='ltr'><strong>eos</strong></span> 
     </span>
    </p>
   </div>
   <div class='ocr_carea' id='block_1_94' title="bbox 402 4802 3617 4891">
    <p class='ocr_par' dir='ltr' id='par_1_94' title="bbox 402 4802 3617 4891">
     <span class='ocr_line' id='line_1_94' title="bbox 402 4802 3617 4891; baseline 0.002 -15"><span class='ocrx_word' id='word_1_708' title='bbox 402 4832 428 4860; x_wconf 73' lang='grc' dir='ltr'>ι</span> <span class='ocrx_word' id='word_1_709' title='bbox 466 4821 604 4877; x_wconf 81' lang='lat' dir='ltr'><strong>Vide</strong></span> <span class='ocrx_word' id='word_1_710' title='bbox 641 4820 870 4890; x_wconf 84' lang='lat' dir='ltr'><strong>Epistol.</strong></span> <span class='ocrx_word' id='word_1_711' title='bbox 915 4824 965 4874; x_wconf 91' lang='lat' dir='ltr'><strong>in</strong></span> <span class='ocrx_word' id='word_1_712' title='bbox 1001 4802 1184 4876; x_wconf 83' lang='lat' dir='ltr'><strong>nostra</strong></span> <span class='ocrx_word' id='word_1_713' title='bbox 1212 4825 1532 4878; x_wconf 80' lang='lat' dir='ltr'><strong>recensione</strong></span> <span class='ocrx_word' id='word_1_714' title='bbox 1562 4823 1630 4878; x_wconf 82' lang='grc'><strong>18</strong></span> <span class='ocrx_word' id='word_1_715' title='bbox 1659 4823 1716 4875; x_wconf 92' lang='lat' dir='ltr'><strong>S.</strong></span> <span class='ocrx_word' id='word_1_716' title='bbox 1744 4821 1920 4876; x_wconf 80' lang='lat' dir='ltr'><strong>l‘atris</strong></span> <span class='ocrx_word' id='word_1_717' title='bbox 1946 4823 1999 4884; x_wconf 82' lang='grc' dir='ltr'><strong>Ι)</strong></span> <span class='ocrx_word' id='word_1_718' title='bbox 2029 4823 2152 4874; x_wconf 89' lang='lat' dir='ltr'><strong>iam.</strong></span> <span class='ocrx_word' id='word_1_719' title='bbox 2175 4820 2238 4874; x_wconf 84' lang='lat' dir='ltr'><strong>In</strong></span> <span class='ocrx_word' id='word_1_720' title='bbox 2262 4820 2468 4890; x_wconf 76' lang='lat' dir='ltr'><strong>Exodo,</strong></span> <span class='ocrx_word' id='word_1_721' title='bbox 2502 4821 2697 4891; x_wconf 88' lang='lat' dir='ltr'><strong>inquit,</strong></span> <span class='ocrx_word' id='word_1_722' title='bbox 2726 4823 3022 4891; x_wconf 71' lang='lat' dir='ltr'><strong>(celerisque</strong></span> <span class='ocrx_word' id='word_1_723' title='bbox 3048 4825 3194 4890; x_wconf 87' lang='lat' dir='ltr'><strong>locis,</strong></span> <span class='ocrx_word' id='word_1_724' title='bbox 3221 4825 3617 4882; x_wconf 68' lang='lat' dir='ltr'><strong>ubidssrribun-</strong></span> 
     </span>
    </p>
   </div>
   <div class='ocr_carea' id='block_1_95' title="bbox 325 4891 1915 4962">
    <p class='ocr_par' dir='ltr' id='par_1_95' title="bbox 325 4891 1915 4962">
     <span class='ocr_line' id='line_1_95' title="bbox 325 4891 1915 4962; baseline -0.003 -11"><span class='ocrx_word' id='word_1_725' title='bbox 325 4895 396 4951; x_wconf 86' lang='lat' dir='ltr'><strong>ad</strong></span> <span class='ocrx_word' id='word_1_726' title='bbox 418 4893 709 4948; x_wconf 89' lang='lat' dir='ltr'><strong>Damasum</strong></span> <span class='ocrx_word' id='word_1_727' title='bbox 749 4893 816 4946; x_wconf 88' lang='lat' dir='ltr'><strong>de</strong></span> <span class='ocrx_word' id='word_1_728' title='bbox 845 4891 1161 4960; x_wconf 88' lang='lat' dir='ltr'><strong>Seraphim:</strong></span> <span class='ocrx_word' id='word_1_729' title='bbox 1195 4910 1354 4962; x_wconf 90' lang='lat' dir='ltr'><strong>quem</strong></span> <span class='ocrx_word' id='word_1_730' title='bbox 1395 4897 1568 4949; x_wconf 88' lang='lat' dir='ltr'><strong>locum</strong></span> <span class='ocrx_word' id='word_1_731' title='bbox 1593 4903 1647 4949; x_wconf 91' lang='lat' dir='ltr'><strong>et</strong></span> <span class='ocrx_word' id='word_1_732' title='bbox 1671 4893 1915 4947; x_wconf 81' lang='lat' dir='ltr'><strong>Martian.</strong></span> 
     </span>
    </p>
   </div>
   <div class='ocr_carea' id='block_1_96' title="bbox 329 4963 1918 5035">
    <p class='ocr_par' dir='ltr' id='par_1_96' title="bbox 329 4963 1918 5035">
     <span class='ocr_line' id='line_1_96' title="bbox 329 4963 1918 5035; baseline -0.004 -13"><span class='ocrx_word' id='word_1_733' title='bbox 329 4966 534 5022; x_wconf 85' lang='lat' dir='ltr'><strong>laudat.</strong></span> <span class='ocrx_word' id='word_1_734' title='bbox 560 4963 728 5019; x_wconf 79' lang='lat' dir='ltr'><strong>Recte</strong></span> <span class='ocrx_word' id='word_1_735' title='bbox 753 4966 898 5035; x_wconf 86' lang='lat' dir='ltr'><strong>enim</strong></span> <span class='ocrx_word' id='word_1_736' title='bbox 920 4965 1201 5035; x_wconf 75' lang='lat' dir='ltr'><strong>utriusque</strong></span> <span class='ocrx_word' id='word_1_737' title='bbox 1221 4965 1438 5035; x_wconf 78' lang='lat' dir='ltr'><strong>generis</strong></span> <span class='ocrx_word' id='word_1_738' title='bbox 1465 4966 1665 5019; x_wconf 87' lang='lat' dir='ltr'><strong>dicitur</strong></span> <span class='ocrx_word' id='word_1_739' title='bbox 1691 4963 1918 5028; x_wconf 88' lang='lat' dir='ltr'><strong>cherub,</strong></span> 
     </span>
    </p>
   </div>
   <div class='ocr_carea' id='block_1_97' title="bbox 332 5033 1921 5105">
    <p class='ocr_par' dir='ltr' id='par_1_97' title="bbox 332 5033 1921 5105">
     <span class='ocr_line' id='line_1_97' title="bbox 332 5033 1921 5105; baseline -0.003 -13"><span class='ocrx_word' id='word_1_740' title='bbox 332 5037 699 5094; x_wconf 78' lang='lat' dir='ltr'><strong>masculiniac</strong></span> <span class='ocrx_word' id='word_1_741' title='bbox 727 5034 923 5088; x_wconf 90' lang='lat' dir='ltr'><strong>neutri.</strong></span> <span class='ocrx_word' id='word_1_742' title='bbox 961 5033 1108 5088; x_wconf 86' lang='lat' dir='ltr'><strong>llaud</strong></span> <span class='ocrx_word' id='word_1_743' title='bbox 1146 5033 1320 5098; x_wconf 82' lang='lat' dir='ltr'><strong>tamen</strong></span> <span class='ocrx_word' id='word_1_744' title='bbox 1345 5038 1417 5090; x_wconf 90' lang='lat' dir='ltr'><strong>ita</strong></span> <span class='ocrx_word' id='word_1_745' title='bbox 1437 5052 1623 5105; x_wconf 81' lang='lat' dir='ltr'><strong>parum</strong></span> <span class='ocrx_word' id='word_1_746' title='bbox 1659 5035 1759 5090; x_wconf 81' lang='lat' dir='ltr'><strong>sibi</strong></span> <span class='ocrx_word' id='word_1_747' title='bbox 1791 5050 1921 5090; x_wconf 82' lang='lat' dir='ltr'><strong>con-</strong></span> 
     </span>
    </p>
   </div>
   <div class='ocr_carea' id='block_1_98' title="bbox 334 5106 1923 5178">
    <p class='ocr_par' dir='ltr' id='par_1_98' title="bbox 334 5106 1923 5178">
     <span class='ocr_line' id='line_1_98' title="bbox 334 5106 1923 5178; baseline -0.003 -15"><span class='ocrx_word' id='word_1_748' title='bbox 334 5121 480 5164; x_wconf 88' lang='lat' dir='ltr'><strong>stare</strong></span> <span class='ocrx_word' id='word_1_749' title='bbox 504 5108 890 5178; x_wconf 84' lang='lat' dir='ltr'><strong>Hieronymum</strong></span> <span class='ocrx_word' id='word_1_750' title='bbox 913 5106 1101 5158; x_wconf 87' lang='lat' dir='ltr'><strong>credas</strong></span> <span class='ocrx_word' id='word_1_751' title='bbox 1113 5146 1126 5168; x_wconf 89' lang='lat'><strong>,</strong></span> <span class='ocrx_word' id='word_1_752' title='bbox 1148 5115 1205 5159; x_wconf 89' lang='lat' dir='ltr'><strong>ttt</strong></span> <span class='ocrx_word' id='word_1_753' title='bbox 1220 5108 1702 5178; x_wconf 54' lang='lat' dir='ltr'><strong>eoilenrversiculo</strong></span> <span class='ocrx_word' id='word_1_754' title='bbox 1715 5120 1765 5162; x_wconf 90' lang='lat' dir='ltr'><strong>ut</strong></span> <span class='ocrx_word' id='word_1_755' title='bbox 1777 5123 1893 5159; x_wconf 90' lang='lat' dir='ltr'><strong>rum</strong></span> <span class='ocrx_word' id='word_1_756' title='bbox 1907 5135 1923 5148; x_wconf 77' lang='grc' dir='ltr'><strong>ο</strong></span> 
     </span>
    </p>
   </div>
   <div class='ocr_carea' id='block_1_99' title="bbox 334 5177 1921 5252">
    <p class='ocr_par' dir='ltr' id='par_1_99' title="bbox 334 5177 1921 5252">
     <span class='ocr_line' id='line_1_99' title="bbox 334 5177 1921 5252; baseline -0.004 -16"><span class='ocrx_word' id='word_1_757' title='bbox 334 5198 440 5252; x_wconf 90' lang='lat' dir='ltr'><strong>que</strong></span> <span class='ocrx_word' id='word_1_758' title='bbox 483 5191 668 5252; x_wconf 8' lang='lat' dir='ltr'><strong>genus,</strong></span> <span class='ocrx_word' id='word_1_759' title='bbox 696 5177 1012 5247; x_wconf 71' lang='lat' dir='ltr'><strong>usurparit:</strong></span> <span class='ocrx_word' id='word_1_760' title='bbox 1056 5185 1220 5252; x_wconf 74' lang='lat' dir='ltr'><strong>atque</strong></span> <span class='ocrx_word' id='word_1_761' title='bbox 1262 5178 1350 5252; x_wconf 79' lang='lat' dir='ltr'><strong>hic</strong></span> <span class='ocrx_word' id='word_1_762' title='bbox 1381 5177 1570 5252; x_wconf 78' lang='lat' dir='ltr'><strong>chernb</strong></span> <span class='ocrx_word' id='word_1_763' title='bbox 1605 5180 1921 5252; x_wconf 74' lang='lat' dir='ltr'><strong>secundum,</strong></span> 
     </span>
    </p>
   </div>
   <div class='ocr_carea' id='block_1_100' title="bbox 336 5249 1926 5314">
    <p class='ocr_par' dir='ltr' id='par_1_100' title="bbox 336 5249 1926 5314">
     <span class='ocr_line' id='line_1_100' title="bbox 336 5249 1926 5314; baseline -0.002 -8"><span class='ocrx_word' id='word_1_764' title='bbox 336 5249 462 5307; x_wconf 79' lang='lat' dir='ltr'><strong>mox</strong></span> <span class='ocrx_word' id='word_1_765' title='bbox 491 5251 680 5303; x_wconf 77' lang='lat' dir='ltr'><strong>cherub</strong></span> <span class='ocrx_word' id='word_1_766' title='bbox 710 5255 842 5303; x_wconf 79' lang='lat' dir='ltr'><strong>unus</strong></span> <span class='ocrx_word' id='word_1_767' title='bbox 868 5257 923 5302; x_wconf 84' lang='lat' dir='ltr'><strong>et</strong></span> <span class='ocrx_word' id='word_1_768' title='bbox 951 5249 1211 5302; x_wconf 77' lang='lat' dir='ltr'><strong>secundus</strong></span> <span class='ocrx_word' id='word_1_769' title='bbox 1243 5250 1460 5304; x_wconf 83' lang='lat' dir='ltr'><strong>dixerit.</strong></span> <span class='ocrx_word' id='word_1_770' title='bbox 1493 5251 1716 5304; x_wconf 77' lang='lat' dir='ltr'><strong>Rectius</strong></span> <span class='ocrx_word' id='word_1_771' title='bbox 1746 5250 1926 5314; x_wconf 76' lang='lat' dir='ltr'><strong>itaque</strong></span> 
     </span>
    </p>
   </div>
   <div class='ocr_carea' id='block_1_101' title="bbox 337 5320 1924 5391">
    <p class='ocr_par' dir='ltr' id='par_1_101' title="bbox 337 5320 1924 5391">
     <span class='ocr_line' id='line_1_101' title="bbox 337 5320 1924 5391; baseline -0.003 -13"><span class='ocrx_word' id='word_1_772' title='bbox 337 5324 498 5378; x_wconf 80' lang='lat' dir='ltr'><strong>habet</strong></span> <span class='ocrx_word' id='word_1_773' title='bbox 526 5322 822 5376; x_wconf 77' lang='lat' dir='ltr'><strong>Veroneus.</strong></span> <span class='ocrx_word' id='word_1_774' title='bbox 859 5335 960 5375; x_wconf 88' lang='lat' dir='ltr'><strong>ms.</strong></span> <span class='ocrx_word' id='word_1_775' title='bbox 1003 5320 1086 5372; x_wconf 83' lang='lat' dir='ltr'><strong>hic</strong></span> <span class='ocrx_word' id='word_1_776' title='bbox 1110 5333 1328 5391; x_wconf 85' lang='lat' dir='ltr'><strong>quoque</strong></span> <span class='ocrx_word' id='word_1_777' title='bbox 1351 5321 1632 5389; x_wconf 84' lang='lat' dir='ltr'><strong>secundus,</strong></span> <span class='ocrx_word' id='word_1_778' title='bbox 1667 5320 1924 5388; x_wconf 63' lang='lat' dir='ltr'><strong>Quidquid</strong></span> 
     </span>
    </p>
   </div>
   <div class='ocr_carea' id='block_1_102' title="bbox 339 5391 948 5449">
    <p class='ocr_par' dir='ltr' id='par_1_102' title="bbox 339 5391 948 5449">
     <span class='ocr_line' id='line_1_102' title="bbox 339 5391 948 5449; baseline 0.007 -7"><span class='ocrx_word' id='word_1_779' title='bbox 339 5394 654 5449; x_wconf 70' lang='lat' dir='ltr'><strong>Martianreo</strong></span> <span class='ocrx_word' id='word_1_780' title='bbox 680 5391 948 5447; x_wconf 88' lang='lat' dir='ltr'><strong>videatur.</strong></span> 
     </span>
    </p>
   </div>
   <div class='ocr_carea' id='block_1_103' title="bbox 412 5462 1929 5538">
    <p class='ocr_par' dir='ltr' id='par_1_103' title="bbox 412 5462 1929 5538">
     <span class='ocr_line' id='line_1_103' title="bbox 412 5462 1929 5538; baseline -0.003 -21"><span class='ocrx_word' id='word_1_781' title='bbox 412 5464 437 5502; x_wconf 72' lang='grc' dir='ltr'><strong>ιι</strong></span> <span class='ocrx_word' id='word_1_782' title='bbox 465 5463 790 5538; x_wconf 61' lang='lat' dir='ltr'><strong>Constanter</strong></span> <span class='ocrx_word' id='word_1_783' title='bbox 815 5467 1099 5538; x_wconf 83' lang='lat' dir='ltr'><strong>prosculpo</strong></span> <span class='ocrx_word' id='word_1_784' title='bbox 1123 5464 1284 5518; x_wconf 87' lang='lat' dir='ltr'><strong>habet</strong></span> <span class='ocrx_word' id='word_1_785' title='bbox 1303 5462 1600 5538; x_wconf 75' lang='lat' dir='ltr'><strong>Veronens.</strong></span> <span class='ocrx_word' id='word_1_786' title='bbox 1620 5463 1929 5538; x_wconf 69' lang='lat' dir='ltr'><strong>ms.sralpo,</strong></span> 
     </span>
    </p>
   </div>
   <div class='ocr_carea' id='block_1_104' title="bbox 339 5533 1925 5606">
    <p class='ocr_par' dir='ltr' id='par_1_104' title="bbox 339 5533 1925 5606">
     <span class='ocr_line' id='line_1_104' title="bbox 339 5533 1925 5606; baseline -0.002 -18"><span class='ocrx_word' id='word_1_787' title='bbox 339 5535 482 5606; x_wconf 87' lang='lat' dir='ltr'><strong>quod</strong></span> <span class='ocrx_word' id='word_1_788' title='bbox 502 5545 596 5590; x_wconf 71' lang='lat' dir='ltr'><strong>est</strong></span> <span class='ocrx_word' id='word_1_789' title='bbox 621 5538 836 5604; x_wconf 86' lang='lat' dir='ltr'><strong>quidem</strong></span> <span class='ocrx_word' id='word_1_790' title='bbox 869 5533 1190 5606; x_wconf 59' lang='lat' dir='ltr'><strong>elegantius,</strong></span> <span class='ocrx_word' id='word_1_791' title='bbox 1222 5549 1343 5588; x_wconf 88' lang='lat' dir='ltr'><strong>nam</strong></span> <span class='ocrx_word' id='word_1_792' title='bbox 1388 5533 1522 5606; x_wconf 86' lang='lat' dir='ltr'><strong>illud</strong></span> <span class='ocrx_word' id='word_1_793' title='bbox 1553 5533 1925 5605; x_wconf 74' lang='lat' dir='ltr'><strong>grammatici,</strong></span> 
     </span>
    </p>
   </div>
   <div class='ocr_carea' id='block_1_105' title="bbox 342 5605 1654 5679">
    <p class='ocr_par' dir='ltr' id='par_1_105' title="bbox 342 5605 1654 5679">
     <span class='ocr_line' id='line_1_105' title="bbox 342 5605 1654 5679; baseline 0 -21"><span class='ocrx_word' id='word_1_794' title='bbox 342 5605 479 5679; x_wconf 84' lang='lat' dir='ltr'><strong>quos</strong></span> <span class='ocrx_word' id='word_1_795' title='bbox 503 5608 644 5679; x_wconf 67' lang='lat' dir='ltr'><strong>inter</strong></span> <span class='ocrx_word' id='word_1_796' title='bbox 673 5605 982 5669; x_wconf 65' lang='lat' dir='ltr'><strong>Diomedes,</strong></span> <span class='ocrx_word' id='word_1_797' title='bbox 1013 5618 1209 5679; x_wconf 75' lang='lat' dir='ltr'><strong>negant</strong></span> <span class='ocrx_word' id='word_1_798' title='bbox 1231 5619 1351 5679; x_wconf 76' lang='lat' dir='ltr'><strong>esse</strong></span> <span class='ocrx_word' id='word_1_799' title='bbox 1380 5605 1654 5679; x_wconf 68' lang='lat' dir='ltr'><strong>Latinum.</strong></span> 
     </span>
    </p>
   </div>
   <div class='ocr_carea' id='block_1_106' title="bbox 415 5674 1934 5748">
    <p class='ocr_par' dir='ltr' id='par_1_106' title="bbox 415 5674 1934 5748">
     <span class='ocr_line' id='line_1_106' title="bbox 415 5674 1934 5748; baseline -0.001 -16"><span class='ocrx_word' id='word_1_800' title='bbox 415 5691 437 5716; x_wconf 70' lang='grc' dir='ltr'>ε</span> <span class='ocrx_word' id='word_1_801' title='bbox 465 5677 520 5732; x_wconf 93' lang='lat' dir='ltr'><strong>ln</strong></span> <span class='ocrx_word' id='word_1_802' title='bbox 553 5677 775 5732; x_wconf 77' lang='lat' dir='ltr'><strong>Cannne</strong></span> <span class='ocrx_word' id='word_1_803' title='bbox 805 5692 957 5732; x_wconf 89' lang='lat' dir='ltr'><strong>erasa</strong></span> <span class='ocrx_word' id='word_1_804' title='bbox 976 5674 1107 5734; x_wconf 74' lang='lat' dir='ltr'><strong>sunt</strong></span> <span class='ocrx_word' id='word_1_805' title='bbox 1133 5687 1180 5732; x_wconf 86' lang='lat' dir='ltr'><strong>et</strong></span> <span class='ocrx_word' id='word_1_806' title='bbox 1208 5678 1327 5748; x_wconf 78' lang='lat' dir='ltr'><strong>fecit</strong></span> <span class='ocrx_word' id='word_1_807' title='bbox 1360 5681 1411 5730; x_wconf 83' lang='lat' dir='ltr'><strong>in</strong></span> <span class='ocrx_word' id='word_1_808' title='bbox 1436 5676 1532 5744; x_wconf 82' lang='lat' dir='ltr'><strong>eis,</strong></span> <span class='ocrx_word' id='word_1_809' title='bbox 1565 5677 1686 5746; x_wconf 89' lang='lat' dir='ltr'><strong>quia</strong></span> <span class='ocrx_word' id='word_1_810' title='bbox 1721 5691 1828 5730; x_wconf 84' lang='lat' dir='ltr'><strong>non</strong></span> <span class='ocrx_word' id='word_1_811' title='bbox 1855 5674 1934 5731; x_wconf 83' lang='lat' dir='ltr'><strong>lc-</strong></span> 
     </span>
    </p>
   </div>
   <div class='ocr_carea' id='block_1_107' title="bbox 342 5748 1928 5820">
    <p class='ocr_par' dir='ltr' id='par_1_107' title="bbox 342 5748 1928 5820">
     <span class='ocr_line' id='line_1_107' title="bbox 342 5748 1928 5820; baseline -0.001 -19"><span class='ocrx_word' id='word_1_812' title='bbox 342 5758 546 5820; x_wconf 67' lang='lat' dir='ltr'><strong>guntur</strong></span> <span class='ocrx_word' id='word_1_813' title='bbox 574 5749 627 5803; x_wconf 89' lang='lat' dir='ltr'><strong>iu</strong></span> <span class='ocrx_word' id='word_1_814' title='bbox 659 5749 887 5803; x_wconf 63' lang='lat' dir='ltr'><strong>Heln-(co</strong></span> <span class='ocrx_word' id='word_1_815' title='bbox 918 5769 930 5804; x_wconf 89' lang='lat'><strong>:</strong></span> <span class='ocrx_word' id='word_1_816' title='bbox 961 5761 1176 5805; x_wconf 76' lang='lat' dir='ltr'><strong>exstant</strong></span> <span class='ocrx_word' id='word_1_817' title='bbox 1205 5760 1381 5803; x_wconf 80' lang='lat' dir='ltr'><strong>tamen</strong></span> <span class='ocrx_word' id='word_1_818' title='bbox 1427 5750 1477 5801; x_wconf 88' lang='lat' dir='ltr'><strong>itt</strong></span> <span class='ocrx_word' id='word_1_819' title='bbox 1527 5762 1665 5820; x_wconf 79' lang='lat' dir='ltr'><strong>mss</strong></span> <span class='ocrx_word' id='word_1_820' title='bbox 1705 5748 1928 5802; x_wconf 77' lang='lat' dir='ltr'><strong>Latinis.</strong></span> 
     </span>
    </p>
   </div>
   <div class='ocr_carea' id='block_1_108' title="bbox 344 5817 1930 5889">
    <p class='ocr_par' dir='ltr' id='par_1_108' title="bbox 344 5817 1930 5889">
     <span class='ocr_line' id='line_1_108' title="bbox 344 5817 1930 5889; baseline -0.003 -14"><span class='ocrx_word' id='word_1_821' title='bbox 344 5817 424 5875; x_wconf 73' lang='lat' dir='ltr'><strong>De</strong></span> <span class='ocrx_word' id='word_1_822' title='bbox 463 5821 710 5889; x_wconf 82' lang='lat' dir='ltr'><strong>sequenti</strong></span> <span class='ocrx_word' id='word_1_823' title='bbox 745 5821 912 5873; x_wconf 83' lang='lat' dir='ltr'><strong>verbo</strong></span> <span class='ocrx_word' id='word_1_824' title='bbox 944 5819 1221 5876; x_wconf 72' lang='lat' dir='ltr'><strong>Cherubin:</strong></span> <span class='ocrx_word' id='word_1_825' title='bbox 1268 5820 1510 5889; x_wconf 80' lang='lat' dir='ltr'><strong>notanda</strong></span> <span class='ocrx_word' id='word_1_826' title='bbox 1548 5819 1766 5873; x_wconf 81' lang='lat' dir='ltr'><strong>veniunt</strong></span> <span class='ocrx_word' id='word_1_827' title='bbox 1811 5835 1930 5889; x_wconf 71' lang='lat' dir='ltr'><strong>qua:</strong></span> 
     </span>
    </p>
   </div>
   <div class='ocr_carea' id='block_1_109' title="bbox 345 5887 1928 5962">
    <p class='ocr_par' dir='ltr' id='par_1_109' title="bbox 345 5887 1928 5962">
     <span class='ocr_line' id='line_1_109' title="bbox 345 5887 1928 5962; baseline -0.003 -15"><span class='ocrx_word' id='word_1_828' title='bbox 345 5887 598 5961; x_wconf 68' lang='lat' dir='ltr'><strong>leguntur</strong></span> <span class='ocrx_word' id='word_1_829' title='bbox 629 5889 764 5960; x_wconf 89' lang='lat' dir='ltr'><strong>apud</strong></span> <span class='ocrx_word' id='word_1_830' title='bbox 787 5892 1174 5962; x_wconf 80' lang='lat' dir='ltr'><strong>llieronymtn&#39;n</strong></span> <span class='ocrx_word' id='word_1_831' title='bbox 1207 5893 1432 5962; x_wconf 83' lang='lat' dir='ltr'><strong>cpistola</strong></span> <span class='ocrx_word' id='word_1_832' title='bbox 1463 5887 1581 5956; x_wconf 74' lang='grc'><strong>1511,</strong></span> <span class='ocrx_word' id='word_1_833' title='bbox 1608 5891 1672 5943; x_wconf 88' lang='lat' dir='ltr'><strong>ad</strong></span> <span class='ocrx_word' id='word_1_834' title='bbox 1705 5887 1928 5944; x_wconf 69' lang='lat' dir='ltr'><strong>Marcel-</strong></span> 
     </span>
    </p>
   </div>
   <div class='ocr_carea' id='block_1_110' title="bbox 1741 6096 1762 6120">
    <p class='ocr_par' dir='ltr' id='par_1_110' title="bbox 1741 6096 1762 6120">
     <span class='ocr_line' id='line_1_110' title="bbox 1741 6096 1762 6120; baseline 0 0"><span class='ocrx_word' id='word_1_835' title='bbox 1741 6096 1762 6120; x_wconf 65' lang='grc' dir='ltr'>Ο</span> 
     </span>
    </p>
   </div>
   <div class='ocr_carea' id='block_1_111' title="bbox 2025 4891 3613 4967">
    <p class='ocr_par' dir='ltr' id='par_1_111' title="bbox 2025 4891 3613 4967">
     <span class='ocr_line' id='line_1_111' title="bbox 2025 4891 3613 4967; baseline 0.004 -20"><span class='ocrx_word' id='word_1_836' title='bbox 2025 4904 2111 4947; x_wconf 85' lang='lat' dir='ltr'><strong>tur</strong></span> <span class='ocrx_word' id='word_1_837' title='bbox 2141 4903 2298 4967; x_wconf 76' lang='lat' dir='ltr'><strong>restes</strong></span> <span class='ocrx_word' id='word_1_838' title='bbox 2339 4891 2598 4964; x_wconf 71' lang='lat' dir='ltr'><strong>plantaria</strong></span> <span class='ocrx_word' id='word_1_839' title='bbox 2620 4903 2753 4967; x_wconf 68' lang='lat' dir='ltr'><strong>orte</strong></span> <span class='ocrx_word' id='word_1_840' title='bbox 2779 4904 3050 4958; x_wconf 60' lang='lat' dir='ltr'><strong>contexta,</strong></span> <span class='ocrx_word' id='word_1_841' title='bbox 3081 4913 3206 4967; x_wconf 85' lang='lat' dir='ltr'><strong>opus</strong></span> <span class='ocrx_word' id='word_1_842' title='bbox 3234 4897 3528 4964; x_wconf 79' lang='lat' dir='ltr'><strong>Cherubim,</strong></span> <span class='ocrx_word' id='word_1_843' title='bbox 3558 4901 3613 4954; x_wconf 84' lang='lat' dir='ltr'><strong>id</strong></span> 
     </span>
    </p>
   </div>
   <div class='ocr_carea' id='block_1_112' title="bbox 2026 4964 3615 5036">
    <p class='ocr_par' dir='ltr' id='par_1_112' title="bbox 2026 4964 3615 5036">
     <span class='ocr_line' id='line_1_112' title="bbox 2026 4964 3615 5036; baseline 0.004 -18"><span class='ocrx_word' id='word_1_844' title='bbox 2026 4974 2122 5030; x_wconf 83' lang='lat' dir='ltr'><strong>est,</strong></span> <span class='ocrx_word' id='word_1_845' title='bbox 2157 4965 2380 5028; x_wconf 79' lang='lat' dir='ltr'><strong>varium,</strong></span> <span class='ocrx_word' id='word_1_846' title='bbox 2413 4976 2566 5036; x_wconf 81' lang='lat' dir='ltr'><strong>atque</strong></span> <span class='ocrx_word' id='word_1_847' title='bbox 2595 4964 2857 5036; x_wconf 77' lang='lat' dir='ltr'><strong>depictum</strong></span> <span class='ocrx_word' id='word_1_848' title='bbox 2888 4983 2994 5020; x_wconf 81' lang='lat' dir='ltr'><strong>esse</strong></span> <span class='ocrx_word' id='word_1_849' title='bbox 3025 4964 3218 5035; x_wconf 71' lang='lat' dir='ltr'><strong>factum</strong></span> <span class='ocrx_word' id='word_1_850' title='bbox 3263 4969 3568 5026; x_wconf 79' lang='lat' dir='ltr'><strong>describitur</strong></span> <span class='ocrx_word' id='word_1_851' title='bbox 3599 4990 3615 5024; x_wconf 89' lang='lat'><em>:</em></span> 
     </span>
    </p>
   </div>
   <div class='ocr_carea' id='block_1_113' title="bbox 2025 5035 3617 5114">
    <p class='ocr_par' dir='ltr' id='par_1_113' title="bbox 2025 5035 3617 5114">
     <span class='ocr_line' id='line_1_113' title="bbox 2025 5035 3617 5114; baseline 0.006 -27"><span class='ocrx_word' id='word_1_852' title='bbox 2025 5036 2297 5114; x_wconf 57' lang='lat' dir='ltr'><strong>ildtinnen</strong></span> <span class='ocrx_word' id='word_1_853' title='bbox 2326 5046 2374 5087; x_wconf 82' lang='lat' dir='ltr'><strong>ut</strong></span> <span class='ocrx_word' id='word_1_854' title='bbox 2406 5035 2508 5089; x_wconf 65' lang='grc' dir='ltr'>ω</span> <span class='ocrx_word' id='word_1_855' title='bbox 2534 5035 2760 5114; x_wconf 56' lang='lat' dir='ltr'><strong>[illecum</strong></span> <span class='ocrx_word' id='word_1_856' title='bbox 2789 5035 3062 5114; x_wconf 75' lang='lat' dir='ltr'><strong>Clterubim</strong></span> <span class='ocrx_word' id='word_1_857' title='bbox 3089 5054 3191 5092; x_wconf 85' lang='lat' dir='ltr'><strong>non</strong></span> <span class='ocrx_word' id='word_1_858' title='bbox 3238 5040 3419 5114; x_wconf 71' lang='lat' dir='ltr'><strong>habeat</strong></span> <span class='ocrx_word' id='word_1_859' title='bbox 3447 5060 3463 5095; x_wconf 92' lang='lat'><strong><em>:</em></strong></span> <span class='ocrx_word' id='word_1_860' title='bbox 3494 5048 3617 5114; x_wconf 78' lang='lat' dir='ltr'><strong>quia</strong></span> 
     </span>
    </p>
   </div>
   <div class='ocr_carea' id='block_1_114' title="bbox 2029 5105 3618 5186">
    <p class='ocr_par' dir='ltr' id='par_1_114' title="bbox 2029 5105 3618 5186">
     <span class='ocr_line' id='line_1_114' title="bbox 2029 5105 3618 5186; baseline 0.006 -28"><span class='ocrx_word' id='word_1_861' title='bbox 2029 5107 2336 5178; x_wconf 74' lang='lat' dir='ltr'><strong>ubicumque</strong></span> <span class='ocrx_word' id='word_1_862' title='bbox 2377 5109 2620 5186; x_wconf 52' lang='lat' dir='ltr'><strong>cum/iac</strong></span> <span class='ocrx_word' id='word_1_863' title='bbox 2659 5105 2831 5186; x_wconf 57' lang='lat' dir='ltr'><strong>littera</strong></span> <span class='ocrx_word' id='word_1_864' title='bbox 2861 5109 3120 5176; x_wconf 75' lang='lat' dir='ltr'><strong>scribitur,</strong></span> <span class='ocrx_word' id='word_1_865' title='bbox 3165 5112 3414 5164; x_wconf 76' lang='lat' dir='ltr'><strong>animalia</strong></span> <span class='ocrx_word' id='word_1_866' title='bbox 3456 5105 3618 5186; x_wconf 67' lang='lat' dir='ltr'><strong>&quot;iugis</strong></span> 
     </span>
    </p>
   </div>
   <div class='ocr_carea' id='block_1_115' title="bbox 2028 5177 3622 5250">
    <p class='ocr_par' dir='ltr' id='par_1_115' title="bbox 2028 5177 3622 5250">
     <span class='ocr_line' id='line_1_115' title="bbox 2028 5177 3622 5250; baseline 0.007 -23"><span class='ocrx_word' id='word_1_867' title='bbox 2028 5195 2181 5247; x_wconf 80' lang='lat' dir='ltr'><strong>quam</strong></span> <span class='ocrx_word' id='word_1_868' title='bbox 2214 5194 2367 5250; x_wconf 70' lang='lat' dir='ltr'><strong>opera</strong></span> <span class='ocrx_word' id='word_1_869' title='bbox 2389 5179 2673 5250; x_wconf 62' lang='lat' dir='ltr'><strong>signiﬁcat.</strong></span> <span class='ocrx_word' id='word_1_870' title='bbox 2704 5177 2758 5232; x_wconf 85' lang='lat' dir='ltr'><strong>id</strong></span> <span class='ocrx_word' id='word_1_871' title='bbox 2793 5195 2974 5232; x_wconf 86' lang='lat' dir='ltr'><strong>verum</strong></span> <span class='ocrx_word' id='word_1_872' title='bbox 3006 5196 3126 5233; x_wconf 70' lang='lat' dir='ltr'><strong>esse</strong></span> <span class='ocrx_word' id='word_1_873' title='bbox 3153 5184 3516 5249; x_wconf 79' lang='lat' dir='ltr'><strong>eotttpet‘ittttts</strong></span> <span class='ocrx_word' id='word_1_874' title='bbox 3541 5177 3622 5241; x_wconf 80' lang='lat' dir='ltr'><strong>in-</strong></span> 
     </span>
    </p>
   </div>
   <div class='ocr_carea' id='block_1_116' title="bbox 2031 5247 3619 5322">
    <p class='ocr_par' dir='ltr' id='par_1_116' title="bbox 2031 5247 3619 5322">
     <span class='ocr_line' id='line_1_116' title="bbox 2031 5247 3619 5322; baseline 0.005 -19"><span class='ocrx_word' id='word_1_875' title='bbox 2031 5247 2546 5322; x_wconf 34' lang='lat' dir='ltr'><strong>Spectis&#39;diligenter</strong></span> <span class='ocrx_word' id='word_1_876' title='bbox 2571 5248 2923 5322; x_wconf 71' lang='lat' dir='ltr'><strong>Hebraeorum</strong></span> <span class='ocrx_word' id='word_1_877' title='bbox 2947 5247 3309 5306; x_wconf 73' lang='lat' dir='ltr'><strong>voluminibus</strong></span> <span class='ocrx_word' id='word_1_878' title='bbox 3352 5258 3512 5322; x_wconf 62' lang='lat' dir='ltr'><strong>editis</strong></span> <span class='ocrx_word' id='word_1_879' title='bbox 3557 5277 3619 5311; x_wconf 78' lang='lat' dir='ltr'><strong>ae.</strong></span> 
     </span>
    </p>
   </div>
   <div class='ocr_carea' id='block_1_117' title="bbox 2037 5317 3616 5398">
    <p class='ocr_par' dir='ltr' id='par_1_117' title="bbox 2037 5317 3616 5398">
     <span class='ocr_line' id='line_1_117' title="bbox 2037 5317 3616 5398; baseline 0.008 -26"><span class='ocrx_word' id='word_1_880' title='bbox 2037 5317 2416 5398; x_wconf 75' lang='lat' dir='ltr'><strong>manuscriptis</strong></span> <span class='ocrx_word' id='word_1_881' title='bbox 2448 5334 2568 5389; x_wconf 89' lang='lat' dir='ltr'><strong>cap.</strong></span> <span class='ocrx_word' id='word_1_882' title='bbox 2607 5335 2726 5398; x_wconf 75' lang='lat' dir='ltr'><strong>xxvi</strong></span> <span class='ocrx_word' id='word_1_883' title='bbox 2760 5317 2929 5398; x_wconf 69' lang='lat' dir='ltr'><strong>hxodi</strong></span> <span class='ocrx_word' id='word_1_884' title='bbox 2971 5333 3025 5376; x_wconf 87' lang='lat' dir='ltr'><strong>et</strong></span> <span class='ocrx_word' id='word_1_885' title='bbox 3059 5323 3358 5398; x_wconf 63' lang='lat' dir='ltr'><strong>Ezechielis</strong></span> <span class='ocrx_word' id='word_1_886' title='bbox 3398 5317 3518 5398; x_wconf 77' lang='lat' dir='ltr'><strong>cap.</strong></span> <span class='ocrx_word' id='word_1_887' title='bbox 3549 5347 3578 5384; x_wconf 83' lang='lat' dir='ltr'><strong>x</strong></span> <span class='ocrx_word' id='word_1_888' title='bbox 3603 5374 3616 5389; x_wconf 89' lang='lat'><strong>.</strong></span> 
     </span>
    </p>
   </div>
   <div class='ocr_carea' id='block_1_118' title="bbox 2037 5392 3623 5463">
    <p class='ocr_par' dir='ltr' id='par_1_118' title="bbox 2037 5392 3623 5463">
     <span class='ocr_line' id='line_1_118' title="bbox 2037 5392 3623 5463; baseline 0.009 -21"><span class='ocrx_word' id='word_1_889' title='bbox 2037 5393 2123 5463; x_wconf 86' lang='lat' dir='ltr'><strong>ubi</strong></span> <span class='ocrx_word' id='word_1_890' title='bbox 2153 5401 2448 5463; x_wconf 83' lang='lat' dir='ltr'><strong>occurrunt</strong></span> <span class='ocrx_word' id='word_1_891' title='bbox 2478 5392 2750 5463; x_wconf 65' lang='lat' dir='ltr'><strong>imitnullau</strong></span> <span class='ocrx_word' id='word_1_892' title='bbox 2783 5395 3058 5448; x_wconf 84' lang='lat' dir='ltr'><strong>variantes</strong></span> <span class='ocrx_word' id='word_1_893' title='bbox 3103 5395 3386 5463; x_wconf 85' lang='lat' dir='ltr'><strong>lectiones,</strong></span> <span class='ocrx_word' id='word_1_894' title='bbox 3418 5392 3510 5455; x_wconf 80' lang='lat' dir='ltr'><strong>sed</strong></span> <span class='ocrx_word' id='word_1_895' title='bbox 3547 5404 3623 5455; x_wconf 81' lang='lat' dir='ltr'><strong>le-</strong></span> 
     </span>
    </p>
   </div>
   <div class='ocr_carea' id='block_1_119' title="bbox 2037 5461 2753 5516">
    <p class='ocr_par' dir='ltr' id='par_1_119' title="bbox 2037 5461 2753 5516">
     <span class='ocr_line' id='line_1_119' title="bbox 2037 5461 2753 5516; baseline 0.004 -3"><span class='ocrx_word' id='word_1_896' title='bbox 2037 5461 2243 5516; x_wconf 83' lang='lat' dir='ltr'><strong>viSsimi</strong></span> <span class='ocrx_word' id='word_1_897' title='bbox 2269 5461 2552 5516; x_wconf 78' lang='lat' dir='ltr'><strong>tnumenti.</strong></span> <span class='ocrx_word' id='word_1_898' title='bbox 2578 5461 2753 5516; x_wconf 64' lang='lat' dir='ltr'><strong>Mser.</strong></span> 
     </span>
    </p>
   </div>
   <div class='ocr_carea' id='block_1_120' title="bbox 2109 5531 3626 5598">
    <p class='ocr_par' dir='ltr' id='par_1_120' title="bbox 2109 5531 3626 5598">
     <span class='ocr_line' id='line_1_120' title="bbox 2109 5531 3626 5598; baseline 0.009 -13"><span class='ocrx_word' id='word_1_899' title='bbox 2109 5531 2134 5570; x_wconf 71' lang='grc' dir='ltr'>ἀ</span> <span class='ocrx_word' id='word_1_900' title='bbox 2187 5533 2423 5586; x_wconf 84' lang='lat' dir='ltr'><strong>Piuriutn</strong></span> <span class='ocrx_word' id='word_1_901' title='bbox 2469 5549 2691 5587; x_wconf 90' lang='lat' dir='ltr'><strong>numero</strong></span> <span class='ocrx_word' id='word_1_902' title='bbox 2734 5532 2900 5588; x_wconf 81' lang='lat' dir='ltr'><strong>habet</strong></span> <span class='ocrx_word' id='word_1_903' title='bbox 2923 5534 3221 5594; x_wconf 80' lang='lat' dir='ltr'><strong>Verntteus.</strong></span> <span class='ocrx_word' id='word_1_904' title='bbox 3265 5557 3366 5594; x_wconf 83' lang='lat' dir='ltr'><strong>ms.</strong></span> <span class='ocrx_word' id='word_1_905' title='bbox 3403 5552 3626 5598; x_wconf 75' lang='lat' dir='ltr'><strong>tenentes</strong></span> 
     </span>
    </p>
   </div>
   <div class='ocr_carea' id='block_1_121' title="bbox 2037 5603 2870 5676">
    <p class='ocr_par' dir='ltr' id='par_1_121' title="bbox 2037 5603 2870 5676">
     <span class='ocr_line' id='line_1_121' title="bbox 2037 5603 2870 5676; baseline 0.004 -21"><span class='ocrx_word' id='word_1_906' title='bbox 2037 5603 2418 5676; x_wconf 65' lang='lat' dir='ltr'><strong>aperiebantur,</strong></span> <span class='ocrx_word' id='word_1_907' title='bbox 2451 5603 2654 5676; x_wconf 83' lang='lat' dir='ltr'><strong>scilicet</strong></span> <span class='ocrx_word' id='word_1_908' title='bbox 2682 5615 2870 5676; x_wconf 83' lang='lat' dir='ltr'><strong>postes.</strong></span> 
     </span>
    </p>
   </div>
   <div class='ocr_carea' id='block_1_122' title="bbox 2116 5673 3625 5750">
    <p class='ocr_par' dir='ltr' id='par_1_122' title="bbox 2116 5673 3625 5750">
     <span class='ocr_line' id='line_1_122' title="bbox 2116 5673 3625 5750; baseline 0.007 -23"><span class='ocrx_word' id='word_1_909' title='bbox 2116 5685 2138 5750; x_wconf 61' lang='grc' dir='ltr'><strong>ξ’</strong></span> <span class='ocrx_word' id='word_1_910' title='bbox 2171 5673 2372 5750; x_wconf 74' lang='lat' dir='ltr'><strong>Regius</strong></span> <span class='ocrx_word' id='word_1_911' title='bbox 2402 5673 2710 5750; x_wconf 80' lang='lat' dir='ltr'><strong>codex_ms.</strong></span> <span class='ocrx_word' id='word_1_912' title='bbox 2745 5687 2800 5731; x_wconf 84' lang='lat' dir='ltr'><strong>et</strong></span> <span class='ocrx_word' id='word_1_913' title='bbox 2829 5676 3013 5733; x_wconf 79' lang='lat' dir='ltr'><strong>Cation</strong></span> <span class='ocrx_word' id='word_1_914' title='bbox 3045 5679 3178 5736; x_wconf 78' lang='lat' dir='ltr'><strong>Heli.</strong></span> <span class='ocrx_word' id='word_1_915' title='bbox 3223 5685 3498 5749; x_wconf 74' lang='lat' dir='ltr'><strong>veritatis,</strong></span> <span class='ocrx_word' id='word_1_916' title='bbox 3543 5689 3625 5750; x_wconf 55' lang='lat' dir='ltr'><strong>lu.</strong></span> 
     </span>
    </p>
   </div>
   <div class='ocr_carea' id='block_1_123' title="bbox 2039 5745 3620 5812">
    <p class='ocr_par' dir='ltr' id='par_1_123' title="bbox 2039 5745 3620 5812">
     <span class='ocr_line' id='line_1_123' title="bbox 2039 5745 3620 5812; baseline 0.006 -13"><span class='ocrx_word' id='word_1_917' title='bbox 2039 5745 2124 5799; x_wconf 80' lang='lat' dir='ltr'><strong>sili</strong></span> <span class='ocrx_word' id='word_1_918' title='bbox 2145 5745 2271 5802; x_wconf 30' lang='lat' dir='ltr'><strong>wre.’</strong></span> <span class='ocrx_word' id='word_1_919' title='bbox 2299 5747 2546 5802; x_wconf 67' lang='lat' dir='ltr'><strong>Manr.—</strong></span> <span class='ocrx_word' id='word_1_920' title='bbox 2573 5745 2764 5804; x_wconf 84' lang='lat' dir='ltr'><strong>Fertne</strong></span> <span class='ocrx_word' id='word_1_921' title='bbox 2790 5763 2910 5804; x_wconf 88' lang='lat' dir='ltr'><strong>cum</strong></span> <span class='ocrx_word' id='word_1_922' title='bbox 2941 5753 3233 5810; x_wconf 65' lang='lat' dir='ltr'><strong>liartiausei</strong></span> <span class='ocrx_word' id='word_1_923' title='bbox 3265 5745 3495 5812; x_wconf 76' lang='lat' dir='ltr'><strong>Cauoue</strong></span> <span class='ocrx_word' id='word_1_924' title='bbox 3518 5745 3620 5810; x_wconf 76' lang='lat' dir='ltr'><strong>Ve-</strong></span> 
     </span>
    </p>
   </div>
   <div class='ocr_carea' id='block_1_124' title="bbox 2042 5815 2776 5888">
    <p class='ocr_par' dir='ltr' id='par_1_124' title="bbox 2042 5815 2776 5888">
     <span class='ocr_line' id='line_1_124' title="bbox 2042 5815 2776 5888; baseline 0.004 -18"><span class='ocrx_word' id='word_1_925' title='bbox 2042 5831 2260 5888; x_wconf 74' lang='lat' dir='ltr'><strong>ronens.</strong></span> <span class='ocrx_word' id='word_1_926' title='bbox 2293 5833 2419 5880; x_wconf 83' lang='lat' dir='ltr'><strong>ms.,</strong></span> <span class='ocrx_word' id='word_1_927' title='bbox 2453 5815 2630 5888; x_wconf 76' lang='lat' dir='ltr'><strong>fusilia</strong></span> <span class='ocrx_word' id='word_1_928' title='bbox 2657 5835 2776 5873; x_wconf 74' lang='lat' dir='ltr'><strong>rere.</strong></span> 
     </span>
    </p>
   </div>
   <div class='ocr_carea' id='block_1_125' title="bbox 2117 5887 3632 5976">
    <p class='ocr_par' dir='ltr' id='par_1_125' title="bbox 2117 5887 3632 5976">
     <span class='ocr_line' id='line_1_125' title="bbox 2117 5887 3632 5976; baseline 0.01 -34"><span class='ocrx_word' id='word_1_929' title='bbox 2117 5889 2133 5926; x_wconf 72' lang='grc' dir='ltr'><em>τ</em></span> <span class='ocrx_word' id='word_1_930' title='bbox 2163 5887 2385 5944; x_wconf 82' lang='lat' dir='ltr'><strong>Rectius</strong></span> <span class='ocrx_word' id='word_1_931' title='bbox 2405 5889 2530 5959; x_wconf 74' lang='lat' dir='ltr'><strong>legit</strong></span> <span class='ocrx_word' id='word_1_932' title='bbox 2551 5889 2854 5944; x_wconf 82' lang='lat' dir='ltr'><strong>Veronens.</strong></span> <span class='ocrx_word' id='word_1_933' title='bbox 2885 5908 2986 5945; x_wconf 63' lang='lat' dir='ltr'><strong>ms.</strong></span> <span class='ocrx_word' id='word_1_934' title='bbox 3016 5910 3108 5961; x_wconf 86' lang='lat' dir='ltr'><strong>pro</strong></span> <span class='ocrx_word' id='word_1_935' title='bbox 3127 5909 3297 5965; x_wconf 83' lang='lat' dir='ltr'><strong>opere,</strong></span> <span class='ocrx_word' id='word_1_936' title='bbox 3325 5897 3632 5976; x_wconf 64' lang='lat' dir='ltr'><strong>injlebrro</strong></span> 
     </span>
    </p>
   </div>
  </div>
