4144 6364
464 392 475 403 κ
501 330 605 386 687

1498 329 1558 386 S.
1599 326 1984 387 HIEBONYMI
2023 326 2258 386 DIVINA
2303 330 2785 391 BIBLIOTHECA.

3690 322 3796 384 688

501 447 810 502 lumnarum
844 445 1001 502 fusile
1025 452 1140 502 erat
1166 462 1180 500 :
1217 450 1437 516 septena
1471 458 1720 499 versuum
1749 446 2003 500 retiacula
2034 445 2088 497 iu
2117 445 2168 503 Α
2194 446 2350 516 gulos
2374 447 2515 503 basis
2544 456 2722 515 erant,
2751 444 3100 502 eohmrehant
3127 443 3315 517 [Vulg.
3348 442 3495 500 addit
3517 440 3644 516 sibi]
3664 442 3796 498 sub-

503 538 760 609 capitello
803 555 930 605 uno,
962 549 1017 594 et
1045 548 1277 606 septena
1308 536 1570 591 retiacula
1612 536 1665 591 in
1710 538 1968 605 capitello
2015 536 2094 591 al-

509 645 652 689 tero.
680 634 745 689 Et
773 634 996 704 perfecit
1024 633 1334 697 columnas,
1365 640 1417 686 et
1445 631 1582 685 duos
1611 630 1836 687 ordines
1860 647 1955 702 per
1981 631 2091 686 cir-

508 730 713 785 cuitum
747 729 1133 785 retiaeulorum
1165 726 1523 798 singulorum,
1571 738 1629 783 ut
1663 739 1907 799 tegerent
1945 728 2094 798 capi-

500 821 649 887 tella,
677 806 798 891 qua:
820 828 973 875 erant
988 834 1153 889 super
1171 821 1540 876 summitatem
1561 821 2088 891 malogranatorum:

503 915 695 971 eodem
724 914 884 969 modo
915 913 1042 969 fecit
1073 923 1129 970 et
1156 915 1409 985 capitello
1432 917 1977 985 secundoJJapitella
1998 931 2094 971 auv

514 1019 622 1064 tem
670 1024 788 1077 qua:
827 1017 983 1062 erant
1038 1023 1201 1079 super
1256 1009 1433 1077 capita
1475 1010 1882 1075 columnarum,
1937 1009 2092 1079 quasi

503 1116 667 1173 opere
712 1100 810 1154 lilii
841 1100 1099 1173 fabricata
1139 1110 1301 1156 erant
1331 1102 1383 1156 in
1424 1104 1634 1171 porticu
1672 1111 1901 1170 quatuor
1939 1101 2093 1157 cubi-

500 1202 703 1247 torum.
754 1191 821 1247 Et
855 1207 1068 1247 rursum
1115 1194 1222 1247 alia
1263 1194 1514 1263 capitella
1542 1176 1611 1249 in
1653 1195 1969 1250 summitate
1991 1209 2086 1250 co-

498 1285 810 1340 lumnarum
854 1285 1095 1357 desuper
1120 1286 1272 1357 juxta
1312 1304 1624 1342 mensuram
1656 1288 1925 1342 columna!
1954 1302 2090 1342 ron-

497 1388 578 1433 tra
651 1378 973 1434 retiacula:
1031 1376 1532 1452 ma‘lt-granatorutn
1609 1390 1791 1436 autem
1868 1380 2091 1435 ducenti

494 1469 898 1527 ordines.eraut
930 1474 981 1527 in
1005 1472 1235 1527 circuitu
1263 1472 1504 1544 capitellt
1533 1474 1781 1529 secundi.
1817 1473 1881 1528 Et
1904 1474 2094 1529 statuit

497 1564 636 1620 duas
656 1565 939 1622 columnas
971 1566 1026 1621 in
1060 1568 1273 1637 porticu
1299 1552 1484 1638 templi
1510 1586 1523 1623 :
1547 1584 1785 1639 cumque
1811 1570 2094 1624 Statuisset

498 1648 811 1713 columnam
835 1659 1140 1726 deneram,
1176 1668 1203 1697 °
1231 1661 1439 1716 vocavit
1467 1676 1591 1718 eam
1607 1660 1826 1717 nomine
1851 1661 2044 1717 Jacltin
2073 1679 2086 1715 τ

498 1749 756 1806 similiter
785 1751 960 1806 erexit
988 1753 1295 1808 columnam
1318 1756 1635 1822 secundam,
1666 1764 1720 1809 et
1750 1753 1965 1808 vocavit
1988 1768 2090 1808 no-

2199 548 2279 593 ter
2313 539 2487 595 basim
2515 558 2529 595 :
2563 557 2665 594 una
2696 548 2811 595 rota
2847 539 3083 594 habebat
3109 536 3418 592 altitudinis
3453 535 3694 591 cubitum
3733 542 3793 589 et

2199 632 2386 687 semis.
2428 631 2589 688 Tales
2637 641 2818 688 autem
2860 640 2997 687 rota:
3044 638 3235 699 erant,
3283 628 3473 700 quales
3515 626 3691 683 solent
3737 626 3790 680 in

2195 740 2358 779 curru
2391 723 2519 796 [Ms.
2550 724 2827 794 curribus]
2863 724 3020 779 fieri:
3062 732 3117 779 ct
3143 739 3277 778 axes
3307 737 3519 786 earum,
3550 731 3606 778 et
3632 720 3791 790 radii,

2196 826 2252 871 et
2282 817 2497 885 rantbi,
2530 825 2585 871 et
2617 816 2872 884 modioli,
2898 817 3083 871 omnia
3114 814 3323 872 fusilia.
3350 813 3486 870 Nam
3517 823 3573 870 et
3598 813 3795 869 hume-

2195 907 2297 963 ruli
2331 907 2404 961 illi
2442 920 2679 978 quatuor
2719 923 2817 977 per
2851 908 3095 977 singulos
3138 906 3369 978 angulos
3412 906 3558 961 basis
3602 905 3789 970 unius,

2162 1040 2169 1047 ι
2205 1016 2270 1057 ex
2303 1001 2415 1072 ipsa
2447 1002 2561 1057 basi
2591 1001 2783 1058 fusiles
2804 1011 2857 1057 et
2878 1001 3154 1072 conjuncti
3184 1011 3365 1056 erant.
3392 999 3448 1056 ln
3481 999 3796 1055 summitate

2194 1104 2376 1149 autem
2406 1095 2550 1150 basis
2577 1104 2692 1150 erat
2716 1096 2965 1164 quasdam
3000 1094 3305 1149 rotunditas
3332 1093 3487 1148 unius
3502 1102 3549 1147 et
3572 1092 3651 1165 [h.
3680 1106 3792 1148 non

2197 1185 2377 1257 habet]
2421 1186 2633 1242 dimidii
2665 1188 2870 1254 cubiti,
2902 1189 2972 1242 ita
3007 1186 3327 1254 fabrefacta,
3362 1194 3423 1242 ut
3447 1186 3591 1241 luter
3629 1185 3793 1241 desu-

2196 1296 2292 1348 per
2313 1287 2494 1349 posset
2522 1278 2749 1349 imponi,
2781 1280 2985 1334 habens
3011 1279 3295 1335 caelaturas
3317 1293 3445 1335 suas
3473 1288 3527 1333 et
3547 1278 3791 1345 sculptu-

2193 1387 2283 1427 ras
2315 1374 2490 1427 varias
2533 1388 2597 1428 ex
2648 1371 2936 1444 semetipsa
2978 1371 3105 1445 [Μδ.
3163 1371 3498 1443 semetipso].
3553 1369 3797 1442 Sculpsit

2194 1480 2408 1535 quoque
2441 1465 2495 1519 in
2525 1465 2779 1520 tabulatis
2811 1465 2919 1520 illis
2947 1481 3066 1536 quae
3089 1474 3333 1520 erantex
3362 1479 3493 1529 aere,
3524 1472 3580 1520 et
3609 1464 3662 1519 in
3692 1478 3794 1519 an-

2193 1558 2353 1626 gulis,
2385 1557 2689 1625 cherubim,
2717 1568 2770 1614 et
2800 1557 3009 1625 leones,
3041 1566 3096 1613 et
3115 1557 3348 1629 palmas,
3371 1557 3526 1628 quasi
3559 1555 3613 1612 in
3640 1555 3790 1611 simi-

2194 1650 2477 1706 litudinem
2509 1652 2702 1706 stantis
2728 1650 2967 1707 hominis
2985 1694 3001 1719 ,
3037 1661 3096 1707 ut
3120 1666 3228 1707 non
3258 1651 3469 1717 catlata,
3496 1650 3592 1706 sed
3620 1664 3792 1722 appo—

2194 1743 2295 1798 sita
2330 1760 2426 1814 per
2447 1745 2735 1799 circuitum
2766 1744 3109 1801 viderentur.
3146 1746 3202 1799 lu
3234 1744 3379 1801 hunc
3407 1744 3630 1800 modum
3662 1744 3792 1799 fecit

490 1860 617 1900 men
648 1845 765 1915 ejus
807 1845 971 1900 Buoz.
1012 1845 1080 1901 Et
1108 1861 1274 1917 super
1303 1848 1487 1917 capita
1535 1849 1917 1903 columnarum
1953 1860 2092 1917 opus
2120 1841 2169 1903 B
2196 1837 2383 1892 άίέῡηι
2418 1838 2576 1894 bases
2596 1878 2611 1903 ι
2641 1836 2826 1893 fusura
2860 1853 2988 1907 una.
3013 1848 3066 1895 cl
3097 1852 3372 1907 mensura:
3402 1838 3792 1911 εουιριιιτείιιιθ

499 1938 554 1993 itt
584 1940 804 1994 modum
833 1938 929 1993 lilii
954 1941 1167 2010 posuit:
1187 1942 1594 2011 perfectumque
1618 1951 1866 2012 est-opus
1880 1942 2090 1998 colum-

504 2045 719 2085 narum.
753 2029 907 2085 Fecit
929 2046 1147 2102 quoque
1176 2046 1326 2087 mare
1362 2033 1521 2088 fusile
1549 2033 1738 2089 decem
1778 2034 2088 2088 cubitorum

491 2138 522 2178 a
566 2124 707 2179 labio
759 2139 928 2195 usque
980 2125 1046 2179 ad
1087 2125 1322 2193 labium,
1378 2126 1673 2181 rotundum
1718 2128 1771 2181 in
1810 2126 2086 2181 circuitu:

496 2217 735 2287 quinque
754 2217 1064 2271 cubitorum
1086 2216 1319 2272 altitudo
1339 2220 1481 2287 ejus,
1505 2230 1558 2273 et
1589 2220 1844 2273 resticula
1869 2217 2089 2288 triginta

489 2309 797 2367 cubitorum
821 2309 1074 2379 cingebat
1105 2310 1236 2364 illud
1261 2326 1358 2379 per
1379 2312 1691 2367 circuitum.
1719 2313 1783 2367 Et
1806 2316 2087 2382 sculptura

488 2403 678 2458 subter
695 2401 825 2473 [Ms.
853 2403 1134 2472 sculptura
1162 2403 1350 2475 super]
1372 2405 1573 2460 labium
1598 2406 1927 2462 circumibat
1953 2405 2088 2461 illud

488 2497 679 2552 decem
710 2495 912 2551 cubitis
943 2496 1195 2552 ambiens
1221 2512 1372 2552 mare
1402 2513 1417 2551 :
1444 2497 1554 2553 duo
1582 2498 1808 2553 ordines
1844 2499 2089 2568 sculptu-

488 2605 674 2646 rarum
714 2591 742 2629 ὶι
788 2590 1110 2646 striatarum
1146 2599 1302 2645 erant
1344 2589 1556 2646 fusiles.
1589 2591 1661 2646 Et
1699 2593 1880 2647 stabat
1924 2606 2089 2659 super

496 2685 784 2741 duodecim
814 2686 1005 2751 boves,
1035 2700 1065 2740 e
1093 2685 1294 2755 quibus
1323 2694 1436 2748 tres
1467 2685 1805 2756 aspiciebant
1833 2686 1901 2741 ad
1935 2686 2090 2755 aqui-

488 2776 697 2843 lonem,
721 2787 777 2833 et
806 2787 915 2832 tres
949 2778 1014 2831 ad
1038 2777 1377 2834 occidentem
1400 2817 1414 2841 ,
1445 2792 1499 2834 et
1533 2789 1643 2835 tres
1666 2778 1734 2833 atl
1771 2779 2085 2846 meridiem,

490 2881 548 2928 et
574 2882 681 2927 tres
704 2871 770 2924 ad
792 2872 1082 2934 orientem,
1113 2880 1168 2925 ct
1193 2886 1345 2927 mare
1370 2886 1537 2941 super
1559 2887 1655 2927 eus
1678 2871 1915 2943 desuper
1935 2880 2086 2928 erat:

490 2979 723 3033 quorum
757 2964 1062 3033 posteriora
1104 2965 1356 3019 universa
1403 2965 1733 3020 intrinsecus
1778 2966 2084 3021 latitabant.

491 3055 811 3114 Grossitudo
838 3069 1017 3113 autem
1057 3058 1246 3112 tuteris
1276 3056 1405 3129 [Ms.
1434 3057 1672 3130 lateris],
1708 3060 1870 3114 trium
1902 3059 2088 3115 uncia-

495 3164 618 3204 rum
641 3159 761 3205 erat
794 3167 807 3203 :
842 3149 1149 3219 labiumque
1177 3149 1325 3219 ejus,
1360 3151 1512 3218 quasi
1545 3151 1746 3205 labium
1777 3150 1992 3218 calicis,
2033 3158 2089 3205 et

2192 1931 2484 1989 consimili.
2544 1932 2698 1988 Fecit
2736 1949 2956 2004 quoque
2991 1932 3184 1989 decem
3233 1933 3436 1989 luteres
3477 1929 3505 1970 ά
3558 1947 3785 1989 tenens:

2192 2025 2548 2097 quadraginta
2602 2025 2759 2081 batos
2812 2026 3064 2096 capiebat
3125 2025 3272 2082 luter
3322 2040 3507 2091 unus,
3564 2036 3790 2096 eratque

2191 2128 2427 2189 quatuor
2470 2119 2817 2179 cubitorum:
2876 2119 3125 2191 singulos
3170 2135 3389 2192 quoque
3438 2120 3644 2176 luleres
3693 2133 3791 2189 per

2192 2214 2455 2283 singulas,
2501 2213 2557 2268 id
2584 2223 2689 2273 est.
2714 2214 2904 2270 decem
2935 2215 3118 2282 bases,
3152 2216 3355 2285 posuit.
3399 2213 3466 2269 Et
3502 2213 3794 2270 constituit

2192 2306 2381 2362 decem
2414 2306 2570 2362 bases
2598 2308 2838 2378 quinque
2869 2308 2935 2364 ad
2962 2307 3240 2364 dexteram
3266 2317 3475 2379 partem
3501 2308 3711 2378 templi,
3736 2314 3794 2361 et

2196 2402 2436 2474 quinque
2503 2404 2569 2459 ad
2639 2404 2911 2459 sinistram
2963 2421 2979 2461 :
3035 2420 3187 2460 mare
3240 2412 3418 2459 autem
3481 2402 3659 2474 posuit
3720 2400 3789 2457 ad

2192 2498 2482 2554 dexteram
2517 2506 2727 2568 partem
2774 2497 2961 2569 templi
3010 2498 3087 2570 [h.
3118 2496 3332 2570 damus]
3374 2506 3565 2553 contra
3600 2496 3790 2553 orien-

2193 2601 2301 2649 tem
2334 2594 2401 2647 ad
2448 2592 2754 2650 meridiem.
2801 2592 2957 2648 Fecit
2980 2608 3108 2664 ergo
3141 2591 3323 2647 Hiram
3359 2592 3438 2664 [h.
3473 2589 3683 2663 llirom]
3708 2589 3789 2646 le—

2190 2688 2363 2754 betes,
2403 2697 2457 2742 et
2480 2696 2713 2755 seutras,
2737 2698 2789 2743 et
2812 2686 3084 2753 hamulas,
3105 2697 3160 2743 et
3191 2685 3421 2758 perfecit
3463 2700 3626 2741 omne
3656 2697 3793 2753 opus

2193 2781 2337 2851 regis
2393 2781 2705 2837 Salomonis
2745 2781 2796 2835 in
2838 2778 3238 2851 templo[lt.in
3283 2777 3493 2852 domo]
3548 2776 3790 2834 Domini.

2190 2874 2481 2928 Columnas
2527 2873 2691 2940 duas,
2726 2881 2781 2928 et
2809 2872 3083 2928 funiculos
3113 2871 3495 2942 eapitellorum
3521 2870 3660 2943 [11s.
3692 2886 3787 2927 ca-

2191 2962 2518 3035 pitulorum]
2561 2979 2727 3035 super
2785 2963 3034 3033 capitella
3089 2964 3465 3019 columnarum
3516 2962 3685 3017 duos:
3737 2970 3795 3018 et

2188 3060 2447 3114 retiacula
2471 3058 2600 3127 duo,
2632 3066 2692 3113 ut
2721 3057 2998 3128 operirent
3022 3056 3160 3113 duos
3192 3055 3481 3125 funiculos,
3510 3055 3604 3127 qui
3636 3064 3795 3110 erant

2191 3163 2357 3220 super
2386 3151 2564 3217 capita
2589 3152 2966 3205 columnarum
2992 3148 3009 3221 [
3031 3148 3087 3204 h.
3121 3149 3262 3205 duos
3291 3146 3559 3204 funiculus
3586 3147 3797 3218 capitu-

489 3241 678 3296 folium
715 3240 942 3310 repaudi
985 3240 1085 3296 lilii
1120 3258 1133 3294 :
1165 3241 1274 3296 duo
1310 3241 1476 3297 mitlia
1514 3241 1671 3297 batos
1711 3243 1979 3311 capiebat.
2020 3242 2088 3297 Et
2116 3235 2163 3300 C
2194 3240 2425 3314 lorum].
2455 3241 2524 3296 Et
2572 3243 2941 3313 malogranata
2972 3250 2995 3279 ε
3034 3241 3423 3313 quadringenta
3469 3240 3524 3296 in
3578 3239 3795 3297 duobus

486 3335 617 3391 fecit
647 3335 808 3391 bases
839 3336 1028 3391 decem
1058 3345 1081 3373 α
1113 3350 1316 3404 teneas,
1351 3344 1586 3405 quatuor
1626 3336 1936 3391 cubitorum
1968 3338 2087 3392 lon-

488 3427 753 3499 gitudinis
775 3428 933 3483 bases
955 3428 1218 3497 singulas,
1239 3436 1296 3483 et
1315 3436 1549 3498 quatuor
1572 3429 1877 3485 cubitorum
1903 3430 2089 3486 latitu—
2120 3436 2127 3441 ‘

493 3521 664 3589 diuis,
692 3529 746 3575 ct
774 3523 936 3576 trium
954 3521 1267 3576 cubitorum
1295 3521 1625 3578 altitudinis.
1652 3523 1719 3579 Et
1745 3525 1921 3595 ipsum
1951 3539 2089 3595 Opus

491 3614 730 3679 basium,
761 3612 1073 3668 interrasile
1104 3623 1260 3669 erat:
1293 3624 1348 3669 et
1379 3616 1674 3685 sculptura:
1705 3617 1848 3672 inter
1868 3618 2090 3687 junctu-

474 3719 604 3759 επις.
629 3704 699 3759 Et
722 3704 862 3759 inter
884 3706 1173 3760 curonulas
1202 3715 1255 3761 et
1282 3707 1510 3776 plectas,
1544 3707 1729 3763 leones
1757 3719 1812 3764 et
1838 3709 2004 3766 boves
2036 3719 2091 3765 et

492 3798 778 3855 cherubim
804 3816 818 3853 :
842 3808 899 3854 et
919 3798 1258 3869 injuncturis
1290 3800 1547 3858 similiter
1576 3803 1850 3875 desuper:
1883 3815 1937 3859 et
1963 3805 2093 3861 sub-

492 3897 577 3946 ter
608 3890 797 3946 leones
817 3902 871 3947 et
900 3891 1087 3957 boves,
1117 3894 1270 3964 quasi
1306 3894 1421 3949 lora
1447 3910 1515 3949 ex
1564 3910 1675 3951 tere
1704 3896 2087 3966 dependentia.

492 3984 565 4040 Et
607 3995 837 4054 quatuor
874 3993 1007 4040 rota:
1038 4002 1139 4056 per
1162 3988 1323 4043 bases
1356 3987 1621 4059 singulas,
1661 3999 1714 4044 et
1743 4005 1879 4046 axes
1911 3993 2039 4047 :erei
2072 4009 2087 4049 :

494 4086 553 4133 et
584 4093 679 4147 per
701 4089 936 4149 quatuor
956 4088 1140 4148 partes
1162 4080 1318 4148 quasi
1344 4078 1621 4135 hutneruli
1646 4083 1835 4137 subter
1857 4084 2089 4139 luterem

493 4170 687 4227 fusiles
706 4211 722 4237 ,
746 4182 936 4226 contra
981 4185 1043 4226 se
1081 4171 1313 4226 invicem
1343 4179 1742 4241 respectantes.
1774 4174 1847 4230 Os
1877 4192 2094 4248 quoque

494 4264 689 4319 luteris
727 4263 1056 4317 intrinsecus
1111 4270 1233 4317 erat
1281 4262 1337 4317 in
1384 4264 1580 4332 capitis
1623 4268 1977 4322 summitate:
2039 4277 2094 4324 et

498 4355 642 4427 quod
674 4355 983 4410 forinsecus
1007 4352 1312 4423 apparebat
1336 4396 1350 4422 ,
1384 4353 1548 4410 unius
1576 4355 1747 4412 cubiti
1777 4368 1893 4412 erat
1922 4367 2093 4414 totum

497 4450 825 4515 rotundum,
862 4448 1172 4518 pariterque
1199 4447 1430 4503 habebat
1460 4464 1623 4504 unum
1654 4451 1895 4507 cubitum
1928 4463 1983 4508 et
2011 4453 2094 4509 di-

499 4544 725 4602 midium
752 4560 766 4596 :
791 4543 845 4597 in
875 4542 1086 4612 angulis
1115 4552 1298 4595 autem
1325 4541 1703 4599 columnarum
1734 4545 1899 4601 varia:
1930 4548 2091 4604 caela-

2191 3338 2504 3392 retiaculis:
2539 3336 2679 3392 duos
2711 3351 2904 3392 versus
2932 3336 3436 3408 inalogranatorum
3466 3335 3520 3390 in
3556 3334 3790 3391 retiacuo

2190 3430 2256 3486 lis
2286 3431 2548 3501 singulis,
2601 3430 2669 3485 ad
2720 3430 3049 3501 operiendos
3084 3429 3354 3486 funiculos
3384 3429 3789 3500 capitellorum,

2190 3524 2281 3593 qui
2308 3533 2463 3578 erant
2490 3538 2655 3591 super
2678 3523 2852 3590 capita
2873 3522 3269 3578 columnarum.
3302 3523 3369 3579 Et
3391 3523 3552 3578 bases
3576 3524 3789 3591 decem,

2192 3625 2247 3670 et
2273 3616 2475 3670 luteres
2505 3614 2693 3670 decem
2722 3629 2887 3685 super
2905 3615 3087 3671 bases.
3123 3615 3193 3671 Et
3222 3631 3372 3672 mare
3400 3632 3593 3687 unum,
3613 3625 3668 3673 et
3695 3616 3794 3672 bo-

2192 3721 2287 3762 ves
2316 3708 2601 3762 duodecim
2627 3710 2816 3764 subter
2837 3724 3012 3765 mare.
3048 3708 3114 3767 Et
3143 3708 3369 3778 lebetes,
3399 3719 3453 3767 et
3476 3720 3706 3776 scutras,
3737 3718 3797 3767 et

2193 3798 2462 3868 hamulas,
2505 3800 2684 3854 omnia
2717 3814 2845 3854 vasa
2869 3800 2959 3872 [h.
2994 3802 3174 3856 omnia
3207 3800 3330 3857 haec
3359 3801 3537 3876 vasa],
3563 3819 3686 3875 qua:
3715 3802 3796 3859 fe-

2192 3894 2268 3947 cit
2296 3892 2484 3947 Hiram
2517 3894 2627 3964 regi
2658 3892 2936 3950 Salomoni
2979 3893 3033 3949 in
3081 3894 3247 3950 domo
3273 3895 3511 3963 Domini,
3539 3894 3609 3953 de
3646 3898 3792 3953 auri-

2193 3986 2384 4042 chalco
2414 3998 2594 4042 erant.
2643 3987 3021 4057 lueampestri
3048 3989 3256 4060 regione
3301 3986 3402 4061 [h.
3434 4005 3541 4045 non
3590 3989 3791 4063 habet]

2192 4080 2450 4138 Jordanis
2478 4081 2612 4136 fudit
2663 4097 2726 4137 ea
2776 4097 2873 4137 rex
2923 4083 2977 4136 in
3010 4082 3267 4151 argillosa
3299 4093 3467 4153 terra,
3500 4085 3797 4143 interSoc-

2194 4174 2358 4228 cltoth
2390 4183 2440 4229 et
2476 4172 2733 4229 Sarthan.
2778 4174 2847 4229 Et
2890 4174 3073 4245 posuit
3094 4174 3358 4231 Salomon
3408 4178 3588 4234 omnia
3631 4193 3789 4235 vasa:

2194 4274 2419 4337 propter
2441 4266 2845 4321 multitudinem
2866 4276 3044 4322 autem
3069 4269 3291 4325 nimiam
3316 4285 3424 4326 non
3442 4279 3562 4327 erat
3583 4272 3794 4342 pondus

2194 4360 2339 4415 airis.
2391 4360 2488 4433 [T.
2519 4359 2697 4432 XIX.]
2730 4359 2988 4433 Fecitque
3012 4361 3275 4420 Salomon
3329 4366 3508 4420 omnia
3560 4380 3688 4422 vasa
3732 4366 3790 4423 in

2196 4452 2359 4509 domo
2387 4454 2636 4510 Domini:
2680 4454 2855 4510 altare
2900 4471 3145 4522 aureum,
3198 4466 3254 4513 et
3303 4472 3584 4528 mensam,
3625 4473 3791 4531 super

2203 4563 2362 4620 quam
2396 4558 2729 4618 ponerentur
2768 4564 2934 4621 panes
2965 4551 3352 4621 propositionis
3376 4594 3392 4620 ,
3422 4568 3650 4610 auream
3685 4552 3705 4592 ί
3736 4563 3795 4611 et

501 4646 640 4694 tura:
668 4643 823 4692 erant
850 4653 863 4689 :
890 4641 945 4689 et
976 4632 1157 4689 media
1191 4634 1643 4700 intercolumnia,
1670 4639 1941 4708 'quadrata
1982 4657 2090 4697 non
2121 4625 2171 4685 Ῑ)
2197 4643 2522 4699 candelabra
2546 4659 2736 4713 aurea,
2769 4643 3009 4715 quinque
3035 4645 3102 4699 ad
3132 4642 3435 4712 dexteram,
3464 4654 3521 4702 et
3555 4648 3795 4720 quinque

503 4728 759 4792 rotunda.
782 4727 1025 4795 Quatuor
1044 4741 1258 4798 quoque
1287 4734 1444 4798 rotae,
1466 4744 1588 4801 quae
1618 4745 1715 4801 per
1735 4741 1965 4803 quatuor
1989 4752 2089 4792 an-

504 4917 650 4973 enim
691 4919 899 4969 tantum
945 4919 1029 4967 εει
1057 4920 1237 4977 mm
1274 4928 1472 4980 opere:
1528 4928 1634 4983 quo
1677 4916 1805 4971 item
1845 4917 2013 4975 verbo
2051 4929 2107 4977 et

510 4988 757 5059 proxime
796 4997 929 5059 usus
956 4993 1071 5059 est.
1097 4984 1443 5059 ubi__Latinu_s
1483 4984 1647 5039 habet
1678 4988 1730 5040 in
1760 4990 2007 5046 modum:
2046 5000 2105 5047 ut

512 5054 655 5114 scias
681 5056 811 5111 nihil
844 5054 930 5108 hic
950 5056 1142 5108 mirum
1169 5056 1273 5108 dici
1301 5056 1350 5107 in
1381 5054 1609 5109 Πελιγωο
1639 5064 1811 5112 textu.

590 5138 615 5166 °
652 5126 860 5181 Vocavit
883 5141 993 5179 eum
1018 5126 1223 5197 nomine
1244 5122 1461 5197 Jarhiu,
1490 5126 1545 5177 id
1582 5137 1677 5192 est,
1703 5130 2018 5197 ﬁrmitas....
2054 5142 2103 5190 et

512 5198 708 5255 rocavit
740 5213 921 5252 nomen
942 5197 1051 5265 ejus
1066 5195 1225 5275 Booz,
1259 5195 1314 5248 id
1346 5204 1444 5275 est,
1476 5197 1529 5249 in
1558 5195 1759 5275 robore.
1802 5202 1874 5256 Ita
1917 5204 2103 5275 legunt

516 5280 656 5326 Intra
690 5277 894 5323 textum
926 5281 1051 5339 gms.
1111 5266 1219 5339 duo
1263 5265 1515 5339 codices,
1577 5267 1773 5339 Regius
1822 5284 1877 5327 et
1927 5265 2091 5332 Gorb.

516 5358 668 5397 ηυιιι,
685 5342 777 5405 15,
794 5338 953 5409 quod,
968 5337 1037 5390 ob
1050 5338 1239 5409 oculos
1268 5336 1488 5409 lectoris
1509 5336 1712 5406 ponere
1727 5344 2017 5409 voluimus,
2035 5358 2093 5405 ut

516 5407 853 5488 exploratqu
873 5408 1088 5471 habeat,
1114 5407 1279 5461 multa
1298 5407 1668 5488 hujuscemodi
1683 5413 1884 5488 scholia
1903 5407 2092 5488 margi-

511 5478 653 5540 nalia
686 5485 738 5537 in
765 5490 1075 5536 contextum
1103 5492 1319 5534 saerutn
1347 5478 1519 5537 fuisse
1551 5485 1811 5540 translata
1842 5478 2091 5546 librario-

510 5572 631 5614 rum
665 5550 1190 5621 autetnendatorum
1213 5550 1559 5620 incogitantia
1595 5565 1651 5608 et
1679 5571 1888 5613 errore.
1911 5559 2087 5617 MART.

583 5625 611 5666 ι)
657 5625 825 5680 Idem.
872 5634 972 5674 ms.
1025 5622 1378 5693 historiarum,
1432 5625 1574 5693 quod
1625 5627 1849 5693 perinde
1903 5641 1987 5686 est
2026 5649 2090 5687 ac

512 5698 756 5753 striarum
782 5711 799 5767 ξ
827 5694 1069 5767 solemne
1088 5704 1170 5767 est
1195 5692 1337 5767 enim
1364 5698 1419 5767 in
1446 5692 1679 5767 antiquis
1708 5699 1866 5754 Itbris
1894 5702 2016 5757 addi
2039 5703 2090 5757 bi

508 5779 603 5824 aut
626 5786 661 5840 υ
694 5765 892 5830 verbis,
914 5764 1030 5840 __qui_
1052 5762 1126 5840 ab
1158 5770 1224 5817 st.
1265 5765 1527 5834 incipiunt
1554 5762 1591 5822 ε’
1616 5783 1679 5823 ac
1706 5771 1910 5826 fallitur
1944 5773 2088 5832 Luca

512 5833 804 5911 Brugensis
838 5837 928 5907 qui
977 5833 1271 5891 histriatum
1307 5833 1461 5908 putat
1502 5853 1628 5897 esse
1665 5843 1835 5898 striati
1871 5846 2091 5916 opposi-

2202 4740 2269 4797 ad
2305 4739 2616 4808 sinistram,
2664 4746 2890 4806 contra,
2932 4738 3210 4796 oraculum
3233 4780 3250 4809 ,
3300 4754 3369 4797 ex
3394 4754 3528 4797 auro
3558 4750 3585 4789 ε
3611 4756 3792 4813 puro:

2212 4932 2345 5006 tum.
2379 4922 2571 5046 ιῖῐοιωη
2605 4939 2770 4997 porro
2806 4927 2988 4981 striam
3024 4939 3144 4982 esse
3174 4935 3382 4998 partem
3414 4928 3793 4990 columnarum

2212 5009 2388 5046 Bllllnll
2417 5011 2524 5046 am.
3618 5044 3625 5046 _

2207 5009 2524 5049 cntinutam.
3618 5044 3625 5047 _

2285 5077 2313 5143 ον
2340 5065 2394 5120 ltt
2428 5064 3059 5143 ms._\{eronens._tereas.
3088 5071 3234 5127 Idem
3262 5072 3426 5141 paulo
3455 5082 3579 5143 post
3607 5075 3789 5131 latitu-

2205 5137 2344 5214 dinis
2380 5154 2474 5202 pro
2502 5138 2816 5214 altitudinis,
2851 5139 3079 5198 llebra'o
3108 5137 3647 5214 textu—refragrante.

2275 5205 2518 5289 f'lterttm
2538 5210 2675 5265 idem
2700 5226 2826 5289 ins.,
2845 5226 3003 5269 terea:
3024 5230 3123 5286 pro
3147 5230 3345 5270 teneas:
3369 5205 3593 5287 et'quod
3621 5215 3794 5289 pluris

2203 5287 2305 5345 est,
2341 5279 2536 5334 cttbitos
2577 5296 2672 5347 pro
2701 5282 2865 5337 batos.

2272 5361 2295 5430 (ξ
2316 5352 2583 5430 blentlnse
2609 5354 2769 5430 habet
2789 5353 3003 5430 _\’eron.
3028 5373 3129 5414 ms.
3148 5357 3528 5430 quadraginta.

2274 5421 2291 5458 ί
2314 5423 2571 5477 llebrteus
2589 5439 2695 5502 non
2718 5426 2880 5502 habet
2897 5428 3118 5502 verbutn
3144 5421 3278 5485 illud
3298 5421 3481 5497 aui-ea;
3503 5439 3794 5502 propterea

2194 5505 2525 5572 erasum_e~t
2553 5495 2623 5549 ab
2652 5498 3007 5572 emendatore
3051 5499 3311 5567 Canonis,
3359 5495 3467 5572 qui
3500 5495 3556 5557 in
3597 5495 3793 5558 éodem

2192 5566 2468 5643 versiculo
2500 5576 2673 5643 mutat
2702 5568 2865 5623 etiam
2887 5612 2902 5635 ,
2933 5587 2998 5643 ea:
3038 5589 3170 5628 auro
3196 5566 3349 5643 puro,
3375 5566 3498 5627 eum
3518 5615 3532 5639 ,
3569 5590 3634 5629 ea:
3661 5589 3795 5629 auro

2194 5636 2382 5705 primo.
2427 5636 2539 5709 Sed
2581 5654 2771 5708 purum
2801 5649 2855 5695 et
2886 5642 3125 5709 primum
3166 5636 3219 5700 in
3260 5636 3793 5703 metallis'eumdem

2193 5720 2413 5780 sensum
2444 5708 2642 5763 habent
2671 5711 2813 5780 apud
2845 5708 3127 5770 Hebraeos.
3160 5716 3344 5773 MART.

2266 5788 2293 5825 8
2326 5778 2486 5858 Ideni
2504 5795 2608 5858 msf
2636 5778 2801 5852 primo
2831 5798 2930 5858 pro
2950 5804 3106 5857 puro,
3149 5789 3293 5858 quod
3323 5797 3379 5847 et
3405 5787 3464 5846 in
3489 5785 3788 5846 Martianmi

2191 5849 2414 5908 Canone
2439 5852 2507 5907 ab
2536 5849 2645 5907 alia
2673 5849 2972 5924 repositum
2993 5868 3077 5916 est
3094 5849 3291 5917 manu.
