4144 6364
339 307 461 364 689

1618 270 1822 369 LIBER
1861 313 1882 368 1
1923 312 2305 370 MALACHIM.

3548 320 3655 378 090

335 427 508 497 quasi
550 425 648 482 lilii
680 425 839 481 llores
865 468 879 493 ,
939 435 996 481 et
1051 425 1301 482 lucernas
1354 426 1590 498 desuper
1622 443 1847 484 aureas:
1901 438 1954 482 et
1981 429 2033 490 A
2058 426 2222 483 Israel
2255 429 2322 485 de
2352 429 2589 502 Egypto
2617 473 2631 498 ,
2683 446 2792 485 non
2823 431 2957 500 elegi
2986 430 3258 486 civitatem
3289 431 3357 489 de
3379 425 3657 500 universis

334 516 590 591 forcipes
641 536 825 573 aureos
853 518 931 591 [h.
959 535 1064 574 non
1095 518 1296 589 habet],
1350 528 1404 575 et
1425 518 1667 591 hydrias,
1710 532 1763 575 et
1791 519 1955 573 fusci-

334 613 510 668 nulas
538 655 553 680 ,
597 623 652 668 et
681 612 914 684 phialas,
967 623 1023 668 et
1052 615 1386 680 mortariola,
1447 625 1500 668 et
1530 615 1822 681 thuribula,
1884 615 1953 671 de

344 722 494 761 auro
525 707 857 778 purissimo:
918 715 974 762 et
998 707 1251 762 cardines
1294 698 1556 762 ostiorum
1586 707 1783 762 domus
1816 709 1956 763 inte-

337 799 517 855 rioris
539 801 722 855 Sancti
757 800 1109 863 Sanctorum,
1138 810 1191 855 et
1223 802 1486 856 ostiorum
1511 804 1705 857 domus
1739 804 1951 872 templi,

338 907 412 947 ex
463 908 606 948 auro
660 902 838 948 erant.
873 893 938 948 Et
973 894 1201 963 perfecit
1231 910 1391 949 omne
1427 911 1563 966 opus
1615 899 1757 967 quod
1789 897 1955 953 facie-

342 985 445 1040 bat
496 995 524 1026 α
574 1003 665 1042 rex
720 987 984 1043 Salomon
1039 989 1092 1043 in
1139 988 1304 1043 domo
1358 989 1612 1057 Demini,
1674 1002 1725 1045 et
1769 991 1956 1046 intulit

339 1095 473 1150 quae
505 1080 944 1136 sanctiﬁcaverat
976 1081 1145 1137 David
1202 1090 1358 1153 pater
1385 1098 1536 1147 suus,
1568 1093 1848 1150 argentum
1899 1095 1955 1140 et

339 1187 566 1240 aurum,
585 1185 638 1228 et
651 1189 775 1229 vasa
790 1176 1137 1244 reposuitque
1155 1177 1206 1229 in
1225 1175 1487 1230 thesauris
1506 1175 1698 1230 domus
1716 1176 1947 1232 Domini.

419 1265 511 1337 [T.
548 1265 667 1334 XX,
688 1267 816 1338 Cap.
846 1266 1010 1339 VIII.]
1035 1268 1189 1324 Tunc
1215 1270 1528 1340 congregati
1553 1269 1580 1308 δ
1605 1281 1731 1326 sunt
1762 1286 1952 1327 omnes

337 1358 591 1428 majores
624 1369 752 1415 natu
803 1359 964 1417 Israel
1017 1375 1140 1416 cum
1189 1363 1526 1433 principibus
1572 1364 1804 1419 trilmum
1834 1411 1847 1434 ,
1901 1375 1954 1422 et

335 1450 515 1506 duces
542 1450 871 1508 familiarum
904 1453 1142 1509 ﬁliorum
1171 1455 1363 1522 Israel,
1389 1455 1456 1510 ad
1491 1473 1673 1528 regem
1701 1458 1953 1514 Salomo-

337 1559 471 1598 nem
528 1544 580 1598 in
627 1543 1052 1618 Jerusaleth.
1085 1546 1241 1603 Tunc
1298 1550 1651 1620 congregavit
1694 1549 1950 1607 Salomon

343 1637 588 1709 majores
639 1646 770 1694 natu
817 1640 870 1694 in
912 1639 1100 1706 Israel,
1131 1657 1325 1697 omnes
1362 1642 1633 1712 principes
1685 1645 1950 1712 tribuum,

341 1732 520 1789 duces
570 1733 894 1790 familiarum
946 1735 1183 1792 filiorum
1238 1738 1406 1792 Israel
1440 1738 1492 1792 in
1537 1739 1862 1805 Jerusalem,
1894 1751 1953 1795 ut

2061 522 2304 576 tribubus
2333 523 2519 590 Israel,
2570 532 2626 578 ut
2653 523 3019 579 :rdilicaretur
3062 524 3278 592 domus,
3301 535 3357 581 et
3377 536 3525 582 esset
3553 542 3655 582 no-

2059 630 2180 671 men
2207 633 2381 671 mcum
2421 618 2520 682 ibi;
2553 618 2646 672 sed
2671 619 2806 687 elegi
2832 619 3003 672 David
3039 628 3096 672 ttt
3121 631 3266 674 esset
3290 636 3450 688 super
3485 635 3657 690 popu-

2059 701 2169 762 lum
2203 725 2379 762 meum
2405 709 2587 764 Israel.
2617 710 2908 781 Voluitque
2934 712 3095 765 David
3122 725 3276 782 pater
3305 728 3456 766 meus
3486 711 3657 766 aedili-

2057 814 2183 855 care
2213 801 2430 854 domum
2459 803 2659 855 nomini
2692 801 2903 856 Domini
2932 803 3024 858 Dei
3061 803 3222 857 Israel
3253 820 3264 855 :
3298 813 3351 858 et
3373 801 3445 857 ait
3473 802 3656 858 Domi-

2059 908 2158 947 nus
2189 893 2251 946 ad
2287 894 2455 948 David
2481 905 2686 963 patrem
2718 912 2926 949 meum:
2958 895 3108 962 Quod
3135 897 3383 966 cogitasti
3415 897 3464 950 in
3489 897 3656 952 corde

2059 997 2154 1042 tuo
2185 988 2456 1043 a-dilicare
2486 989 2708 1043 domum
2742 991 2943 1044 nomini
2979 1004 3121 1058 meo,
3166 993 3302 1046 bene
3326 989 3525 1058 fecisti,
3555 991 3657 1046 hoc

2060 1084 2235 1151 ipsum
2281 1092 2462 1137 tuente
2493 1092 2749 1137 tractans.
2777 1083 3164 1138 Verumtamen
3194 1092 3249 1138 tu
3281 1100 3384 1139 non
3414 1085 3654 1139 :edilica-

2058 1175 2140 1229 bis
2169 1173 2186 1211 ί
2215 1174 2344 1228 mihi
2383 1176 2628 1240 domum,
2661 1175 2755 1230 sed
2787 1176 2926 1230 liIius
2955 1185 3098 1241 tuus,
3127 1179 3215 1246 qui
3250 1178 3558 1248 egredietur
3587 1179 3657 1234 de

2059 1268 2280 1322 renibus
2333 1272 2459 1334 tuis,
2495 1269 2614 1337 ipse
2663 1269 2954 1324 a-diticahit
2992 1269 3211 1324 domum
3255 1271 3461 1325 nomini
3512 1288 3652 1326 meo.

2059 1360 2414 1415 (fontirmavit
2445 1362 2704 1416 Dominus
2761 1376 3066 1416 sermonem
3100 1376 3279 1424 suum,
3313 1377 3470 1432 quem
3501 1363 3659 1417 loeu-

2059 1463 2148 1508 tus
2178 1465 2294 1509 est:
2327 1455 2560 1525 stetiquc
2585 1469 2680 1525 pro
2712 1455 2876 1509 David
2904 1465 3060 1524 patre
3082 1472 3226 1520 meo,
3259 1465 3316 1512 et
3344 1457 3456 1511 sedi
3490 1471 3655 1525 super

2059 1548 2309 1604 thronum
2340 1549 2525 1617 Israel,
2561 1550 2702 1604 sicut
2726 1550 2938 1604 locutus
2965 1558 3048 1604 est
3077 1549 3336 1604 Dominus
3368 1558 3458 1604 :et
3488 1549 3661 1603 aedili-

2058 1641 2175 1696 cavi
2219 1643 2436 1696 domum
2488 1643 2694 1696 nomini
2724 1642 2932 1696 Domini
2965 1642 3056 1696 Dei
3081 1642 3264 1697 Israel.
3308 1642 3377 1697 Et
3399 1642 3655 1697 constitui

2060 1735 2131 1789 ibi
2157 1735 2335 1789 locum
2378 1751 2542 1801 arca},
2573 1737 2621 1789 in
2652 1752 2754 1806 qua
2785 1735 2959 1790 fmdus
3000 1746 3082 1790 est
3104 1735 3338 1794 Domini.
3366 1735 3507 1805 quod
3538 1751 3660 1804 per-

342 1826 692 1900 deferrent]:
747 1837 804 1883 ut
829 1829 1110 1885 deferrent
1146 1845 1325 1886 arcam
1359 1831 1582 1888 foederis
1614 1833 1850 1900 Domini,
1884 1835 1950 1890 de
1985 1819 2028 1879 Β
2057 1833 2230 1885 cussit
2285 1846 2407 1886 cum
2465 1832 2708 1900 patribus
2751 1832 2988 1894 nostris,
3019 1830 3234 1899 quando
3275 1830 3481 1896 egressi
3531 1840 3661 1884 sunt

341 1920 569 1977 civitate
615 1921 806 1992 David,
855 1923 906 1978 id
939 1933 1046 1991 est,
1072 1924 1141 1980 de
1179 1925 1334 1980 Sion.
1377 1925 1749 1995 Couvenitque
1779 1927 1844 1980 ad
1876 1942 1953 1982 re-

341 2029 471 2084 gem
505 2013 851 2070 Salomonem
882 2018 1169 2072 universus
1192 2016 1355 2072 Israel
1393 2020 1442 2073 in
1477 2033 1661 2073 mense
1677 2019 1948 2086 Ethanim,

343 2107 402 2162 in
431 2107 664 2162 solemni
698 2108 810 2176 die,
844 2109 961 2181 ipse
992 2121 1076 2166 est
1099 2113 1305 2166 mensis
1336 2113 1618 2181 septimus.
1649 2112 1951 2168 Venerunt-

343 2216 453 2272 que
499 2202 679 2257 cuncti
712 2217 876 2259 senes
917 2219 985 2259 ex
1028 2204 1215 2270 Israel,
1275 2214 1330 2259 et
1361 2205 1601 2260 tulerunt
1635 2207 1952 2263 sacerdotes

343 2310 556 2361 arcam,
586 2305 640 2352 et
665 2305 1014 2364 portaverant
1038 2309 1220 2354 arcam
1258 2299 1493 2366 Domini,
1545 2311 1598 2355 et
1623 2301 1948 2356 tabernacu-

345 2387 459 2443 lum
493 2387 736 2456 fmderis,
761 2400 814 2446 et
840 2392 1020 2446 omnia
1053 2406 1178 2446 vasa
1202 2393 1519 2458 sanctuarii,
1554 2410 1673 2462 quae
1705 2405 1862 2449 erant
1894 2397 1947 2450 in

348 2481 704 2538 tabernaculo
748 2498 762 2535 :
802 2493 853 2539 et
885 2483 1137 2539 ferebant
1184 2501 1244 2538 ea
1292 2485 1603 2540 sacerdotes
1639 2499 1691 2541 et
1724 2487 1946 2543 Levitar.

348 2573 467 2630 Rex
499 2585 678 2630 autem
710 2576 989 2643 Salomon,
1018 2586 1071 2630 et
1097 2556 1583 2633 omnis-multitudo
1615 2580 1801 2645 Israel,
1828 2597 1948 2651 qua:

347 2675 684 2722 convenerat
728 2667 795 2722 ad
847 2684 993 2734 eum,
1038 2669 1387 2739 gradiebatur
1414 2686 1540 2726 cum
1588 2671 1681 2724 illo
1707 2683 1833 2727 ante
1863 2690 1950 2728 ar-

347 2774 507 2814 eam:
556 2771 609 2815 et
641 2760 993 2816 immolabant
1041 2777 1170 2818 oves
1203 2774 1254 2818 et
1286 2763 1452 2819 boves
1478 2767 1681 2834 absque
1712 2768 1947 2822 mstima-

349 2855 500 2911 tione
553 2866 608 2911 et
653 2872 906 2924 numero,
954 2866 1009 2912 et
1058 2858 1362 2913 intulerunt
1403 2862 1716 2917 sacerdotes
1764 2879 1946 2918 arcam

348 2949 573 3006 foederis
605 2951 815 3006 Domini
849 2951 903 3007 in
928 2952 1107 3007 locum
1141 2968 1294 3008 suum
1323 2997 1336 3019 ,
1370 2955 1422 3008 in
1451 2956 1728 3010 oraetilum
1763 2959 1946 3028 templi

347 3042 442 3114 1h.
471 3043 726 3117 domus],
784 3045 835 3100 in
864 3046 1121 3101 Sanctum
1177 3047 1545 3112 Sanctorum,
1595 3049 1782 3104 subter
1833 3052 1945 3106 alas

347 3136 653 3194 cherubim.
688 3139 964 3211 Siquidem
997 3141 1276 3196 cherubim
1309 3144 1690 3212 expandcbaot
1719 3145 1832 3200 alas
1855 3163 1944 3201 su-

2059 1922 2135 1994 [h.
2157 1923 2375 1992 quando
2401 1921 2588 1977 eduxit
2610 1920 2724 1992 eos]
2746 1921 2813 1975 de
2843 1935 2981 1976 terra
3015 1920 3259 1991 ngyptL
3289 1921 3445 1975 Stetit
3469 1927 3656 1973 autem

2055 2017 2310 2072 Salomon
2341 2027 2467 2072 ante
2495 2019 2666 2071 altare
2701 2017 2912 2071 Domini
2946 2017 2996 2069 in
3030 2027 3328 2084 conSpectu
3358 2013 3435 2086 [Ιι.
3466 2028 3652 2068 coram

2056 2113 2204 2174 omni
2253 2112 2506 2182 ecclesia]
2553 2111 2810 2166 Ecelesim
2859 2111 3047 2177 Israel,
3091 2119 3147 2166 et
3177 2110 3437 2181 expandit
3465 2124 3656 2164 manus

2055 2221 2181 2260 suas
2213 2207 2265 2261 in
2296 2208 2518 2271 coelum,
2546 2216 2601 2262 et
2626 2207 2738 2260 ait:
2778 2208 3004 2260 Domine
3039 2207 3176 2261 Dens
3199 2206 3388 2267 Israel,
3422 2220 3527 2260 non
3573 2213 3659 2259 est

2055 2300 2247 2354 similis
2276 2301 2385 2363 tui,
2423 2301 2566 2356 Deus
2596 2304 2645 2354 in
2670 2301 2812 2355 cmlo
2841 2301 3076 2370 desuper
3100 2344 3114 2364 ,
3148 2311 3200 2356 et
3245 2315 3408 2370 super
3453 2311 3657 2355 terram

2055 2391 2310 2446 deorsum
2357 2393 2487 2460 :qui
2548 2393 2793 2446 custodis
2843 2402 3056 2462 pactum
3110 2402 3164 2445 et
3221 2392 3657 2447 misericordiam

2053 2487 2234 2540 servis
2263 2486 2390 2554 ttiis,
2425 2488 2514 2556 qni
2539 2487 2812 2540 ambulant
2841 2486 2860 2558 [
2886 2485 3038 2558 Vulg.
3070 2483 3447 2557 ambulabant]
3469 2503 3655 2541 coram

2054 2591 2104 2637 te
2131 2583 2182 2635 in
2212 2591 2324 2635 toto
2354 2581 2520 2636 corde
2546 2596 2667 2636 suo.
2708 2581 2808 2648 Qui
2833 2580 3118 2634 custodisti
3153 2594 3314 2634 servo
3355 2591 3449 2634 tuo
3480 2580 3650 2634 David

2054 2679 2191 2748 patri
2223 2693 2346 2732 meo
2379 2694 2498 2746 qum
2531 2677 2752 2731 locutus
2781 2691 2842 2730 es
2869 2675 2953 2728 ei:
2987 2674 3316 2728 orelocutns
3343 2690 3424 2741 es,
3453 2684 3508 2729 et
3538 2689 3654 2728 ma-

2053 2771 2211 2825 nibus
2240 2770 2512 2840 per-fecisti
2545 2769 2564 2841 [
2591 2771 2642 2822 h.
2676 2784 2770 2824 ore
2799 2778 2891 2822 tuo
2933 2767 3146 2821 locutus
3178 2782 3268 2832 es,
3301 2778 3355 2822 et
3386 2783 3546 2822 manu
3577 2768 3656 2822 fc-

2051 2863 2201 2926 eisti;
2236 2865 2373 2916 sicut
2401 2864 2518 2916 dies
2542 2861 2718 2934 hzec].
2749 2871 2805 2915 nt
2837 2861 2952 2916 haec
2977 2861 3095 2915 dies
3118 2860 3330 2930 probat.
3363 2860 3516 2914 Nunc
3548 2862 3652 2930 igi-

2052 2965 2158 3022 tur,
2213 2956 2440 3010 Domine
2467 2957 2607 3010 Deus
2635 2955 2821 3020 Israel,
2854 2969 3122 3009 conserva
3153 2954 3350 3008 famulo
3375 2964 3468 3009 tuo
3485 2953 3653 3008 David

2049 3047 2192 3117 patri
2236 3064 2359 3101 meo
2385 3063 2507 3117 qua:
2536 3048 2746 3101 loeutus
2785 3062 2843 3101 es
2873 3047 2945 3111 ei,
2977 3045 3198 3101 dicens:
3232 3046 3349 3100 Non
3378 3046 3655 3102 auferetur

2051 3138 2118 3193 de
2141 3149 2190 3193 te
2209 3140 2289 3193 vir
2313 3154 2494 3193 coram
2525 3141 2738 3208 me,qui
2764 3139 2952 3194 sedeat
2978 3155 3142 3209 super
3167 3139 3422 3193 thronum
3447 3139 3654 3194 Israel:

348 3246 446 3300 per
471 3232 650 3287 locum
677 3249 840 3301 arcae,
867 3244 921 3290 et
951 3238 1307 3306 protegebant
1334 3253 1515 3293 arcam
1539 3248 1592 3294 et
1613 3250 1793 3294 vectes
1827 3241 1945 3312 ejus
1974 3215 2019 3278 Ο
2051 3233 2122 3286 ita
2158 3243 2339 3286 tamen
2388 3233 2432 3287 si
2484 3232 2846 3288 custodieriut
2903 3232 2999 3287 lilii
3047 3233 3123 3286 tui
3156 3233 3297 3286 viam
3344 3247 3497 3287 suam
3528 3277 3542 3302 ,
3588 3243 3650 3286 ut

345 3325 601 3396 desuper.
636 3325 882 3401 Cumque
930 3332 1236 3387 eminerent
1263 3342 1463 3398 vectes,
1512 3345 1566 3391 et
1619 3345 1946 3405 apparerent

347 3424 690 3480 summitates
713 3441 901 3482 eorum
926 3427 1060 3483 foris
1081 3429 1464 3484 Sanctuarium
1489 3441 1616 3485 ante
1638 3433 1938 3499 oraculum,

347 3530 455 3570 non
486 3519 831 3587 apparebant
856 3502 999 3575 ulira
1032 3523 1396 3585 extrinsecus,
1427 3523 1516 3592 qui
1549 3532 1599 3577 et
1625 3521 1843 3577 fuerunt
1869 3523 1943 3578 ibi

344 3623 520 3679 usque
548 3609 601 3665 in
631 3623 961 3682 prmsenteni
989 3613 1154 3669 diem.
1197 3614 1254 3669 In
1302 3630 1428 3669 arca
1456 3626 1634 3670 autem
1668 3626 1688 3654 ο
1724 3632 1827 3670 ιιοη
1858 3626 1940 3671 est

343 3702 513 3767 aliud,
543 3704 645 3760 nisi
671 3705 793 3759 duce
822 3707 1016 3762 tabulae
1046 3707 1293 3778 lapidem,
1351 3723 1484 3779 quas
1515 3717 1765 3778 posuerat
1797 3709 1848 3762 in
1877 3723 1941 3763 ea

343 3796 519 3854 Moses
548 3798 598 3853 in
624 3798 824 3866 Horcb,
847 3800 1063 3871 quando
1095 3801 1294 3869 pepigit
1322 3801 1499 3856 foedus
1527 3801 1787 3855 Durnium
1817 3817 1938 3856 cum

344 3888 468 3943 filiis
511 3887 708 3955 Israel,
765 3906 888 3946 cum
949 3891 1340 3962 egrederentur
1384 3894 1454 3949 de
1509 3903 1652 3948 terra
1694 3893 1938 3964 Egypti.

345 3979 428 4052 [Τ.
459 3979 625 4052 ΧΧ1.]
657 3981 878 4038 Factum
911 3992 997 4038 est
1023 3993 1226 4049 autem,
1257 3999 1376 4038 cum
1410 3985 1658 4040 exissent
1689 3985 1941 4040 sacerdo-

345 4083 423 4129 tes
441 4074 512 4129 de
533 4074 878 4143 Sanctuario,
905 4077 1100 4131 nebula
1133 4077 1418 4150 [h.nnbes]
1449 4079 1692 4148 implevit
1719 4080 1938 4134 domum

343 4166 582 4232 Domini,
618 4178 670 4224 et
699 4185 804 4225 non
837 4180 1089 4242 poterant
1115 4171 1429 4227 sacerdotes
1475 4182 1622 4226 stare
1675 4181 1731 4228 et.
1777 4174 1938 4228 mini-

343 4269 518 4315 strare
538 4270 760 4331 propter
784 4263 1036 4317 nebulam
1062 4263 1139 4335 [Ιι.
1169 4261 1408 4333 nubem],
1445 4263 1767 4333 impleverat
1794 4264 1938 4318 enim

343 4350 513 4420 gloria
560 4352 773 4407 Domini
804 4352 1024 4408 domum
1056 4353 1287 4408 Domini.
1329 4352 1485 4408 Tunc
1525 4353 1599 4407 ait
1640 4353 1935 4413 Salomon:

346 4446 607 4502 Dominus
657 4447 814 4514 dixit,
846 4457 906 4503 ut
957 4449 1224 4504 habitaret
1281 4447 1334 4502 in
1385 4449 1605 4505 nebula.
1645 4448 1938 4504 Etliﬁcaiis

342 4540 603 4596 aedificavi
635 4541 855 4595 domum
885 4542 938 4595 in
969 4541 1332 4596 habitaculum
1367 4550 1539 4606 tuum,
1565 4543 1934 4598 firmissimum

341 4635 538 4689 solium
593 4642 742 4686 tuum
776 4635 827 4689 in
856 4636 1264 4705 sempiternum.
1308 4635 1698 4705 Convertitquc
1728 4652 1823 4691 rex
1855 4638 1930 4690 fa-

342 4727 484 4780 ciem
515 4741 693 4790 suam,
723 4737 779 4781 et
807 4727 1084 4783 benedixit
1110 4729 1254 4782 omni
1285 4730 1541 4784 Ecclesirc
1575 4731 1775 4786 Israel:
1821 4746 1936 4785 om-

343 4820 430 4875 nis
459 4819 601 4873 enim
633 4819 874 4874 Ecclesia
920 4819 1083 4876 Israel
1126 4821 1324 4876 stabat.
1371 4823 1436 4877 Et
1481 4823 1556 4877 ait
1584 4821 1609 4859 ά
1643 4824 1932 4878 Salomon:

335 4911 674 4968 Benedictus
707 4912 963 4967 Dominus
997 4913 1137 4969 Deus
1159 4914 1345 4977 Israel,
1369 4915 1459 4986 qui
1488 4915 1702 4970 locutus
1727 4924 1812 4971 est
1839 4931 1936 4972 ore

342 5022 442 5062 suo
483 5006 549 5062 ad
586 5007 756 5062 David
810 5018 1017 5078 patrem
1045 5004 1256 5075 meum,
1292 5020 1313 5046 ο
1346 5019 1399 5064 et
1446 5011 1498 5064 in
1532 5009 1782 5066 manibus
1819 5012 1938 5081 ejus

341 5100 605 5174 perfecit,
651 5094 870 5159 dicens:
913 5103 959 5158 Α
987 5101 1075 5158 die
1107 5117 1210 5173 qua
1255 5103 1414 5158 eduxi
1450 5104 1708 5174 populum
1756 5119 1936 5160 meum

412 5276 438 5304 ⁸
466 5268 603 5322 Cum
619 5267 884 5337 Vulgatis,
919 5275 973 5320 et
998 5266 1188 5321 Grmro
1208 5271 1348 5319 tacet
1368 5265 1670 5337 Veroinens.
1705 5279 1934 5318 ms.rea:.

412 5337 440 5376 Ῐ)
472 5341 631 5394 llebr.
658 5335 987 5410 congregavit
1017 5337 1286 5397 Salomon,
1319 5351 1475 5410 aquo
1501 5335 1801 5410 Veronens.
1834 5352 1936 5390 ms.

345 5412 447 5468 hoc
479 5427 586 5466 uno
616 5407 1017 5480 abludit,'quod
1050 5423 1243 5480 nomen
1280 5407 1590 5480 salonionis
1620 5415 1782 5480 tacet.

420 5495 441 5521 ο
471 5483 547 5538 Ita
575 5484 760 5537 Canon
784 5477 920 5536 I-Ieb‘.
955 5479 1114 5535 verit.
1145 5495 1266 5532 cum
1315 5478 1629 5532 Cnlberlino
1657 5477 1933 5532 Aniciensi

343 5554 552 5615 codice,
604 5565 657 5609 et
709 5553 1024 5607 Cnrbeiensi
1086 5561 1271 5604 nostro
1327 5565 1476 5603 num.
1515 5550 1602 5611 l3,
1649 5549 1850 5617 Regius
1883 5559 1937 5603 et

341 5627 450 5683 San
483 5625 870 5682 Germauensis
898 5625 950 5691 5,
979 5625 1163 5695 legunt
1185 5633 1240 5677 ut
1266 5622 1320 5676 in
1346 5631 1527 5675 nostra
1562 5620 1809 5688 Vulgata,
1835 5637 1937 5674 non

348 5710 476 5754 erat.
507 5698 685 5752 Manr.

421 5800 491 5810 —
518 5768 820 5824 Veronens.
851 5784 980 5831 ms.,
1010 5765 1230 5827 Choreb,
1265 5767 1488 5834 propius
1515 5765 1768 5830 Ilebram,
1798 5775 1935 5824 nan.

417 5840 444 5877 ά
473 5839 590 5896 Non
619 5841 1097 5899 habetVerOnens.
1131 5853 1234 5893 ms.
1263 5838 1539 5900 Salomon,
1575 5837 1718 5908 quod
1745 5850 1938 5890 nomen

2051 3326 2332 3380 ambulent
2363 3341 2546 3378 coram
2582 3341 2688 3384 me.
2722 3326 2863 3380 sicut.
2889 3334 2913 3371 Β
2941 3324 3227 3379 ambulasti
3269 3325 3320 3378 in
3357 3334 3653 3394 conspectu

2050 3433 2194 3472 meo.
2241 3418 2304 3472 Et
2330 3433 2492 3484 nunc,
2533 3417 2760 3472 Domine
2793 3417 2933 3472 Deus
2959 3417 3145 3483 Israel,
3172 3415 3459 3472 ﬁrmentur
3486 3418 3649 3472 verba

2049 3522 2162 3577 tua,
2195 3527 2313 3581 quas
2343 3512 2556 3566 lorutus
2585 3526 2645 3566 es
2673 3526 2832 3566 servo
2874 3520 2964 3565 tuo
2996 3511 3164 3566 David
3198 3511 3339 3581 patri
3377 3527 3518 3566 meo.
3550 3512 3651 3567 Er-

2044 3619 2182 3675 gone
2208 3605 2498 3673 putandum
2533 3616 2619 3678 est
2658 3605 2800 3675 quod
2817 3605 3509 3676 vereDeushabitetsuper
3533 3616 3645 3661 ter-

2045 3699 2204 3753 ram?
2231 3698 2316 3770 [T.
2335 3697 2524 3768 XXIH
2546 3699 2600 3754 Si
2622 3699 2765 3753 enim
2790 3698 2864 3770 [h.
2889 3699 3026 3753 Ecce
3041 3700 3260 3771 coelum]
3283 3701 3503 3766 coelum,
3520 3701 3649 3756 coeli

2045 3794 2310 3848 caelorum
2343 3802 2392 3845 te
2437 3807 2637 3858 capere
2666 3808 2771 3844 non
2818 3800 3063 3859 possunt,
3097 3801 3300 3859 quanto
3351 3794 3519 3861 magis
3549 3793 3650 3849 do-

2046 3901 2166 3939 nius
2211 3886 2361 3952 lucc,
2397 3901 2559 3955 quam
2589 3884 2898 3938 :edilicavi?
2942 3883 3048 3939 Sed
3093 3885 3302 3954 respice
3333 3885 3397 3939 ad
3439 3886 3646 3939 oratiu-

2043 4000 2168 4038 ncm
2194 3983 2337 4037 servi
2364 3984 2460 4048 tui,
2485 3990 2536 4036 et
2565 3980 2630 4036 ad
2665 3996 2853 4050 preces
2881 3981 3018 4049 ejus,
3037 3980 3266 4035 Domine
3289 3981 3429 4034 Deus
3459 3995 3642 4035 meus:

2045 4077 2169 4132 audi
2223 4077 2480 4148 hymnum
2517 4085 2570 4130 et
2601 4077 2926 4140 orationem,
2960 4090 3119 4141 quam
3150 4090 3338 4130 servus
3371 4086 3494 4129 tuus
3522 4085 3647 4130 orat

2043 4185 2235 4237 coram
2277 4179 2329 4223 te
2377 4168 2567 4222 hodie:
2617 4177 2673 4221 ut
2720 4169 2826 4222 sint
2858 4168 3004 4222 Ot'IIII
3037 4167 3112 4222 tui
3147 4169 3320 4237 aperti
3355 4182 3518 4236 super
3548 4168 3648 4222 do-

2045 4281 2189 4319 mum
2216 4265 2353 4316 hanc
2387 4271 2543 4315 nocte
2574 4271 2622 4314 et
2654 4261 2775 4314 die:
2809 4276 2973 4330 super
2997 4260 3241 4324 domum,
3278 4260 3346 4314 de
3376 4275 3478 4330 qua
3509 4259 3646 4314 dixi-

2044 4358 2147 4412 sti:
2199 4355 2313 4410 Erit
2365 4351 2562 4410 nor'nt-n
2589 4370 2766 4409 meum
2802 4353 2906 4407 ibi:
2952 4361 3009 4407 ut
3054 4353 3312 4407 exaudias
3337 4353 3643 4407 orationem

2045 4451 2122 4523 [h.
2157 4448 2335 4517 Super
2361 4449 2539 4502 locum
2570 4446 2637 4500 de
2663 4461 2769 4515 quo
2797 4445 3006 4513 dixisti,
3055 4447 3161 4499 erit
3207 4459 3401 4498 nomen
3457 4459 3641 4500 meum

2044 4543 2115 4596 ibi
2144 4541 2209 4595 ad
2232 4541 2551 4594 audiendam
2576 4539 2872 4592 orationem
2899 4538 2928 4607 Ι,
2965 4553 3126 4606 quam
3151 4548 3270 4590 orat
3297 4533 3323 4571 ιι
3350 4537 3416 4590 ad
3447 4549 3498 4590 te
3528 4551 3647 4592 ser-

2045 4651 2142 4688 vus
2177 4644 2303 4688 tuus
2349 4633 2401 4687 in
2449 4632 2568 4685 loco
2599 4631 2724 4684 isto.
2770 4628 2841 4684 Ut
2885 4629 3144 4684 exandias
3198 4629 3643 4698 deprecationem

2045 4727 2187 4783 servi
2223 4727 2296 4780 tui
2338 4735 2390 4779 et
2415 4725 2596 4794 pOpuli
2626 4723 2699 4776 tui
2729 4721 2916 4785 Israel,
2953 4721 3333 4791 quodcumque
3361 4723 3639 4777 oraverint

2047 4823 2100 4878 in
2135 4822 2256 4876 loco
2289 4822 2437 4874 isto:
2481 4828 2533 4873 et
2587 4816 2848 4872 exaudies
2899 4817 2950 4871 iu
2998 4817 3115 4871 loco
3163 4815 3454 4871 habitaculi
3485 4818 3558 4870 tui
3582 4818 3638 4872 in

2045 4916 2218 4972 uelo:
2269 4922 2466 4968 etcum
2498 4910 2832 4976 exaudieris,
2879 4909 3141 4979 pr0pitius
3173 4908 3298 4962 erit.
3362 4909 3415 4964 Si
3447 4924 3641 4978 pecca-

2046 5011 2185 5063 verit
2215 5006 2379 5061 homo
2409 5007 2460 5059 in
2494 5004 2800 5082 proximum
2834 5018 3013 5065 suum,
3058 5008 3114 5055 et
3137 5000 3391 5056 habuerit
3421 5002 3643 5071 aliquod

2041 5103 2450 5174 juramentum,
2503 5087 2609 5167 quo
2655 5104 2906 5150 teneatur
2960 5095 3266 5159 astrictus;
3323 5103 3376 5148 et
3426 5094 3640 5150 venerit

2048 5276 2222 5332 neque
2243 5259 2296 5313 in
2323 5257 2574 5322 I-Iebrmo,
2601 5267 2776 5323 neque
2806 5251 2859 5305 in
2891 5249 3010 5304 aliis
3060 5249 3329 5321 plerisque
3359 5247 3517 5303 libris
3548 5246 3636 5304 hic

2047 5343 2225 5391 SOnat.

2115 5416 2136 5442 θ
2163 5404 2347 5459 Canon
2379 5399 2719 5459 emendatus,
2753 5405 2798 5449 et
2828 5395 2883 5447 in
2908 5410 3067 5448 manu
3092 5408 3207 5447 sua.
3236 5392 3411 5448 ΜΑιιτ.

2120 5476 2136 5514 r
2174 5476 2272 5530 Hic
2319 5487 2532 5542 quoque
2578 5471 2733 5537 juxta
2765 5466 3052 5521 Ilebraeum
3099 5464 3455 5536 archetypum
3496 5473 3640 5520 tacet

2048 5549 2139 5604 Ver
2156 5561 2346 5599 onens.
2381 5561 2482 5596 ms.
2520 5543 2664 5595 mihi.

2057 5625 2074 5644 ‘
2120 5630 2141 5666 ες
2171 5619 2306 5672 Cum
2346 5615 2589 5682 Vulgatis
2634 5610 2782 5664 addit
2813 5609 3110 5663 Veronens.
3143 5624 3242 5662 ms.
3274 5608 3362 5662 hic
3407 5607 3634 5682 tu._l\‘on

2049 5700 2186 5746 tacet
2223 5679 2634 5755 Domine,quod
2663 5697 2859 5736 nomen
2896 5682 3150 5755 llebrteas
3175 5690 3354 5755 textus
3384 5679 3550 5732 addit.

2121 5764 2148 5798 ιι
2179 5762 2408 5813 llursntn
2446 5749 2790 5809 ad'llebraici
2843 5753 3169 5822 exemplaris
3225 5751 3383 5806 Iidem
3413 5749 3638 5806 voculas

2048 5834 2117 5887 ad
2150 5842 2196 5886 te
2226 5830 2446 5902 negligit
2467 5827 2770 5884 Veronens.
2797 5839 2898 5878 ms.
