4144 6364
489 254 588 308 6.)!

1488 258 1546 308 Β.
1593 255 1970 313 ΗΙΕΒΟΝΥΜΙ
2014 251 2246 313 ΙΗἨΝᾹ
2293 253 2770 311 UIBLIU'I‘IIECA.

3680 254 3780 311 (:93

495 384 719 440 propter
741 370 1115 442 juramenlunt
1140 413 1155 439 ,
1203 386 1385 429 coram
1429 371 1588 425 altari
1642 381 1733 435 tuo
1782 371 1836 424 in
1864 356 2313 435 dcitttutn'AIttco
2356 370 2689 439 captivitatis
2730 369 2823 441 {lt.
2856 376 2908 424 in
2939 380 3081 425 terra
3129 371 3507 441 captivantium
3536 369 3688 442 eas],
3728 380 3784 427 et

497 476 643 520 tuam
675 465 754 538 [ιι.
788 465 977 536 hanc]:
1024 476 1078 522 ιιι
1105 465 1363 520 exandies
1391 465 1440 525 in
1481 464 1661 520 cosio:
1712 473 1767 517 et
1816 460 2003 530 facies,
2034 472 2090 518 et

491 558 765 629 jttdiCabis
792 573 983 614 servos
1006 569 1150 621 tuos,
1204 557 1577 613 condemnatis
1606 554 1853 624 impium,
1879 563 1935 611 et
1966 553 2092 612 red-

495 652 634 707 dens
666 649 807 704 viam
832 666 985 706 suam
1014 665 1184 716 super
1209 657 1373 720 caput
1399 648 1516 719 ejus
1538 666 1552 702 :
1576 648 1987 720 justiticansque
2005 648 2093 719 jn-

499 756 670 808 stum,
701 753 753 798 et
786 742 1092 797 rett’ibuetts
1122 740 1170 795 ei
1190 740 1491 797 secundum
1516 740 1784 809 justitiam
1814 756 1989 797 suam.
2034 740 2090 798 Si

499 838 698 907 fugerit
745 836 976 907 populus
1011 845 1134 891 tuus
1162 833 1328 890 Israel
1361 835 1609 889 inimicos
1636 849 1765 891 suos
1797 834 1874 906 [h.
1912 834 2092 889 inimi-

498 946 621 985 cuut
651 928 828 998 suum]
856 928 1015 997 (quia
1050 938 1074 967 ο
1107 940 1429 997 peccaturus
1461 940 1543 983 est
1587 928 1728 999 tlbi)
1776 939 1830 984 et
1868 936 2095 998 agentes

500 1021 897 1090 pmoitentiam,
932 1027 989 1075 et
1016 1020 1346 1077 coiititcntes
1377 1020 1585 1079 nomini
1614 1030 1727 1087 tuo,
1758 1020 2014 1088 uenerint,
2044 1029 2094 1074 et

500 1118 579 1189 [h.
614 1134 720 1173 non
751 1115 934 1188 habet]
960 1118 1254 1178 oraverint.
1306 1108 1660 1186 et'deprecati
1692 1124 1746 1172 te
1793 1115 1990 1173 fuerint
2040 1117 2092 1170 in

496 1209 660 1263 domu
693 1212 791 1263 uae
814 1226 825 1261 :
852 1208 1051 1264 exaudi
1078 1209 1135 1263 in
1163 1209 1327 1274 creto,
1359 1220 1414 1264 et
1440 1208 1656 1267 dimitte
1689 1218 1971 1278 peccatum
2001 1222 2097 1278 po-

496 1305 608 1374 puli
645 1305 717 1356 tui
745 1302 935 1369 Israel,
990 1314 1044 1356 et
1070 1302 1296 1359 reduces
1317 1319 1413 1359 eos
1445 1304 1496 1359 in
1529 1314 1754 1369 terram,
1784 1319 1947 1375 quam
1996 1304 2095 1359 de-

496 1398 629 1453 disti
665 1397 907 1465 patribus
962 1412 1173 1454 eorum.
1222 1398 1277 1459 Si
1311 1398 1553 1454 clausum
1582 1397 1746 1454 fuerit
1788 1398 2011 1464 malum,
2042 1407 2100 1455 et

495 1506 604 1545 non
626 1491 824 1557 pluerit
851 1503 1072 1562 prepter
1095 1500 1313 1558 peccata
1338 1505 1548 1558 eorum,
1567 1500 1623 1547 et
1651 1499 1869 1547 orantes
1897 1494 1951 1546 in
1979 1493 2099 1549 loco

499 1582 629 1640 ἰείη.
668 1582 1043 1647 pmniteutiam
1075 1582 1286 1655 egerint
1344 1583 1549 1639 nomini
1599 1595 1692 1639 tuo
1722 1582 1818 1656 [h.
1841 1592 1899 1640 et
1930 1587 2102 1640 confi-

501 1683 683 1729 tentes
716 1673 918 1729 nomini
950 1673 1095 1744 tuo].
1128 1687 1181 1729 et
1219 1689 1248 1729 a
1278 1675 1518 1745 peccatis
1561 1675 1677 1731 suis
1707 1676 1959 1733 conversi
1983 1675 2097 1732 fue-

505 1771 619 1822 rint
652 1778 874 1835 pro,stcr
899 1767 1098 1822 afﬂicti:
1124 1781 1245 1823 nem
1277 1781 1466 1822 suam:
1499 1768 1694 1825 exaudi
1733 1783 1830 1825 eos
1857 1768 1910 1824 in
1935 1769 2096 1834 caelo,
2132 1754 2173 1815 ii

504 1871 559 1913 t-t
590 1858 804 1915 dimitte
841 1868 1066 1928 peccata
1095 1875 1378 1915 servorum
1413 1869 1628 1917 tuorum
1662 1905 1676 1928 ,
1727 1870 1783 1916 et
1810 1862 1991 1931 poliuli
2021 1862 2097 1917 ttti

501 1954 669 2009 israel
691 1971 702 2006 :
728 1963 782 2009 et
811 1950 838 1991 δ
863 1953 1092 2009 ostende
1121 1953 1202 2008 eis
1233 1955 1374 2009 viam
1408 1956 1603 2009 bonam
1632 1968 1727 2023 per
1775 1969 1935 2025 quam
1984 1969 2100 2009 am-

506 2046 716 2111 bulent,
745 2056 799 2101 ct
828 2046 894 2098 da
929 2046 1161 2114 pluviam
1192 2061 1359 2116 super
1386 2058 1590 2103 terram
1620 2058 1790 2114 tuam,
1822 2063 1982 2118 quam
2005 2048 2101 2103 de-

505 2139 631 2192 disti
661 2138 857 2206 pupula
901 2149 991 2191 tuo
1040 2139 1091 2192 in
1123 2139 1542 2206 possessionem.
1579 2137 1777 2195 Fames
1827 2139 1876 2194 si
1906 2139 2097 2196 oborta

503 2228 670 2285 fuerit
694 2229 746 2284 in
775 2242 940 2296 terra,
965 2238 1060 2285 aut
1080 2231 1414 2300 pestilentia,
1439 2244 1525 2285 ant
1556 2241 1847 2302 corruptus
1875 2247 1993 2300 aer,
2009 2243 2102 2288 aut

503 2338 709 2392 aerugo,
744 2325 973 2385 lui-uda,
1007 2322 1221 2394 rubigo,
1261 2332 1317 2379 et
1363 2322 1618 2389 afﬂixerit
1669 2341 1791 2380 eum
1848 2325 2101 2391 inimicus

504 2415 623 2484 ejus
679 2426 865 2485 portas
916 2414 1196 2478 obsidens,
1252 2415 1648 2488 omnisqulg.
1672 2417 1885 2490 omnia]
1916 2419 2098 2491 plaga,

507 2510 758 2567 universa
794 2507 1106 2577 inﬁrmitas,
1130 2520 1321 2565 cuncta
1342 2509 1647 2576 devoratio,
1670 2522 1724 2566 et
1755 2512 2096 2581 imprecatio,

506 2620 630 2673 qua:
657 2604 919 2667 accidetit
948 2605 1096 2661 omni
1129 2606 1334 2663 homini
1364 2605 1434 2663 de
1463 2607 1662 2677 pepulo
1687 2616 1777 2662 tuo
1804 2605 1970 2665 Israel
1997 2626 2010 2661 :
2052 2609 2098 2664 si

505 2696 627 2767 quis
673 2698 993 2768 cognoverit
1044 2700 1251 2769 plagam
1286 2698 1656 2771 [h.cunctam
1705 2702 2007 2758 orationem
2047 2711 2102 2757 et

506 2789 953 2858 deprecationem
993 2807 1112 2862 qua:
1160 2792 1321 2846 fuerit
1350 2793 1497 2847 omni
1549 2793 1754 2849 homini
1787 2793 1855 2849 de
1902 2794 2102 2864 pepulo

507 2894 601 2937 tuo
626 2883 810 2952 Israel,
856 2900 979 2938 cum
1008 2885 1367 2954 cognoverint
1398 2883 1649 2957 plagam]
1698 2886 1881 2942 cordis
1909 2887 2016 2951 uti,
2048 2896 2105 2943 et

507 2973 1037 3042 expanderitmanus
1065 2990 1193 3032 snas
1225 2977 1276 3031 in
1308 2977 1473 3032 domo
1502 2977 1603 3033 hac
1629 2995 1643 3034 :
1671 2988 1726 3037 tu
1754 2979 2015 3036 exaudies
2046 2979 2101 3036 in

504 3067 645 3121 creto
673 3068 726 3123 iu
758 3067 882 3121 loco
912 3067 1263 3129 habitationis
1292 3078 1419 3131 tur,
1463 3080 1517 3125 et
1548 3071 2018 3141 repropitiaberis,
2047 3080 2103 3129 et

2190 464 2439 519 conversi
2466 463 2741 535 deprecati
2776 472 2828 519 te
2857 463 2998 536 [Με.
3030 474 3163 519 tacet
3190 462 3279 536 te]
3312 463 3512 520 fuerint
3533 464 3587 519 in
3614 468 3785 535 captio

2192 555 2357 610 vitate
2398 569 2525 619 sua,
2582 555 2866 612 dicentes:
2899 555 3255 612 Peccavimus
3279 597 3296 623 ,
3339 556 3522 627 inique
3550 556 3783 627 egimus,

2191 646 2354 716 impie
2380 647 2682 718 gessimus:
2715 659 2770 704 et
2803 649 3010 703 reversi
3050 648 3337 705 iuerintad
3372 659 3424 705 te
3448 649 3500 705 in
3532 648 3787 705 universo

2192 738 2356 794 corde
2382 754 2503 806 suo,
2532 752 2585 793 et
2615 740 2671 794 in
2708 747 2820 795 tota
2845 741 3029 796 anima
3070 757 3166 797 sua
3196 742 3248 797 in
3277 751 3423 798 terra
3440 742 3787 799 inimicorum

2193 845 2437 895 suorum,
2463 832 2711 903 adquam
2735 833 2936 902 captivi
2967 833 3121 890 ducti
3151 847 3277 890 sunt
3300 833 3487 907 [ναις.
3522 834 3786 908 fuerint]:

2190 936 2245 979 et
2270 927 2548 981 oraverint
2573 936 2624 981 te
2654 935 2848 982 centra
2884 927 3025 982 viam
3059 938 3216 984 terrae
3236 942 3373 994 suae,
3399 944 3562 1000 quam
3590 928 3791 985 dedisti

2196 1013 2437 1089 patrihus
2460 1034 2670 1088 eorum,
2698 1030 2755 1077 et
2783 1022 3046 1086 civitatis,
3075 1037 3236 1093 quam
3262 1022 3571 1093 elegisti.et
3594 1020 3792 1092 templi

2197 1112 2271 1184 [h.
2299 1111 2513 1185 domus]
2544 1115 2688 1185 quod
2718 1114 2981 1171 aediﬁcavi
3013 1116 3221 1171 nomini
3273 1129 3403 1172 tuo:
3443 1117 3709 1173 exattdies
3736 1117 3791 1173 in

2196 1205 2361 1270 ctelo,
2405 1207 2458 1262 in
2488 1208 2831 1264 firmamento
2868 1209 2988 1264 solii
3023 1210 3121 1274 tui,
3154 1210 3435 1266 orationes
3474 1224 3688 1276 eorum,
3738 1215 3797 1264 et

2200 1313 2390 1369 preces
2420 1315 2608 1356 eorum
2643 1299 2770 1373 [Μσ.
2801 1310 2934 1355 tacet
2981 1300 3219 1373 eorum],
3250 1312 3305 1358 et
3339 1301 3793 1372 faciesjndicium

2197 1406 2388 1447 eorum
2410 1408 2425 1445 :
2446 1402 2503 1448 et
2521 1394 2903 1464 propitiaberis
2933 1395 3135 1464 pepulo
3158 1404 3250 1451 tuo
3275 1397 3366 1466 qui
3400 1395 3645 1466 peccavit
3669 1394 3793 1461 tibi,

2199 1494 2253 1539 et
2282 1484 2534 1541 omnibus
2558 1486 2936 1556 iniquitatibus
2956 1501 3173 1556 eorum,
3216 1488 3415 1558 quibus
3443 1488 3796 1559 praevaricati

2201 1585 2330 1631 sunt
2359 1577 2411 1631 in
2443 1586 2533 1632 te:
2566 1584 2622 1632 et
2663 1577 2822 1634 dabis
2871 1578 3304 1635 misericiirdiam
3347 1593 3533 1634 coram
3562 1580 3644 1636 eis
3701 1580 3796 1649 qui

2201 1685 2296 1725 eos
2332 1669 2576 1741 captivus
2616 1671 2922 1738 habuerint,
2967 1682 3027 1728 ut
3072 1672 3435 1733 misereantur
3471 1673 3574 1730 eis.
3616 1672 3797 1742 Popu-

2206 1762 2290 1817 lus
2317 1765 2460 1818 euitn
2509 1772 2631 1821 tuus
2675 1776 2782 1833 est,
2831 1775 2885 1820 et
2915 1765 3204 1823 Ita~reditas
3231 1777 3343 1834 tua,
3372 1782 3509 1838 quos
3556 1765 3796 1822 eduxisti

2202 1853 2271 1911 de
2319 1865 2461 1911 terra
2495 1855 2712 1929 [Egypti
2744 1856 2838 1929 [h.
2873 1857 2943 1914 de
2967 1856 3268 1931 Egypto],
3322 1859 3389 1916 de
3421 1859 3602 1914 medio
3655 1858 3795 1930 illa.

2202 1947 2401 2021 domo]
2451 1948 2694 2008 fornacis
2726 1952 2939 2009 ferreae.
2985 1952 3054 2008 Ut
3082 1954 3195 2009 sint
3223 1955 3366 2008 oculi
3412 1955 3486 2009 tui
3516 1954 3688 2024 aperti
3728 1953 3797 2009 ad

2201 2041 2645 2111 deprecationem
2681 2045 2821 2099 servi
2848 2046 2943 2112 tui,
2970 2056 3020 2100 et
3048 2046 3230 2115 populi
3263 2046 3336 2099 tui
3367 2044 3500 2117 [ιιι.
3533 2055 3667 2100 taret
3690 2043 3800 2117 tui]

2204 2132 2398 2199 Israel,
2432 2145 2489 2190 et
2530 2136 2793 2191 enudias
2820 2150 2917 2192 eos
2968 2138 3021 2192 in
3063 2137 3337 2195 universis
3364 2153 3462 2209 pro
3489 2136 3688 2209 quibus
3719 2138 3805 2194 in-

2205 2226 2517 2284 voc;tvet‘ittt
2543 2238 2616 2285 te.
2657 2228 2735 2284 'I‘u
2764 2230 2908 2285 enim
2928 2230 3198 2298 separasti
3221 2247 3316 2287 eos
3348 2230 3443 2286 tibi
3477 2232 3532 2286 in
3563 2230 3798 2289 haeredi-

2203 2332 2367 2378 tatem
2391 2322 2460 2378 de
2489 2324 2753 2380 universis
2777 2324 2994 2395 populis
3018 2335 3199 2392 terrae,
3229 2325 3366 2381 sicut
3396 2324 3608 2382 locutus
3627 2339 3689 2380 es
3710 2339 3810 2395 per

2204 2414 2389 2471 Mosen
2421 2431 2641 2473 servum
2674 2428 2820 2473 tuum
2844 2417 2921 2490 [h.
2955 2434 3051 2489 per
3076 2433 3294 2475 manum
3327 2418 3496 2490 Moysi
3518 2419 3660 2474 servi
3683 2419 3807 2491 tui],

2202 2509 2420 2580 quando
2449 2509 2681 2565 eduxisti
2724 2506 2905 2580 patres
2934 2521 3155 2567 nostros
3184 2510 3250 2567 de
3278 2509 3541 2583 Egypto,
3583 2511 3814 2569 Domine

2208 2603 2366 2656 Dens.
2402 2600 2487 2672 [T.
2521 2601 2742 2673 XXIV.]
2787 2602 3013 2659 Factum
3040 2611 3127 2659 est
3161 2614 3362 2668 autem,
3395 2619 3518 2660 cum
3545 2603 3817 2677 comples-

2203 2708 2282 2749 set
2327 2694 2579 2751 Salommt
2620 2712 2786 2751 orans
2835 2697 3119 2752 Dominum
3159 2712 3378 2752 omnem
3416 2698 3718 2752 orationem
3760 2706 3816 2752 et

2203 2786 2643 2856 deprecationem
2674 2787 2847 2857 hanc,
2894 2789 3133 2843 surrexit
3181 2789 3249 2844 de
3294 2800 3590 2860 conspectu
3620 2788 3817 2845 altaris

2208 2881 2420 2937 Domini
2451 2899 2466 2936 :
2500 2890 2790 2954 utrumque
2814 2884 2959 2939 enim
2987 2899 3131 2954 genu
3161 2885 3215 2938 in
3250 2893 3448 2939 terram
3493 2884 3706 2951 fixerat,
3757 2891 3817 2939 et

2208 2988 2402 3029 manus
2429 2975 2767 3045 expanderat
2805 2974 2873 3030 ad
2911 2975 3132 3032 ctelum.
3169 2975 3327 3032 Stetit
3361 2992 3512 3046 ergo,
3555 2985 3611 3032 et
3652 2977 3821 3033 bene-

2204 3065 2346 3122 dixit
2385 3067 2533 3121 omni
2560 3066 2808 3122 ecclesias
2832 3065 2995 3122 Israel
3029 3081 3161 3124 voce
3198 3082 3418 3138 magna,
3449 3067 3639 3123 dicens
3670 3087 3683 3124 :
3716 3067 3822 3124 Be-

504 3158 673 3212 tacies
705 3170 762 3213 ut
808 3159 904 3214 de,-
946 3158 1242 3232 unicnique
1264 3160 1565 3217 secundum
1596 3176 1785 3218 omnes
1819 3163 1931 3219 vias
1951 3178 2100 3231 suas,
2130 3144 2179 3208 C
2211 3159 2463 3215 nedicttts
2517 3158 2801 3225 Dominus,
2857 3160 2949 3230 qui
2977 3159 3126 3216 dedit
3177 3160 3422 3232 requiem
3477 3160 3675 3231 populo
3717 3174 3821 3217 suo

506 3252 647 3304 sicut
679 3250 880 3307 videris
917 3249 1065 3324 [Με.
1101 3252 1327 3325 videns]
1367 3269 1464 3308 cor
1514 3256 1662 3324 (quia
1698 3266 1754 3309 tn
1783 3256 1927 3311 nosti
1954 3256 2104 3315 solus

503 3360 601 3398 eor
627 3346 868 3400 omnium
919 3344 1158 3401 filiorum
1192 3345 1517 3418 hominum)
1550 3362 1606 3413 ut
1641 3349 1866 3405 timeant
1897 3358 1950 3405 te
1972 3366 2107 3405 cuo-

503 3435 608 3489 ctis
654 3433 891 3501 diebus,
947 3435 1146 3507 quibus
1193 3438 1383 3493 vivunt
1430 3454 1596 3507 super
1666 3437 1858 3494 faciem
1919 3451 2102 3508 terrae,

498 3543 660 3596 quam
706 3527 908 3589 dedisti
957 3528 1201 3601 patribus
1255 3532 1477 3589 nostris.
1521 3532 1749 3604 Insuper
1809 3542 1865 3588 et
1913 3535 2106 3591 alieni-

502 3638 663 3693 gena,
708 3625 801 3695 qui
858 3639 971 3681 non
1012 3625 1199 3689 estde
1246 3627 1446 3695 populo
1486 3635 1580 3684 tuo
1610 3627 1795 3689 Israel.
1843 3645 1966 3684 cum
2010 3645 2104 3689 ve-

507 3716 650 3773 nerit
688 3716 757 3770 de
803 3726 947 3770 terra
987 3717 1280 3787 longinqua
1305 3728 1525 3788 propter
1556 3733 1759 3777 nomen
1791 3728 1944 3774 tuum
1974 3729 2102 3791 (au-

504 3808 682 3863 dietur
753 3808 899 3869 enim
964 3824 1159 3867 nomen
1232 3821 1383 3865 tuum
1439 3826 1733 3882 magnum,
1806 3821 1860 3868 et
1909 3829 2102 3873 manus

502 3911 593 3958 tua
647 3902 821 3968 fortis,
882 3914 934 3961 et
983 3902 1262 3961 brachium
1316 3915 1467 3963 tuum
1516 3913 1831 3972 extentum,
1890 3905 2096 3979 ubique)

503 3994 583 4069 [h.
611 4010 719 4051 non
752 3992 952 4067 habet];
976 4010 1100 4055 cum
1132 3994 1592 4069 veneritergojet
1625 3996 1863 4057 oraverit
1889 3996 1941 4053 in
1977 3998 2101 4055 loco

501 4085 609 4141 hoc
628 4086 711 4159 ιιι.
738 4086 789 4143 iu
819 4086 982 4147 domo
1006 4085 1150 4157 bac],
1201 4096 1259 4149 tu
1287 4086 1551 4158 exaudies
1579 4087 1633 4143 in
1661 4087 1806 4143 creto
1835 4072 1885 4143 in
1919 4088 2099 4145 firma-

500 4192 686 4234 mento
718 4177 1011 4239 habitaculi
1040 4181 1142 4245 tui,
1172 4187 1233 4239 et
1255 4177 1422 4235 facies
1448 4180 1636 4235 omnia
1665 4196 1762 4250 pro
1785 4181 1988 4252 quibus
2012 4182 2095 4238 in-

500 4268 783 4327 vocaverit
813 4281 865 4324 te
895 4269 1200 4347 alienigena
1244 4289 1255 4324 :
1289 4279 1349 4325 ut
1397 4269 1609 4329 discant
1639 4271 1881 4331 universi
1916 4273 2100 4351 populi

502 4375 770 4425 terrarum
822 4377 1019 4421 nomen
1074 4371 1223 4415 tttutn
1282 4362 1495 4429 timere,
1529 4362 1669 4425 sicut
1699 4364 1934 4433 populus
1974 4371 2099 4423 tuus

498 4454 686 4518 Israel,
718 4462 773 4511 et
799 4452 1036 4524 probent
1083 4455 1208 4524 quia
1244 4469 1441 4515 nomen
1475 4466 1622 4509 tuum
1677 4457 1984 4513 invocatum
2012 4467 2097 4513 est

2211 3248 2400 3316 Israel,
2439 3249 2592 3319 juxta
2622 3251 2802 3307 omnia
2834 3266 2953 3321 qua:
2982 3250 3191 3307 locutus
3218 3264 3302 3309 εει
3333 3269 3349 3310 :
3380 3269 3490 3307 non
3521 3252 3719 3309 cecidit
3751 3268 3822 3309 ne

2210 3356 2350 3395 unus
2376 3340 2595 3412 quidem
2623 3357 2826 3404 sermo,
2873 3356 2939 3397 ex
2984 3342 3236 3399 omnibus
3267 3344 3424 3400 bonis
3452 3359 3575 3416 qua:
3607 3345 3820 3401 Ivcutns

2208 3442 2294 3489 est
2323 3447 2418 3503 per
2449 3433 2635 3489 Mosen
2685 3449 2901 3490 servum
2943 3450 3098 3491 suum
3132 3434 3210 3509 [h.
3243 3453 3339 3506 per
3380 3429 3595 3493 manuni
3643 3436 3820 3509 Moysi

2208 3526 2350 3579 servi
2382 3523 2509 3596 sui].
2542 3524 2627 3581 Sit
2658 3526 2914 3582 Dominus
2944 3527 3087 3583 Deus
3114 3539 3299 3586 noster
3338 3532 3646 3599 nobiscmn,
3680 3530 3822 3587 sicut

2210 3616 2309 3672 fuit
2334 3634 2458 3673 cuin
2483 3620 2731 3692 patribus
2763 3621 2985 3691 nostris,
3018 3636 3127 3678 non
3147 3621 3539 3695 derelinquens
3565 3640 3686 3694 nos,
3715 3641 3818 3682 ne-

2206 3725 2311 3781 que
2351 3710 2666 3781 projiciens.
2713 3711 2818 3768 Sed
2863 3712 3085 3769 inclinet
3115 3716 3278 3771 corda
3324 3727 3511 3774 nostra
3547 3717 3614 3772 ad
3645 3733 3727 3784 se,
3759 3726 3820 3774 ut

2206 3799 2548 3856 ambulemus
2599 3802 2652 3858 in
2700 3803 2965 3861 universis
2996 3806 3097 3861 viis
3146 3808 3289 3880 ejus,
3335 3818 3391 3866 et
3440 3809 3819 3867 custodiamus

2207 3888 2456 3947 mandata
2479 3893 2621 3964 ejus,
2649 3905 2704 3950 et
2730 3897 3086 3952 caeremonias
3113 3897 3233 3969 ejus
3253 3897 3379 3972 Ws.
3406 3910 3540 3956 taret
3569 3900 3731 3973 ejus],
3762 3910 3820 3958 et

2201 3984 2402 4053 judicia
2449 4002 2805 4060 quaecumque
2846 3988 3127 4046 mandavit
3176 3993 3423 4064 panibus
3476 3996 3703 4051 nostris.
3751 3995 3817 4050 Et

2204 4079 2311 4133 sint
2344 4092 2631 4135 sermones
2654 4082 2758 4136 mei
2789 4081 2897 4148 isti,
2918 4083 3118 4153 quibus
3138 4084 3462 4155 deprecatus
3483 4101 3603 4142 sum
3626 4102 3817 4143 ceram

2206 4172 2456 4242 Domino,
2486 4176 2991 4248 appropinquantes
3023 4178 3254 4237 Domino
3282 4180 3392 4236 Deo
3426 4192 3616 4239 nostro
3643 4184 3733 4241 die
3752 4199 3818 4241 ac

2192 4275 2384 4331 nocte,
2417 4273 2477 4321 ut
2531 4264 2689 4323 faciat
2738 4266 3006 4337 judicium
3040 4268 3224 4342 [Vulg.
3260 4272 3410 4327 addit
3454 4272 3603 4347 cum]
3654 4290 3816 4333 servo

2202 4374 2324 4426 suo,
2355 4368 2411 4416 et
2441 4360 2645 4432 populo
2668 4376 2766 4416 suo
2796 4359 2923 4435 [Ms.
2947 4370 3080 4418 tacet
3107 4364 3228 4436 suo]
3256 4365 3421 4423 Israel
3454 4383 3551 4438 per
3570 4369 3817 4441 singulos

2202 4451 2319 4507 dies
2353 4464 2447 4507 :et
2480 4452 2659 4508 sciant
2698 4467 2886 4508 omnes
2938 4456 3121 4524 populi
3180 4466 3360 4521 terrae,
3394 4459 3517 4525 quia
3553 4457 3815 4515 Dominus

497 4568 663 4623 super
711 4552 933 4611 domum
985 4550 1152 4616 hanc,
1209 4565 1370 4621 quam
1403 4549 1694 4608 ardilicavi.
1743 4550 1801 4607 Si
1841 4528 2095 4622 egressus
2119 4535 2176 4597 Β
2202 4545 2317 4614 ipse
2344 4559 2427 4603 eet
2447 4546 2612 4613 Deus,
2648 4557 2703 4603 et
2726 4532 2831 4600 non
2864 4557 2949 4602 est
2969 4549 3111 4603 ultra
3139 4547 3343 4620 absque
3368 4564 3456 4606 eo.
3488 4548 3574 4606 Sit
3598 4566 3815 4623 quoque

495 4645 656 4701 inerit
690 4644 919 4713 populus
964 4652 1089 4699 tuus
1115 4642 1183 4699 ad
1212 4642 1416 4698 bellum
1448 4656 1639 4699 centra
1670 4644 1920 4707 inimicos
1964 4660 2096 4703 suos

499 4738 576 4812 [h.
605 4734 1109 4808 inimicumlsuum],
1142 4751 1236 4807 per
1266 4738 1436 4801 viam,
1464 4747 1485 4774 ε
1510 4752 1853 4810 quocumque
1883 4738 2097 4799 miseris

497 4844 618 4897 eos,
649 4829 882 4889 orabunt
915 4837 967 4885 te
993 4840 1186 4887 contra
1213 4829 1354 4884 viam
1383 4827 1639 4895 civitatis,
1666 4845 1832 4903 quam
1854 4828 2091 4904 elegisti,

491 4931 549 4977 et.
592 4930 786 4977 centra
812 4921 1057 4987 domum,
1088 4936 1257 4990 quam
1298 4920 1559 4981 :ediﬁcavi
1607 4921 1811 4978 nomini
1864 4930 1996 4989 tuo,
2036 4932 2094 4980 et

491 5010 750 5073 exaudies
795 5012 847 5064 in
901 5011 1043 5071 ccelo
1068 5010 1194 5086 [b.]
1226 5016 1529 5071 orationem
1560 5027 1777 5079 eorum,
1799 5021 1852 5068 el
1873 5028 2090 5085 precem

492 5116 707 5163 eet-um,
736 5112 792 5155 et
835 5100 1002 5159 facies
1041 5102 1303 5172 judicium
1335 5118 1546 5158 eorum.
1582 5101 1665 5175 [T.
1696 5102 1912 5176 XXIII.]
1934 5105 2089 5173 Quod

492 5196 549 5251 si.
571 5193 913 5263 peccaverint
935 5192 1029 5247 tibi
1064 5194 1083 5265 (
1107 5208 1216 5250 non
1238 5202 1325 5249 est
1348 5192 1501 5251 enim
1529 5193 1697 5251 homo
1712 5197 1811 5264 qui
1828 5211 1943 5251 non.
1968 5211 2092 5264 pee-

489 5291 600 5353 cet)
630 5298 683 5340 et
716 5286 883 5339 iratus
926 5285 1218 5340 tradideris
1262 5300 1358 5341 eos
1386 5287 1619 5343 inimicis
1641 5289 1776 5350 suis,
1809 5299 1864 5342 et
1892 5291 2091 5359 captivi

491 5380 638 5435 ducti
673 5377 873 5434 fuerint
900 5379 950 5435 in
979 5386 1175 5435 terram
1209 5381 1552 5437 inimicorum
1577 5380 1898 5455 [h.inimici]
1932 5384 2088 5456 longe

489 5473 572 5528 vel
609 5487 773 5542 prope
796 5512 811 5536 ,
843 5480 899 5526 et
923 5472 1134 5542 egerint
1162 5475 1547 5542 penitentiam.
1591 5477 1643 5530 in
1677 5477 1840 5533 corde
1887 5492 1988 5534 suo
2030 5480 2086 5537 in

556 5618 580 5644 ιι
616 5606 859 5661 Pressius
888 5603 1116 5680 Hebrum
1167 5605 1311 5667 idem
1347 5623 1449 5666 ms.
1478 5610 1713 5680 plurium
1744 5627 1971 5671 numero
1996 5613 2088 5671 ha-

475 5680 586 5740 bet,
617 5682 741 5748 quia
769 5677 1031 5748 peccaturi
1053 5690 1192 5732 sum.

542 5752 563 5787 ιι
595 5747 811 5804 Ret-tius
837 5750 1027 5805 iterum
1063 5767 1164 5805 III)‘.
1192 5747 1489 5807 Veroneas.
1513 5751 1566 5807 in
1596 5750 2085 5830 futuro_ortendes,

2198 4653 2294 4694 cor
2324 4650 2570 4695 nostrum
2607 4640 2904 4711 perfectum
2938 4656 3061 4696 cum
3104 4641 3334 4697 Domino
3363 4643 3476 4699 Deo
3508 4659 3720 4715 nostro,
3755 4656 3814 4704 ιιι

2198 4729 2541 4785 ambulemus
2556 4732 2606 4784 iu
2621 4732 2860 4788 decretis
2872 4731 3010 4801 ejus,
3024 4734 3462 4792 etcustodiamus
3478 4736 3556 4810 [h.
3579 4738 3659 4794 Sit
3673 4754 3811 4811 quo-

2197 4838 2302 4897 que
2324 4838 2422 4883 cor
2449 4835 2695 4878 vestrum
2722 4824 3018 4893 perfectum
3044 4840 3166 4882 cum
3195 4825 3427 4905 Domino
3453 4829 3562 4886 Deo
3595 4842 3805 4907 nostro,

2195 4915 2662 4971 adambulandum
2680 4917 2731 4970 in
2744 4916 2977 4973 decretis
2990 4918 3128 4989 ejus,
3146 4920 3652 4995 etcustodiendum]
3665 4938 3809 4981 man-

2200 5008 2326 5062 data
2348 5006 2485 5077 ejus,
2510 5009 2650 5063 sicut
2669 5018 2723 5065 et
2740 5008 2919 5065 hodie.
2935 5007 3101 5081 Igitur
3116 5026 3212 5067 rex
3237 5012 3481 5068 etomnis
3505 5013 3804 5073 Israelcnm

2201 5117 2268 5158 eo
2298 5101 2655 5158 immolabant
2687 5104 2934 5158 vietimas
2954 5118 3137 5159 coram
3171 5105 3418 5161 Domino.
3442 5105 3803 5180 Mactavitque

2196 5197 2452 5255 Salomon
2484 5197 2694 5255 hostias
2742 5199 3016 5268 pacificas,
3045 5214 3183 5270 quas
3221 5199 3519 5255 immolavit
3552 5201 3798 5268 Domino,

2194 5294 2359 5348 boum
2384 5292 2569 5364 viginti
2599 5293 2713 5347 duo
2733 5292 2897 5347 millia
2930 5309 2945 5345 :
2977 5293 3187 5357 ovium,
3215 5302 3435 5349 centum
3466 5295 3649 5365 viginti
3678 5295 3801 5349 mil-

2193 5386 2263 5442 lia
2306 5401 2403 5444 :et
2435 5386 2822 5444 dedicaverunt
2869 5387 3128 5458 templum
3159 5384 3236 5460 [h.
3285 5385 3528 5467 domum]
3582 5388 3792 5445 Domini

2193 5497 2285 5538 rex
2317 5492 2375 5538 et
2400 5480 2496 5537 ﬁlii
2528 5481 2718 5536 Israel.
2755 5478 2839 5552 [Τ.
2874 5477 3067 5551 XXV.]
3095 5479 3152 5536 In
3184 5479 3271 5536 die
3303 5480 3395 5537 illa
3435 5480 3799 5539 sanetilicavit

2199 5631 2321 5672 cum
2351 5613 2579 5671 Hebrum
2599 5626 2764 5681 mm,
2798 5613 3026 5669 docebis.

2273 5697 2296 5726 ο
2333 5687 2476 5743 Idem
2507 5701 2611 5742 ms.
2634 5702 2727 5759 per
2749 5688 2885 5741 viam
2902 5702 3303 5760 quamcumque.
