4144 6364
386 226 515 316 ’695

1407 259 1467 316 S.
1510 255 1895 315 HIEBONYMI
1931 256 2170 316 DIVINA
2207 257 2687 319 BIBLIO'I'HECA.

3595 262 3703 323 696

408 375 807 445 AsiomGaber,
838 392 958 450 qua:
987 387 1070 434 est
1106 378 1260 450 juxta
1289 376 1461 434 Ailam
1489 375 1567 451 [h.
1601 373 1788 449 Eloth]
1829 377 1882 433 in
1911 377 2002 433 lit—
2027 380 2077 443 Α
2107 376 2192 452 [Τ.
2216 378 2629 453 XXXll.]Fccit
2654 395 2873 454 quoque
2895 395 2985 438 rex
3010 380 3269 438 Salomon
3292 382 3526 439 ducenta
3550 391 3702 437 scuta

413 478 534 528 tore
575 472 741 527 maris
770 470 960 539 Rubri,
988 472 1040 527 in
1067 480 1206 527 terra
1231 469 1508 525 Idumaeas.
1536 469 1789 539 Misitque
1824 469 2006 525 lliram

412 564 473 620 in
496 565 673 621 classe
702 565 790 621 illa
818 580 1007 622 servos
1030 579 1165 619 suos
1193 564 1340 619 viros
1370 561 1498 635 [Μδ.
1534 571 1666 617 tacet
1690 560 1857 633 viros]
1880 574 2011 617 nau-

416 659 558 715 ticos
585 671 639 715 et
668 674 869 732 gnaros
897 661 1084 726 maris,
1132 673 1253 714 cum
1303 658 1479 714 servis
1528 656 1857 715 Salomonis.
1907 657 2011 726 Qui

412 766 535 808 cum
567 754 843 810 venissent
876 753 930 807 in
950 751 1142 821 Ophis,
1171 760 1452 820 sumptum
1492 751 1619 806 inde
1658 765 1852 806 aurum
1878 765 2013 820 qua-

414 844 826 917 dringentorum
864 844 1052 916 viginti
1100 843 1452 909 talentorum,
1479 843 1799 900 detulerunt
1828 844 1895 898 ad
1926 858 2013 899 re-

415 953 536 1010 gem
561 938 934 995 S-lmaonem.

490 1030 573 1103 [Τ.
603 1029 774 1096 XXX,
807 1029 935 1103 Cap.
968 1028 1063 1103 X.]
1091 1029 1198 1087 Sed
1227 1038 1284 1087 et
1313 1031 1501 1101 regina
1533 1029 1698 1095 Saba,
1725 1030 1906 1084 audita
1935 1029 2014 1084 l‘a-

414 1137 506 1178 ma
529 1121 836 1179 Salomonis
867 1122 920 1178 in
948 1123 1174 1179 nomine
1202 1122 1446 1189 Domini,
1477 1123 1629 1178 venit
1648 1130 1858 1178 tentare
1888 1137 2012 1178 eum

414 1217 471 1273 in
513 1216 909 1287 :enigmatibus.
962 1216 1032 1272 Et
1075 1217 1318 1288 ingressa
1349 1215 1652 1272 Jerusalem
1693 1214 1864 1270 multo
1890 1230 2012 1271 cum

416 1308 545 1382 [Με.
574 1318 705 1364 tacet
725 1309 871 1382 cum]
904 1309 1186 1377 comitatu,
1209 1319 1265 1366 et
1289 1308 1514 1377 divitiis,
1542 1309 1765 1364 camelis
1794 1317 2015 1379 portan-

414 1402 558 1457 tibus
587 1412 860 1470 aromata,
888 1411 945 1458 et
974 1418 1164 1458 aurqu
1188 1402 1459 1457 inlinituui
1493 1402 1673 1466 nimis,
1698 1408 1753 1456 et
1772 1415 2014 1471 gemmas

415 1496 682 1567 pretiosas
702 1537 719 1564 ,
770 1497 913 1551 venit
943 1497 1012 1550 ad
1042 1506 1070 1533 ι
1104 1510 1287 1565 regem
1336 1494 1720 1559 Salomonem,
1751 1503 1806 1549 ct
1835 1494 2015 1548 locuta

415 1597 501 1643 est
529 1588 579 1643 ei
604 1588 858 1643 universa
887 1602 1008 1658 qua:
1051 1587 1284 1642 habebat
1314 1588 1368 1641 in
1397 1585 1564 1642 corde
1592 1600 1716 1655 suo,
1747 1592 1804 1641 et
1831 1583 2017 1640 docuit

415 1695 536 1737 eam
575 1680 652 1751 [h.
689 1689 747 1736 et
787 1678 1057 1736 nuntiavit
1083 1676 1153 1750 ei]
1182 1678 1443 1734 Salomon
1472 1678 1652 1733 omnia
1685 1676 1849 1732 verba
1893 1691 2014 1747 quae

2113 471 2193 544 [h.
2238 472 2501 529 ducentas
2530 474 2734 547 hastas]
2763 476 2831 531 de
2854 490 2988 531 auro
3020 492 3176 546 puro,
3221 487 3509 532 sexcentos
3539 476 3703 531 siclos

2110 567 2227 622 auri
2249 566 2328 639 [h.
2344 577 2632 623 sexcentos
2642 569 2881 641 aureos],
2894 568 3040 625 dedit
3056 570 3108 625 in
3125 570 3354 625 laminas
3367 569 3507 625 scuti
3524 570 3702 625 unius.

2114 658 2183 714 Et
2213 667 2481 715 trecentas
2511 661 2685 730 peltas
2716 660 2795 733 [h.
2842 674 3087 718 trecenta
3114 663 3290 737 scuta]
3314 680 3380 719 ex
3418 679 3552 719 auro
3582 679 3710 735 pro—

2114 753 2241 808 hato
2276 772 2288 808 :
2321 762 2578 810 trecentae
2609 755 2771 810 minae
2805 755 3126 829 [tresmnm]
3167 758 3283 812 auri
3315 773 3477 813 unam
3508 757 3709 827 peltam

2114 843 2421 900 vestiebant
2439 864 2451 899 :
2469 846 2756 915 posuitque
2784 861 2846 901 ea
2872 863 2967 902 rex
2989 847 3041 902 in
3072 848 3236 902 domo
3257 846 3284 885 ἀ
3312 848 3482 903 saltus
3495 848 3706 905 Libani.

2115 936 2441 993 Fecitetiam
2465 955 2558 994 rex
2582 937 2841 995 Salomon
2866 940 3123 996 thronum
3146 941 3216 996 de
3238 941 3403 996 ebore
3415 942 3707 1012 grandem:

2113 1037 2171 1085 et
2193 1022 2418 1084 vestivit
2448 1046 2571 1085 eum
2595 1045 2731 1085 auro
2759 1031 2905 1086 fulvo
2926 1032 3087 1086 nimis
3108 1031 3186 1105 [h.
3206 1021 3340 1086 adro
3361 1031 3714 1106 obryzo],qui

2119 1121 2350 1178 habebat
2374 1138 2471 1178 sex
2488 1124 2727 1194 gradus:
2751 1135 2801 1178 et
2826 1126 3110 1180 summitas
3129 1126 3307 1181 throni
3335 1125 3561 1181 rotunda
3593 1133 3717 1181 erat

2117 1216 2172 1271 in
2198 1228 2346 1286 parte
2368 1218 2757 1286 posteriorizet
2786 1217 2906 1273 dum
2934 1220 3009 1291 [h.
3032 1234 3137 1273 non
3163 1216 3345 1289 habet]
3376 1234 3569 1274 manus
3591 1218 3718 1275 hinc

2117 1320 2279 1382 atque
2303 1301 2427 1366 inde
2455 1320 2707 1367 tenentes
2728 1311 2897 1367 sedile
2923 1328 2939 1369 :
2965 1323 3018 1367 et
3042 1313 3148 1367 duo
3167 1312 3245 1385 [h.
3275 1328 3381 1367 non
3401 1312 3585 1385 habet]
3608 1313 3720 1368 leo-

2118 1417 2215 1458 nes
2244 1401 2463 1457 stabant
2485 1402 2640 1471 juxta
2669 1418 2861 1459 manus
2890 1404 3126 1475 singulas
3149 1403 3227 1477 [h.
3262 1420 3368 1460 non
3407 1403 3595 1477 habet]
3622 1422 3635 1458 :
3661 1409 3723 1460 et

2119 1495 2407 1551 duodecim
2438 1496 2670 1554 leunculi
2703 1507 2912 1553 stantes
2933 1512 3098 1565 super
3123 1513 3218 1553 sex
3241 1498 3445 1568 gradus
3470 1496 3597 1553 hinc
3637 1507 3721 1552 at-

2118 1605 2224 1661 que
2253 1589 2382 1645 inde
2406 1605 2426 1644 :
2459 1606 2567 1645 non
2598 1599 2686 1645 est
2716 1591 2920 1645 factum
2953 1591 3062 1646 tale
3089 1606 3228 1661 upus
3260 1592 3312 1646 in
3340 1590 3607 1647 universis
3629 1605 3721 1647 re-

2118 1684 2260 1753 gnis.
2297 1682 2405 1737 Sed
2429 1692 2485 1738 et
2509 1683 2690 1738 omnia
2721 1698 2872 1750 vasa,
2904 1683 2975 1740 de
3013 1684 3214 1756 quibus
3245 1684 3469 1754 potabat
3501 1699 3597 1738 rex
3624 1682 3723 1738 Sa-
3778 1713 3785 1718 -

416 1784 781 1847 proposuerat
815 1793 829 1831 :
864 1790 967 1830 non
1014 1774 1115 1829 fuit
1151 1788 1356 1841 sermo,
1388 1772 1479 1843 qui
1510 1787 1690 1843 regem
1724 1780 1909 1841 posset
1933 1772 2013 1825 la-
2050 1780 2095 1839 Β
2124 1776 2325 1843 lomon,
2351 1784 2507 1831 erant
2528 1792 2731 1832 aurea:
2766 1787 2821 1833 et
2851 1778 3105 1833 universa
3136 1776 3240 1849 [h.]
3267 1777 3509 1847 supellex
3531 1776 3724 1833 domus

417 1877 558 1936 tere,
585 1867 614 1907 δ
640 1882 692 1923 ιιι
729 1882 841 1923 non
884 1867 1245 1936 responderet
1285 1865 1357 1922 ei.
1388 1863 1592 1921 Videas
1621 1872 1801 1919 autem
1834 1862 2016 1933 regina

415 1962 563 2020 Saba
588 1977 804 2017 omnem
836 1960 1157 2031 sapientiam
1179 1958 1512 2024 Salomonis,
1536 1967 1591 2013 et
1616 1956 1835 2012 domum
1860 1970 2020 2026 quam

420 2056 806 2123 mdiﬁcaverat,
830 2064 887 2111 et
914 2054 1066 2110 cibos
1089 2053 1168 2127 [h.
1192 2051 1395 2125 cibum]
1427 2067 1629 2107 mensae
1654 2050 1772 2122 ejus
1794 2092 1808 2117 ,
1848 2060 1903 2125 et
1927 2049 2023 2104 ha-

419 2149 658 2205 bitacula
702 2164 1014 2214 servorum,
1061 2157 1117 2202 et
1156 2147 1404 2202 ordinem
1437 2145 1882 2210 ministrantium,
1928 2158 2023 2199 ve-

422 2251 644 2313 stesque
667 2256 881 2304 eorum.
913 2250 968 2296 et
996 2240 1291 2311 pincernas
1320 2248 1374 2294 et
1397 2237 1711 2294 holocausta
1742 2250 1864 2307 qua:
1893 2234 2026 2292 oﬁ‘e-

419 2334 577 2390 rebat
602 2334 656 2389 in
693 2334 858 2388 domo
890 2334 1104 2388 Domini
1132 2350 1145 2387 :
1175 2347 1280 2387 non
1312 2330 1548 2387 habebat
1574 2330 1714 2385 ultra
1751 2327 2023 2400 spiritum.

421 2428 675 2498 Dixitque
697 2427 761 2482 ad
794 2442 975 2499 regem
1009 2445 1023 2484 :
1057 2426 1235 2483 Verus
1280 2433 1366 2481 est
1402 2439 1608 2489 sermo,
1654 2438 1814 2493 quem
1846 2422 2028 2479 audivi

422 2520 481 2577 in
513 2531 663 2578 terra
683 2536 824 2587 mea,
850 2535 1017 2590 super
1040 2518 1384 2575 sermonibus
1410 2519 1612 2591 luis,.et
1633 2530 1795 2584 super
1814 2516 2029 2585 sapien-

424 2615 501 2670 tia
531 2623 620 2670 tua
656 2634 671 2671 :
706 2623 762 2671 et
812 2629 920 2669 non
969 2613 1257 2671 credebam
1292 2608 1640 2666 narrantibus
1668 2607 1820 2670 mihi.
1855 2607 2029 2664 donec

423 2711 542 2781 ipsa
573 2711 722 2779 veni,
745 2720 802 2767 et
824 2710 933 2765 vidi
961 2709 1134 2767 oculis
1162 2707 1320 2776 meis,
1349 2717 1403 2763 et
1431 2706 1654 2778 probavi
1683 2704 1829 2777 quod
1851 2705 2028 2762 media

424 2818 555 2875 pars
590 2803 722 2858 mibi
771 2803 1018 2859 nuntiata
1066 2819 1175 2858 non
1209 2802 1371 2857 fuerit
1401 2818 1415 2855 :
1446 2800 1621 2869 major
1649 2810 1732 2855 est
1764 2799 2031 2868 sapientia

428 2906 487 2954 et
512 2911 682 2966 Opera
711 2904 827 2963 tua,
858 2912 1020 2967 quam
1072 2911 1263 2952 rumor
1290 2910 1451 2965 quem
1500 2893 1703 2949 audivi.
1734 2893 1884 2949 Beati
1933 2893 2034 2949 viri

424 2990 530 3056 tui,
561 2999 617 3044 et
642 2990 787 3045 beati
811 2991 954 3044 servi
985 2990 1083 3059 tui,
1119 2989 1173 3044 hi
1206 2991 1295 3059 qui
1329 2998 1476 3043 stant
1501 3002 1686 3042 coram
1719 2995 1772 3042 te
1794 3002 2032 3057 semper,

429 3091 486 3140 et
511 3082 736 3138 audiunt
766 3084 1088 3154 sapientiam
1124 3091 1293 3138 tuam.
1324 3082 1406 3137 Sit
1434 3080 1695 3136 Dominus
1722 3080 1867 3135 Deus
1912 3091 2035 3135 tuus

2123 1870 2291 1925 saltus
2318 1869 2507 1926 Libani
2534 1870 2602 1925 de
2627 1886 2760 1925 auro
2784 1871 3074 1941 purissimo
3100 1889 3111 1925 :
3144 1887 3249 1927 non
3272 1880 3390 1927 erat
3415 1882 3722 1942 argentum,

2126 1977 2228 2019 nec
2258 1962 2489 2032 alicujus
2520 1964 2677 2033 pretii
2712 1964 3001 2034 putabatur
3054 1964 3106 2018 in
3151 1963 3344 2025 diebus
3392 1962 3724 2019 Salomonis.

2125 2056 2261 2125 Quia
2294 2056 2488 2111 classis
2517 2057 2662 2126 regis
2690 2072 2785 2126 per
2808 2071 2958 2112 mare
2981 2071 3103 2111 cum
3144 2056 3321 2111 classe
3344 2054 3528 2110 llirani
3559 2055 3729 2110 semel

2126 2165 2227 2221 per
2253 2155 2364 2203 tres
2390 2163 2566 2203 annos
2598 2148 2711 2204 ibat
2738 2149 2790 2203 in
2814 2148 3060 2213 Tharsis,
3080 2147 3331 2204 deferens
3361 2146 3488 2203 iude
3513 2163 3729 2214 aurum,

2128 2248 2186 2299 et
2205 2251 2512 2311 argentum,
2544 2251 2600 2295 et
2626 2239 2757 2312 [Ms.
2789 2242 2919 2296 tacet
2950 2240 3025 2313 et]
3056 2240 3252 2297 dentes
3294 2240 3730 2311 elephantorum,

2129 2345 2185 2392 et
2213 2336 2418 2403 simias,
2461 2346 2514 2391 et
2540 2351 2727 2407 pavos.
2760 2337 3139 2407 Magniﬁcatus
3169 2346 3253 2392 est
3281 2351 3416 2407 ergo
3446 2352 3540 2393 rex
3572 2336 3733 2393 Salo-

2132 2445 2259 2487 mon
2288 2444 2452 2500 super
2480 2444 2672 2483 omnes
2693 2444 2851 2500 reges
2880 2439 3066 2496 terra‘,
3109 2429 3336 2494 divitiis,
3363 2439 3417 2484 et
3446 2428 3732 2499 sapientia.

2134 2522 2203 2578 Et
2231 2523 2484 2577 universa
2510 2532 2653 2577 terra
2680 2521 3034 2579 desiderabat
3074 2524 3281 2578 vultum
3309 2522 3640 2590 Salomonis,
3678 2532 3739 2578 ut

2134 2615 2349 2671 audiret
2375 2616 2698 2686 Sapientiam
2722 2616 2860 2685 ejus,
2884 2632 3047 2687 quam
3078 2615 3305 2672 dederat
3331 2617 3475 2671 Deus
3496 2615 3553 2670 in
3574 2615 3740 2672 corde

2134 2710 2274 2781 ejus.
2306 2711 2371 2764 Et
2395 2709 2592 2780 singuli
2614 2706 2949 2765 deferebant
2973 2709 3022 2764 ci
3053 2725 3301 2779 munera,
3344 2724 3469 2765 vasa
3500 2724 3661 2764 aurea
3685 2716 3742 2764 ct

2136 2812 2415 2875 argentea,
2445 2813 2628 2857 vestes
2651 2812 2708 2857 et
2733 2816 2880 2857 arma
2910 2802 3131 2867 bellica,
3163 2813 3403 2858 aromata
3427 2817 3660 2875 quoque,
3685 2809 3742 2857 et

2138 2910 2310 2968 equos
2331 2906 2385 2951 et
2415 2894 2614 2964 mulos,
2646 2910 2745 2967 per
2771 2910 2946 2950 annos
2971 2895 3236 2965 singulos.
3265 2895 3742 2967 Congregavitque

2137 2989 2393 3045 Salomon
2441 3002 2636 3043 currus
2685 2996 2741 3043 et
2770 2987 3005 3057 equites.
3051 2998 3105 3043 et
3154 2986 3279 3043 facti
3324 2996 3452 3043 sunt
3499 2988 3548 3043 ei
3590 2983 3742 3042 mille

2138 3081 2514 3153 quadringenti
2553 3094 2767 3148 currus,
2796 3090 2850 3136 et
2892 3080 3181 3136 duodecim
3237 3080 3405 3135 millia
3452 3079 3742 3152 equitum:

428 3176 772 3245 benedictus,
801 3180 886 3234 eui
918 3178 1165 3249 placuisti
1186 3176 1376 3250 [Vulg.
1410 3175 1823 3246 complacui~ti],
1856 3185 1913 3231 et
1940 3190 2037 3245 ρο·
2061 3174 2107 3237 C
2140 3187 2195 3236 et
2218 3179 2485 3249 disposuit
2512 3191 2609 3232 eos
2637 3192 2733 3247 per
2761 3175 3007 3232 civitates
3035 3178 3271 3231 munitas
3301 3174 3378 3249 [h.
3411 3190 3509 3245 per
3548 3173 3763 3230 civita-'

429 3273 541 3326 suit
584 3281 636 3326 te
664 3287 828 3340 super
857 3273 1110 3327 thronum
1142 3270 1332 3337 Israel,
1378 3285 1446 3326 eo
1475 3270 1621 3341 quod
1653 3269 1904 3325 dilexerit
1933 3269 2040 3325 Do-

430 3364 615 3418 minus
643 3364 812 3420 Israel
843 3366 895 3418 in
920 3364 1341 3435 sempiternum,
1371 3372 1427 3418 et
1443 3362 1729 3419 constituit
1757 3372 1807 3417 te
1829 3377 2036 3433 regem,

430 3464 496 3511 ut
543 3456 755 3513 laceres
801 3456 1068 3525 judicium
1119 3465 1175 3512 et
1199 3456 1489 3526 justitiam.
1546 3456 1706 3511 Dedit
1749 3471 1878 3519 ergo
1925 3455 2041 3527 regi

430 3559 655 3605 centum
683 3551 871 3621 viginti
898 3551 1105 3606 talenta
1133 3551 1274 3616 auri,
1304 3562 1360 3606 et
1384 3560 1628 3606 aromata
1654 3550 1822 3605 multa
1853 3550 2039 3619 nimis,

439 3651 498 3699 et
531 3657 775 3714 gemmas
817 3644 1086 3712 pretiosas
1113 3660 1127 3696 :
1161 3659 1267 3698 non
1295 3653 1419 3698 sunt
1440 3643 1605 3698 allata
1633 3643 1769 3698 ultra
1793 3632 2036 3698 aromata

429 3743 543 3791 tam
578 3737 767 3797 multa,
801 3750 961 3806 quam
993 3751 1056 3791 ea
1084 3751 1204 3806 quae
1234 3735 1387 3791 dedit
1414 3738 1597 3807 regina
1630 3734 1774 3791 Saba
1805 3735 1917 3807 regi
1941 3734 2041 3791 Sa-

431 3827 660 3883 lomoni.
696 3827 828 3896 (Sed
860 3836 916 3882 et
945 3829 1139 3883 classis
1175 3828 1383 3894 lliram,
1412 3845 1534 3899 qua:
1559 3829 1810 3899 portabat
1844 3843 2036 3883 aurum

432 3919 501 3975 de
528 3918 718 3988 Ophir,
748 3921 928 3976 attulit
959 3937 1027 3976 ex
1052 3920 1224 3990 Opbir
1245 3922 1390 3992 ligna
1413 3930 1435 3960 ο
1459 3920 1645 3993 tliyina
1664 3920 1832 3975 multa
1855 3920 2036 3987 nimis,

431 4022 491 4071 et
513 4029 756 4084 gemmas
794 4015 1077 4084 pretiosas.
1112 4014 1372 4084 Fecitque
1403 4029 1507 4070 rex
1534 4014 1602 4069 de
1645 4014 1807 4084 lignis
1839 4012 2040 4086 thyinis

428 4107 605 4164 fulcra
635 4107 830 4164 domus
860 4108 1113 4175 Domini,
1144 4118 1199 4163 et
1227 4108 1422 4162 domus
1471 4107 1634 4177 regia:
1655 4148 1669 4171 ,
1721 4115 1776 4161 et
1802 4106 2039 4162 citharas

430 4203 689 4276 lyrasque
733 4205 1051 4259 cantoribus
1086 4219 1100 4257 :
1146 4217 1253 4256 non
1295 4209 1424 4255 sunt
1450 4199 1612 4254 allata
1662 4199 2038 4271 hujuscemodi

428 4295 577 4367 ligna
607 4294 813 4365 thyina,
871 4309 1050 4364 neque
1078 4294 1188 4348 visa
1232 4290 1363 4363 [Μδ.
1396 4299 1527 4345 tacet
1574 4289 1713 4364 visa]
1763 4305 1935 4376 usque
1981 4290 2035 4346 iu

429 4402 759 4464 praesentem
788 4389 982 4461 diem.)
1013 4390 1130 4445 Rex
1157 4400 1338 4445 autem
1368 4389 1626 4445 Salomon
1658 4389 1807 4445 dedit
1832 4390 2038 4461 reginae

429 4484 577 4541 Saba
607 4487 791 4540 omnia
838 4498 958 4551 qua:
1000 4482 1193 4543 voluit.
1240 4494 1294 4540 ct
1325 4482 1511 4555 petivit
1539 4484 1608 4538 ab
1633 4498 1699 4539 eo
1733 4501 1747 4539 :
1788 4484 2038 4555 exceptis

2141 3282 2222 3328 tes
2253 3267 2675 3344 quadrigarum],
2705 3280 2761 3324 et
2788 3285 2911 3325 cum
2958 3284 3087 3340 rege
3128 3270 3181 3323 in
3208 3267 3530 3324 Jerusalem.
3563 3266 3742 3321 Fecit-

2139 3379 2247 3436 que
2277 3374 2335 3417 ut
2363 3371 2508 3418 tanta
2539 3370 2684 3417 esset
2721 3361 3053 3416 abundantia
3086 3360 3297 3430 argenti
3329 3361 3383 3414 in
3416 3358 3738 3426 Jerusalem,

2139 3465 2339 3528 quanta
2360 3454 2596 3525 lapidum
2623 3471 2637 3508 :
2663 3464 2714 3509 et
2739 3453 3028 3509 cedrorum
3058 3452 3287 3523 praebuit
3317 3450 3740 3516 multitudinem,

2140 3549 2294 3621 quasi
2325 3562 2643 3619 sycomoros
2672 3562 2791 3617 qute
2818 3556 3116 3601 nascuntur
3138 3546 3191 3599 in
3222 3543 3639 3615 campestribus.
3673 3542 3742 3598 Et

2141 3640 2554 3696 adducebantur
2580 3641 2703 3708 equi
2738 3638 3019 3693 Salomoni
3052 3639 3122 3693 de
3147 3636 3381 3709 Egypto
3412 3643 3468 3692 et
3506 3636 3575 3692 de
3604 3635 3738 3691 Coa.

2139 3731 2517 3802 Negotiatores
2547 3730 2690 3786 enim
2736 3730 2880 3800 regis
2919 3729 3171 3785 emebant
3201 3728 3270 3783 de
3293 3730 3425 3795 Coa,
3454 3736 3509 3782 et
3536 3734 3742 3783 statuto

2140 3827 2319 3897 pretio
2351 3824 2742 3897 perducebant.
2771 3823 3162 3894 Egrediebatur
3183 3832 3363 3878 autem
3386 3821 3640 3892 quadriga
3665 3834 3738 3877 ex

2142 3919 2379 3992 Egypto
2406 3918 2686 3974 sexcentis
2714 3916 2863 3972 siclis
2894 3916 3098 3987 argenti
3128 3914 3206 3987 [h.
3242 3915 3514 3969 sexcentis
3544 3928 3738 3984 argen-

2142 4011 2291 4085 teis],
2323 4022 2377 4067 et
2407 4026 2578 4083 equus
2605 4018 2824 4066 centum
2852 4010 3259 4080 quinquaginta.
3293 4008 3483 4078 Atque‘
3515 4009 3567 4063 in
3597 4008 3739 4063 hunc

2141 4105 2360 4160 modum
2384 4104 2564 4159 cuncti
2590 4117 2745 4174 reges
2767 4101 3140 4158 Hettbteorum
3160 4110 3215 4157 et
3236 4100 3413 4172 Syria:
3440 4114 3609 4172 equos
3642 4113 3737 4156 vc-

2142 4200 2498 4256 numdahant.
3274 4250 3293 4261 ν

2130 4282 2135 4286 ”
2214 4293 2299 4366 [Τ.
2324 4291 2568 4358 XXXIII,
2596 4290 2724 4362 Cap.
2750 4289 2870 4363 XL]
2898 4290 3007 4345 ltex
3030 4297 3210 4345 autem
3232 4286 3491 4344 Salomon
3512 4287 3734 4343 adama-

2142 4388 2218 4443 vit
2240 4385 2496 4440 mulieres
2522 4384 2857 4454 alienigenas
2888 4384 3090 4438 inultas
3110 4424 3124 4448 ,
3160 4380 3322 4436 ﬁliam
3354 4397 3570 4452 quoque
3591 4380 3733 4435 Plia-

2142 4478 2329 4535 raonis
2354 4519 2369 4543 ,
2396 4487 2451 4532 et
2476 4476 2800 4532 Moabitidas
2821 4518 2836 4542 ,
2862 4486 2915 4530 et
2964 4473 3362 4531 Ammonitidas
3381 4517 3396 4541 ,
3430 4472 3693 4528 Idumaeas
3719 4515 3733 4539 ,

429 4575 520 4632 his
560 4593 681 4649 qua:
726 4577 870 4632 ultro
901 4576 1178 4632 obtulerat
1207 4576 1257 4631 ei
1299 4591 1527 4632 munere
1560 4577 1732 4647 regio.
1779 4574 1910 4643 Qua:
1956 4590 2039 4632 re-
2064 4571 2115 4633 D
2143 4584 2198 4630 et
2228 4573 2499 4635 Sidonias,
2533 4582 2585 4626 et
2609 4570 2883 4626 Hctthmas
2915 4567 3056 4641 [Ms.
3084 4567 3394 4642 Ccttbteas]
3422 4587 3434 4623 :
3467 4569 3536 4624 de
3558 4570 3734 4640 genti-

427 4686 585 4728 versa
614 4679 727 4738 est,
761 4677 817 4725 et
845 4669 976 4725 abiit
1003 4669 1057 4725 in
1103 4677 1305 4727 terram
1346 4685 1499 4725 suam
1530 4685 1652 4725 cum
1695 4669 1868 4725 servis
1892 4670 2026 4725 suis.

427 4761 514 4835 [Τ.
544 4761 766 4833 ΧΧΧΙ.]
797 4760 928 4817 Erat
954 4772 1135 4817 autem
1170 4762 1379 4833 pondus
1406 4763 1547 4829 auri,
1594 4762 1736 4834 quod
1768 4760 2030 4818 atl’ereba-

424 4864 518 4910 tur
548 4855 734 4927 [Vulg.
756 4854 1108 4926 offerebatur]
1136 4857 1412 4912 Salomoni
1443 4872 1542 4928 per
1569 4870 1743 4911 annos
1765 4855 2028 4926 Singulos,

426 4956 808 5003 sexcentorum
839 4949 1119 5018 sexaginta
1149 4962 1250 5004 sex
1276 4949 1600 5003 talentorum
1629 4946 1778 5001 auri:
1803 4957 2031 5018 excepto

423 5053 514 5105 eo,
545 5039 688 5111 quod
715 5039 1016 5096 alferebant
1058 5040 1186 5114 [Ms.
1217 5037 1544 5109 ollerebant]
1593 5037 1697 5093 viri
1738 5039 1828 5109 qui
1863 5053 2029 5110 super

421 5132 705 5201 vectigalia
751 5145 930 5199 erant,
960 5145 1018 5190 et
1056 5134 1460 5205 negotiatores,
1492 5131 1844 5203 universique
1872 5144 2025 5189 scuta

421 5223 738 5289 vendentes,
789 5234 845 5281 et
873 5240 1062 5282 omnes
1092 5240 1249 5295 reges
1271 5224 1508 5293 Arabize,
1535 5223 1814 5297 ducesque
1844 5234 2023 5284 terrae.

492 5372 519 5402 η
545 5362 734 5418 Denuo
763 5363 833 5419 ad
859 5361 1109 5419 llebraici
1141 5370 1321 5419 textus
1351 5362 1511 5419 ﬁdem
1542 5369 1684 5419 tacet
1712 5360 2013 5419 Veronens.

417 5450 523 5492 ωε.
544 5453 732 5492 rmmt.

491 5454 859 5578 ἴνιῖιῗιῖιηῖηεη
889 5516 939 5562 et
969 5521 1073 5561 non
1097 5507 1452 5576 responderat,
1487 5507 1593 5578 leg.
1626 5503 1976 5578 responderet.

492 5590 514 5617 ε
542 5578 685 5634 Idem
705 5592 805 5650 nis.
830 5576 971 5648 ligna
998 5579 1151 5650 pinea
1172 5579 1366 5650 thyina.
1397 5576 1753 5634 Robcrtusdc
1769 5579 2014 5650 Sorbona

416 5650 470 5705 in
498 5650 707 5707 Glossis
735 5649 967 5704 divinor.
1002 5648 1283 5704 Librorum
1319 5650 1384 5705 ad
1417 5650 1561 5705 hunc
1591 5650 1790 5721 locum.
1824 5648 2009 5721 Ligna,

412 5722 608 5790 inquit,
628 5721 827 5792 tltiigna
854 5721 1122 5790 incognita
1149 5730 1286 5783 sunt.
1320 5738 1438 5776 nam
1461 5731 1508 5776 et
1527 5722 1633 5775 alia
1656 5719 1816 5775 editio
1839 5719 2010 5789 habet,

351 5828 357 5838 ι
412 5795 586 5861 pinea.
627 5792 703 5849 Ex
729 5791 935 5865 quibus
966 5793 1232 5865 suspicari
1258 5793 1407 5859 licet,
1439 5794 1708 5866 geminam
1744 5791 2012 5862 interpre-

2136 4666 2261 4729 bus,
2295 4679 2459 4735 super
2487 4663 2684 4735 quibus
2725 4663 2863 4719 dixit
2904 4662 3173 4718 Dominus
3202 4662 3329 4717 ﬁliis
3368 4662 3533 4718 Israel
3569 4680 3580 4715 :
3613 4662 3734 4718 Non

2136 4754 2519 4828 ingrcdiemini
2541 4757 2607 4808 ad
2631 4769 2757 4819 eas,
2799 4769 2973 4823 neque
3009 4753 3079 4810 de
3121 4753 3229 4809 illis
3249 4754 3625 4825 ingredientur
3663 4754 3732 4810 ad

2137 4860 2391 4905 vestras:
2423 4845 2726 4903 certissime
2761 4847 2905 4901 enim
2955 4853 3206 4911 avertent
3244 4846 3408 4901 corda
3458 4853 3634 4902 vestra
3675 4855 3735 4902 ut

2133 4941 2436 5012 sequamini
2468 4939 2602 4995 deos
2633 4954 2845 4995 earum.
2876 4938 2973 4994 His
2999 4938 3180 5010 itaque
3201 4938 3487 5009 copulatus
3517 4949 3602 4995 est
3633 4937 3731 4995 Sa-

2132 5035 2316 5091 lomon
2348 5033 2714 5089 ardentissimo
2748 5033 2839 5106 [h.
2869 5048 2976 5089 non
3000 5033 3206 5106 habet]
3232 5048 3437 5088 amore.
3462 5033 3731 5089 Fuerunt-

2131 5144 2237 5201 que
2266 5129 2316 5186 ei
2348 5142 2548 5184 uxores
2576 5127 2734 5199 quasi
2768 5127 2969 5197 regina:
3010 5127 3406 5198 septingentae,
3440 5135 3497 5182 ct
3537 5141 3730 5182 concu-

2131 5226 2274 5282 bina:
2323 5234 2584 5282 trecenta;
2629 5244 2643 5278 :
2698 5233 2755 5281 et
2806 5231 3121 5280 averterunt
3164 5223 3422 5278 mulieres
3470 5237 3567 5278 cor
3608 5222 3726 5293 ejus

2121 5364 2380 5418 tationem
2424 5371 2630 5417 temere
2658 5362 2764 5416 huc
2793 5361 3096 5416 intrusam:
3154 5373 3276 5413 nam
3309 5366 3365 5414 et
3396 5372 3498 5430 vox
3545 5358 3725 5430 thyina

2119 5443 2280 5491 sonat
2306 5436 2451 5505 ligna
2478 5433 2697 5500 citrioa,
2722 5435 2803 5487 vel
2834 5432 3207 5487 suaveolentia
3233 5447 3247 5486 :
3277 5440 3333 5485 et
3355 5429 3500 5499 quod
3528 5431 3579 5484 in
3608 5429 3721 5486 He-

2118 5529 2269 5586 brrro
2314 5539 2397 5585 est
2435 5512 2658 5591 :uDLm
2686 5528 2955 5592 almugi’m,
2991 5525 3133 5581 LXX
3166 5523 3294 5578 alibi
3323 5524 3719 5579 transutlerunt

2157 5546 2269 5586 rrro
2314 5546 2397 5585 e51
2435 5546 2658 5591 E7JD7N
2686 5546 2827 5583 arma
2869 5546 2955 5592 tm,
2993 5546 3133 5581 ιιλλ
3166 5546 3294 5578 attrit
3323 5546 3719 5579 transuttcrttnt

2157 5604 2292 5669 inca,
2325 5617 2461 5672 quos
2492 5614 2540 5654 et
2571 5600 2629 5656 S.
2668 5603 2785 5669 ipse
2812 5546 3719 5671 lficronymusinParalipoinenon

2139 5674 2267 5729 ibris
2291 5682 2510 5728 secutus
2543 5683 2645 5725 est.

2189 5743 2213 5783 d
2249 5745 2501 5801 Pressius
2530 5742 2764 5800 Delirare
2790 5750 2890 5808 ’τιν’
2921 5742 3050 5814 legit
3093 5756 3196 5797 ms.
3227 5739 3536 5797 Veronens.
3570 5741 3717 5797 sitm.
