4144 6364
503 311 606 368 6θῖ

1500 313 1554 366 S.
1601 309 1979 368 lllliRONYHl
2018 310 2255 368 DIVINA
2297 309 2777 370 BIBLIOTHECA.

3690 315 3798 374 700

502 440 771 481 assumant
800 469 813 495 ,
859 436 913 483 et
955 428 1206 499 regnabis
1241 443 1408 499 super
1443 427 1621 484 omnia
1653 442 1775 497 qua:
1820 427 2091 483 desiderat
2122 433 2169 493 Α
2196 427 2265 484 Et
2296 428 2538 484 adhibuit
2566 429 2942 487 adolescentes
2970 430 3059 503 [h.
3094 433 3419 505 parvulos],
3462 434 3557 506 qui
3598 434 3793 491 nutriti

505 519 683 573 anima
711 528 735 555 ει
767 527 855 574 tua
878 561 895 587 ,
926 521 1142 592 erisque
1174 537 1265 576 rex
1306 534 1467 588 super
1499 517 1684 575 Israel.
1720 520 1775 575 Si
1805 519 1973 590 igitur
2001 535 2093 576 au-

503 610 900 680 dieris‘omnia,
932 628 1053 685 qua:
1077 628 1387 684 praecepero
1413 614 1533 680 tibi,
1566 624 1621 668 et
1648 614 2011 671 ambulaveris
2042 616 2095 672 in

434 708 439 713 '
504 703 606 759 viis
636 704 792 771 meis,
826 716 880 761 et
902 707 1101 762 ieceris
1124 706 1270 776 quod
1302 716 1508 762 rectum
1550 718 1633 762 est
1671 722 1853 764 coram
1886 723 1972 764 me
1998 708 2011 781 j
2038 709 2093 767 Ιι.

503 797 561 853 in
588 799 761 855 oculis
785 797 976 871 meis],
999 798 1312 855 custodiens
1336 799 1585 855 mandata
1609 816 1726 857 mea
1748 812 1801 857 et
1823 810 2094 872 przecepta

502 906 645 957 mea,
669 893 810 947 sicut
838 892 963 947 fecit
1002 892 1169 948 David
1209 910 1399 950 servus
1443 910 1635 952 meus:
1672 911 1768 952 ero
1796 908 1970 953 tecum
1994 940 2007 965 ,
2041 906 2097 954 et

503 986 788 1041 aediﬁcabo
828 986 921 1041 tibi
962 986 1181 1042 domum
1225 989 1477 1063 fidelem,
1518 991 1792 1060 quomodo
1831 992 2093 1048 :editicavi

504 1077 697 1144 David,
718 1088 771 1133 ct
793 1078 1000 1134 tradam
1035 1080 1130 1137 tibi
1158 1080 1348 1145 Israel.
1371 1094 1426 1138 et
1453 1082 1685 1154 afﬂigam
1719 1100 1905 1139 semen
1927 1085 2095 1141 David

502 1188 666 1242 super
694 1173 794 1228 hoc
818 1214 833 1240 ,
865 1186 1245 1232 verumtamen
1278 1192 1387 1233 non
1416 1180 1626 1235 cunctis
1664 1178 1878 1236 diebus.
1913 1180 2094 1236 Voluit

501 1280 633 1335 ergo
666 1265 922 1323 Salomon
971 1269 1285 1327 interficere
1315 1271 1604 1328 Jeroboam
1645 1292 1656 1326 :
1700 1272 1795 1344 qui
1834 1275 2095 1342 surrexit,

501 1368 556 1413 et
582 1358 789 1431 aufugit
814 1363 868 1415 in
894 1360 1187 1434 Egyptum
1209 1364 1274 1419 ad
1298 1364 1463 1422 Se5ac
1491 1364 1625 1438 [.lls.
1657 1364 1885 1437 Susam]
1916 1381 2094 1436 regem

498 1450 722 1525 Egypti
750 1495 765 1520 ,
799 1464 854 1509 et
898 1454 1001 1509 fuit
1031 1458 1082 1510 in
1113 1454 1350 1528 Egypto
1388 1472 1558 1528 usque
1590 1458 1657 1511 ad
1689 1467 1917 1514 mortem
1944 1457 2099 1516 Salo-

448 1611 455 1614 ,
498 1546 699 1602 monis.
750 1547 1036 1618 Reliquum
1083 1563 1266 1606 autem
1321 1551 1620 1607 Verborum
1667 1552 2013 1619 Salomonis,
2043 1562 2099 1609 et

501 1644 683 1700 omnia
719 1660 843 1716 qua:
881 1647 1036 1714 fecit,
1079 1656 1135 1702 et
1173 1648 1434 1718 sapientia
1474 1647 1636 1718 ejus.
1677 1663 1803 1705 ecce
1848 1650 2098 1705 universa

500 1736 698 1804 scripta
751 1745 878 1791 sunt
938 1738 990 1793 in
1059 1738 1196 1801 libro
1257 1739 1545 1795 verborum
1600 1739 1927 1797 Salomonis.
1989 1740 2093 1814 [T.

2196 517 2408 577 fuerant
2435 536 2556 577 cum
2578 536 2643 578 eo
2664 564 2679 587 ,
2708 529 2764 579 et
2789 523 3125 580 assistebant
3147 524 3246 592 illi,
3269 526 3521 597 dixitque
3555 525 3625 582 ad
3653 542 3750 583 eos
3776 544 3794 585 :

2194 613 2348 682 Quod
2392 615 2522 670 mihi
2557 615 2700 671 datis
2741 617 3067 684 consilium,
3101 628 3159 673 ut
3191 620 3552 691 respondeam
3598 622 3800 692 populo

2196 705 2319 762 huic
2344 707 2433 775 qui
2462 708 2718 764 dixerunt
2745 708 2910 764 mihi:
2940 710 3141 767 Levius
3169 704 3256 768 fac
3280 711 3497 785 jnguin,
3525 714 3669 783 quod
3691 716 3798 771 im-

2199 798 2377 870 posuit
2408 808 2559 870 pater
2590 811 2712 858 tuus
2752 817 2917 872 super
2940 818 3059 859 nos.
3087 804 3157 859 Et
3194 804 3453 861 dixerunt
3478 810 3529 866 ei
3556 808 3801 879 juvenes

2198 891 2285 964 [h.
2312 892 2573 965 parvuli],
2593 894 2684 963 qui
2705 895 2892 950 nutriti
2910 893 3130 952 fuerant
3157 912 3280 955 cum
3309 915 3376 955 eo
3400 919 3416 956 :
3448 899 3543 958 Sic
3571 902 3800 971 loquere

2200 986 2397 1054 popqu
2432 985 2577 1053 huic,
2607 986 2699 1056 qui
2729 988 2892 1042 locuti
2923 998 3048 1044 sunt
3078 989 3143 1044 ad
3178 998 3257 1059 te,
3294 990 3537 1048 dicentes
3577 1011 3588 1045 :
3635 992 3797 1049 Pater

2200 1087 2325 1133 tuus
2355 1080 2667 1149 aggravavit
2686 1080 2876 1151 jugum
2910 1091 3161 1137 nostrum
3189 1124 3206 1151 ,
3239 1091 3296 1138 tu
3332 1084 3517 1140 releva
3548 1099 3669 1140 nos.
3701 1084 3798 1143 Sic

2197 1170 2438 1241 loqueris
2464 1170 2530 1225 ad
2554 1186 2651 1227 eos
2675 1189 2688 1225 :
2713 1172 2969 1228 Minimus
3000 1172 3200 1244 digitus
3245 1190 3398 1230 meus
3434 1176 3676 1247 grossior
3705 1185 3798 1233 est

2197 1262 2361 1318 dorso
2383 1263 2554 1334 patris
2576 1262 2683 1321 mei
2704 1262 2792 1337 [h.
2827 1263 3083 1337 lumbis].
3114 1266 3179 1321 Et
3194 1282 3336 1323 nunc
3355 1279 3509 1339 pater
3532 1284 3683 1324 meus
3699 1283 3798 1337 po-

2199 1356 2307 1412 suit
2333 1372 2493 1426 super
2512 1371 2608 1411 Vos
2632 1357 2819 1427 jugum
2844 1372 3033 1428 grave,
3068 1372 3168 1428 ego
3190 1369 3372 1413 autem
3403 1358 3598 1415 addam
3630 1375 3798 1431 super

2194 1449 2379 1521 jugum
2396 1459 2632 1505 vestrum
2661 1469 2673 1505 :
2695 1460 2855 1520 pater
2875 1467 3030 1506 meus
3052 1453 3267 1509 caecidit
3285 1467 3385 1508 vos
3401 1453 3630 1525 ﬂagellis
3654 1472 3666 1506 :
3694 1469 3799 1522 ego

2201 1550 2380 1598 autem
2400 1543 2605 1598 caedam
2619 1559 2716 1597 vos
2736 1542 2865 1616 [Με.
2900 1552 3034 1599 tacet
3060 1544 3183 1619 vos]
3206 1547 3603 1617 scorpionibus.
3631 1547 3799 1606 Venit

2202 1652 2333 1709 ergo
2370 1637 2693 1706 Jeroboam,
2732 1650 2785 1694 et
2830 1640 3011 1695 omnis
3044 1640 3277 1711 pOpultts
3326 1640 3393 1696 ad
3428 1641 3674 1697 Rohoam
3706 1641 3800 1699 die

2204 1729 2383 1796 tertia,
2414 1732 2560 1786 sicut
2589 1731 2801 1789 locutus
2831 1729 3010 1787 fuerat
3036 1746 3131 1788 rex
3150 1774 3165 1799 ,
3189 1731 3408 1792 dicens;
3438 1733 3798 1790 Revertimini

500 1828 823 1902 xxxvuL]
852 1830 977 1886 Dies
1013 1841 1232 1897 autem,
1281 1847 1417 1901 quos
1454 1832 1702 1904 regnavit
1737 1834 1991 1888 Salomon
2018 1832 2096 1901 in
2130 1830 2173 1890 Β
2201 1821 2268 1876 ad
2303 1837 2389 1878 me
2424 1822 2516 1878 die
2550 1823 2730 1879 tertia-
2772 1823 3180 1896 Responditque
3236 1840 3331 1880 rex
3374 1826 3574 1898 ροριιιυ
3616 1825 3797 1896 dum.

496 1920 800 1978 Jerusalem
831 1939 996 1993 super
1028 1940 1242 1981 omnem
1286 1925 1450 1982 Israel
1477 1967 1494 1994 ,
1521 1925 1550 1964 δ
1580 1926 1935 1996 quadraginta
1966 1928 2091 1984 anni

386 2066 399 2072 -
494 2027 641 2073 sunt.
675 2017 1059 2090 Dormivitque
1103 2019 1366 2100 Salomon
1405 2035 1528 2076 cum
1574 2020 1815 2091 patribus
1836 2022 1985 2088 suis,
2038 2029 2095 2078 et

496 2111 745 2181 sepultus
770 2122 856 2167 est
882 2112 935 2167 in
959 2113 1178 2169 civitate
1206 2114 1377 2170 David
1413 2117 1580 2185 patris
1604 2118 1711 2183 sui,
1736 2118 2095 2189 regnavitque

498 2202 749 2258 Roboam
775 2203 865 2275 [h.
892 2204 1205 2279 Rehabam]
1235 2207 1378 2263 [ilius
1400 2209 1518 2277 ejus
1552 2226 1649 2276 pro
1679 2226 1768 2264 eo.

570 2294 663 2368 [T.
704 2295 954 2364 xxxrx,
1000 2297 1132 2370 Cap.
1167 2298 1316 2371 xu]
1354 2300 1510 2356 Venit
1548 2310 1728 2357 autem
1767 2302 2007 2359 Robuam
2040 2303 2095 2359 in

495 2385 711 2443 Sichem
739 2406 751 2442 :
783 2389 911 2446 illnc
937 2391 1080 2449 enim
1104 2401 1467 2462 congregatus
1492 2404 1609 2448 erat
1637 2394 1813 2449 omnis
1839 2394 2004 2449 Israel
2026 2393 2095 2451 ad

496 2483 940 2539 constituendum
962 2501 1084 2542 eum
1109 2502 1309 2556 regem.
1338 2487 1713 2543 AtJeroboam
1736 2488 1878 2545 filius
1899 2486 2094 2557 Nabat,

484 2570 618 2629 cum
657 2574 837 2633 adhuc
872 2587 1022 2634 esset
1052 2579 1104 2633 in
1128 2577 1368 2651 Egypto
1402 2579 1664 2649 profugus
1702 2596 1730 2633 a
1774 2579 1910 2637 facie
1951 2580 2096 2652 regis

496 2666 849 2734 Salomonis,
905 2672 1088 2727 audita
1142 2682 1317 2729 morte
1372 2673 1529 2744 ejus,
1591 2689 1849 2730 reversus
1897 2682 1981 2729 est
2028 2673 2097 2732 de

496 2759 754 2832 Egypto.
797 2761 1202 2835 Miserumque,
1252 2774 1308 2820 et
1350 2773 1686 2821 vocaverunt
1734 2781 1858 2822 eum
1899 2785 1913 2820 :
1948 2766 2097 2824 venit

495 2865 629 2922 ergo
649 2851 972 2920 Jeroboam,
1006 2863 1063 2908 et
1089 2859 1267 2910 omnis
1295 2856 1586 2913 multitudo
1612 2856 1779 2912 Israel
1799 2900 1815 2925 ,
1844 2866 1902 2914 et
1930 2858 2095 2915 locuti

495 2952 623 2998 sunt
662 2946 727 3000 ad
768 2944 1045 3014 Roboam,
1072 2947 1354 3004 dicentes:
1384 2949 1544 3005 Pater
1580 2959 1704 3005 tuus
1741 2950 2095 3007 durissimum

490 3036 677 3109 jugum
705 3038 969 3120 imposuit
998 3041 1156 3097 nobis
1180 3060 1191 3095 :
1224 3054 1281 3099 tu
1304 3042 1486 3119 itaque
1517 3058 1661 3099 nunc
1686 3044 1946 3101 imminue
1972 3061 2098 3116 pau-

498 3130 666 3184 lulum
698 3131 766 3186 de
798 3133 1027 3204 imperio
1059 3133 1147 3205 [h.
1183 3134 1250 3190 de
1279 3135 1582 3208 servitute]
1616 3137 1782 3205 patris
1811 3136 1895 3193 tui
1916 3137 2097 3193 duris-

2198 1914 2462 1969 derelicto
2484 1914 2712 1970 consilio
2742 1916 3021 1971 seniorum
3040 1958 3055 1981 ,
3078 1915 3222 1988 quod
3248 1916 3513 1972 dederant
3532 1916 3604 1985 ci,
3638 1926 3695 1973 et
3716 1918 3802 1974 lo-

2197 2015 2451 2061 cutusest
2470 2008 2549 2062 eis
2564 2006 2862 2063 secundum
2884 2007 3450 2079 consiliumjuvenum
3480 2008 3574 2082 [h.
3604 2025 3801 2079 parvu-

2196 2101 2439 2174 lorum].
2472 2101 2658 2157 dicens
2694 2122 2705 2157 :
2746 2102 2910 2159 Pater
2951 2118 3104 2158 meus
3140 2103 3450 2175 aggravavit
3481 2102 3668 2175 jugum
3701 2117 3795 2156 ve-

2198 2205 2368 2250 strum
2394 2214 2406 2251 :
2435 2211 2532 2267 ego
2555 2204 2732 2252 autem
2757 2195 2949 2251 addam
2968 2195 3099 2268 jugo
3119 2206 3304 2253 vestro
3319 2213 3334 2252 :
3349 2205 3507 2270 pater
3525 2210 3680 2252 meus
3693 2211 3802 2250 ra:-

2198 2287 2329 2343 ridit
2355 2302 2452 2343 vos
2485 2287 2748 2360 ﬂagellis:
2782 2304 2883 2359 ego
2918 2297 3101 2344 autem
3138 2288 3343 2344 caedam
3370 2303 3466 2343 vos
3498 2288 3802 2357 scorpioni-

2199 2378 2317 2434 bus.
2349 2379 2416 2434 Et
2445 2396 2553 2436 non
2585 2381 2856 2453 acquievit
2883 2396 2978 2438 rex
2998 2382 3200 2453 populo
3234 2400 3246 2436 :
3276 2380 3531 2453 quoniam
3564 2396 3785 2437 aversa-

2202 2483 2285 2527 tus
2309 2473 2483 2530 fuerat
2507 2488 2628 2530 eum
2658 2458 2945 2543 Dominus,
2970 2485 3023 2529 ut
3046 2475 3341 2531 suscitaret
3362 2474 3590 2530 verbum
3616 2489 3799 2544 suum,

2198 2568 2340 2639 quod
2370 2568 2579 2624 locutus
2605 2567 2780 2623 fuerat
2813 2569 2864 2622 in
2905 2583 3068 2623 manu
3120 2566 3274 2623 Abite
3303 2565 3432 2641 [Μο.
3462 2565 3639 2638 Abite]
3666 2566 3802 2623 Silo-

2200 2663 2346 2727 uitm,
2375 2660 2444 2715 ad
2472 2660 2763 2716 Jeroboam
2800 2659 2966 2717 filium
3014 2658 3211 2715 Nabat.
3247 2659 3332 2732 [T.
3359 2656 3546 2731 XLII.]
3596 2658 3803 2716 Videtis

2199 2756 2379 2826 itaque
2402 2756 2628 2826 p0pulus
2656 2754 2734 2828 [h.
2763 2754 2965 2810 Videns
2987 2754 3170 2824 itaque
3194 2753 3372 2809 omnis
3402 2750 3615 2825 Israel],
3649 2751 3797 2823 quod

2200 2847 2463 2903 noluisset
2494 2862 2591 2902 eos
2610 2846 2803 2902 audire
2829 2861 2921 2901 rex
2948 2889 2960 2911 ,
2988 2845 3271 2917 respondit
3297 2844 3370 2912 ei,
3402 2843 3591 2901 dicens
3621 2863 3635 2898 :
3667 2843 3802 2914 Quae

2200 2940 2354 2996 nobis
2400 2954 2524 3011 pars
2567 2939 2618 2994 in
2672 2936 2887 2994 David?
2927 2938 3009 2994 vel
3052 2955 3171 3008 qua:
3219 2927 3514 2993 luereditas
3571 2937 3623 2991 in
3689 2936 3806 2994 [ilio

2199 3034 2300 3089 lsai
2321 3033 2344 3088 ἲ
2365 3031 2388 3071 ἀ
2428 3032 2570 3088 Vade
2599 3033 2652 3088 in
2686 3032 3039 3089 tabernacula
3073 3040 3164 3086 tua
3190 3072 3204 3098 ,
3236 3029 3401 3086 Israel
3436 3048 3449 3086 :
3497 3045 3640 3086 nunc
3676 3028 3803 3086 vide

2198 3126 2420 3183 domum
2449 3136 2596 3181 tuam
2632 3126 2824 3180 David.
2854 3125 2925 3180 Et
2956 3125 3094 3180 abiit
3121 3123 3285 3180 Israel
3340 3123 3392 3179 in
3452 3121 3806 3180 tabernacula

494 3222 656 3287 simo,
684 3230 742 3278 et
767 3222 983 3296 dejugo
1010 3225 1335 3295 gravissimo
1364 3228 1506 3297 quod
1535 3229 1795 3298 imposuit
1819 3230 2007 3297 nobis,
2041 3241 2096 3287 et
2123 3227 2166 3288 C
2200 3234 2320 3279 SUa-
2355 3218 2533 3290 super
2557 3217 2698 3273 διίιέ
2728 3226 2911 3272 “mem
2958 3215 3128 3272 1⁵1⁵³61
3151 3256 3167 3283 9
3212 3216 3525 3288 quicumque
3575 3213 3653 3287 [h-
3691 3230 3802 3270 “"n

498 3314 800 3372 serviemus
850 3318 971 3372 tibi.
1004 3318 1103 3386 Qui
1145 3319 1221 3373 ait
1260 3320 1342 3374 eis
1375 3338 1388 3373 ε
1428 3320 1503 3375 Ite
1541 3337 1713 3392 usque
1758 3321 1824 3375 ad
1870 3324 2090 3377 tertium

493 3403 660 3473 diem,
680 3417 736 3462 ct
758 3410 1098 3464 revertimini
1114 3412 1178 3464 ad
1203 3410 1419 3484 me.j[T.
1445 3411 1583 3484 XL.]
1605 3413 1844 3486 Cumque
1866 3414 2094 3471 abiisset

495 3500 755 3569 pupulus,
798 3502 920 3556 iniit
956 3494 1247 3558 consilium
1278 3520 1374 3559 rex
1412 3505 1651 3560 Iioboam
1682 3521 1807 3561 cum
1845 3508 2088 3577 senibus,

490 3595 582 3663 qui
620 3595 951 3650 assistebant
988 3611 1171 3652 coram
1214 3598 1507 3653 Salomone
1557 3610 1707 3668 patre
1753 3599 1871 3670 ejus
1908 3609 1928 3636 θ
1959 3600 2090 3656 dum

491 3685 670 3742 adhuc
694 3689 925 3755 viveret,
956 3699 1013 3741 et
1043 3690 1151 3743 ait:
1179 3690 1333 3757 Quod
1357 3691 1491 3746 mihi
1516 3692 1660 3745 datis
1687 3691 2005 3761 consilium,
2031 3700 2093 3747 ut

492 3778 853 3847 respondeam
884 3783 1080 3849 populo
1113 3782 1239 3835 huic
1265 3780 1403 3855 [Μσ.
1430 3793 1561 3836 tacet
1591 3781 1771 3855 huic].
1802 3782 1903 3850 Qui
1933 3782 2090 3839 dixe-

492 3880 618 3925 runt
651 3872 736 3924 ei:
764 3870 820 3926 Si
850 3869 1012 3926 hodie
1032 3872 1307 3929 obedieris
1335 3874 1536 3945 popqu
1564 3875 1709 3938 huic,
1741 3874 2089 3941 etservieris,

492 3971 544 4016 et
580 3959 829 4031 petitioni
856 3978 1042 4017 eorum
1065 3968 1323 4032 cesseris,
1357 3968 1676 4038 loculosque
1705 3966 1876 4022 fueris
1896 3966 1962 4020 ad
1995 3982 2093 4024 eos

489 4055 654 4109 verba
678 4055 840 4125 leuia,
867 4071 1022 4113 erunt
1046 4060 1140 4114 t-bi
1163 4061 1312 4115 servi
1335 4062 1549 4117 cunctis
1570 4062 1784 4117 diebus.
1820 4060 1905 4133 [T.
1927 4060 2091 4135 XLI.]

490 4147 591 4215 Qui
626 4148 918 4222 dereliquit
948 4154 1235 4209 consilium
1276 4171 1501 4223 senum,
1531 4156 1675 4228 quod
1722 4156 1988 4214 dederant
2016 4159 2088 4213 ei.

562 4271 589 4337 εξ
614 4262 1016 4337 Rescripsimus
1048 4281 1138 4323 tua
1165 4285 1231 4325 ex
1260 4270 1564 4327 Veronens.
1596 4289 1723 4337 ms..
1764 4276 2091 4332 concinente

489 4333 720 4417 Ilebrteo
736 4333 909 4417 testu,
946 4349 1124 4417 ’μίξεις
1144 4340 1250 4396 Sed
1272 4352 1327 4397 et
1348 4344 1567 4413 reliquae
1583 4333 1861 4417 versiones
1880 4362 2092 4417 niunes,

2201 3313 2381 3386 habet]
2415 3314 2730 3369 habitabant
2759 3314 2812 3368 in
2836 3312 3153 3367 civitatibus
3194 3310 3355 3378 Juda,
3398 3310 3647 3382 regnavit
3695 3308 3802 3363 Ro-

2200 3409 2376 3463 hoam.
2412 3395 2551 3461 ali-ii
2574 3406 2737 3478 igitur
2783 3421 2879 3460 rex
2925 3404 3169 3459 Roboam
3205 3402 3486 3470 Aduram,
3538 3402 3628 3473 qui
3679 3410 3801 3474 erat

2198 3514 2362 3570 super
2414 3499 2619 3554 tributa
2648 3507 2743 3563 ,et
2782 3497 3039 3569 lapidavit
3085 3513 3209 3553 eum
3254 3495 3433 3551 omnis
3483 3494 3649 3550 Israel
3680 3536 3693 3558 ,
3743 3503 3800 3551 et

2198 3603 2445 3650 mortuus
2472 3604 2573 3649 ρει.
2610 3593 2779 3649 Porro
2810 3608 2903 3649 rex
2936 3592 3180 3647 Roboam
3218 3598 3241 3626 ο
3269 3589 3506 3645 festinus
3533 3588 3611 3663 [h.
3661 3588 3800 3644 iuvi-

2202 3690 2310 3762 tus]
2341 3688 2587 3745 ascendit
2612 3704 2855 3754 currum,
2881 3699 2935 3743 et
2971 3687 3106 3759 fugit
3136 3687 3185 3740 in
3209 3684 3513 3741 JeruSaIem
3551 3701 3564 3737 :
3608 3696 3794 3738 reces-

2199 3781 2376 3853 sitque
2415 3780 2585 3835 Israel
2623 3794 2653 3835 a
2703 3779 2867 3835 domo
2913 3779 3121 3844 David,
3159 3792 3327 3848 usque
3376 3778 3426 3831 in
3471 3784 3795 3848 pra-sentem

2172 3879 2364 3933 'dieui.
2400 3875 2483 3949 [Τ.
2513 3874 2722 3947 XLIII]
2759 3873 2983 3929 Factum
3041 3882 3125 3927 est
3169 3883 3353 3927 autem
3402 3885 3527 3926 cum
3555 3869 3800 3926 audisset

2200 3970 2380 4026 ouinis
2411 3970 2605 4034 Israel,
2633 3968 2779 4040 quod
2811 3981 3066 4024 reversus
3092 3973 3240 4023 esset
3259 3965 3575 4032 Jeroboam,
3633 3961 3797 4018 misc-

2202 4073 2352 4127 runt,
2385 4071 2441 4117 et
2460 4069 2795 4117 Vocavcrunt
2822 4075 2970 4126 eum,
2993 4065 3325 4131 congregato
3350 4067 3500 4114 cmtu
3519 4096 3534 4123 ,
3566 4061 3622 4110 et
3663 4068 3797 4108 con-

2200 4157 2631 4211 stitueruntcum
2661 4152 2787 4226 [Με.
2822 4164 2953 4207 tacet
2976 4149 3123 4224 eum]
3158 4166 3342 4223 regem
3380 4165 3546 4221 super
3572 4160 3791 4203 omnem

2198 4276 2343 4331 tibus
2363 4285 2417 4332 et
2446 4276 2826 4345 aanigmatibus
2855 4274 3153 4345 Scripturaa
3183 4286 3371 4345 sacras
3397 4265 3791 4345 dissolvendis.

2205 4347 2313 4404 Sed
2342 4340 2638 4408 adhaereat,
2687 4355 2742 4401 ut
2773 4345 2875 4401 sibi
2908 4340 3085 4400 visum
3115 4342 3275 4398 fuerit
3296 4383 3312 4407 ,
3344 4340 3584 4409 Josepho
3631 4348 3793 4405 atque

488 4407 712 4489 ipsaque
746 4407 1076 4480 Vulgata'sic
1105 4413 1321 4489 legunt:
1346 4423 1403 4469 ut
1433 4407 1599 4489 nemo
1624 4416 1733 4489 jam
1767 4407 2090 4473 Martianaao'
2109 4421 2161 4482 D
2193 4417 2383 4473 Vossio
2405 4434 2504 4472 suo
2530 4437 2542 4473 :
2568 4407 2724 4472 nobis
2754 4432 2886 4489 vero
2909 4417 3071 4472 liceat
3097 4415 3393 4489 adhmsisse
3419 4407 3790 4481 scriptoribus

483 4486 741 4555 jurenon
774 4493 1117 4555 succenseat,
1159 4486 1252 4554 qui
1284 4494 1340 4541 et
1382 4501 1478 4555 pro
1526 4487 1752 4542 arbitrio
1792 4489 2082 4544 lectionem

487 4549 755 4631 veriorem
789 4554 1030 4631 imitarit,
1056 4563 1112 4609 et
1136 4549 1395 4611 lectorem
1422 4574 1579 4631 suum
1603 4560 1671 4615 de
1692 4560 1796 4615 hac
1815 4560 1934 4631 ipsa
1957 4577 2077 4616 niu-

422 4682 427 4687 η
486 4627 691 4674 talione
720 4636 821 4676 nec
846 4627 1016 4680 verbo
1046 4636 1201 4681 tenus
1228 4630 1520 4685 mOnuerit.

558 4688 586 4773 ξι
610 4692 772 4773 Cave,
810 4692 1001 4773 lector,
1032 4698 1345 4773 Opinionem
1368 4701 1647 4773 cujusdam
1686 4702 1873 4773 nuperi
1902 4702 2079 4757 Chro-

490 4761 669 4831 nologi
701 4761 754 4842 in
779 4768 934 4842 annis
954 4761 1110 4842 regni
1135 4761 1462 4827 Salomonis.
1481 4771 1616 4827 Huic
1642 4761 1785 4828 enini
1818 4761 2073 4842 Scriptori

490 4846 600 4885 non
630 4832 1179 4911 suﬂieitsuggillasse
1205 4846 1479 4911 egregium
1529 4846 1849 4899 eruditionis
1877 4832 2076 4900 monu-

487 4911 729 4985 utentum
754 4906 812 4961 S.
841 4906 1171 4985 Hieronymi,
1202 4906 1489 4982 epistolam
1516 4915 1725 4970 scilicet
1748 4916 1815 4970 ad
1846 4916 2072 4973 Vitalem

488 4973 837 5045 Episc0pum,
868 4979 935 5034 de
964 4973 1256 5039 Salomone
1286 4996 1341 5040 et
1369 4988 1547 5041 Achaz
1578 5006 1589 5040 :
1626 4986 1729 5042 ιιίςί
1760 4997 1946 5042 contra
1980 5004 2074 5043 ex-

488 5059 706 5126 pressos
745 5062 809 5126 ac
849 5052 1321 5110 rnanifeStissimos
1362 5061 1603 5111 omnium
1665 5060 2072 5126 Scriptor-arum

485 5125 689 5192 textus,
741 5119 1162 5192 Grtecorumque
1238 5138 1425 5183 contra
1478 5119 1803 5184 Latinorum'
1852 5129 2069 5184 Patrqu

486 5191 794 5270 unanimem
821 5206 1150 5251 consensum
1180 5200 1333 5253 solus
1364 5201 1696 5270 insurgeret,
1742 5202 1946 5255 docens
1974 5202 2074 5255 Sa-

486 5260 761 5341 lomonem
793 5279 901 5341 non
930 5270 1085 5321 annis
1134 5277 1338 5324 tantum
1374 5260 1734 5341 quadraginta
1755 5312 1768 5334 ,
1800 5271 1893 5326 sed
1942 5272 2071 5328 totis

483 5332 758 5412 octoginta
820 5335 1109 5404 imperium
1160 5332 1419 5397 tenuisse.
1460 5332 1723 5412 Quodque
1756 5332 1923 5411 magis
1964 5346 2068 5396 mi-

482 5404 713 5484 randum
745 5415 853 5468 est,
882 5422 1064 5484 _unum_
1090 5424 1151 5466 se
1191 5428 1254 5467 ac
1284 5404 1612 5469 solum‘Esse
1640 5404 1947 5484 profitetur.
1978 5413 2068 5480 ιιυί

482 5472 627 5553 hanc
658 5479 984 5553 sententiam
1019 5480 1095 5534 sit
1121 5484 1491 5553 amplexatus,
1527 5472 1697 5540 fretus
1721 5472 1945 5553 Iosephi
1974 5472 2070 5540 In-

482 5544 589 5625 da‘i
633 5549 983 5625 auctoritate
1005 5553 1161 5606 unica
1182 5544 1405 5625 [quem
1456 5544 1866 5611 haltuciuatum'
1889 5568 2066 5613 tamen

366 5662 386 5673 -
478 5615 611 5699 dicit
658 5619 711 5672 in
762 5622 919 5699 annis
952 5615 1335 5699 Begutn'Ty'vri
1391 5639 1444 5683 et
1492 5629 1680 5683 Israel.
1711 5626 1848 5697 Quid
1876 5627 2067 5696 plura?

485 5686 728 5742 Isaacqu
806 5686 1059 5747 Vossiuni
1106 5695 1209 5751 hac
1256 5686 1317 5752 in
1391 5686 2066 5755 dimouttatewluervntem

477 5761 938 5837 arguitass‘iduus
970 5765 1214 5836 ejusdem
1245 5767 1417 5825 Vossii
1449 5779 1712 5837 assertor,
1748 5782 1804 5826 ut
1835 5772 1915 5826 sic
1946 5783 2065 5824 tau-

471 5829 597 5885 dem
624 5833 745 5903 plus
775 5829 1037 5907 magistro
1067 5855 1167 5898 suo
1196 5839 1401 5914 aliquid
1430 5844 1605 5914 possit
1648 5829 1711 5898 in
1735 5841 2063 5916 ambiguita-

2194 4488 2873 4563 hagiographis,unanimi
2904 4498 3217 4563 sanctorum
3243 4485 3466 4563 Patrum
3498 4492 3791 4563 sententia

2192 4551 2541 4632 triariiitoqite
2568 4551 2886 4632 divinarum
2915 4560 3322 4632 Seripturarum
3349 4554 3639 4623 lnterpreti
3665 4551 3789 4606 llie-

2182 4642 2441 4708 ιξςιιιγιιιιζ,
2460 4631 2626 4708 quem
2659 4633 2799 4688 adeo
2827 4631 2931 4687 sibi
2986 4632 3388 4708 inconstantem
3416 4635 3789 4708 putat-supra-

2180 4699 2357 4778 dictus
2389 4699 2793 4778 Chronologus,
2824 4714 2881 4778 ut
2911 4709 3123 4778 asserat
3154 4699 3538 4778 llieronymum
3573 4699 3625 4751 in
3648 4699 3779 4778 Tra-

2178 4774 2484 4829 ditionihus
2514 4771 2795 4829 Hebraicis
2825 4776 2875 4828 in
2908 4772 3145 4827 secundo
3172 4771 3627 4841 Paralipomenon
3652 4810 3667 4835 ,
3698 4771 3783 4820 in-

2177 4845 2432 4921 diritasse
2458 4846 2812 4916 quadraginta
2840 4859 3018 4921 annos
3048 4842 3384 4905 Salomonis,
3400 4854 3553 4921 quos
3578 4852 3748 4921 regna
3767 4867 3784 4880 -

2179 4916 2260 4970 vit
2308 4908 2600 4992 antequam
2636 4908 3020 4987 praevaricatus
3051 4925 3225 4992 esset,
3269 4921 3326 4968 et
3364 4908 3503 4967 alios
3529 4908 3778 4992 quadra:

2176 4991 2323 5059 ginta
2349 4991 2398 5042 in
2433 4982 2884 5059 quibus-regnum
2935 4986 3105 5040 tenuit
3137 4993 3417 5055 po~tquam
3466 4982 3779 5051 reliquisset

2180 5058 2693 5114 Dominttnt.\’crutn
2714 5067 2919 5113 tintum
2944 5060 3220 5133 aherratga
3256 5066 3784 5133 t'ero_scnstt.,quun-

2177 5133 2536 5205 _tum_sn-cntis
2576 5133 2741 5184 distat
2765 5140 2953 5185 auctor
2982 5130 3353 5205 Quaestionum
3386 5124 3780 5205 llebraicarum

2174 5201 2228 5254 in
2287 5201 2737 5276 ΡιιιιειιιιιιιιιιιξιιειΔΞ
2793 5216 2823 5276 a
2875 5216 3007 5276 vero
3046 5200 3412 5276 llieronymo,
3447 5200 3536 5276 qui
3586 5202 3781 5274 quarto

2174 5274 2374 5327 saeculo
2405 5266 2586 5328 ﬂoruit
2613 5272 2668 5348 in
2703 5271 2944 5327 Ecclesia
2975 5270 3090 5327 Dei.
3110 5286 3233 5348 cum
3256 5266 3613 5348 'snpraflicms
3644 5266 3781 5348 seri-

2174 5352 2297 5412 ptor
2325 5355 2542 5399 relatem
2594 5344 2819 5413 degeret
2867 5341 3344 5413 temporciltahani
3396 5336 3588 5394 Mauri.
3645 5334 3779 5389 Vide

2170 5429 2338 5491 supra
2368 5412 3064 5491 Prolegnmenontertium.
3091 5412 3271 5468 Mam.
3348 5480 3359 5491 ι
3401 5479 3412 5491 ο

2246 5480 2267 5562 (ξ
2298 5488 2421 5562 Qun
2452 5480 2616 5543 verbo
2636 5503 2748 5562 ius.
2786 5486 3113 5562 Verom_:_ns._,
3143 5500 3260 5538 cum
3289 5480 3570 5562 adviveret.

2242 5553 2269 5595 ά
2298 5557 2464 5614 Tacet
2498 5574 2601 5613 ms.
2636 5559 2932 5614 Veronens.
2971 5548 3121 5611 Vade
3148 5571 3167 5609 :
3192 5553 3337 5625 quod
3365 5561 3415 5607 ct
3451 5550 3504 5606 in
3540 5548 3775 5606 Hebraeo

2168 5629 2681 5705 quidemgvacatex
2712 5628 3079 5705 ejusingenio
3110 5626 3333 5705 Ιὶιιςιιιυἶ
3423 5692 3435 5705 _
3485 5702 3491 5705 _
3605 5691 3638 5705 η

2244 5710 2267 5738 θ
2294 5700 2438 5756 Nihil
2459 5702 2690 5770 amplius
2711 5691 2760 5756 θ’
2776 5701 2868 5755 tali
2892 5691 3102 5755 scholio
3128 5691 3263 5765 pene
3284 5692 3533 5770 obsoleto
3567 5691 3778 5748 elicere

2170 5770 2328 5843 nobis
2354 5767 2732 5843 licuitz'quare
2763 5789 2870 5826 non
2894 5774 3119 5843 ιιιιιΙιιιιιι
3154 5771 3240 5825 hic
3267 5767 3611 5825 atlltteremUs
3634 5779 3769 5819 Cott-

2165 5841 2393 5914 jecturte
2423 5841 2645 5915 nostrae,
2670 5846 2756 5900 vel
2791 5842 3033 5903 lecticari.
3064 5841 3238 5899 MART.
