4144 6364
358 352 451 407 τοι
811 329 817 338 ’
1644 323 1849 399 usus
1889 343 1907 397 ι
1951 337 2328 400 ιιλωυιιιιιι.

3535 321 3639 376 702

357 466 544 530 Israel,
575 479 675 518 nec
700 472 917 517 secutus
943 462 1332 532 estquisquam
1357 459 1577 513 domum
1604 455 1772 511 David
1809 472 1943 525 ιιι-ιιι·
1975 456 2026 516 Α
2052 452 2296 510 audisset
2329 467 2421 507 rex
2447 463 2755 505 sermonem
2793 445 3027 501 hominis
3055 443 3170 511 Dei,
3203 457 3364 512 quem
3389 441 3643 496 inclama-

357 570 436 614 ter
466 555 665 611 tribum
683 555 872 611 .ludam
897 553 1088 609 solam.
1124 552 1209 624 [Τ.
1232 551 1439 621 XLIV.]
1459 551 1613 605 Venit
1635 559 1813 604 autem
1837 547 1946 601 Ro-

357 652 512 708 boam
532 651 584 705 in
610 649 1000 715 Jerusalem,ct
1021 647 1374 719 congregavit
1393 645 1698 700 univerSam
1727 644 1948 699 domum

354 741 514 808 Juda,
540 752 594 797 et
625 742 822 796 tribum
850 740 1128 809 Benjamin
1153 782 1166 806 ,
1198 748 1417 795 centum
1459 742 1733 808 octoginta
1783 733 1947 789 millia

355 840 651 893 electorum
682 837 909 890 virorum
961 833 1040 906 [1].
1092 851 1196 888 non
1262 831 1444 904 habet]
1489 832 1809 887 bellaturum
1837 872 1851 897 ,
1897 839 1952 885 ut

354 937 668 1003 pugnarent
700 927 828 1001 [Ms.
882 937 1144 997 pugnaret
1176 937 1226 981 et
1265 923 1568 996 reduceret]
1613 933 1804 980 contra
1850 923 1948 977 do-

356 1039 503 1079 mum
538 1023 722 1090 Israel,
755 1033 806 1076 et
831 1021 1156 1076 reducerent
1183 1035 1404 1090 regnum
1431 1018 1672 1072 Roboam
1719 1016 1828 1070 IiIio
1854 1014 1953 1070 Sa-

354 1117 614 1173 lomonis.
664 1115 728 1188 [T
784 1112 971 1186 XLV]
1021 1112 1220 1168 Factus
1274 1121 1355 1167 est
1404 1123 1584 1165 autem
1631 1123 1813 1164 sermo
1856 1109 1948 1162 Dei

356 1208 542 1283 [Vulg.
586 1206 822 1278 Domini]
869 1206 936 1261 ad
989 1206 1260 1263 Semeiam
1304 1205 1478 1259 virum
1537 1204 1677 1268 Dei,
1723 1202 1947 1256 dicens:

354 1302 606 1374 Loquere
636 1302 703 1355 ad
735 1300 975 1356 Roboam
1011 1299 1182 1354 tilium
1226 1300 1534 1354 Salomonis
1574 1311 1756 1366 regem
1789 1293 1949 1358 Juda,

355 1405 409 1451 et
430 1395 498 1451 ad
522 1410 737 1450 oruuem
759 1393 982 1449 domum
1014 1392 1174 1454 Juda,
1209 1400 1264 1447 et
1286 1391 1592 1460 Benjamin,
1628 1400 1681 1442 et
1711 1389 1952 1457 reliquos

354 1488 424 1544 de
452 1487 674 1557 pepuln,
707 1487 894 1541 dicens
927 1504 938 1538 :
967 1486 1093 1541 IIzec
1123 1485 1256 1540 dicit
1300 1485 1591 1542 Dominus:
1617 1483 1730 1537 Non
1762 1496 1954 1536 ascen-

355 1582 500 1638 detis
531 1624 547 1649 ,
593 1597 692 1636 nec
732 1581 1004 1635 bellabitis
1051 1588 1243 1636 contra
1294 1578 1488 1634 fratres
1548 1586 1763 1633 vestros
1812 1575 1952 1631 filios

355 1676 562 1732 Israel:
597 1684 902 1731 revertatur
925 1676 1008 1728 vir
1044 1674 1097 1728 in
1147 1675 1368 1727 domum
1410 1687 1563 1727 suam
1589 1713 1604 1737 ,
1636 1686 1663 1724 a
1699 1687 1784 1724 me
1808 1668 1950 1723 enim

356 1769 558 1825 factum
593 1769 918 1825 estverbum
946 1768 1067 1822 hoc.
1101 1766 1404 1822 Audierunt
1434 1779 1740 1820 sermonem
1773 1762 1950 1817 Domi-

2052 559 2200 605 verat
2226 546 2353 619 [Με.
2390 539 2819 611 exclamaverat]
2860 549 3050 595 contra
3073 536 3248 591 altare
3296 534 3350 590 in
3381 531 3637 600 Beth-El,

2052 640 2302 698 extendit
2347 653 2564 692 manum
2613 650 2766 691 suam
2805 633 2873 688 de
2913 631 3105 699 altari,
3153 629 3389 684 dicens:
3436 630 3647 697 Appre-

2055 733 2273 788 hendite
2311 747 2456 788 eum.
2496 730 2581 803 [T.
2611 726 2825 799 XLIX]
2872 726 2939 782 Et
2986 724 3208 780 exaruit
3257 735 3447 776 manus
3503 720 3644 788 ejus,

2052 842 2215 896 quam
2244 824 2565 882 extenderat
2594 831 2784 878 contra
2808 835 2928 874 enin
2956 835 2971 873 :
3017 831 3115 872 nec
3159 817 3324 870 valuit
3361 811 3646 869 retrahere

2052 937 2168 978 eam
2200 921 2263 974 ad
2297 936 2375 975 se.
2406 918 2591 973 Ahare
2613 929 2828 986 quoque
2851 914 3080 968 scissum
3108 919 3212 978 est,
3243 920 3292 965 et
3325 907 3532 964 effusus
3562 913 3648 961 est

2053 1017 2190 1073 cinis
2217 1016 2284 1070 de
2313 1013 2680 1082 altari,jnxta
2733 1011 2944 1079 signum
2997 1005 3139 1077 quod
3197 1002 3518 1074 praedixerat
3561 997 3641 1070 [h.

2053 1113 2186 1184 quod
2216 1108 2450 1182 dederat]
2504 1108 2584 1162 vir
2631 1105 2726 1162 Dei
2773 1106 2824 1158 in
2870 1116 3122 1158 sermone
3168 1098 3400 1154 Domini.
3457 1096 3521 1152 Et
3572 1096 3650 1149 ait

2053 1225 2149 1264 rex
2183 1207 2248 1261 ad
2285 1207 2458 1260 virum
2509 1202 2643 1257 Dei:
2682 1201 2990 1268 Deprecaie
3039 1193 3234 1268 faciem
3282 1191 3496 1246 Domini
3550 1189 3648 1245 Dei

2055 1301 2152 1369 tui,
2182 1309 2238 1355 et
2267 1314 2359 1353 ora
2394 1311 2495 1368 pro
2532 1311 2618 1351 me
2641 1303 2698 1349 ιιι
2739 1292 3057 1348 restituatur
3080 1303 3271 1342 manus
3311 1298 3428 1340 mea
3489 1279 3642 1337 mihi.

2053 1392 2354 1459 Oravitviue
2383 1391 2471 1444 vir
2494 1388 2583 1443 De:
2615 1387 2807 1441 facient
2835 1381 3075 1447 Domini,
3107 1389 3161 1434 et
3185 1391 3403 1434 reversa
3419 1384 3503 1430 est
3535 1387 3651 1428 ma-

2056 1503 2154 1541 nus
2188 1485 2328 1554 regis
2364 1482 2430 1537 ad
2481 1497 2641 1546 eum,
2685 1487 2741 1535 et
2803 1478 2940 1531 facta
2983 1474 3223 1530 estsicut
3258 1470 3406 1540 prius
3448 1467 3646 1522 fuerat.

2057 1581 2144 1655 [T.
2190 1576 2276 1649 L.]
2308 1580 2546 1636 Locutus
2585 1586 2660 1632 est
2697 1582 2876 1628 autem
2905 1585 2998 1626 rex
3035 1567 3100 1622 ad
3132 1568 3304 1620 virum
3336 1563 3431 1618 Dei
3461 1579 3473 1614 :
3507 1559 3646 1615 Veni

2058 1691 2265 1731 mecum
2319 1674 2538 1728 domum
2579 1677 2637 1724 nt
2680 1665 2948 1737 prandeas
2987 1660 3115 1736 [Μδ.
3149 1652 3560 1729 prandeamus],
3594 1659 3650 1708 et

2056 1771 2194 1824 dabo
2225 1768 2316 1822 tibi
2353 1781 2596 1821 munera.
2639 1759 3050 1832 Responditque
3083 1757 3163 1810 vir
3198 1754 3289 1808 Dei
3335 1752 3400 1806 ad
3430 1764 3644 1819 regem:

357 1865 434 1933 ni,
468 1872 524 1920 et
553 1863 755 1919 reversi
787 1874 910 1919 sunt
936 1863 1003 1918 de
1031 1863 1227 1917 itinere
1253 1906 1266 1928 ,
1306 1862 1451 1916 sicut
1489 1861 1568 1914 vis
1619 1865 1954 1927 praeceperat
1987 1858 2028 1918 Β
2057 1864 2110 1918 Si
2143 1863 2360 1916 dederis
2409 1859 2546 1914 mihi
2593 1856 2823 1912 mediam
2861 1863 3065 1920 partem
3114 1848 3308 1904 domus
3350 1856 3488 1913 tuae,
3542 1855 3648 1897 non

361 1942 622 2014 Dominus
653 1957 733 2030 [b.
767 1958 1065 2013 secundum
1097 1956 1324 2011 verbum
1351 1954 1609 2026 Domini].
1645 1951 1956 2009 Ediﬁcavit

358 2061 542 2107 autem
574 2051 865 2107 Jeroboani
891 2050 1107 2107 Sitbem
1136 2051 1189 2105 in
1221 2060 1404 2106 "IOIIIe
1433 2049 1718 2116 prraim,
1751 2058 1809 2102 et
1859 2049 1956 2102 ha-

358 2145 552 2202 bitavit
583 2146 676 2211 ibi,
700 2155 753 2201 et
781 2161 1036 2216 egressus
1067 2145 1189 2200 inde
1228 2145 1514 2199 aidilicavit
1547 2143 1813 2198 Phanuel.
1844 2141 1950 2214 [T.

361 2238 572 2312 XLVI]
602 2238 851 2310 Dixitque
874 2241 1172 2296 Jeroboam
1201 2240 1253 2294 in
1286 2239 1449 2296 corde
1478 2255 1576 2294 suo
1613 2257 1623 2290 :
1670 2238 1821 2292 Nunc
1873 2251 1954 2291 re-

358 2340 604 2388 vertetur
633 2348 856 2403 regnum
881 2332 946 2387 ad
978 2333 1198 2387 domum
1233 2331 1417 2398 David,
1447 2334 1488 2385 si
1521 2330 1829 2385 ascenderit
1861 2343 1956 2397 po-

358 2424 518 2495 pnlus
539 2424 662 2488 iste,
693 2436 747 2478 ut
775 2423 934 2480 faciat
965 2424 1234 2478 sacriﬁcia
1260 2425 1312 2480 in
1343 2423 1507 2477 domo
1542 2420 1751 2476 Domini
1795 2422 1842 2474 in
1867 2419 1956 2475 Je-

359 2517 617 2585 rusalem,
647 2529 698 2573 et
722 2528 1071 2573 convertetur
1096 2532 1192 2571 cor
1232 2517 1413 2586 populi
1459 2515 1618 2584 hujus
1667 2513 1730 2567 ad
1781 2511 1956 2566 domi-

359 2629 489 2668 num
519 2627 675 2668 suum
703 2613 944 2668 Roboam
980 2628 1160 2682 regem
1187 2611 1346 2681 Juda,
1385 2611 1814 2677 interlicientque
1845 2622 1951 2672 me,

357 2717 413 2764 et
443 2717 780 2764 revertentur
807 2707 873 2763 ad
896 2725 1042 2763 eum.
1085 2708 1154 2763 Et
1195 2707 1500 2778 excogitato
1524 2704 1784 2769 consdio,
1829 2702 1957 2757 fecit

359 2801 496 2857 duos
525 2802 721 2857 vitulos
754 2816 970 2872 aureos,
1001 2813 1054 2857 et
1084 2802 1221 2857 dixit
1241 2803 1319 2856 eis
1352 2818 1366 2855 :
1396 2800 1577 2856 Nolite
1603 2800 1738 2853 ultra
1763 2813 1955 2852 ascen-

358 2897 492 2953 dere
528 2899 579 2952 in
611 2898 911 2954 Jerusalem
947 2917 959 2954 :
992 2915 1122 2957 ecce
1160 2899 1236 2954 dii
1282 2899 1381 2967 tui,
1415 2897 1606 2962 Israel,
1634 2898 1724 2963 qui
1754 2896 1956 2950 eduxe-

357 3003 486 3048 runt
509 3002 559 3049 te
589 2994 656 3049 de
682 3003 825 3049 terra
869 2994 1113 3065 Egypti.
1145 2994 1440 3063 Posuitque
1482 3009 1646 3047 unum
1695 2993 1746 3045 in
1793 2991 1955 3046 Beth-

360 3085 448 3154 ΕΙ,
479 3096 534 3142 et
560 3087 789 3142 alterum
817 3087 867 3142 iit
925 3087 1064 3142 Dan.
1119 3089 1183 3142 Et
1209 3088 1410 3142 factum
1454 3097 1539 3141 est
1577 3085 1798 3141 verbum
1850 3085 1953 3139 hoc

360 3179 411 3234 iu
445 3190 723 3251 peccatum
759 3199 773 3237 :
809 3182 920 3236 ibat
947 3184 1090 3236 cnim
1138 3182 1365 3250 populus
1394 3181 1457 3234 ad
1491 3178 1824 3233 adorandum
1873 3177 1952 3232 vi-

360 3250 534 3327 tulum
565 3288 734 3343 usque
761 3274 812 3328 in
855 3273 987 3329 1).ιιι.
1023 3273 1110 3346 [Τ.
1147 3271 1381 3344 XLVII]
1427 3272 1494 3326 Et
1537 3271 1669 3326 fecit
1719 3271 1843 3324 fana
1896 3270 1949 3325 in
1979 3250 2021 3309 (ἶ

360 3364 612 3432 excelsis,
645 3377 696 3420 et
717 3369 1029 3420 sacerdotes
1058 3367 1124 3420 de
1162 3365 1426 3420 extremis
1453 3364 1672 3432 populi,
1708 3362 1796 3432 qui
1844 3377 1950 3415 non

362 3469 516 3514 erant
558 3458 626 3514 de
672 3459 797 3514 filiis
839 3461 992 3516 Levi.
1022 3460 1422 3527 Constituitque
1449 3459 1590 3514 diem
1651 3461 1950 3513 solemnem

362 3550 414 3604 in
450 3566 639 3607 mense
662 3564 880 3619 oetavo,
913 3553 1311 3621 qttintadecitna
1337 3552 1428 3606 die
1464 3551 1686 3615 mensis,
1720 3551 1770 3604 in
1795 3549 1947 3604 simi-

359 3643 644 3699 litudinem
678 3645 1035 3701 solemnitatis
1055 3688 1068 3712 ,
1097 3663 1216 3717 qua:
1244 3655 1269 3683 ἰ
1297 3647 1679 3702 celebrabatur
1713 3645 1762 3699 in
1795 3644 1950 3698 Iuda.

363 3736 427 3791 Et
457 3740 759 3794 ascendens
781 3740 954 3793 altare
976 3782 990 3807 ,
1020 3739 1273 3794 similiter
1306 3738 1427 3794 fecit
1474 3739 1526 3793 in
1574 3736 1803 3792 Belli—El
1830 3778 1844 3798 ,
1897 3744 1956 3791 ut

361 3830 671 3885 immolaret
718 3831 902 3888 vitulis
933 3847 1072 3903 quos
1117 3831 1416 3888 fabricatus
1454 3842 1572 3887 erat
1603 3850 1613 3884 :
1645 3831 1953 3886 constituit-

360 3939 466 3994 que
496 3923 550 3979 in
579 3925 798 3980 Beth-El
831 3927 1142 3981 sacerdotes
1166 3925 1535 3989 excelsoruin,
1566 3939 1690 3994 qua:
1721 3923 1949 3978 fecerat.

365 4025 429 4077 Et
451 4021 698 4078 ascendit
736 4037 900 4092 super
929 4023 1099 4086 altare
1128 4021 1270 4092 quod
1312 4028 1656 4076 exstruxerat
1686 4021 1736 4074 in
1787 4018 1954 4074 Beth-

366 4114 451 4180 EI,
483 4115 880 4185 quintadecima
911 4116 999 4170 die
1032 4114 1239 4170 mensis
1267 4115 1481 4179 octavi,
1523 4128 1681 4183 quem
1717 4111 1948 4167 finxerat

362 4207 430 4264 de
457 4208 623 4265 corde
651 4224 773 4274 suo,
815 4217 869 4264 et
905 4207 1035 4264 fecit
1079 4207 1484 4262 solemnitatem
1527 4205 1652 4260 liliis
1683 4204 1868 4268 Israel,
1904 4213 1960 4258 et

363 4300 612 4356 ascendit
633 4318 794 4372 soper
843 4302 1058 4369 altare,
1095 4311 1153 4356 ut
1200 4300 1446 4355 adoleret
1494 4301 1774 4354 incensum
1829 4295 1954 4368 [Μδ.

364 4393 720 4466 adoleretur].
1511 4385 1518 4394 ’

432 4489 515 4562 [Τ.
547 4488 782 4556 XLVIII,
807 4487 938 4560 Cap.
963 4489 1127 4558 XIII.]
1160 4488 1228 4544 Et
1273 4503 1402 4544 ecce
1432 4487 1514 4542 vir
1566 4485 1660 4540 Dei
1703 4485 1850 4539 venit
1891 4482 1960 4538 de

360 4579 498 4636 Juda
549 4582 601 4635 in
669 4596 920 4636 sermone
981 4581 1191 4637 Domini
1238 4582 1290 4637 in
1346 4581 1618 4646 Beth-EI,
1668 4577 1958 4634 Jeroboam

359 4681 545 4728 stante
569 4687 733 4740 super
751 4673 918 4728 altare
938 4716 952 4740 ,
982 4683 1034 4728 et
1056 4674 1180 4728 thus
1198 4674 1431 4743 jacicnte
1462 4673 1649 4745 [ναις.
1681 4667 1952 4739 faciente].
1985 4650 2037 4710 D

364 4767 434 4823 Et
459 4767 791 4822 exclamavit
819 4776 1003 4822 contra
1036 4770 1208 4823 altare
1240 4769 1291 4823 in
1316 4784 1572 4824 sermone
1616 4764 1832 4821 Dutnini
1858 4805 1875 4831 ,
1907 4770 1962 4819 et

361 4861 481 4917 ait:
507 4861 715 4926 Altare,
747 4861 942 4924 altare,“
977 4863 1089 4918 hinc
1109 4861 1246 4917 dicit
1292 4863 1551 4916 Dominus
1587 4879 1600 4916 :
1633 4860 1773 4915 Ecce
1816 4857 1961 4912 filius

363 4962 619 5010 nascetur
645 4954 830 5010 domui
856 4955 1027 5012 David
1048 5001 1062 5026 ,
1092 4955 1268 5011 .Iosias
1296 4957 1541 5022 nomine,
1570 4964 1624 5010 et
1653 4953 1959 5008 immolabit

361 5062 527 5118 super
571 5059 622 5103 te
679 5047 992 5104 sacerdotes
1034 5048 1413 5115 excelsorum,
1459 5053 1549 5118 qui
1611 5062 1755 5103 nunc
1800 5048 1851 5100 in
1906 5053 1959 5100 te

362 5149 519 5204 thura
542 5149 908 5216 succendunt,
943 5162 997 5205 et
1035 5165 1158 5205 ossa
1191 5150 1470 5206 hominum
1505 5149 1758 5204 incendet
1796 5162 1959 5216 super

363 5252 435 5298 te.
471 5242 735 5312 Deditqne
764 5243 817 5298 in
840 5243 929 5298 die
955 5244 1042 5298 illa
1067 5244 1303 5314 signum,
1324 5243 1512 5298 dicens
1541 5259 1555 5294 :
1591 5242 1701 5297 I—Ioc
1754 5240 1858 5295 erit
1889 5240 1961 5295 si-

361 5351 525 5406 gnum
551 5335 694 5406 quod
726 5336 938 5393 locutus
967 5347 1054 5394 est
1084 5337 1352 5392 Dominus
1383 5354 1396 5391 :
1431 5336 1574 5391 Ecce
1613 5336 1785 5390 altare
1817 5333 1964 5387 scin-

362 5427 545 5497 detur,
588 5440 642 5485 et
684 5429 1000 5486 cﬂuttdetur
1046 5429 1215 5495 cinis,
1249 5429 1340 5499 qui
1383 5429 1436 5482 in
1469 5442 1534 5482 eo
1562 5437 1667 5482 est.
1719 5427 1963 5495 Cumque

418 5601 699 5684 H—Minori
732 5620 962 5684 numero
985 5621 1107 5684 cum
1125 5601 1511 5684 Hebraeoiegit
1543 5599 1955 5679 Veronens.ms.

365 5675 628 5730 tributum.
661 5677 791 5742 Qua:
817 5677 1170 5748 subsequitur
1209 5670 1518 5748 SCIIOIItSIIS
1545 5679 1749 5748 notant,
1778 5670 1960 5748 exesis

365 5753 634 5872 ritustﬁte
682 5740 877 5874 Iiltteris
899 5792 914 5817 ,
975 5740 1034 5806 se
1065 5745 1433 5819 conjectando
1459 5743 1745 5800 excudisse
1770 5781 1787 5809 ,
1819 5740 1958 5794 Mar-

394 5836 403 5871 l
448 5835 542 5872 n.r
583 5834 707 5872 0ntll
743 5859 754 5872 .

447 5898 471 5926 τι
510 5888 658 5946 Idem
705 5906 835 5962 ms.,
874 5893 1179 5950 celebratur.
1211 5890 1482 5950 [Iebraica
1530 5897 1711 5945 autem
1744 5884 1956 5964 phrasis

2059 1961 2270 2014 veniam
2301 1965 2506 2018 terum,
2554 1967 2651 2006 nec
2690 1947 2970 2004 comedam
3012 1959 3201 2016 panem
3253 1954 3428 2010 neque
3472 1937 3653 1991 bibam

2059 2067 2251 2122 aquam
2288 2049 2337 2102 in
2385 2048 2505 2102 loco
2539 2046 2686 2099 isto:
2728 2041 2809 2096 sic
2835 2039 2978 2095 cnim
3024 2036 3336 2092 mandatum
3384 2040 3463 2086 est
3519 2027 3653 2084 mihi

2060 2145 2109 2199 in
2181 2157 2431 2198 sermone
2499 2137 2710 2193 Domini
2782 2132 3144 2202 praecipientis
3210 2145 3222 2181 :
3292 2125 3408 2180 Non
3459 2135 3646 2178 corne-

2057 2239 2154 2294 des
2185 2250 2408 2307 panem,
2453 2247 2628 2302 neque
2657 2229 2805 2282 bibes
2837 2240 3031 2294 aquam
3067 2242 3079 2277 :
3114 2237 3212 2276 nec
3235 2217 3530 2274 reverteris
3555 2227 3654 2284 per

2058 2334 2200 2384 viam
2252 2343 2412 2398 quam
2482 2323 2698 2380 venisti.
2752 2319 2900 2375 Abiit
2961 2330 3093 2386 ergo
3145 2328 3241 2385 per
3287 2311 3448 2364 aliam
3484 2307 3651 2371 viam,

2058 2434 2112 2480 et
2135 2441 2238 2478 non
2268 2433 2350 2477 est
2380 2434 2629 2476 reversus
2679 2431 2775 2487 per
2805 2417 2904 2469 iter
2931 2427 3038 2483 quo
3066 2419 3286 2465 venerat
3321 2409 3372 2462 in
3399 2399 3651 2459 Belli-El.

2059 2519 2142 2590 [T.
2185 2517 2247 2572 LI
2275 2515 2295 2588 ]
2329 2513 2624 2585 Prophetes
2655 2519 2835 2565 autem
2869 2506 3087 2578 quidam
3139 2515 3304 2556 senex
3368 2495 3651 2552 habitabat

2060 2586 2110 2666 in
2145 2586 2397 2673 BethlEI,
2429 2606 2497 2662 ad
2533 2622 2692 2675 quem
2722 2601 2749 2640 ι)
2775 2601 2915 2656 venit
2947 2598 3093 2652 [ilius
3113 2610 3242 2648 suus
3269 2591 3394 2664 [Με.
3421 2586 3655 2660 ejus],et

2060 2705 2297 2760 narravit
2328 2703 2377 2757 ei
2409 2698 2590 2754 omnia
2617 2711 2781 2766 Opera
2831 2708 2953 2763 qua}
3014 2689 3218 2744 fecerat
3247 2687 3329 2740 vir
3352 2683 3448 2738 Dei
3478 2685 3529 2736 in
3563 2680 3653 2736 illa

2057 2800 2146 2854 die
2172 2800 2222 2852 in
2256 2793 2480 2850 Belli-El
2510 2809 2524 2845 :
2554 2801 2609 2845 et
2631 2789 2794 2844 verba
2822 2802 2943 2856 qua:
2995 2784 3208 2836 locutus
3248 2778 3429 2832 fuerat
3467 2772 3534 2828 ad
3558 2787 3650 2828 re-

2056 2908 2198 2961 gem.
2225 2890 2291 2944 Et
2325 2889 2684 2940 narraverunt
2711 2880 2849 2952 patri
2872 2891 2994 2943 suo,
3021 2884 3072 2929 et
3100 2873 3231 2927 dixit
3265 2870 3344 2925 eis
3380 2877 3528 2937 pater
3551 2881 3650 2919 eo-

2059 3001 2178 3038 rum
2207 3003 2219 3036 ;
2252 2982 2354 3036 Per
2377 2994 2537 3050 quam
2564 2977 2705 3030 viam
2744 2970 2921 3026 abiit?
2951 2965 3324 3023 Ostenderunt
3370 2962 3416 3013 ri
3449 2957 3544 3011 lilii
3568 2954 3652 3010 sui

2057 3077 2198 3133 viam
2234 3091 2330 3146 per
2356 3090 2512 3144 quam
2538 3069 2746 3124 abierat
2783 3067 2862 3120 vir
2890 3064 3010 3127 Dei,
3033 3060 3122 3131 qui
3148 3064 3367 3122 venerat
3394 3055 3460 3109 de
3485 3050 3648 3108 Iuda.

2061 3171 2122 3224 Et
2162 3170 2236 3222 ait
2263 3165 2389 3220 filiis
2419 3165 2580 3218 suis:
2623 3158 2868 3216 Sternite
2919 3154 3055 3209 mihi
3090 3151 3322 3206 asinum.
3369 3146 3471 3213 Qui
3525 3157 3650 3198 cum

2058 3265 2399 3327 stravissont,
2433 3257 2700 3318 ascendit,
2728 3264 2782 3309 et
2807 3252 2940 3307 abiit
2968 3259 3090 3320 post
3123 3247 3297 3301 virum
3328 3241 3445 3306 Dei,
3477 3250 3532 3295 et
3565 3239 3651 3293 itt-

2058 3361 2206 3412 vcnit
2232 3373 2351 3410 eum
2385 3354 2671 3409 sedentem
2699 3349 2890 3404 subtus
2918 3341 3306 3406 terebintbunt,
3339 3349 3390 3393 et
3412 3338 3487 3391 ait
3527 3335 3603 3388 illi
3636 3350 3651 3389 :

2058 3452 2208 3505 Tune
2231 3465 2288 3502 es
2321 3448 2401 3501 vir
2451 3446 2587 3510 Dei,
2647 3442 2736 3512 qtti
2771 3438 2958 3513 [Vulg.
2995 3444 3124 3491 Iacet
3157 3432 3270 3504 qui]
3299 3443 3321 3470 ο
3358 3427 3554 3486 venisti
3584 3426 3655 3482 de

2055 3542 2232 3602 Juda?
2281 3539 2584 3611 Respondit
2619 3555 2630 3590 :
2670 3537 2783 3606 Ego
2832 3549 2976 3588 sum.
3015 3529 3159 3584 Dixit
3201 3526 3264 3579 ad
3305 3540 3472 3580 eum:
3517 3520 3654 3575 Veni

2059 3653 2267 3694 mecum
2294 3635 2535 3697 domum,
2563 3640 2621 3684 ut
2667 3627 2923 3683 comedas
2969 3635 3183 3694 panem.
3240 3617 3341 3686 Qui
3390 3616 3463 3669 ait
3497 3633 3508 3668 :
3538 3613 3652 3666 Non

2059 3747 2278 3801 pessum
2311 3727 2530 3790 reverti,
2561 3737 2737 3794 neque
2769 3719 2953 3774 venire
2996 3726 3174 3799 tecum
3206 3754 3220 3776 ,
3249 3727 3347 3764 nec.
3370 3707 3654 3763 eumcdam

2059 3840 2273 3896 panetn,
2302 3836 2399 3877 nec
2421 3818 2599 3874 bibam
2629 3830 2820 3885 aquam
2864 3814 2914 3866 in
2943 3803 3061 3865 loco
3092 3809 3196 3860 isto
3228 3822 3240 3858 :
3289 3804 3411 3874 quia
3440 3803 3655 3857 locutus

2058 3927 2141 3972 est
2170 3916 2427 3970 Dominus
2451 3913 2528 3985 [Ιι.
2562 3926 2668 3964 ιιοη
2697 3904 2882 3978 habet]
2925 3903 2990 3957 ad
3035 3916 3121 3957 me
3160 3900 3212 3954 in
3254 3909 3509 3952 sermone
3544 3890 3655 3944 Do-

2059 4011 2215 4076 mini,
2250 3984 2480 4064 dicens:
2510 4003 2627 4060 Non
2657 3999 2915 4056 comedes
2951 4009 3143 4067 pattt'm
3165 4034 3181 4060 ,
3207 3999 3261 4047 et
3289 4003 3467 4056 neque
3503 3984 3658 4039 bibes

2059 4121 2253 4177 aquam
2279 4103 2381 4158 ibi.
2435 4115 2532 4155 nec
2564 4096 2858 4152 rever:eris
2896 4107 2994 4164 per
3026 4091 3167 4143 viam
3205 4099 3307 4156 qua
3342 4081 3511 4138 Iieris.
3555 4077 3660 4146 Qui

2059 4171 2135 4254 ait
2161 4197 2236 4252 illi
2272 4214 2286 4252 :
2315 4196 2381 4250 Et
2404 4210 2504 4261 ego
2529 4189 2790 4262 propheta
2823 4199 2940 4241 sum
2972 4180 3168 4235 similis
3199 4177 3297 4243 tui,
3349 4183 3403 4228 et
3432 4171 3658 4241 angelus

2061 4295 2273 4349 locutus
2303 4299 2386 4346 est
2419 4287 2550 4343 mihi
2581 4287 2636 4341 in
2669 4269 2923 4341 sermone
2950 4276 3187 4340 Domini,
3216 4274 3406 4327 dicens
3433 4286 3446 4324 :
3475 4265 3661 4322 Reduc

2061 4406 2182 4445 eum
2216 4396 2392 4442 tecum
2418 4384 2469 4439 in
2494 4382 2713 4436 domum
2745 4389 2890 4432 tuam
2919 4416 2933 4439 ,
2983 4383 3037 4427 et
3060 4367 3243 4444 [Vulg.
3279 4364 3359 4436 ut]
3405 4360 3660 4419 comedat

2065 4496 2277 4553 panem,
2308 4488 2361 4534 et
2390 4475 2544 4532 bibat
2567 4489 2784 4544 aquam.
2812 4465 3028 4524 Fel’ellit
3055 4478 3201 4528 eum,
3241 4467 3296 4515 et
3331 4455 3544 4512 reduxit
3573 4467 3658 4506 se-

2063 4545 2184 4631 cum
2213 4591 2226 4628 :
2254 4569 2492 4627 comedit
2521 4583 2652 4636 ergo
2693 4577 2883 4632 panem
2922 4562 2974 4614 in
3002 4557 3170 4612 domo
3201 4553 3319 4624 ejus
3340 4591 3354 4615 ,
3415 4557 3471 4603 et
3524 4545 3663 4600 bibit

2061 4682 2278 4738 aquam.
2310 4663 2397 4736 [Τ.
2429 4660 2566 4732 LIl.]
2591 4656 2836 4726 Cumque
2867 4652 3122 4708 sederent
3144 4647 3210 4702 ad
3243 4657 3488 4701 mensam
3509 4683 3524 4708 ,
3584 4637 3662 4692 fa-

2063 4773 2184 4818 ctus
2215 4770 2296 4816 est
2328 4772 2510 4814 sermo
2541 4753 2752 4810 Domini
2787 4749 2853 4804 ad
2883 4748 3206 4817 pr0plietam
3233 4782 3246 4805 ,
3285 4739 3378 4810 qui
3426 4733 3660 4790 reduxe-

2062 4867 2310 4914 rateum.
2342 4853 2406 4907 Et
2430 4847 2753 4906 exclamavit
2775 4843 2841 4899 ad
2867 4843 3036 4896 virum
3069 4836 3188 4903 Dei,
3221 4833 3310 4904 qui
3343 4835 3569 4884 venerat
3592 4824 3663 4880 de

2062 4950 2225 5017 Juda,
2257 4948 2483 5004 dicens:
2521 4942 2645 4996 Ilaec
2667 4938 2803 4994 dicit
2829 4933 3129 4990 Dominus:
3162 4923 3300 4994 Quia
3332 4918 3660 4976 inobediens

2068 5045 2218 5101 fuisti
2292 5042 2372 5096 ori
2423 5035 2674 5097 Domini,
2730 5029 2807 5086 (δι’
2851 5045 2957 5082 nun
3017 5017 3302 5077 custodisti
3345 5013 3662 5070 mandatum

2064 5138 2208 5212 quod
2263 5133 2525 5206 prascepit
2577 5127 2670 5182 tibi
2730 5123 2856 5198 [Με.
2889 5129 3020 5174 tacet
3052 5112 3167 5186 tibi]
3211 5105 3666 5212 Dontinuleens.

2067 5194 2216 5300 hius,
2245 5239 2298 5284 et
2325 5236 2582 5282 reversus
2610 5235 2690 5282 es,
2710 5227 2763 5273 et
2795 5211 3080 5270 comedisti
3114 5220 3340 5278 panem,
3370 5209 3425 5256 et
3479 5194 3666 5253 bibisti

2067 5285 2259 5394 aquam
2285 5361 2300 5386 ,
2334 5321 2384 5374 iu
2417 5319 2539 5373 loco
2571 5317 2622 5368 in
2651 5328 2759 5384 quo
2802 5305 3056 5379 pra-cepit
3107 5299 3231 5373 [Με.
3273 5285 3667 5368 prteceperam]

2068 5419 2161 5474 tibi
2207 5433 2274 5471 ne
2318 5410 2638 5467 comederes
2679 5419 2907 5478 panem,
2947 5412 3118 5469 neque
3159 5393 3382 5449 biberes
3435 5399 3665 5458 aquam,

2068 5595 2293 5651 verbum
2318 5593 2421 5647 hoc
2451 5589 2665 5662 penitus
2697 5584 2921 5662 omittit.

2140 5665 2165 5705 b
2195 5649 2720 5735 Vitlgati,'veneruttt
2744 5657 2843 5735 [itii
2872 5656 2973 5719 sui,
2998 5662 3054 5708 et
3081 5651 3454 5735 narra‘uertmt,
3484 5649 3592 5735 etc;

2141 5750 2162 5777 ο
2847 5739 2901 5782 et
2931 5710 3055 5780 mox
3082 5738 3204 5777 cum
3229 5713 3498 5787 Vulgatis,
3536 5710 3672 5764 Res-

2067 5811 2248 5880 pondit
2274 5811 2363 5865 ille
2392 5825 2411 5865 :
2439 5792 2726 5874 utrumque
2749 5802 2818 5858 ab
2846 5799 3072 5856 Hebraeo
3102 5792 3343 5862 longius.
