  <div class='ocr_page' id='page_1' title='image "/cluster/home/n/w/nwhite01/storage/ocr_20150623/28/hvd.32044015471410/357.png"; bbox 0 0 4144 6364; ppageno 0'>
   <div class='ocr_carea' id='block_1_1' title="bbox 448 284 555 343">
    <p class='ocr_par' dir='ltr' id='par_1_1' title="bbox 448 284 555 343">
     <span class='ocr_line' id='line_1_1' title="bbox 448 284 555 343; baseline -0.009 0"><span class='ocrx_word' id='word_1_1' title='bbox 448 284 555 343; x_wconf 78' lang='lat'><strong>705</strong></span> 
     </span>
    </p>
   </div>
   <div class='ocr_carea' id='block_1_2' title="bbox 1443 252 2723 357">
    <p class='ocr_par' dir='ltr' id='par_1_2' title="bbox 1443 252 2723 357">
     <span class='ocr_line' id='line_1_2' title="bbox 1443 252 2723 357; baseline 0.005 -9"><span class='ocrx_word' id='word_1_2' title='bbox 1443 292 1501 349; x_wconf 90' lang='lat' dir='ltr'><strong>s.</strong></span> <span class='ocrx_word' id='word_1_3' title='bbox 1544 278 1931 350; x_wconf 72' lang='lat' dir='ltr'><strong>IIIERONI&#39;MI</strong></span> <span class='ocrx_word' id='word_1_4' title='bbox 1969 292 2197 352; x_wconf 69' lang='lat' dir='ltr'><strong>omna</strong></span> <span class='ocrx_word' id='word_1_5' title='bbox 2240 252 2723 357; x_wconf 63' lang='lat' dir='ltr'><strong>memoratam.</strong></span> 
     </span>
    </p>
   </div>
   <div class='ocr_carea' id='block_1_3' title="bbox 3631 276 3738 366">
    <p class='ocr_par' dir='ltr' id='par_1_3' title="bbox 3631 276 3738 366">
     <span class='ocr_line' id='line_1_3' title="bbox 3631 276 3738 366; baseline 0.009 -1"><span class='ocrx_word' id='word_1_6' title='bbox 3631 276 3738 366; x_wconf 56' lang='grc' dir='ltr'><strong>τοι</strong></span> 
     </span>
    </p>
   </div>
   <div class='ocr_carea' id='block_1_4' title="bbox 448 405 3743 499">
    <p class='ocr_par' dir='ltr' id='par_1_4' title="bbox 448 405 3743 499">
     <span class='ocr_line' id='line_1_4' title="bbox 448 405 3743 499; baseline 0.007 -38"><span class='ocrx_word' id='word_1_7' title='bbox 448 419 560 462; x_wconf 87' lang='lat' dir='ltr'><strong>non</strong></span> <span class='ocrx_word' id='word_1_8' title='bbox 584 405 851 465; x_wconf 79' lang='lat' dir='ltr'><strong>inferetur</strong></span> <span class='ocrx_word' id='word_1_9' title='bbox 878 408 1005 481; x_wconf 79' lang='lat' dir='ltr'><strong>[Ms.</strong></span> <span class='ocrx_word' id='word_1_10' title='bbox 1040 408 1289 483; x_wconf 78' lang='lat' dir='ltr'><strong>infertur]</strong></span> <span class='ocrx_word' id='word_1_11' title='bbox 1313 408 1549 467; x_wconf 82' lang='lat' dir='ltr'><strong>cadaver</strong></span> <span class='ocrx_word' id='word_1_12' title='bbox 1581 419 1731 468; x_wconf 93' lang='lat' dir='ltr'><strong>tuum</strong></span> <span class='ocrx_word' id='word_1_13' title='bbox 1762 412 1815 469; x_wconf 93' lang='lat' dir='ltr'><strong>in</strong></span> <span class='ocrx_word' id='word_1_14' title='bbox 1848 414 2036 487; x_wconf 88' lang='lat' dir='ltr'><strong>sepul-</strong></span> <span class='ocrx_word' id='word_1_15' title='bbox 2064 418 2115 479; x_wconf 84' lang='lat' dir='ltr'><strong>A</strong></span> <span class='ocrx_word' id='word_1_16' title='bbox 2143 427 2263 475; x_wconf 90' lang='lat' dir='ltr'><strong>crat</strong></span> <span class='ocrx_word' id='word_1_17' title='bbox 2304 436 2321 476; x_wconf 87' lang='lat'><strong>:</strong></span> <span class='ocrx_word' id='word_1_18' title='bbox 2352 421 2561 477; x_wconf 88' lang='lat' dir='ltr'><strong>audivit</strong></span> <span class='ocrx_word' id='word_1_19' title='bbox 2588 420 2762 478; x_wconf 84' lang='lat' dir='ltr'><strong>Ahias</strong></span> <span class='ocrx_word' id='word_1_20' title='bbox 2789 423 3026 480; x_wconf 89' lang='lat' dir='ltr'><strong>sonitum</strong></span> <span class='ocrx_word' id='word_1_21' title='bbox 3051 424 3252 498; x_wconf 88' lang='lat' dir='ltr'><strong>pedum</strong></span> <span class='ocrx_word' id='word_1_22' title='bbox 3305 426 3425 499; x_wconf 93' lang='lat' dir='ltr'><strong>ejus</strong></span> <span class='ocrx_word' id='word_1_23' title='bbox 3454 424 3743 484; x_wconf 62' lang='lat' dir='ltr'><strong>introeunc</strong></span> 
     </span>
    </p>
   </div>
   <div class='ocr_carea' id='block_1_5' title="bbox 449 502 2045 575">
    <p class='ocr_par' dir='ltr' id='par_1_5' title="bbox 449 502 2045 575">
     <span class='ocr_line' id='line_1_5' title="bbox 449 502 2045 575; baseline 0.005 -20"><span class='ocrx_word' id='word_1_24' title='bbox 449 514 605 556; x_wconf 88' lang='lat' dir='ltr'><strong>crum</strong></span> <span class='ocrx_word' id='word_1_25' title='bbox 634 508 848 573; x_wconf 82' lang='lat' dir='ltr'><strong>patrum</strong></span> <span class='ocrx_word' id='word_1_26' title='bbox 882 511 1118 559; x_wconf 90' lang='lat' dir='ltr'><strong>tuorum.</strong></span> <span class='ocrx_word' id='word_1_27' title='bbox 1177 502 1422 574; x_wconf 88' lang='lat' dir='ltr'><strong>Cumque</strong></span> <span class='ocrx_word' id='word_1_28' title='bbox 1447 503 1777 563; x_wconf 79' lang='lat' dir='ltr'><strong>comedisset</strong></span> <span class='ocrx_word' id='word_1_29' title='bbox 1806 548 1822 575; x_wconf 92' lang='lat'><strong>,</strong></span> <span class='ocrx_word' id='word_1_30' title='bbox 1867 515 1924 563; x_wconf 88' lang='lat' dir='ltr'><strong>et</strong></span> <span class='ocrx_word' id='word_1_31' title='bbox 1962 507 2045 563; x_wconf 84' lang='lat' dir='ltr'><strong>bi-</strong></span> 
     </span>
    </p>
   </div>
   <div class='ocr_carea' id='block_1_6' title="bbox 451 591 2042 670">
    <p class='ocr_par' dir='ltr' id='par_1_6' title="bbox 451 591 2042 670">
     <span class='ocr_line' id='line_1_6' title="bbox 451 591 2042 670; baseline 0.005 -20"><span class='ocrx_word' id='word_1_32' title='bbox 451 591 860 663; x_wconf 86' lang='lat' dir='ltr'><strong>bisset,stravit</strong></span> <span class='ocrx_word' id='word_1_33' title='bbox 882 595 1094 652; x_wconf 89' lang='lat' dir='ltr'><strong>asinum</strong></span> <span class='ocrx_word' id='word_1_34' title='bbox 1113 610 1269 651; x_wconf 90' lang='lat' dir='ltr'><strong>suum</strong></span> <span class='ocrx_word' id='word_1_35' title='bbox 1299 597 1600 669; x_wconf 78' lang='lat' dir='ltr'><strong>prephetae,</strong></span> <span class='ocrx_word' id='word_1_36' title='bbox 1629 614 1790 670; x_wconf 87' lang='lat' dir='ltr'><strong>quem</strong></span> <span class='ocrx_word' id='word_1_37' title='bbox 1814 601 2042 658; x_wconf 86' lang='lat' dir='ltr'><strong>reduxe-</strong></span> 
     </span>
    </p>
   </div>
   <div class='ocr_carea' id='block_1_7' title="bbox 449 687 2045 761">
    <p class='ocr_par' dir='ltr' id='par_1_7' title="bbox 449 687 2045 761">
     <span class='ocr_line' id='line_1_7' title="bbox 449 687 2045 761; baseline 0.005 -18"><span class='ocrx_word' id='word_1_38' title='bbox 449 697 555 743; x_wconf 86' lang='lat' dir='ltr'><strong>rat.</strong></span> <span class='ocrx_word' id='word_1_39' title='bbox 584 687 841 758; x_wconf 92' lang='lat' dir='ltr'><strong>Quicum</strong></span> <span class='ocrx_word' id='word_1_40' title='bbox 887 689 1143 759; x_wconf 89' lang='lat' dir='ltr'><strong>abiisset,</strong></span> <span class='ocrx_word' id='word_1_41' title='bbox 1184 690 1556 748; x_wconf 79' lang='lat' dir='ltr'><strong>invenit’eum</strong></span> <span class='ocrx_word' id='word_1_42' title='bbox 1594 692 1685 750; x_wconf 91' lang='lat' dir='ltr'><strong>leo</strong></span> <span class='ocrx_word' id='word_1_43' title='bbox 1726 693 1780 749; x_wconf 92' lang='lat' dir='ltr'><strong>in</strong></span> <span class='ocrx_word' id='word_1_44' title='bbox 1823 695 1942 761; x_wconf 87' lang='lat' dir='ltr'><strong>via,</strong></span> <span class='ocrx_word' id='word_1_45' title='bbox 1988 706 2045 752; x_wconf 91' lang='lat' dir='ltr'><strong>et</strong></span> 
     </span>
    </p>
   </div>
   <div class='ocr_carea' id='block_1_8' title="bbox 446 783 2042 858">
    <p class='ocr_par' dir='ltr' id='par_1_8' title="bbox 446 783 2042 858">
     <span class='ocr_line' id='line_1_8' title="bbox 446 783 2042 858; baseline 0.006 -20"><span class='ocrx_word' id='word_1_46' title='bbox 446 783 674 852; x_wconf 89' lang='lat' dir='ltr'><strong>occidit,</strong></span> <span class='ocrx_word' id='word_1_47' title='bbox 703 793 757 839; x_wconf 91' lang='lat' dir='ltr'><strong>et</strong></span> <span class='ocrx_word' id='word_1_48' title='bbox 782 793 896 839; x_wconf 92' lang='lat' dir='ltr'><strong>erat</strong></span> <span class='ocrx_word' id='word_1_49' title='bbox 932 783 1168 840; x_wconf 80' lang='lat' dir='ltr'><strong>cadaver</strong></span> <span class='ocrx_word' id='word_1_50' title='bbox 1211 785 1329 856; x_wconf 88' lang='lat' dir='ltr'><strong>ejus</strong></span> <span class='ocrx_word' id='word_1_51' title='bbox 1364 786 1667 858; x_wconf 83' lang='lat' dir='ltr'><strong>projectum</strong></span> <span class='ocrx_word' id='word_1_52' title='bbox 1714 789 1768 844; x_wconf 91' lang='lat' dir='ltr'><strong>in</strong></span> <span class='ocrx_word' id='word_1_53' title='bbox 1798 789 1991 847; x_wconf 85' lang='lat' dir='ltr'><strong>itinere</strong></span> <span class='ocrx_word' id='word_1_54' title='bbox 2026 806 2042 847; x_wconf 86' lang='lat'><strong>:</strong></span> 
     </span>
    </p>
   </div>
   <div class='ocr_carea' id='block_1_9' title="bbox 448 875 2044 955">
    <p class='ocr_par' dir='ltr' id='par_1_9' title="bbox 448 875 2044 955">
     <span class='ocr_line' id='line_1_9' title="bbox 448 875 2044 955; baseline 0.007 -25"><span class='ocrx_word' id='word_1_55' title='bbox 448 875 635 931; x_wconf 82' lang='lat' dir='ltr'><strong>asinus</strong></span> <span class='ocrx_word' id='word_1_56' title='bbox 659 883 840 931; x_wconf 91' lang='lat' dir='ltr'><strong>autem</strong></span> <span class='ocrx_word' id='word_1_57' title='bbox 868 876 1045 933; x_wconf 89' lang='lat' dir='ltr'><strong>stabat</strong></span> <span class='ocrx_word' id='word_1_58' title='bbox 1065 877 1215 947; x_wconf 84' lang='lat' dir='ltr'><strong>juxta</strong></span> <span class='ocrx_word' id='word_1_59' title='bbox 1247 878 1435 951; x_wconf 89' lang='lat' dir='ltr'><strong>illum,</strong></span> <span class='ocrx_word' id='word_1_60' title='bbox 1468 891 1525 937; x_wconf 91' lang='lat' dir='ltr'><strong>et</strong></span> <span class='ocrx_word' id='word_1_61' title='bbox 1557 884 1642 939; x_wconf 92' lang='lat' dir='ltr'><strong>leo</strong></span> <span class='ocrx_word' id='word_1_62' title='bbox 1691 884 1873 939; x_wconf 79' lang='lat' dir='ltr'><strong>Stabat</strong></span> <span class='ocrx_word' id='word_1_63' title='bbox 1888 885 2044 955; x_wconf 80' lang='lat' dir='ltr'><strong>juxta</strong></span> 
     </span>
    </p>
   </div>
   <div class='ocr_carea' id='block_1_10' title="bbox 456 968 2041 1036">
    <p class='ocr_par' dir='ltr' id='par_1_10' title="bbox 456 968 2041 1036">
     <span class='ocr_line' id='line_1_10' title="bbox 456 968 2041 1036; baseline 0.006 -13"><span class='ocrx_word' id='word_1_64' title='bbox 456 968 712 1024; x_wconf 81' lang='lat' dir='ltr'><strong>cadaver.</strong></span> <span class='ocrx_word' id='word_1_65' title='bbox 747 968 813 1024; x_wconf 87' lang='lat' dir='ltr'><strong>Et</strong></span> <span class='ocrx_word' id='word_1_66' title='bbox 839 983 1000 1036; x_wconf 90' lang='lat' dir='ltr'><strong>ecce,</strong></span> <span class='ocrx_word' id='word_1_67' title='bbox 1042 971 1147 1027; x_wconf 90' lang='lat' dir='ltr'><strong>viri</strong></span> <span class='ocrx_word' id='word_1_68' title='bbox 1192 980 1541 1030; x_wconf 90' lang='lat' dir='ltr'><strong>transeuntes</strong></span> <span class='ocrx_word' id='word_1_69' title='bbox 1577 976 1835 1033; x_wconf 87' lang='lat' dir='ltr'><strong>viderunt</strong></span> <span class='ocrx_word' id='word_1_70' title='bbox 1883 977 2041 1033; x_wconf 84' lang='lat' dir='ltr'><strong>cada-</strong></span> 
     </span>
    </p>
   </div>
   <div class='ocr_carea' id='block_1_11' title="bbox 454 1060 2045 1140">
    <p class='ocr_par' dir='ltr' id='par_1_11' title="bbox 454 1060 2045 1140">
     <span class='ocr_line' id='line_1_11' title="bbox 454 1060 2045 1140; baseline 0.008 -24"><span class='ocrx_word' id='word_1_71' title='bbox 454 1076 552 1117; x_wconf 89' lang='lat' dir='ltr'><strong>ver</strong></span> <span class='ocrx_word' id='word_1_72' title='bbox 578 1060 883 1131; x_wconf 87' lang='lat' dir='ltr'><strong>projectum</strong></span> <span class='ocrx_word' id='word_1_73' title='bbox 911 1062 964 1117; x_wconf 92' lang='lat' dir='ltr'><strong>in</strong></span> <span class='ocrx_word' id='word_1_74' title='bbox 998 1061 1103 1132; x_wconf 78' lang='lat' dir='ltr'><strong>via,</strong></span> <span class='ocrx_word' id='word_1_75' title='bbox 1132 1073 1189 1121; x_wconf 90' lang='lat' dir='ltr'><strong>et</strong></span> <span class='ocrx_word' id='word_1_76' title='bbox 1217 1066 1431 1123; x_wconf 90' lang='lat' dir='ltr'><strong>leonem</strong></span> <span class='ocrx_word' id='word_1_77' title='bbox 1467 1079 1704 1125; x_wconf 88' lang='lat' dir='ltr'><strong>stantem</strong></span> <span class='ocrx_word' id='word_1_78' title='bbox 1750 1065 1903 1140; x_wconf 74' lang='lat' dir='ltr'><strong>jux&#39;ta</strong></span> <span class='ocrx_word' id='word_1_79' title='bbox 1953 1086 2045 1127; x_wconf 89' lang='lat' dir='ltr'><strong>ca-</strong></span> 
     </span>
    </p>
   </div>
   <div class='ocr_carea' id='block_1_12' title="bbox 452 1144 2047 1232">
    <p class='ocr_par' dir='ltr' id='par_1_12' title="bbox 452 1144 2047 1232">
     <span class='ocr_line' id='line_1_12' title="bbox 452 1144 2047 1232; baseline 0.008 -23"><span class='ocrx_word' id='word_1_80' title='bbox 452 1144 640 1211; x_wconf 75' lang='lat' dir='ltr'><strong>daver.</strong></span> <span class='ocrx_word' id='word_1_81' title='bbox 673 1156 740 1211; x_wconf 85' lang='lat' dir='ltr'><strong>Et</strong></span> <span class='ocrx_word' id='word_1_82' title='bbox 761 1168 1052 1224; x_wconf 85' lang='lat' dir='ltr'><strong>venerunt,</strong></span> <span class='ocrx_word' id='word_1_83' title='bbox 1084 1166 1142 1216; x_wconf 87' lang='lat' dir='ltr'><strong>et</strong></span> <span class='ocrx_word' id='word_1_84' title='bbox 1162 1160 1584 1232; x_wconf 88' lang='lat' dir='ltr'><strong>divulgaverunt</strong></span> <span class='ocrx_word' id='word_1_85' title='bbox 1613 1164 1665 1220; x_wconf 93' lang='lat' dir='ltr'><strong>in</strong></span> <span class='ocrx_word' id='word_1_86' title='bbox 1694 1164 1948 1232; x_wconf 88' lang='lat' dir='ltr'><strong>civitate,</strong></span> <span class='ocrx_word' id='word_1_87' title='bbox 1993 1166 2047 1222; x_wconf 92' lang='lat' dir='ltr'><strong>in</strong></span> 
     </span>
    </p>
   </div>
   <div class='ocr_carea' id='block_1_13' title="bbox 452 1248 2049 1325">
    <p class='ocr_par' dir='ltr' id='par_1_13' title="bbox 452 1248 2049 1325">
     <span class='ocr_line' id='line_1_13' title="bbox 452 1248 2049 1325; baseline 0.011 -28"><span class='ocrx_word' id='word_1_88' title='bbox 452 1263 557 1319; x_wconf 85' lang='lat' dir='ltr'><strong>qua</strong></span> <span class='ocrx_word' id='word_1_89' title='bbox 581 1248 877 1320; x_wconf 87' lang='lat' dir='ltr'><strong>prophetes</strong></span> <span class='ocrx_word' id='word_1_90' title='bbox 906 1265 1075 1308; x_wconf 80' lang='lat' dir='ltr'><strong>senex</strong></span> <span class='ocrx_word' id='word_1_91' title='bbox 1105 1252 1198 1310; x_wconf 91' lang='lat' dir='ltr'><strong>ille</strong></span> <span class='ocrx_word' id='word_1_92' title='bbox 1230 1252 1533 1311; x_wconf 89' lang='lat' dir='ltr'><strong>habitabat.</strong></span> <span class='ocrx_word' id='word_1_93' title='bbox 1564 1255 1722 1325; x_wconf 83' lang='lat' dir='ltr'><strong>Quod</strong></span> <span class='ocrx_word' id='word_1_94' title='bbox 1777 1273 1899 1314; x_wconf 91' lang='lat' dir='ltr'><strong>cum</strong></span> <span class='ocrx_word' id='word_1_95' title='bbox 1951 1273 2049 1313; x_wconf 91' lang='lat' dir='ltr'><strong>au-</strong></span> 
     </span>
    </p>
   </div>
   <div class='ocr_carea' id='block_1_14' title="bbox 456 1339 2048 1419">
    <p class='ocr_par' dir='ltr' id='par_1_14' title="bbox 456 1339 2048 1419">
     <span class='ocr_line' id='line_1_14' title="bbox 456 1339 2048 1419; baseline 0.008 -22"><span class='ocrx_word' id='word_1_96' title='bbox 456 1339 631 1397; x_wconf 89' lang='lat' dir='ltr'><strong>disset</strong></span> <span class='ocrx_word' id='word_1_97' title='bbox 655 1344 916 1414; x_wconf 80' lang='lat' dir='ltr'><strong>propheta</strong></span> <span class='ocrx_word' id='word_1_98' title='bbox 945 1345 1060 1411; x_wconf 84' lang='lat' dir='ltr'><strong>ille,</strong></span> <span class='ocrx_word' id='word_1_99' title='bbox 1093 1347 1189 1418; x_wconf 87' lang='lat' dir='ltr'><strong>qui</strong></span> <span class='ocrx_word' id='word_1_100' title='bbox 1218 1347 1513 1404; x_wconf 87' lang='lat' dir='ltr'><strong>reduxerat</strong></span> <span class='ocrx_word' id='word_1_101' title='bbox 1546 1364 1669 1405; x_wconf 91' lang='lat' dir='ltr'><strong>eum</strong></span> <span class='ocrx_word' id='word_1_102' title='bbox 1699 1350 1767 1407; x_wconf 90' lang='lat' dir='ltr'><strong>de</strong></span> <span class='ocrx_word' id='word_1_103' title='bbox 1802 1351 1911 1419; x_wconf 78' lang='lat' dir='ltr'><strong>via,</strong></span> <span class='ocrx_word' id='word_1_104' title='bbox 1935 1352 2048 1409; x_wconf 86' lang='lat' dir='ltr'><strong>ait:</strong></span> 
     </span>
    </p>
   </div>
   <div class='ocr_carea' id='block_1_15' title="bbox 455 1433 2052 1511">
    <p class='ocr_par' dir='ltr' id='par_1_15' title="bbox 455 1433 2052 1511">
     <span class='ocr_line' id='line_1_15' title="bbox 455 1433 2052 1511; baseline 0.006 -20"><span class='ocrx_word' id='word_1_105' title='bbox 455 1433 552 1491; x_wconf 80' lang='lat' dir='ltr'><strong>Vir</strong></span> <span class='ocrx_word' id='word_1_106' title='bbox 578 1434 674 1492; x_wconf 90' lang='lat' dir='ltr'><strong>Dei</strong></span> <span class='ocrx_word' id='word_1_107' title='bbox 698 1445 802 1505; x_wconf 88' lang='lat' dir='ltr'><strong>est,</strong></span> <span class='ocrx_word' id='word_1_108' title='bbox 831 1439 921 1509; x_wconf 91' lang='lat' dir='ltr'><strong>qui</strong></span> <span class='ocrx_word' id='word_1_109' title='bbox 953 1438 1275 1497; x_wconf 87' lang='lat' dir='ltr'><strong>inobedicns</strong></span> <span class='ocrx_word' id='word_1_110' title='bbox 1308 1441 1405 1495; x_wconf 90' lang='lat' dir='ltr'><strong>fuit</strong></span> <span class='ocrx_word' id='word_1_111' title='bbox 1437 1441 1522 1497; x_wconf 90' lang='lat' dir='ltr'><strong>ori</strong></span> <span class='ocrx_word' id='word_1_112' title='bbox 1551 1442 1806 1511; x_wconf 89' lang='lat' dir='ltr'><strong>Domini,</strong></span> <span class='ocrx_word' id='word_1_113' title='bbox 1857 1452 1913 1499; x_wconf 88' lang='lat' dir='ltr'><strong>et</strong></span> <span class='ocrx_word' id='word_1_114' title='bbox 1943 1453 2052 1501; x_wconf 89' lang='lat' dir='ltr'><strong>tra-</strong></span> 
     </span>
    </p>
   </div>
   <div class='ocr_carea' id='block_1_16' title="bbox 455 1528 2050 1607">
    <p class='ocr_par' dir='ltr' id='par_1_16' title="bbox 455 1528 2050 1607">
     <span class='ocr_line' id='line_1_16' title="bbox 455 1528 2050 1607; baseline 0.006 -23"><span class='ocrx_word' id='word_1_115' title='bbox 455 1528 593 1585; x_wconf 87' lang='lat' dir='ltr'><strong>didit</strong></span> <span class='ocrx_word' id='word_1_116' title='bbox 619 1546 744 1586; x_wconf 90' lang='lat' dir='ltr'><strong>eum</strong></span> <span class='ocrx_word' id='word_1_117' title='bbox 781 1532 1041 1588; x_wconf 88' lang='lat' dir='ltr'><strong>Dominus</strong></span> <span class='ocrx_word' id='word_1_118' title='bbox 1073 1533 1240 1601; x_wconf 87' lang='lat' dir='ltr'><strong>leoni,</strong></span> <span class='ocrx_word' id='word_1_119' title='bbox 1266 1543 1322 1590; x_wconf 88' lang='lat' dir='ltr'><strong>et</strong></span> <span class='ocrx_word' id='word_1_120' title='bbox 1351 1536 1624 1607; x_wconf 74' lang='lat' dir='ltr'><strong>confregit</strong></span> <span class='ocrx_word' id='word_1_121' title='bbox 1654 1553 1800 1603; x_wconf 91' lang='lat' dir='ltr'><strong>eum,</strong></span> <span class='ocrx_word' id='word_1_122' title='bbox 1826 1547 1881 1593; x_wconf 88' lang='lat' dir='ltr'><strong>et</strong></span> <span class='ocrx_word' id='word_1_123' title='bbox 1908 1538 2050 1595; x_wconf 88' lang='lat' dir='ltr'><strong>occi-</strong></span> 
     </span>
    </p>
   </div>
   <div class='ocr_carea' id='block_1_17' title="bbox 457 1625 2051 1704">
    <p class='ocr_par' dir='ltr' id='par_1_17' title="bbox 457 1625 2051 1704">
     <span class='ocr_line' id='line_1_17' title="bbox 457 1625 2051 1704; baseline 0.006 -22"><span class='ocrx_word' id='word_1_124' title='bbox 457 1625 539 1682; x_wconf 88' lang='lat' dir='ltr'><strong>dit</strong></span> <span class='ocrx_word' id='word_1_125' title='bbox 560 1628 716 1697; x_wconf 87' lang='lat' dir='ltr'><strong>juxta</strong></span> <span class='ocrx_word' id='word_1_126' title='bbox 743 1629 968 1685; x_wconf 87' lang='lat' dir='ltr'><strong>verbum</strong></span> <span class='ocrx_word' id='word_1_127' title='bbox 993 1630 1226 1701; x_wconf 81' lang='lat' dir='ltr'><strong>Damini,</strong></span> <span class='ocrx_word' id='word_1_128' title='bbox 1253 1632 1396 1704; x_wconf 91' lang='lat' dir='ltr'><strong>quod</strong></span> <span class='ocrx_word' id='word_1_129' title='bbox 1417 1634 1634 1703; x_wconf 80' lang='lat' dir='ltr'><strong>loeutus</strong></span> <span class='ocrx_word' id='word_1_130' title='bbox 1651 1643 1736 1691; x_wconf 90' lang='lat' dir='ltr'><strong>est</strong></span> <span class='ocrx_word' id='word_1_131' title='bbox 1755 1636 1827 1691; x_wconf 93' lang='lat' dir='ltr'><strong>ci.</strong></span> <span class='ocrx_word' id='word_1_132' title='bbox 1872 1635 2051 1691; x_wconf 86' lang='lat' dir='ltr'><strong>Dixit-</strong></span> 
     </span>
    </p>
   </div>
   <div class='ocr_carea' id='block_1_18' title="bbox 454 1720 2049 1797">
    <p class='ocr_par' dir='ltr' id='par_1_18' title="bbox 454 1720 2049 1797">
     <span class='ocr_line' id='line_1_18' title="bbox 454 1720 2049 1797; baseline 0.006 -23"><span class='ocrx_word' id='word_1_133' title='bbox 454 1734 562 1791; x_wconf 91' lang='lat' dir='ltr'><strong>que</strong></span> <span class='ocrx_word' id='word_1_134' title='bbox 588 1720 655 1775; x_wconf 87' lang='lat' dir='ltr'><strong>ad</strong></span> <span class='ocrx_word' id='word_1_135' title='bbox 685 1721 823 1777; x_wconf 86' lang='lat' dir='ltr'><strong>filios</strong></span> <span class='ocrx_word' id='word_1_136' title='bbox 853 1738 981 1779; x_wconf 89' lang='lat' dir='ltr'><strong>suos</strong></span> <span class='ocrx_word' id='word_1_137' title='bbox 1013 1741 1026 1777; x_wconf 90' lang='lat'><strong>:</strong></span> <span class='ocrx_word' id='word_1_138' title='bbox 1055 1724 1292 1781; x_wconf 85' lang='lat' dir='ltr'><strong>Sternite</strong></span> <span class='ocrx_word' id='word_1_139' title='bbox 1333 1726 1464 1782; x_wconf 92' lang='lat' dir='ltr'><strong>mihi</strong></span> <span class='ocrx_word' id='word_1_140' title='bbox 1507 1727 1739 1782; x_wconf 84' lang='lat' dir='ltr'><strong>asinum.</strong></span> <span class='ocrx_word' id='word_1_141' title='bbox 1780 1728 1885 1797; x_wconf 88' lang='lat' dir='ltr'><strong>Qui</strong></span> <span class='ocrx_word' id='word_1_142' title='bbox 1923 1743 2049 1783; x_wconf 91' lang='lat' dir='ltr'><strong>cum</strong></span> 
     </span>
    </p>
   </div>
   <div class='ocr_carea' id='block_1_19' title="bbox 2149 511 3732 589">
    <p class='ocr_par' dir='ltr' id='par_1_19' title="bbox 2149 511 3732 589">
     <span class='ocr_line' id='line_1_19' title="bbox 2149 511 3732 589; baseline 0.007 -24"><span class='ocrx_word' id='word_1_143' title='bbox 2149 511 2216 565; x_wconf 92' lang='lat' dir='ltr'><strong>tis</strong></span> <span class='ocrx_word' id='word_1_144' title='bbox 2246 526 2346 583; x_wconf 89' lang='lat' dir='ltr'><strong>per</strong></span> <span class='ocrx_word' id='word_1_145' title='bbox 2374 516 2595 580; x_wconf 88' lang='lat' dir='ltr'><strong>ostium,</strong></span> <span class='ocrx_word' id='word_1_146' title='bbox 2628 523 2684 569; x_wconf 91' lang='lat' dir='ltr'><strong>et</strong></span> <span class='ocrx_word' id='word_1_147' title='bbox 2709 516 2781 570; x_wconf 88' lang='lat' dir='ltr'><strong>ait</strong></span> <span class='ocrx_word' id='word_1_148' title='bbox 2819 533 2833 571; x_wconf 93' lang='lat'><strong>:</strong></span> <span class='ocrx_word' id='word_1_149' title='bbox 2866 517 3188 589; x_wconf 88' lang='lat' dir='ltr'><strong>Ingredere,</strong></span> <span class='ocrx_word' id='word_1_150' title='bbox 3213 534 3359 575; x_wconf 88' lang='lat' dir='ltr'><strong>uxor</strong></span> <span class='ocrx_word' id='word_1_151' title='bbox 3394 519 3687 576; x_wconf 78' lang='lat' dir='ltr'><strong>Jeroboam</strong></span> <span class='ocrx_word' id='word_1_152' title='bbox 3715 536 3732 577; x_wconf 90' lang='lat'><strong>:</strong></span> 
     </span>
    </p>
   </div>
   <div class='ocr_carea' id='block_1_20' title="bbox 2149 603 3741 684">
    <p class='ocr_par' dir='ltr' id='par_1_20' title="bbox 2149 603 3741 684">
     <span class='ocr_line' id='line_1_20' title="bbox 2149 603 3741 684; baseline 0.006 -25"><span class='ocrx_word' id='word_1_153' title='bbox 2149 603 2233 677; x_wconf 89' lang='lat' dir='ltr'><strong>[T.</strong></span> <span class='ocrx_word' id='word_1_154' title='bbox 2279 604 2437 678; x_wconf 81' lang='lat' dir='ltr'><strong>LVI.]</strong></span> <span class='ocrx_word' id='word_1_155' title='bbox 2460 621 2627 677; x_wconf 90' lang='lat' dir='ltr'><strong>quare</strong></span> <span class='ocrx_word' id='word_1_156' title='bbox 2653 607 2818 663; x_wconf 88' lang='lat' dir='ltr'><strong>aliam</strong></span> <span class='ocrx_word' id='word_1_157' title='bbox 2855 618 2907 666; x_wconf 90' lang='lat' dir='ltr'><strong>te</strong></span> <span class='ocrx_word' id='word_1_158' title='bbox 2935 624 3057 666; x_wconf 90' lang='lat' dir='ltr'><strong>esse</strong></span> <span class='ocrx_word' id='word_1_159' title='bbox 3101 611 3364 667; x_wconf 85' lang='lat' dir='ltr'><strong>simulas?</strong></span> <span class='ocrx_word' id='word_1_160' title='bbox 3407 628 3507 684; x_wconf 83' lang='lat' dir='ltr'><strong>ego</strong></span> <span class='ocrx_word' id='word_1_161' title='bbox 3562 622 3741 669; x_wconf 90' lang='lat' dir='ltr'><strong>autem</strong></span> 
     </span>
    </p>
   </div>
   <div class='ocr_carea' id='block_1_21' title="bbox 2148 698 3742 777">
    <p class='ocr_par' dir='ltr' id='par_1_21' title="bbox 2148 698 3742 777">
     <span class='ocr_line' id='line_1_21' title="bbox 2148 698 3742 777; baseline 0.005 -25"><span class='ocrx_word' id='word_1_162' title='bbox 2148 698 2350 753; x_wconf 91' lang='lat' dir='ltr'><strong>missus</strong></span> <span class='ocrx_word' id='word_1_163' title='bbox 2374 712 2493 754; x_wconf 92' lang='lat' dir='ltr'><strong>sum</strong></span> <span class='ocrx_word' id='word_1_164' title='bbox 2521 699 2588 754; x_wconf 91' lang='lat' dir='ltr'><strong>ad</strong></span> <span class='ocrx_word' id='word_1_165' title='bbox 2620 710 2672 756; x_wconf 89' lang='lat' dir='ltr'><strong>te</strong></span> <span class='ocrx_word' id='word_1_166' title='bbox 2697 700 2870 756; x_wconf 90' lang='lat' dir='ltr'><strong>durus</strong></span> <span class='ocrx_word' id='word_1_167' title='bbox 2899 703 3109 758; x_wconf 82' lang='lat' dir='ltr'><strong>nuntius</strong></span> <span class='ocrx_word' id='word_1_168' title='bbox 3134 702 3213 776; x_wconf 91' lang='lat' dir='ltr'><strong>[h.</strong></span> <span class='ocrx_word' id='word_1_169' title='bbox 3246 719 3355 760; x_wconf 88' lang='lat' dir='ltr'><strong>non</strong></span> <span class='ocrx_word' id='word_1_170' title='bbox 3381 702 3593 777; x_wconf 85' lang='lat' dir='ltr'><strong>habet].</strong></span> <span class='ocrx_word' id='word_1_171' title='bbox 3633 703 3742 760; x_wconf 80' lang='lat' dir='ltr'><strong>Va-</strong></span> 
     </span>
    </p>
   </div>
   <div class='ocr_carea' id='block_1_22' title="bbox 2148 788 3745 855">
    <p class='ocr_par' dir='ltr' id='par_1_22' title="bbox 2148 788 3745 855">
     <span class='ocr_line' id='line_1_22' title="bbox 2148 788 3745 855; baseline 0.006 -11"><span class='ocrx_word' id='word_1_172' title='bbox 2148 788 2238 855; x_wconf 90' lang='lat' dir='ltr'><strong>de,</strong></span> <span class='ocrx_word' id='word_1_173' title='bbox 2288 801 2343 846; x_wconf 90' lang='lat' dir='ltr'><strong>et</strong></span> <span class='ocrx_word' id='word_1_174' title='bbox 2387 790 2478 846; x_wconf 92' lang='lat' dir='ltr'><strong>dic</strong></span> <span class='ocrx_word' id='word_1_175' title='bbox 2530 790 2869 849; x_wconf 84' lang='lat' dir='ltr'><strong>Jer-oboam&#39;:</strong></span> <span class='ocrx_word' id='word_1_176' title='bbox 2914 794 3041 851; x_wconf 73' lang='lat' dir='ltr'><strong>Ilzrc</strong></span> <span class='ocrx_word' id='word_1_177' title='bbox 3091 797 3226 852; x_wconf 90' lang='lat' dir='ltr'><strong>dicit</strong></span> <span class='ocrx_word' id='word_1_178' title='bbox 3285 792 3545 852; x_wconf 85' lang='lat' dir='ltr'><strong>Dominus</strong></span> <span class='ocrx_word' id='word_1_179' title='bbox 3598 797 3745 853; x_wconf 89' lang='lat' dir='ltr'><strong>Deus</strong></span> 
     </span>
    </p>
   </div>
   <div class='ocr_carea' id='block_1_23' title="bbox 2147 883 3745 962">
    <p class='ocr_par' dir='ltr' id='par_1_23' title="bbox 2147 883 3745 962">
     <span class='ocr_line' id='line_1_23' title="bbox 2147 883 3745 962; baseline 0.005 -23"><span class='ocrx_word' id='word_1_180' title='bbox 2147 883 2313 940; x_wconf 90' lang='lat' dir='ltr'><strong>Israel</strong></span> <span class='ocrx_word' id='word_1_181' title='bbox 2340 901 2354 940; x_wconf 91' lang='lat'>:</span> <span class='ocrx_word' id='word_1_182' title='bbox 2381 885 2516 953; x_wconf 88' lang='lat' dir='ltr'><strong>Quia</strong></span> <span class='ocrx_word' id='word_1_183' title='bbox 2540 887 2783 942; x_wconf 83' lang='lat' dir='ltr'><strong>exaltavi</strong></span> <span class='ocrx_word' id='word_1_184' title='bbox 2812 896 2863 952; x_wconf 90' lang='lat' dir='ltr'><strong>te</strong></span> <span class='ocrx_word' id='word_1_185' title='bbox 2894 889 2963 945; x_wconf 91' lang='lat' dir='ltr'><strong>de</strong></span> <span class='ocrx_word' id='word_1_186' title='bbox 2989 889 3173 945; x_wconf 90' lang='lat' dir='ltr'><strong>medio</strong></span> <span class='ocrx_word' id='word_1_187' title='bbox 3201 890 3385 962; x_wconf 90' lang='lat' dir='ltr'><strong>populi</strong></span> <span class='ocrx_word' id='word_1_188' title='bbox 3405 933 3422 961; x_wconf 93' lang='lat'><strong>,</strong></span> <span class='ocrx_word' id='word_1_189' title='bbox 3452 898 3508 947; x_wconf 93' lang='lat' dir='ltr'><strong>et</strong></span> <span class='ocrx_word' id='word_1_190' title='bbox 3534 890 3661 946; x_wconf 89' lang='lat' dir='ltr'><strong>dedi</strong></span> <span class='ocrx_word' id='word_1_191' title='bbox 3690 899 3745 947; x_wconf 87' lang='lat' dir='ltr'><strong>te</strong></span> 
     </span>
    </p>
   </div>
   <div class='ocr_carea' id='block_1_24' title="bbox 2149 976 3745 1056">
    <p class='ocr_par' dir='ltr' id='par_1_24' title="bbox 2149 976 3745 1056">
     <span class='ocr_line' id='line_1_24' title="bbox 2149 976 3745 1056; baseline 0.005 -25"><span class='ocrx_word' id='word_1_192' title='bbox 2149 976 2342 1056; x_wconf 85' lang='lat' dir='ltr'><strong>ducem</strong></span> <span class='ocrx_word' id='word_1_193' title='bbox 2375 993 2545 1048; x_wconf 90' lang='lat' dir='ltr'><strong>super</strong></span> <span class='ocrx_word' id='word_1_194' title='bbox 2571 981 2830 1050; x_wconf 82' lang='lat' dir='ltr'><strong>populum</strong></span> <span class='ocrx_word' id='word_1_195' title='bbox 2862 998 3043 1037; x_wconf 89' lang='lat' dir='ltr'><strong>meum</strong></span> <span class='ocrx_word' id='word_1_196' title='bbox 3105 981 3309 1049; x_wconf 77' lang='lat' dir='ltr'><strong>Israel,</strong></span> <span class='ocrx_word' id='word_1_197' title='bbox 3372 992 3428 1039; x_wconf 90' lang='lat' dir='ltr'><strong>et</strong></span> <span class='ocrx_word' id='word_1_198' title='bbox 3490 983 3745 1039; x_wconf 90' lang='lat' dir='ltr'><strong>scidire-</strong></span> 
     </span>
    </p>
   </div>
   <div class='ocr_carea' id='block_1_25' title="bbox 2150 1069 3741 1141">
    <p class='ocr_par' dir='ltr' id='par_1_25' title="bbox 2150 1069 3741 1141">
     <span class='ocr_line' id='line_1_25' title="bbox 2150 1069 3741 1141; baseline 0.004 -18"><span class='ocrx_word' id='word_1_199' title='bbox 2150 1085 2316 1140; x_wconf 88' lang='lat' dir='ltr'><strong>gnum</strong></span> <span class='ocrx_word' id='word_1_200' title='bbox 2346 1069 2546 1127; x_wconf 82' lang='lat' dir='ltr'><strong>domus</strong></span> <span class='ocrx_word' id='word_1_201' title='bbox 2574 1072 2766 1137; x_wconf 90' lang='lat' dir='ltr'><strong>David,</strong></span> <span class='ocrx_word' id='word_1_202' title='bbox 2801 1083 2856 1128; x_wconf 90' lang='lat' dir='ltr'><strong>et</strong></span> <span class='ocrx_word' id='word_1_203' title='bbox 2885 1072 3006 1129; x_wconf 84' lang='lat' dir='ltr'><strong>dedi</strong></span> <span class='ocrx_word' id='word_1_204' title='bbox 3043 1073 3179 1130; x_wconf 90' lang='lat' dir='ltr'><strong>illud</strong></span> <span class='ocrx_word' id='word_1_205' title='bbox 3205 1073 3323 1141; x_wconf 92' lang='lat' dir='ltr'><strong>tibi,</strong></span> <span class='ocrx_word' id='word_1_206' title='bbox 3352 1082 3411 1129; x_wconf 90' lang='lat' dir='ltr'><strong>et</strong></span> <span class='ocrx_word' id='word_1_207' title='bbox 3435 1089 3542 1130; x_wconf 88' lang='lat' dir='ltr'><strong>non</strong></span> <span class='ocrx_word' id='word_1_208' title='bbox 3591 1074 3741 1133; x_wconf 82' lang='lat' dir='ltr'><strong>fuisti</strong></span> 
     </span>
    </p>
   </div>
   <div class='ocr_carea' id='block_1_26' title="bbox 2150 1162 3746 1237">
    <p class='ocr_par' dir='ltr' id='par_1_26' title="bbox 2150 1162 3746 1237">
     <span class='ocr_line' id='line_1_26' title="bbox 2150 1162 3746 1237; baseline 0.005 -21"><span class='ocrx_word' id='word_1_209' title='bbox 2150 1162 2292 1216; x_wconf 88' lang='lat' dir='ltr'><strong>sicut</strong></span> <span class='ocrx_word' id='word_1_210' title='bbox 2317 1176 2507 1218; x_wconf 89' lang='lat' dir='ltr'><strong>servus</strong></span> <span class='ocrx_word' id='word_1_211' title='bbox 2541 1179 2694 1220; x_wconf 88' lang='lat' dir='ltr'><strong>meus</strong></span> <span class='ocrx_word' id='word_1_212' title='bbox 2722 1165 2890 1221; x_wconf 87' lang='lat' dir='ltr'><strong>David</strong></span> <span class='ocrx_word' id='word_1_213' title='bbox 2923 1210 2939 1234; x_wconf 92' lang='lat'><strong>,</strong></span> <span class='ocrx_word' id='word_1_214' title='bbox 2997 1166 3088 1237; x_wconf 89' lang='lat' dir='ltr'><strong>qui</strong></span> <span class='ocrx_word' id='word_1_215' title='bbox 3150 1166 3451 1223; x_wconf 84' lang='lat' dir='ltr'><strong>custodivit</strong></span> <span class='ocrx_word' id='word_1_216' title='bbox 3489 1166 3746 1224; x_wconf 88' lang='lat' dir='ltr'><strong>mandata</strong></span> 
     </span>
    </p>
   </div>
   <div class='ocr_carea' id='block_1_27' title="bbox 2149 1258 3749 1328">
    <p class='ocr_par' dir='ltr' id='par_1_27' title="bbox 2149 1258 3749 1328">
     <span class='ocr_line' id='line_1_27' title="bbox 2149 1258 3749 1328; baseline 0.003 -19"><span class='ocrx_word' id='word_1_217' title='bbox 2149 1269 2299 1321; x_wconf 90' lang='lat' dir='ltr'><strong>mea,</strong></span> <span class='ocrx_word' id='word_1_218' title='bbox 2330 1262 2388 1311; x_wconf 85' lang='lat' dir='ltr'><strong>et</strong></span> <span class='ocrx_word' id='word_1_219' title='bbox 2411 1264 2633 1312; x_wconf 77' lang='lat' dir='ltr'><strong>secutus</strong></span> <span class='ocrx_word' id='word_1_220' title='bbox 2663 1267 2750 1312; x_wconf 91' lang='lat' dir='ltr'><strong>est</strong></span> <span class='ocrx_word' id='word_1_221' title='bbox 2790 1273 2880 1314; x_wconf 91' lang='lat' dir='ltr'><strong>me</strong></span> <span class='ocrx_word' id='word_1_222' title='bbox 2927 1259 2980 1313; x_wconf 90' lang='lat' dir='ltr'><strong>in</strong></span> <span class='ocrx_word' id='word_1_223' title='bbox 3006 1268 3121 1314; x_wconf 91' lang='lat' dir='ltr'><strong>toto</strong></span> <span class='ocrx_word' id='word_1_224' title='bbox 3149 1260 3316 1315; x_wconf 85' lang='lat' dir='ltr'><strong>eorde</strong></span> <span class='ocrx_word' id='word_1_225' title='bbox 3342 1274 3442 1315; x_wconf 88' lang='lat' dir='ltr'><strong>suo</strong></span> <span class='ocrx_word' id='word_1_226' title='bbox 3465 1302 3481 1328; x_wconf 91' lang='lat'><strong>,</strong></span> <span class='ocrx_word' id='word_1_227' title='bbox 3539 1258 3749 1315; x_wconf 84' lang='lat' dir='ltr'><strong>faciens</strong></span> 
     </span>
    </p>
   </div>
   <div class='ocr_carea' id='block_1_28' title="bbox 2149 1347 3750 1423">
    <p class='ocr_par' dir='ltr' id='par_1_28' title="bbox 2149 1347 3750 1423">
     <span class='ocr_line' id='line_1_28' title="bbox 2149 1347 3750 1423; baseline 0.004 -25"><span class='ocrx_word' id='word_1_228' title='bbox 2149 1347 2292 1418; x_wconf 93' lang='lat' dir='ltr'><strong>quod</strong></span> <span class='ocrx_word' id='word_1_229' title='bbox 2320 1347 2579 1416; x_wconf 89' lang='lat' dir='ltr'><strong>placitum</strong></span> <span class='ocrx_word' id='word_1_230' title='bbox 2611 1347 2838 1404; x_wconf 91' lang='lat' dir='ltr'><strong>essetin</strong></span> <span class='ocrx_word' id='word_1_231' title='bbox 2870 1359 3171 1421; x_wconf 90' lang='lat' dir='ltr'><strong>conspectu</strong></span> <span class='ocrx_word' id='word_1_232' title='bbox 3207 1366 3332 1407; x_wconf 90' lang='lat' dir='ltr'><strong>meo</strong></span> <span class='ocrx_word' id='word_1_233' title='bbox 3373 1350 3452 1423; x_wconf 82' lang='lat' dir='ltr'><strong>[h.</strong></span> <span class='ocrx_word' id='word_1_234' title='bbox 3483 1350 3540 1406; x_wconf 93' lang='lat' dir='ltr'><strong>in</strong></span> <span class='ocrx_word' id='word_1_235' title='bbox 3571 1351 3750 1406; x_wconf 84' lang='lat' dir='ltr'><strong>oculis</strong></span> 
     </span>
    </p>
   </div>
   <div class='ocr_carea' id='block_1_29' title="bbox 2152 1441 3753 1516">
    <p class='ocr_par' dir='ltr' id='par_1_29' title="bbox 2152 1441 3753 1516">
     <span class='ocr_line' id='line_1_29' title="bbox 2152 1441 3753 1516; baseline 0.003 -20"><span class='ocrx_word' id='word_1_236' title='bbox 2152 1441 2312 1513; x_wconf 89' lang='lat' dir='ltr'><strong>meis]</strong></span> <span class='ocrx_word' id='word_1_237' title='bbox 2346 1457 2360 1496; x_wconf 92' lang='lat'><strong>:</strong></span> <span class='ocrx_word' id='word_1_238' title='bbox 2404 1441 2501 1499; x_wconf 87' lang='lat' dir='ltr'><strong>sed</strong></span> <span class='ocrx_word' id='word_1_239' title='bbox 2527 1450 2786 1514; x_wconf 86' lang='lat' dir='ltr'><strong>operatus</strong></span> <span class='ocrx_word' id='word_1_240' title='bbox 2814 1458 2875 1501; x_wconf 92' lang='lat' dir='ltr'><strong>es</strong></span> <span class='ocrx_word' id='word_1_241' title='bbox 2906 1444 3052 1500; x_wconf 92' lang='lat' dir='ltr'><strong>mala</strong></span> <span class='ocrx_word' id='word_1_242' title='bbox 3080 1460 3249 1515; x_wconf 86' lang='lat' dir='ltr'><strong>super</strong></span> <span class='ocrx_word' id='word_1_243' title='bbox 3276 1460 3471 1501; x_wconf 92' lang='lat' dir='ltr'><strong>omnes</strong></span> <span class='ocrx_word' id='word_1_244' title='bbox 3500 1445 3596 1516; x_wconf 90' lang='lat' dir='ltr'><strong>qui</strong></span> <span class='ocrx_word' id='word_1_245' title='bbox 3634 1445 3753 1502; x_wconf 84' lang='lat' dir='ltr'><strong>fue-</strong></span> 
     </span>
    </p>
   </div>
   <div class='ocr_carea' id='block_1_30' title="bbox 2151 1536 3749 1612">
    <p class='ocr_par' dir='ltr' id='par_1_30' title="bbox 2151 1536 3749 1612">
     <span class='ocr_line' id='line_1_30' title="bbox 2151 1536 3749 1612; baseline 0.004 -24"><span class='ocrx_word' id='word_1_246' title='bbox 2151 1544 2277 1589; x_wconf 90' lang='lat' dir='ltr'><strong>runt</strong></span> <span class='ocrx_word' id='word_1_247' title='bbox 2302 1545 2426 1591; x_wconf 84' lang='lat' dir='ltr'><strong>ante</strong></span> <span class='ocrx_word' id='word_1_248' title='bbox 2460 1548 2531 1604; x_wconf 92' lang='lat' dir='ltr'><strong>te,</strong></span> <span class='ocrx_word' id='word_1_249' title='bbox 2558 1547 2616 1593; x_wconf 86' lang='lat' dir='ltr'><strong>et</strong></span> <span class='ocrx_word' id='word_1_250' title='bbox 2646 1536 2818 1593; x_wconf 81' lang='lat' dir='ltr'><strong>fecisti</strong></span> <span class='ocrx_word' id='word_1_251' title='bbox 2856 1536 2936 1611; x_wconf 92' lang='lat' dir='ltr'><strong>[h.</strong></span> <span class='ocrx_word' id='word_1_252' title='bbox 2969 1548 3025 1594; x_wconf 91' lang='lat' dir='ltr'><strong>et</strong></span> <span class='ocrx_word' id='word_1_253' title='bbox 3050 1538 3377 1611; x_wconf 88' lang='lat' dir='ltr'><strong>ambulasti,</strong></span> <span class='ocrx_word' id='word_1_254' title='bbox 3434 1550 3491 1596; x_wconf 90' lang='lat' dir='ltr'><strong>et</strong></span> <span class='ocrx_word' id='word_1_255' title='bbox 3543 1538 3749 1612; x_wconf 88' lang='lat' dir='ltr'><strong>fecisti]</strong></span> 
     </span>
    </p>
   </div>
   <div class='ocr_carea' id='block_1_31' title="bbox 2154 1628 3756 1716">
    <p class='ocr_par' dir='ltr' id='par_1_31' title="bbox 2154 1628 3756 1716">
     <span class='ocr_line' id='line_1_31' title="bbox 2154 1628 3756 1716; baseline 0.004 -35"><span class='ocrx_word' id='word_1_256' title='bbox 2154 1628 2250 1682; x_wconf 86' lang='lat' dir='ltr'><strong>tibi</strong></span> <span class='ocrx_word' id='word_1_257' title='bbox 2274 1628 2410 1683; x_wconf 90' lang='lat' dir='ltr'><strong>deos</strong></span> <span class='ocrx_word' id='word_1_258' title='bbox 2436 1629 2653 1716; x_wconf 67' lang='lat' dir='ltr'><strong>alienos</strong></span> <span class='ocrx_word' id='word_1_259' title='bbox 2692 1640 2745 1686; x_wconf 91' lang='lat' dir='ltr'><strong>et</strong></span> <span class='ocrx_word' id='word_1_260' title='bbox 2792 1630 3133 1700; x_wconf 82' lang='lat' dir='ltr'><strong>conflatiles,</strong></span> <span class='ocrx_word' id='word_1_261' title='bbox 3193 1640 3253 1687; x_wconf 91' lang='lat' dir='ltr'><strong>ut</strong></span> <span class='ocrx_word' id='word_1_262' title='bbox 3286 1648 3373 1689; x_wconf 91' lang='lat' dir='ltr'><strong>me</strong></span> <span class='ocrx_word' id='word_1_263' title='bbox 3419 1632 3488 1688; x_wconf 92' lang='lat' dir='ltr'><strong>ad</strong></span> <span class='ocrx_word' id='word_1_264' title='bbox 3534 1632 3756 1688; x_wconf 86' lang='lat' dir='ltr'><strong>iracun-</strong></span> 
     </span>
    </p>
   </div>
   <div class='ocr_carea' id='block_1_32' title="bbox 2155 1721 3755 1795">
    <p class='ocr_par' dir='ltr' id='par_1_32' title="bbox 2155 1721 3755 1795">
     <span class='ocr_line' id='line_1_32' title="bbox 2155 1721 3755 1795; baseline 0.002 -19"><span class='ocrx_word' id='word_1_265' title='bbox 2155 1721 2297 1777; x_wconf 87' lang='lat' dir='ltr'><strong>diam</strong></span> <span class='ocrx_word' id='word_1_266' title='bbox 2324 1738 2681 1794; x_wconf 87' lang='lat' dir='ltr'><strong>provocares,</strong></span> <span class='ocrx_word' id='word_1_267' title='bbox 2715 1739 2803 1780; x_wconf 92' lang='lat' dir='ltr'><strong>me</strong></span> <span class='ocrx_word' id='word_1_268' title='bbox 2838 1735 3024 1780; x_wconf 91' lang='lat' dir='ltr'><strong>autem</strong></span> <span class='ocrx_word' id='word_1_269' title='bbox 3057 1723 3344 1795; x_wconf 90' lang='lat' dir='ltr'><strong>projecisti</strong></span> <span class='ocrx_word' id='word_1_270' title='bbox 3398 1733 3523 1795; x_wconf 90' lang='lat' dir='ltr'><strong>post</strong></span> <span class='ocrx_word' id='word_1_271' title='bbox 3552 1738 3755 1794; x_wconf 87' lang='lat' dir='ltr'><strong>corpus</strong></span> 
     </span>
    </p>
   </div>
   <div class='ocr_carea' id='block_1_33' title="bbox 455 1812 3755 1899">
    <p class='ocr_par' dir='ltr' id='par_1_33' title="bbox 455 1812 3755 1899">
     <span class='ocr_line' id='line_1_33' title="bbox 455 1812 3755 1899; baseline 0.001 -30"><span class='ocrx_word' id='word_1_272' title='bbox 455 1812 796 1883; x_wconf 79' lang='lat' dir='ltr'><strong>stravissent,</strong></span> <span class='ocrx_word' id='word_1_273' title='bbox 819 1824 872 1872; x_wconf 92' lang='lat' dir='ltr'><strong>et</strong></span> <span class='ocrx_word' id='word_1_274' title='bbox 900 1816 992 1871; x_wconf 91' lang='lat' dir='ltr'><strong>ille</strong></span> <span class='ocrx_word' id='word_1_275' title='bbox 1016 1816 1488 1886; x_wconf 81' lang='lat' dir='ltr'><strong>abiisset,inveuit</strong></span> <span class='ocrx_word' id='word_1_276' title='bbox 1513 1820 1750 1876; x_wconf 91' lang='lat' dir='ltr'><strong>cadaver</strong></span> <span class='ocrx_word' id='word_1_277' title='bbox 1770 1822 1889 1892; x_wconf 86' lang='lat' dir='ltr'><strong>ejus</strong></span> <span class='ocrx_word' id='word_1_278' title='bbox 1917 1837 2044 1893; x_wconf 88' lang='lat' dir='ltr'><strong>pro-</strong></span> <span class='ocrx_word' id='word_1_279' title='bbox 2078 1820 2127 1881; x_wconf 91' lang='lat' dir='ltr'><strong>B</strong></span> <span class='ocrx_word' id='word_1_280' title='bbox 2155 1825 2304 1872; x_wconf 91' lang='lat' dir='ltr'><strong>tuum</strong></span> <span class='ocrx_word' id='word_1_281' title='bbox 2337 1834 2351 1872; x_wconf 90' lang='lat'>:</span> <span class='ocrx_word' id='word_1_282' title='bbox 2401 1818 2612 1874; x_wconf 90' lang='lat' dir='ltr'><strong>idcirco</strong></span> <span class='ocrx_word' id='word_1_283' title='bbox 2641 1816 2669 1856; x_wconf 53' lang='grc' dir='ltr'><strong>ἓν</strong></span> <span class='ocrx_word' id='word_1_284' title='bbox 2705 1832 2834 1899; x_wconf 80' lang='lat' dir='ltr'><strong>ecce</strong></span> <span class='ocrx_word' id='word_1_285' title='bbox 2901 1833 3004 1890; x_wconf 88' lang='lat' dir='ltr'><strong>ego</strong></span> <span class='ocrx_word' id='word_1_286' title='bbox 3064 1818 3321 1874; x_wconf 88' lang='lat' dir='ltr'><strong>inducam</strong></span> <span class='ocrx_word' id='word_1_287' title='bbox 3386 1817 3529 1873; x_wconf 90' lang='lat' dir='ltr'><strong>mala</strong></span> <span class='ocrx_word' id='word_1_288' title='bbox 3589 1832 3755 1887; x_wconf 86' lang='lat' dir='ltr'><strong>super</strong></span> 
     </span>
    </p>
   </div>
   <div class='ocr_carea' id='block_1_34' title="bbox 447 1908 2053 1989">
    <p class='ocr_par' dir='ltr' id='par_1_34' title="bbox 447 1908 2053 1989">
     <span class='ocr_line' id='line_1_34' title="bbox 447 1908 2053 1989; baseline 0.005 -25"><span class='ocrx_word' id='word_1_289' title='bbox 447 1908 655 1981; x_wconf 87' lang='lat' dir='ltr'><strong>jectum</strong></span> <span class='ocrx_word' id='word_1_290' title='bbox 680 1910 735 1964; x_wconf 93' lang='lat' dir='ltr'><strong>in</strong></span> <span class='ocrx_word' id='word_1_291' title='bbox 763 1911 878 1975; x_wconf 90' lang='lat' dir='ltr'><strong>via,</strong></span> <span class='ocrx_word' id='word_1_292' title='bbox 903 1918 958 1966; x_wconf 92' lang='lat' dir='ltr'><strong>et</strong></span> <span class='ocrx_word' id='word_1_293' title='bbox 986 1911 1198 1968; x_wconf 88' lang='lat' dir='ltr'><strong>asinum</strong></span> <span class='ocrx_word' id='word_1_294' title='bbox 1224 1922 1278 1969; x_wconf 90' lang='lat' dir='ltr'><strong>et</strong></span> <span class='ocrx_word' id='word_1_295' title='bbox 1310 1913 1523 1970; x_wconf 90' lang='lat' dir='ltr'><strong>leonem</strong></span> <span class='ocrx_word' id='word_1_296' title='bbox 1555 1924 1762 1972; x_wconf 89' lang='lat' dir='ltr'><strong>stantes</strong></span> <span class='ocrx_word' id='word_1_297' title='bbox 1787 1916 1939 1989; x_wconf 87' lang='lat' dir='ltr'><strong>juxta</strong></span> <span class='ocrx_word' id='word_1_298' title='bbox 1962 1932 2053 1972; x_wconf 84' lang='lat' dir='ltr'><strong>ca-</strong></span> 
     </span>
    </p>
   </div>
   <div class='ocr_carea' id='block_1_35' title="bbox 454 2002 2047 2077">
    <p class='ocr_par' dir='ltr' id='par_1_35' title="bbox 454 2002 2047 2077">
     <span class='ocr_line' id='line_1_35' title="bbox 454 2002 2047 2077; baseline 0.006 -20"><span class='ocrx_word' id='word_1_299' title='bbox 454 2002 625 2059; x_wconf 87' lang='lat' dir='ltr'><strong>daver</strong></span> <span class='ocrx_word' id='word_1_300' title='bbox 651 2020 663 2056; x_wconf 91' lang='lat'>:</span> <span class='ocrx_word' id='word_1_301' title='bbox 699 2017 804 2059; x_wconf 90' lang='lat' dir='ltr'><strong>non</strong></span> <span class='ocrx_word' id='word_1_302' title='bbox 837 2003 1076 2059; x_wconf 77' lang='lat' dir='ltr'><strong>comedit</strong></span> <span class='ocrx_word' id='word_1_303' title='bbox 1098 2005 1183 2060; x_wconf 91' lang='lat' dir='ltr'><strong>leo</strong></span> <span class='ocrx_word' id='word_1_304' title='bbox 1209 2006 1279 2062; x_wconf 90' lang='lat' dir='ltr'><strong>de</strong></span> <span class='ocrx_word' id='word_1_305' title='bbox 1305 2006 1574 2064; x_wconf 88' lang='lat' dir='ltr'><strong>cadavere</strong></span> <span class='ocrx_word' id='word_1_306' title='bbox 1597 2049 1612 2077; x_wconf 91' lang='lat'><strong>,</strong></span> <span class='ocrx_word' id='word_1_307' title='bbox 1647 2024 1747 2066; x_wconf 91' lang='lat' dir='ltr'><strong>nec</strong></span> <span class='ocrx_word' id='word_1_308' title='bbox 1774 2010 1914 2066; x_wconf 78' lang='lat' dir='ltr'><strong>laesit</strong></span> <span class='ocrx_word' id='word_1_309' title='bbox 1938 2010 2047 2066; x_wconf 91' lang='lat' dir='ltr'><strong>asi-</strong></span> 
     </span>
    </p>
   </div>
   <div class='ocr_carea' id='block_1_36' title="bbox 456 2095 2056 2171">
    <p class='ocr_par' dir='ltr' id='par_1_36' title="bbox 456 2095 2056 2171">
     <span class='ocr_line' id='line_1_36' title="bbox 456 2095 2056 2171; baseline 0.005 -19"><span class='ocrx_word' id='word_1_310' title='bbox 456 2110 610 2152; x_wconf 88' lang='lat' dir='ltr'><strong>num.</strong></span> <span class='ocrx_word' id='word_1_311' title='bbox 673 2095 821 2152; x_wconf 85' lang='lat' dir='ltr'><strong>Tulit</strong></span> <span class='ocrx_word' id='word_1_312' title='bbox 863 2112 998 2167; x_wconf 84' lang='lat' dir='ltr'><strong>ergo</strong></span> <span class='ocrx_word' id='word_1_313' title='bbox 1061 2098 1357 2170; x_wconf 88' lang='lat' dir='ltr'><strong>prophetes</strong></span> <span class='ocrx_word' id='word_1_314' title='bbox 1405 2100 1636 2157; x_wconf 81' lang='lat' dir='ltr'><strong>cadaver</strong></span> <span class='ocrx_word' id='word_1_315' title='bbox 1691 2102 1795 2158; x_wconf 90' lang='lat' dir='ltr'><strong>viri</strong></span> <span class='ocrx_word' id='word_1_316' title='bbox 1834 2103 1958 2171; x_wconf 89' lang='lat' dir='ltr'><strong>Dei,</strong></span> <span class='ocrx_word' id='word_1_317' title='bbox 1999 2112 2056 2160; x_wconf 91' lang='lat' dir='ltr'><strong>et</strong></span> 
     </span>
    </p>
   </div>
   <div class='ocr_carea' id='block_1_37' title="bbox 456 2190 2051 2263">
    <p class='ocr_par' dir='ltr' id='par_1_37' title="bbox 456 2190 2051 2263">
     <span class='ocr_line' id='line_1_37' title="bbox 456 2190 2051 2263; baseline 0.004 -17"><span class='ocrx_word' id='word_1_318' title='bbox 456 2190 637 2262; x_wconf 85' lang='lat' dir='ltr'><strong>posuit</strong></span> <span class='ocrx_word' id='word_1_319' title='bbox 674 2191 804 2247; x_wconf 92' lang='lat' dir='ltr'><strong>illud</strong></span> <span class='ocrx_word' id='word_1_320' title='bbox 854 2206 1021 2263; x_wconf 90' lang='lat' dir='ltr'><strong>super</strong></span> <span class='ocrx_word' id='word_1_321' title='bbox 1065 2193 1279 2248; x_wconf 89' lang='lat' dir='ltr'><strong>asinum</strong></span> <span class='ocrx_word' id='word_1_322' title='bbox 1308 2238 1324 2263; x_wconf 93' lang='lat'><strong>,</strong></span> <span class='ocrx_word' id='word_1_323' title='bbox 1377 2204 1431 2251; x_wconf 93' lang='lat' dir='ltr'><strong>et</strong></span> <span class='ocrx_word' id='word_1_324' title='bbox 1474 2210 1726 2252; x_wconf 88' lang='lat' dir='ltr'><strong>reversus</strong></span> <span class='ocrx_word' id='word_1_325' title='bbox 1760 2197 1945 2253; x_wconf 90' lang='lat' dir='ltr'><strong>intulit</strong></span> <span class='ocrx_word' id='word_1_326' title='bbox 1998 2198 2051 2253; x_wconf 91' lang='lat' dir='ltr'><strong>in</strong></span> 
     </span>
    </p>
   </div>
   <div class='ocr_carea' id='block_1_38' title="bbox 384 2268 2054 2360">
    <p class='ocr_par' dir='ltr' id='par_1_38' title="bbox 384 2268 2054 2360">
     <span class='ocr_line' id='line_1_38' title="bbox 384 2268 2054 2360; baseline 0.007 -24"><span class='ocrx_word' id='word_1_327' title='bbox 384 2268 393 2275; x_wconf 47' lang='grc'><em>“</em></span> <span class='ocrx_word' id='word_1_328' title='bbox 459 2282 734 2339; x_wconf 83' lang='lat' dir='ltr'><strong>civitatem</strong></span> <span class='ocrx_word' id='word_1_329' title='bbox 770 2292 796 2321; x_wconf 71' lang='grc' dir='ltr'><strong>ει</strong></span> <span class='ocrx_word' id='word_1_330' title='bbox 823 2284 1116 2356; x_wconf 82' lang='lat' dir='ltr'><strong>prophetes</strong></span> <span class='ocrx_word' id='word_1_331' title='bbox 1145 2301 1337 2357; x_wconf 83' lang='lat' dir='ltr'><strong>senex,</strong></span> <span class='ocrx_word' id='word_1_332' title='bbox 1375 2296 1434 2343; x_wconf 92' lang='lat' dir='ltr'><strong>ut</strong></span> <span class='ocrx_word' id='word_1_333' title='bbox 1473 2288 1759 2360; x_wconf 84' lang='lat' dir='ltr'><strong>plangeret</strong></span> <span class='ocrx_word' id='word_1_334' title='bbox 1786 2306 1933 2346; x_wconf 90' lang='lat' dir='ltr'><strong>eum.</strong></span> <span class='ocrx_word' id='word_1_335' title='bbox 1984 2290 2054 2347; x_wconf 88' lang='lat' dir='ltr'><strong>Et</strong></span> 
     </span>
    </p>
   </div>
   <div class='ocr_carea' id='block_1_39' title="bbox 459 2379 2056 2455">
    <p class='ocr_par' dir='ltr' id='par_1_39' title="bbox 459 2379 2056 2455">
     <span class='ocr_line' id='line_1_39' title="bbox 459 2379 2056 2455; baseline 0.006 -23"><span class='ocrx_word' id='word_1_336' title='bbox 459 2379 642 2447; x_wconf 90' lang='lat' dir='ltr'><strong>posuit</strong></span> <span class='ocrx_word' id='word_1_337' title='bbox 671 2379 909 2436; x_wconf 90' lang='lat' dir='ltr'><strong>cadaver</strong></span> <span class='ocrx_word' id='word_1_338' title='bbox 940 2380 1061 2450; x_wconf 90' lang='lat' dir='ltr'><strong>ejus</strong></span> <span class='ocrx_word' id='word_1_339' title='bbox 1091 2381 1146 2436; x_wconf 93' lang='lat' dir='ltr'><strong>in</strong></span> <span class='ocrx_word' id='word_1_340' title='bbox 1174 2381 1432 2450; x_wconf 87' lang='lat' dir='ltr'><strong>sepulcro</strong></span> <span class='ocrx_word' id='word_1_341' title='bbox 1464 2397 1564 2439; x_wconf 93' lang='lat' dir='ltr'><strong>suo</strong></span> <span class='ocrx_word' id='word_1_342' title='bbox 1584 2425 1599 2449; x_wconf 89' lang='lat'><strong>,</strong></span> <span class='ocrx_word' id='word_1_343' title='bbox 1626 2391 1685 2439; x_wconf 88' lang='lat' dir='ltr'><strong>et</strong></span> <span class='ocrx_word' id='word_1_344' title='bbox 1724 2384 2056 2455; x_wconf 84' lang='lat' dir='ltr'><strong>planxerunt</strong></span> 
     </span>
    </p>
   </div>
   <div class='ocr_carea' id='block_1_40' title="bbox 455 2471 2056 2553">
    <p class='ocr_par' dir='ltr' id='par_1_40' title="bbox 455 2471 2056 2553">
     <span class='ocr_line' id='line_1_40' title="bbox 455 2471 2056 2553; baseline 0.004 -27"><span class='ocrx_word' id='word_1_345' title='bbox 455 2484 579 2526; x_wconf 89' lang='lat' dir='ltr'><strong>eum</strong></span> <span class='ocrx_word' id='word_1_346' title='bbox 615 2488 628 2524; x_wconf 88' lang='lat'><strong>:</strong></span> <span class='ocrx_word' id='word_1_347' title='bbox 656 2471 779 2553; x_wconf 28' lang='lat' dir='ltr'><strong>Heu!</strong></span> <span class='ocrx_word' id='word_1_348' title='bbox 804 2472 908 2527; x_wconf 89' lang='lat' dir='ltr'><strong>heu</strong></span> <span class='ocrx_word' id='word_1_349' title='bbox 940 2472 1018 2544; x_wconf 90' lang='lat' dir='ltr'><strong>[h.</strong></span> <span class='ocrx_word' id='word_1_350' title='bbox 1050 2474 1189 2538; x_wconf 87' lang='lat' dir='ltr'><strong>Heu,</strong></span> <span class='ocrx_word' id='word_1_351' title='bbox 1223 2473 1393 2529; x_wconf 87' lang='lat' dir='ltr'><strong>frater</strong></span> <span class='ocrx_word' id='word_1_352' title='bbox 1415 2475 1536 2547; x_wconf 91' lang='lat' dir='ltr'><strong>mi],</strong></span> <span class='ocrx_word' id='word_1_353' title='bbox 1573 2477 1761 2532; x_wconf 88' lang='lat' dir='ltr'><strong>frater.</strong></span> <span class='ocrx_word' id='word_1_354' title='bbox 1807 2475 2056 2546; x_wconf 78' lang='lat' dir='ltr'><strong>Cumque</strong></span> 
     </span>
    </p>
   </div>
   <div class='ocr_carea' id='block_1_41' title="bbox 458 2562 2055 2639">
    <p class='ocr_par' dir='ltr' id='par_1_41' title="bbox 458 2562 2055 2639">
     <span class='ocr_line' id='line_1_41' title="bbox 458 2562 2055 2639; baseline 0.004 -20"><span class='ocrx_word' id='word_1_355' title='bbox 458 2562 798 2637; x_wconf 82' lang='lat' dir='ltr'><strong>planxissent</strong></span> <span class='ocrx_word' id='word_1_356' title='bbox 851 2566 929 2639; x_wconf 88' lang='lat' dir='ltr'><strong>[h.</strong></span> <span class='ocrx_word' id='word_1_357' title='bbox 986 2567 1334 2639; x_wconf 89' lang='lat' dir='ltr'><strong>sepelissent]</strong></span> <span class='ocrx_word' id='word_1_358' title='bbox 1374 2582 1540 2638; x_wconf 91' lang='lat' dir='ltr'><strong>eum,</strong></span> <span class='ocrx_word' id='word_1_359' title='bbox 1598 2569 1738 2625; x_wconf 89' lang='lat' dir='ltr'><strong>dixit</strong></span> <span class='ocrx_word' id='word_1_360' title='bbox 1792 2570 1862 2626; x_wconf 92' lang='lat' dir='ltr'><strong>ad</strong></span> <span class='ocrx_word' id='word_1_361' title='bbox 1913 2571 2055 2626; x_wconf 87' lang='lat' dir='ltr'><strong>filios</strong></span> 
     </span>
    </p>
   </div>
   <div class='ocr_carea' id='block_1_42' title="bbox 462 2657 2059 2735">
    <p class='ocr_par' dir='ltr' id='par_1_42' title="bbox 462 2657 2059 2735">
     <span class='ocr_line' id='line_1_42' title="bbox 462 2657 2059 2735; baseline 0.003 -22"><span class='ocrx_word' id='word_1_362' title='bbox 462 2673 592 2714; x_wconf 88' lang='lat' dir='ltr'><strong>suos</strong></span> <span class='ocrx_word' id='word_1_363' title='bbox 635 2676 650 2714; x_wconf 92' lang='lat'><strong>:</strong></span> <span class='ocrx_word' id='word_1_364' title='bbox 692 2657 829 2715; x_wconf 89' lang='lat' dir='ltr'><strong>Cum</strong></span> <span class='ocrx_word' id='word_1_365' title='bbox 873 2668 1120 2715; x_wconf 90' lang='lat' dir='ltr'><strong>mortuus</strong></span> <span class='ocrx_word' id='word_1_366' title='bbox 1158 2660 1333 2729; x_wconf 90' lang='lat' dir='ltr'><strong>fuero,</strong></span> <span class='ocrx_word' id='word_1_367' title='bbox 1375 2661 1606 2733; x_wconf 89' lang='lat' dir='ltr'><strong>sepelite</strong></span> <span class='ocrx_word' id='word_1_368' title='bbox 1644 2678 1732 2719; x_wconf 91' lang='lat' dir='ltr'><strong>me</strong></span> <span class='ocrx_word' id='word_1_369' title='bbox 1781 2664 1832 2717; x_wconf 91' lang='lat' dir='ltr'><strong>in</strong></span> <span class='ocrx_word' id='word_1_370' title='bbox 1876 2663 2059 2735; x_wconf 87' lang='lat' dir='ltr'><strong>sepul-</strong></span> 
     </span>
    </p>
   </div>
   <div class='ocr_carea' id='block_1_43' title="bbox 457 2753 2057 2831">
    <p class='ocr_par' dir='ltr' id='par_1_43' title="bbox 457 2753 2057 2831">
     <span class='ocr_line' id='line_1_43' title="bbox 457 2753 2057 2831; baseline 0.004 -22"><span class='ocrx_word' id='word_1_371' title='bbox 457 2767 554 2809; x_wconf 92' lang='lat' dir='ltr'><strong>cro</strong></span> <span class='ocrx_word' id='word_1_372' title='bbox 594 2753 646 2808; x_wconf 91' lang='lat' dir='ltr'><strong>in</strong></span> <span class='ocrx_word' id='word_1_373' title='bbox 689 2770 796 2825; x_wconf 90' lang='lat' dir='ltr'><strong>quo</strong></span> <span class='ocrx_word' id='word_1_374' title='bbox 833 2754 916 2809; x_wconf 92' lang='lat' dir='ltr'><strong>vir</strong></span> <span class='ocrx_word' id='word_1_375' title='bbox 956 2754 1050 2811; x_wconf 87' lang='lat' dir='ltr'><strong>Dei</strong></span> <span class='ocrx_word' id='word_1_376' title='bbox 1091 2757 1336 2826; x_wconf 87' lang='lat' dir='ltr'><strong>sepultus</strong></span> <span class='ocrx_word' id='word_1_377' title='bbox 1375 2767 1460 2811; x_wconf 88' lang='lat' dir='ltr'><strong>est</strong></span> <span class='ocrx_word' id='word_1_378' title='bbox 1503 2776 1514 2810; x_wconf 89' lang='lat'><strong>:</strong></span> <span class='ocrx_word' id='word_1_379' title='bbox 1554 2757 1711 2827; x_wconf 86' lang='lat' dir='ltr'><strong>juxta</strong></span> <span class='ocrx_word' id='word_1_380' title='bbox 1752 2773 1880 2814; x_wconf 92' lang='lat' dir='ltr'><strong>ossa</strong></span> <span class='ocrx_word' id='word_1_381' title='bbox 1937 2760 2057 2831; x_wconf 82' lang='lat' dir='ltr'><strong>ejus</strong></span> 
     </span>
    </p>
   </div>
   <div class='ocr_carea' id='block_1_44' title="bbox 458 2847 2055 2923">
    <p class='ocr_par' dir='ltr' id='par_1_44' title="bbox 458 2847 2055 2923">
     <span class='ocr_line' id='line_1_44' title="bbox 458 2847 2055 2923; baseline 0.005 -21"><span class='ocrx_word' id='word_1_382' title='bbox 458 2847 647 2917; x_wconf 88' lang='lat' dir='ltr'><strong>ponite</strong></span> <span class='ocrx_word' id='word_1_383' title='bbox 674 2862 795 2903; x_wconf 82' lang='lat' dir='ltr'><strong>ossa</strong></span> <span class='ocrx_word' id='word_1_384' title='bbox 826 2863 964 2903; x_wconf 91' lang='lat' dir='ltr'><strong>mea.</strong></span> <span class='ocrx_word' id='word_1_385' title='bbox 994 2848 1255 2905; x_wconf 86' lang='lat' dir='ltr'><strong>Profecto</strong></span> <span class='ocrx_word' id='word_1_386' title='bbox 1281 2851 1426 2905; x_wconf 89' lang='lat' dir='ltr'><strong>enim</strong></span> <span class='ocrx_word' id='word_1_387' title='bbox 1454 2852 1637 2907; x_wconf 81' lang='lat' dir='ltr'><strong>veniet</strong></span> <span class='ocrx_word' id='word_1_388' title='bbox 1664 2868 1869 2915; x_wconf 88' lang='lat' dir='ltr'><strong>sermo.</strong></span> <span class='ocrx_word' id='word_1_389' title='bbox 1895 2870 2055 2923; x_wconf 90' lang='lat' dir='ltr'><strong>quem</strong></span> 
     </span>
    </p>
   </div>
   <div class='ocr_carea' id='block_1_45' title="bbox 460 2938 2058 3013">
    <p class='ocr_par' dir='ltr' id='par_1_45' title="bbox 460 2938 2058 3013">
     <span class='ocr_line' id='line_1_45' title="bbox 460 2938 2058 3013; baseline 0.006 -20"><span class='ocrx_word' id='word_1_390' title='bbox 460 2939 717 3010; x_wconf 83' lang='lat' dir='ltr'><strong>praedixit</strong></span> <span class='ocrx_word' id='word_1_391' title='bbox 739 2938 819 3011; x_wconf 90' lang='lat' dir='ltr'><strong>[h.</strong></span> <span class='ocrx_word' id='word_1_392' title='bbox 851 2940 1165 3013; x_wconf 78' lang='lat' dir='ltr'><strong>voravitjin</strong></span> <span class='ocrx_word' id='word_1_393' title='bbox 1194 2957 1448 3000; x_wconf 87' lang='lat' dir='ltr'><strong>sermone</strong></span> <span class='ocrx_word' id='word_1_394' title='bbox 1490 2944 1708 3001; x_wconf 80' lang='lat' dir='ltr'><strong>Domini</strong></span> <span class='ocrx_word' id='word_1_395' title='bbox 1751 2957 1936 3002; x_wconf 90' lang='lat' dir='ltr'><strong>contra</strong></span> <span class='ocrx_word' id='word_1_396' title='bbox 1977 2948 2058 3002; x_wconf 91' lang='lat' dir='ltr'><strong>al-</strong></span> 
     </span>
    </p>
   </div>
   <div class='ocr_carea' id='block_1_46' title="bbox 464 3032 2055 3106">
    <p class='ocr_par' dir='ltr' id='par_1_46' title="bbox 464 3032 2055 3106">
     <span class='ocr_line' id='line_1_46' title="bbox 464 3032 2055 3106; baseline 0.005 -18"><span class='ocrx_word' id='word_1_397' title='bbox 464 3040 584 3088; x_wconf 89' lang='lat' dir='ltr'><strong>tare</strong></span> <span class='ocrx_word' id='word_1_398' title='bbox 610 3032 751 3103; x_wconf 87' lang='lat' dir='ltr'><strong>quod</strong></span> <span class='ocrx_word' id='word_1_399' title='bbox 782 3045 862 3088; x_wconf 90' lang='lat' dir='ltr'><strong>est</strong></span> <span class='ocrx_word' id='word_1_400' title='bbox 891 3033 947 3088; x_wconf 92' lang='lat' dir='ltr'><strong>in</strong></span> <span class='ocrx_word' id='word_1_401' title='bbox 975 3033 1231 3104; x_wconf 86' lang='lat' dir='ltr'><strong>Beth-EI,</strong></span> <span class='ocrx_word' id='word_1_402' title='bbox 1251 3044 1307 3091; x_wconf 89' lang='lat' dir='ltr'><strong>et</strong></span> <span class='ocrx_word' id='word_1_403' title='bbox 1327 3046 1515 3092; x_wconf 86' lang='lat' dir='ltr'><strong>contra</strong></span> <span class='ocrx_word' id='word_1_404' title='bbox 1554 3040 1734 3094; x_wconf 89' lang='lat' dir='ltr'><strong>omnia</strong></span> <span class='ocrx_word' id='word_1_405' title='bbox 1775 3038 1896 3094; x_wconf 90' lang='lat' dir='ltr'><strong>fana</strong></span> <span class='ocrx_word' id='word_1_406' title='bbox 1955 3055 2055 3106; x_wconf 48' lang='lat' dir='ltr'><strong>ex:</strong></span> 
     </span>
    </p>
   </div>
   <div class='ocr_carea' id='block_1_47' title="bbox 463 3126 2055 3207">
    <p class='ocr_par' dir='ltr' id='par_1_47' title="bbox 463 3126 2055 3207">
     <span class='ocr_line' id='line_1_47' title="bbox 463 3126 2055 3207; baseline 0.006 -26"><span class='ocrx_word' id='word_1_407' title='bbox 463 3126 763 3193; x_wconf 89' lang='lat' dir='ltr'><strong>celsorum,</strong></span> <span class='ocrx_word' id='word_1_408' title='bbox 794 3143 912 3198; x_wconf 72' lang='lat' dir='ltr'><strong>qua:</strong></span> <span class='ocrx_word' id='word_1_409' title='bbox 938 3129 1141 3189; x_wconf 87' lang='lat' dir='ltr'><strong>suntin</strong></span> <span class='ocrx_word' id='word_1_410' title='bbox 1175 3129 1401 3185; x_wconf 89' lang='lat' dir='ltr'><strong>urbibus</strong></span> <span class='ocrx_word' id='word_1_411' title='bbox 1441 3129 1723 3187; x_wconf 63' lang='lat' dir='ltr'><strong>Samaria}.</strong></span> <span class='ocrx_word' id='word_1_412' title='bbox 1770 3132 1855 3206; x_wconf 85' lang='lat' dir='ltr'><strong>[T.</strong></span> <span class='ocrx_word' id='word_1_413' title='bbox 1900 3133 2055 3207; x_wconf 83' lang='lat' dir='ltr'><strong>LIV.]</strong></span> 
     </span>
    </p>
   </div>
   <div class='ocr_carea' id='block_1_48' title="bbox 2155 1909 3754 1983">
    <p class='ocr_par' dir='ltr' id='par_1_48' title="bbox 2155 1909 3754 1983">
     <span class='ocr_line' id='line_1_48' title="bbox 2155 1909 3754 1983; baseline -0.001 -17"><span class='ocrx_word' id='word_1_414' title='bbox 2155 1910 2378 1966; x_wconf 91' lang='lat' dir='ltr'><strong>domum</strong></span> <span class='ocrx_word' id='word_1_415' title='bbox 2432 1910 2773 1982; x_wconf 85' lang='lat' dir='ltr'><strong>Jeroboam,</strong></span> <span class='ocrx_word' id='word_1_416' title='bbox 2832 1921 2888 1967; x_wconf 91' lang='lat' dir='ltr'><strong>et</strong></span> <span class='ocrx_word' id='word_1_417' title='bbox 2955 1913 3261 1983; x_wconf 86' lang='lat' dir='ltr'><strong>percutiam</strong></span> <span class='ocrx_word' id='word_1_418' title='bbox 3331 1909 3400 1966; x_wconf 92' lang='lat' dir='ltr'><strong>de</strong></span> <span class='ocrx_word' id='word_1_419' title='bbox 3456 1909 3754 1966; x_wconf 82' lang='lat' dir='ltr'><strong>Jeroboam</strong></span> 
     </span>
    </p>
   </div>
   <div class='ocr_carea' id='block_1_49' title="bbox 2155 2000 3759 2075">
    <p class='ocr_par' dir='ltr' id='par_1_49' title="bbox 2155 2000 3759 2075">
     <span class='ocr_line' id='line_1_49' title="bbox 2155 2000 3759 2075; baseline -0.001 -17"><span class='ocrx_word' id='word_1_420' title='bbox 2155 2002 2484 2074; x_wconf 87' lang='lat' dir='ltr'><strong>mingentem</strong></span> <span class='ocrx_word' id='word_1_421' title='bbox 2516 2003 2582 2059; x_wconf 89' lang='lat' dir='ltr'><strong>ad</strong></span> <span class='ocrx_word' id='word_1_422' title='bbox 2633 2004 2896 2075; x_wconf 86' lang='lat' dir='ltr'><strong>parietem</strong></span> <span class='ocrx_word' id='word_1_423' title='bbox 2926 2045 2940 2070; x_wconf 91' lang='lat'><strong>,</strong></span> <span class='ocrx_word' id='word_1_424' title='bbox 2985 2012 3041 2060; x_wconf 91' lang='lat' dir='ltr'><strong>et</strong></span> <span class='ocrx_word' id='word_1_425' title='bbox 3092 2000 3379 2073; x_wconf 86' lang='lat' dir='ltr'><strong>clausum,</strong></span> <span class='ocrx_word' id='word_1_426' title='bbox 3436 2012 3491 2058; x_wconf 91' lang='lat' dir='ltr'><strong>et</strong></span> <span class='ocrx_word' id='word_1_427' title='bbox 3520 2002 3759 2059; x_wconf 87' lang='lat' dir='ltr'><strong>novissi-</strong></span> 
     </span>
    </p>
   </div>
   <div class='ocr_carea' id='block_1_50' title="bbox 2154 2093 3753 2170">
    <p class='ocr_par' dir='ltr' id='par_1_50' title="bbox 2154 2093 3753 2170">
     <span class='ocr_line' id='line_1_50' title="bbox 2154 2093 3753 2170; baseline -0.001 -19"><span class='ocrx_word' id='word_1_428' title='bbox 2154 2111 2302 2151; x_wconf 90' lang='lat' dir='ltr'><strong>mum</strong></span> <span class='ocrx_word' id='word_1_429' title='bbox 2361 2097 2412 2151; x_wconf 89' lang='lat' dir='ltr'><strong>in</strong></span> <span class='ocrx_word' id='word_1_430' title='bbox 2466 2097 2631 2152; x_wconf 90' lang='lat' dir='ltr'><strong>Israel</strong></span> <span class='ocrx_word' id='word_1_431' title='bbox 2677 2096 2783 2170; x_wconf 91' lang='lat' dir='ltr'><strong>[h.</strong></span> <span class='ocrx_word' id='word_1_432' title='bbox 2834 2096 3082 2152; x_wconf 90' lang='lat' dir='ltr'><strong>clausum</strong></span> <span class='ocrx_word' id='word_1_433' title='bbox 3119 2137 3134 2161; x_wconf 89' lang='lat'><strong>,</strong></span> <span class='ocrx_word' id='word_1_434' title='bbox 3200 2106 3259 2152; x_wconf 86' lang='lat' dir='ltr'><strong>et</strong></span> <span class='ocrx_word' id='word_1_435' title='bbox 3322 2093 3694 2169; x_wconf 90' lang='lat' dir='ltr'><strong>derelictum]</strong></span> <span class='ocrx_word' id='word_1_436' title='bbox 3736 2110 3753 2150; x_wconf 89' lang='lat'><strong>:</strong></span> 
     </span>
    </p>
   </div>
   <div class='ocr_carea' id='block_1_51' title="bbox 2156 2186 3758 2258">
    <p class='ocr_par' dir='ltr' id='par_1_51' title="bbox 2156 2186 3758 2258">
     <span class='ocr_line' id='line_1_51' title="bbox 2156 2186 3758 2258; baseline -0.002 -16"><span class='ocrx_word' id='word_1_437' title='bbox 2156 2196 2211 2242; x_wconf 89' lang='lat' dir='ltr'><strong>et</strong></span> <span class='ocrx_word' id='word_1_438' title='bbox 2238 2186 2508 2243; x_wconf 90' lang='lat' dir='ltr'><strong>mundabo</strong></span> <span class='ocrx_word' id='word_1_439' title='bbox 2534 2186 2789 2258; x_wconf 86' lang='lat' dir='ltr'><strong>reliquias</strong></span> <span class='ocrx_word' id='word_1_440' title='bbox 2815 2186 3011 2243; x_wconf 89' lang='lat' dir='ltr'><strong>domus</strong></span> <span class='ocrx_word' id='word_1_441' title='bbox 3036 2186 3362 2254; x_wconf 84' lang='lat' dir='ltr'><strong>Jeroboam,</strong></span> <span class='ocrx_word' id='word_1_442' title='bbox 3408 2186 3554 2241; x_wconf 89' lang='lat' dir='ltr'><strong>sicut</strong></span> <span class='ocrx_word' id='word_1_443' title='bbox 3601 2200 3758 2240; x_wconf 89' lang='lat' dir='ltr'><strong>mun-</strong></span> 
     </span>
    </p>
   </div>
   <div class='ocr_carea' id='block_1_52' title="bbox 2156 2278 3757 2352">
    <p class='ocr_par' dir='ltr' id='par_1_52' title="bbox 2156 2278 3757 2352">
     <span class='ocr_line' id='line_1_52' title="bbox 2156 2278 3757 2352; baseline 0.001 -17"><span class='ocrx_word' id='word_1_444' title='bbox 2156 2279 2274 2335; x_wconf 89' lang='lat' dir='ltr'><strong>dari</strong></span> <span class='ocrx_word' id='word_1_445' title='bbox 2320 2280 2464 2336; x_wconf 89' lang='lat' dir='ltr'><strong>solet</strong></span> <span class='ocrx_word' id='word_1_446' title='bbox 2511 2279 2669 2336; x_wconf 89' lang='lat' dir='ltr'><strong>limus</strong></span> <span class='ocrx_word' id='word_1_447' title='bbox 2700 2295 2869 2351; x_wconf 89' lang='lat' dir='ltr'><strong>usque</strong></span> <span class='ocrx_word' id='word_1_448' title='bbox 2897 2281 2965 2336; x_wconf 90' lang='lat' dir='ltr'><strong>ad</strong></span> <span class='ocrx_word' id='word_1_449' title='bbox 3011 2296 3225 2352; x_wconf 90' lang='lat' dir='ltr'><strong>purum.</strong></span> <span class='ocrx_word' id='word_1_450' title='bbox 3256 2280 3360 2350; x_wconf 90' lang='lat' dir='ltr'><strong>Qui</strong></span> <span class='ocrx_word' id='word_1_451' title='bbox 3409 2279 3610 2335; x_wconf 90' lang='lat' dir='ltr'><strong>mortui</strong></span> <span class='ocrx_word' id='word_1_452' title='bbox 3640 2278 3757 2336; x_wconf 89' lang='lat' dir='ltr'><strong>fue-</strong></span> 
     </span>
    </p>
   </div>
   <div class='ocr_carea' id='block_1_53' title="bbox 2157 2360 3756 2440">
    <p class='ocr_par' dir='ltr' id='par_1_53' title="bbox 2157 2360 3756 2440">
     <span class='ocr_line' id='line_1_53' title="bbox 2157 2360 3756 2440; baseline 0 -13"><span class='ocrx_word' id='word_1_453' title='bbox 2157 2373 2266 2427; x_wconf 85' lang='lat' dir='ltr'><strong>rint</strong></span> <span class='ocrx_word' id='word_1_454' title='bbox 2309 2374 2376 2428; x_wconf 88' lang='lat' dir='ltr'><strong>de</strong></span> <span class='ocrx_word' id='word_1_455' title='bbox 2413 2372 2704 2428; x_wconf 73' lang='lat' dir='ltr'><strong>Jeroboam</strong></span> <span class='ocrx_word' id='word_1_456' title='bbox 2737 2373 2789 2427; x_wconf 93' lang='lat' dir='ltr'><strong>in</strong></span> <span class='ocrx_word' id='word_1_457' title='bbox 2821 2360 3075 2440; x_wconf 78' lang='lat' dir='ltr'><strong>civitate,</strong></span> <span class='ocrx_word' id='word_1_458' title='bbox 3106 2373 3395 2429; x_wconf 90' lang='lat' dir='ltr'><strong>comedent</strong></span> <span class='ocrx_word' id='word_1_459' title='bbox 3432 2388 3528 2427; x_wconf 91' lang='lat' dir='ltr'><strong>eos</strong></span> <span class='ocrx_word' id='word_1_460' title='bbox 3556 2386 3756 2436; x_wconf 89' lang='lat' dir='ltr'><strong>canes,</strong></span> 
     </span>
    </p>
   </div>
   <div class='ocr_carea' id='block_1_54' title="bbox 2157 2463 3760 2535">
    <p class='ocr_par' dir='ltr' id='par_1_54' title="bbox 2157 2463 3760 2535">
     <span class='ocr_line' id='line_1_54' title="bbox 2157 2463 3760 2535; baseline 0.002 -18"><span class='ocrx_word' id='word_1_461' title='bbox 2157 2466 2250 2535; x_wconf 90' lang='lat' dir='ltr'><strong>qui</strong></span> <span class='ocrx_word' id='word_1_462' title='bbox 2298 2473 2479 2519; x_wconf 91' lang='lat' dir='ltr'><strong>autem</strong></span> <span class='ocrx_word' id='word_1_463' title='bbox 2526 2463 2727 2520; x_wconf 90' lang='lat' dir='ltr'><strong>mortui</strong></span> <span class='ocrx_word' id='word_1_464' title='bbox 2773 2464 2975 2520; x_wconf 90' lang='lat' dir='ltr'><strong>fuerint</strong></span> <span class='ocrx_word' id='word_1_465' title='bbox 3020 2464 3075 2520; x_wconf 93' lang='lat' dir='ltr'><strong>in</strong></span> <span class='ocrx_word' id='word_1_466' title='bbox 3117 2479 3281 2534; x_wconf 79' lang='lat' dir='ltr'><strong>agro,</strong></span> <span class='ocrx_word' id='word_1_467' title='bbox 3330 2464 3608 2520; x_wconf 89' lang='lat' dir='ltr'><strong>vorabunt</strong></span> <span class='ocrx_word' id='word_1_468' title='bbox 3662 2478 3760 2520; x_wconf 86' lang='lat' dir='ltr'><strong>eos</strong></span> 
     </span>
    </p>
   </div>
   <div class='ocr_carea' id='block_1_55' title="bbox 2159 2559 3759 2632">
    <p class='ocr_par' dir='ltr' id='par_1_55' title="bbox 2159 2559 3759 2632">
     <span class='ocr_line' id='line_1_55' title="bbox 2159 2559 3759 2632; baseline 0.002 -20"><span class='ocrx_word' id='word_1_469' title='bbox 2159 2572 2288 2614; x_wconf 87' lang='lat' dir='ltr'><strong>aves</strong></span> <span class='ocrx_word' id='word_1_470' title='bbox 2309 2559 2456 2627; x_wconf 64' lang='lat' dir='ltr'><strong>coeli,</strong></span> <span class='ocrx_word' id='word_1_471' title='bbox 2480 2559 2602 2632; x_wconf 87' lang='lat' dir='ltr'><strong>quia</strong></span> <span class='ocrx_word' id='word_1_472' title='bbox 2628 2560 2891 2616; x_wconf 83' lang='lat' dir='ltr'><strong>Dominus</strong></span> <span class='ocrx_word' id='word_1_473' title='bbox 2918 2560 3133 2617; x_wconf 92' lang='lat' dir='ltr'><strong>locutus</strong></span> <span class='ocrx_word' id='word_1_474' title='bbox 3162 2569 3267 2616; x_wconf 89' lang='lat' dir='ltr'><strong>est.</strong></span> <span class='ocrx_word' id='word_1_475' title='bbox 3290 2560 3372 2616; x_wconf 89' lang='lat' dir='ltr'><strong>Tu</strong></span> <span class='ocrx_word' id='word_1_476' title='bbox 3392 2560 3557 2630; x_wconf 81' lang='lat' dir='ltr'><strong>igitur</strong></span> <span class='ocrx_word' id='word_1_477' title='bbox 3570 2574 3759 2630; x_wconf 83' lang='lat' dir='ltr'><strong>surge,</strong></span> 
     </span>
    </p>
   </div>
   <div class='ocr_carea' id='block_1_56' title="bbox 2158 2652 3759 2724">
    <p class='ocr_par' dir='ltr' id='par_1_56' title="bbox 2158 2652 3759 2724">
     <span class='ocr_line' id='line_1_56' title="bbox 2158 2652 3759 2724; baseline 0 -16"><span class='ocrx_word' id='word_1_478' title='bbox 2158 2659 2215 2708; x_wconf 86' lang='lat' dir='ltr'><strong>et</strong></span> <span class='ocrx_word' id='word_1_479' title='bbox 2239 2652 2378 2708; x_wconf 82' lang='lat' dir='ltr'><strong>vade</strong></span> <span class='ocrx_word' id='word_1_480' title='bbox 2414 2653 2468 2707; x_wconf 91' lang='lat' dir='ltr'><strong>in</strong></span> <span class='ocrx_word' id='word_1_481' title='bbox 2508 2652 2727 2707; x_wconf 92' lang='lat' dir='ltr'><strong>domum</strong></span> <span class='ocrx_word' id='word_1_482' title='bbox 2759 2660 2935 2722; x_wconf 77' lang='lat' dir='ltr'><strong>tuam,</strong></span> <span class='ocrx_word' id='word_1_483' title='bbox 2968 2663 3026 2709; x_wconf 93' lang='lat' dir='ltr'><strong>et</strong></span> <span class='ocrx_word' id='word_1_484' title='bbox 3059 2652 3114 2708; x_wconf 87' lang='lat' dir='ltr'><strong>in</strong></span> <span class='ocrx_word' id='word_1_485' title='bbox 3145 2653 3266 2724; x_wconf 90' lang='lat' dir='ltr'><strong>ipso</strong></span> <span class='ocrx_word' id='word_1_486' title='bbox 3306 2652 3535 2709; x_wconf 91' lang='lat' dir='ltr'><strong>introitu</strong></span> <span class='ocrx_word' id='word_1_487' title='bbox 3562 2652 3759 2723; x_wconf 89' lang='lat' dir='ltr'><strong>pedum</strong></span> 
     </span>
    </p>
   </div>
   <div class='ocr_carea' id='block_1_57' title="bbox 2158 2746 3761 2821">
    <p class='ocr_par' dir='ltr' id='par_1_57' title="bbox 2158 2746 3761 2821">
     <span class='ocr_line' id='line_1_57' title="bbox 2158 2746 3761 2821; baseline 0.001 -18"><span class='ocrx_word' id='word_1_488' title='bbox 2158 2754 2377 2803; x_wconf 90' lang='lat' dir='ltr'><strong>tuorum</strong></span> <span class='ocrx_word' id='word_1_489' title='bbox 2410 2746 2463 2801; x_wconf 90' lang='lat' dir='ltr'><strong>in</strong></span> <span class='ocrx_word' id='word_1_490' title='bbox 2507 2747 2695 2803; x_wconf 89' lang='lat' dir='ltr'><strong>urbem</strong></span> <span class='ocrx_word' id='word_1_491' title='bbox 2720 2791 2736 2816; x_wconf 92' lang='lat'><strong>,</strong></span> <span class='ocrx_word' id='word_1_492' title='bbox 2786 2747 3052 2803; x_wconf 88' lang='lat' dir='ltr'><strong>morietur</strong></span> <span class='ocrx_word' id='word_1_493' title='bbox 3081 2764 3220 2819; x_wconf 89' lang='lat' dir='ltr'><strong>puer</strong></span> <span class='ocrx_word' id='word_1_494' title='bbox 3254 2747 3333 2821; x_wconf 84' lang='lat' dir='ltr'><strong>[h.</strong></span> <span class='ocrx_word' id='word_1_495' title='bbox 3369 2746 3673 2820; x_wconf 89' lang='lat' dir='ltr'><strong>parvulus],</strong></span> <span class='ocrx_word' id='word_1_496' title='bbox 3706 2758 3761 2805; x_wconf 90' lang='lat' dir='ltr'><strong>et</strong></span> 
     </span>
    </p>
   </div>
   <div class='ocr_carea' id='block_1_58' title="bbox 2164 2839 3760 2910">
    <p class='ocr_par' dir='ltr' id='par_1_58' title="bbox 2164 2839 3760 2910">
     <span class='ocr_line' id='line_1_58' title="bbox 2164 2839 3760 2910; baseline 0.004 -19"><span class='ocrx_word' id='word_1_497' title='bbox 2164 2850 2187 2881; x_wconf 84' lang='lat' dir='ltr'><strong>c</strong></span> <span class='ocrx_word' id='word_1_498' title='bbox 2203 2839 2417 2910; x_wconf 90' lang='lat' dir='ltr'><strong>planget</strong></span> <span class='ocrx_word' id='word_1_499' title='bbox 2439 2856 2562 2894; x_wconf 87' lang='lat' dir='ltr'><strong>eum</strong></span> <span class='ocrx_word' id='word_1_500' title='bbox 2578 2840 2758 2895; x_wconf 90' lang='lat' dir='ltr'><strong>omnis</strong></span> <span class='ocrx_word' id='word_1_501' title='bbox 2778 2840 2967 2909; x_wconf 89' lang='lat' dir='ltr'><strong>Israel,</strong></span> <span class='ocrx_word' id='word_1_502' title='bbox 2982 2850 3037 2895; x_wconf 92' lang='lat' dir='ltr'><strong>et</strong></span> <span class='ocrx_word' id='word_1_503' title='bbox 3053 2840 3279 2910; x_wconf 88' lang='lat' dir='ltr'><strong>sepeliet</strong></span> <span class='ocrx_word' id='word_1_504' title='bbox 3304 2842 3437 2896; x_wconf 88' lang='lat' dir='ltr'><strong>:iste</strong></span> <span class='ocrx_word' id='word_1_505' title='bbox 3453 2840 3598 2897; x_wconf 89' lang='lat' dir='ltr'><strong>enim</strong></span> <span class='ocrx_word' id='word_1_506' title='bbox 3612 2841 3760 2897; x_wconf 88' lang='lat' dir='ltr'><strong>solus</strong></span> 
     </span>
    </p>
   </div>
   <div class='ocr_carea' id='block_1_59' title="bbox 2160 2929 3761 3005">
    <p class='ocr_par' dir='ltr' id='par_1_59' title="bbox 2160 2929 3761 3005">
     <span class='ocr_line' id='line_1_59' title="bbox 2160 2929 3761 3005; baseline 0.002 -19"><span class='ocrx_word' id='word_1_507' title='bbox 2160 2929 2425 2986; x_wconf 87' lang='lat' dir='ltr'><strong>inferetur</strong></span> <span class='ocrx_word' id='word_1_508' title='bbox 2462 2931 2530 2987; x_wconf 90' lang='lat' dir='ltr'><strong>de</strong></span> <span class='ocrx_word' id='word_1_509' title='bbox 2570 2931 2863 2988; x_wconf 85' lang='lat' dir='ltr'><strong>Jeroboam</strong></span> <span class='ocrx_word' id='word_1_510' title='bbox 2899 2933 2953 2987; x_wconf 90' lang='lat' dir='ltr'><strong>in</strong></span> <span class='ocrx_word' id='word_1_511' title='bbox 2987 2933 3320 3003; x_wconf 88' lang='lat' dir='ltr'><strong>sepulcrum,</strong></span> <span class='ocrx_word' id='word_1_512' title='bbox 3352 2934 3481 3005; x_wconf 90' lang='lat' dir='ltr'><strong>quia</strong></span> <span class='ocrx_word' id='word_1_513' title='bbox 3508 2939 3761 2990; x_wconf 88' lang='lat' dir='ltr'><strong>inventus</strong></span> 
     </span>
    </p>
   </div>
   <div class='ocr_carea' id='block_1_60' title="bbox 2159 3012 3759 3099">
    <p class='ocr_par' dir='ltr' id='par_1_60' title="bbox 2159 3012 3759 3099">
     <span class='ocr_line' id='line_1_60' title="bbox 2159 3012 3759 3099; baseline 0.002 -20"><span class='ocrx_word' id='word_1_514' title='bbox 2159 3032 2247 3079; x_wconf 90' lang='lat' dir='ltr'><strong>est</strong></span> <span class='ocrx_word' id='word_1_515' title='bbox 2273 3021 2298 3060; x_wconf 68' lang='grc' dir='ltr'><strong>ιλ</strong></span> <span class='ocrx_word' id='word_1_516' title='bbox 2332 3038 2513 3080; x_wconf 90' lang='lat' dir='ltr'><strong>sermo</strong></span> <span class='ocrx_word' id='word_1_517' title='bbox 2547 3025 2722 3081; x_wconf 89' lang='lat' dir='ltr'><strong>bonus</strong></span> <span class='ocrx_word' id='word_1_518' title='bbox 2768 3040 2934 3096; x_wconf 88' lang='lat' dir='ltr'><strong>super</strong></span> <span class='ocrx_word' id='word_1_519' title='bbox 2959 3040 3083 3081; x_wconf 91' lang='lat' dir='ltr'><strong>eum</strong></span> <span class='ocrx_word' id='word_1_520' title='bbox 3126 3024 3204 3099; x_wconf 91' lang='lat' dir='ltr'><strong>[h.</strong></span> <span class='ocrx_word' id='word_1_521' title='bbox 3238 3027 3291 3081; x_wconf 92' lang='lat' dir='ltr'><strong>in</strong></span> <span class='ocrx_word' id='word_1_522' title='bbox 3324 3025 3414 3098; x_wconf 90' lang='lat' dir='ltr'><strong>eo]</strong></span> <span class='ocrx_word' id='word_1_523' title='bbox 3448 3043 3480 3082; x_wconf 91' lang='lat' dir='ltr'><strong>a</strong></span> <span class='ocrx_word' id='word_1_524' title='bbox 3525 3012 3759 3082; x_wconf 86' lang='lat' dir='ltr'><strong>Domino</strong></span> 
     </span>
    </p>
   </div>
   <div class='ocr_carea' id='block_1_61' title="bbox 2160 3108 3777 3188">
    <p class='ocr_par' dir='ltr' id='par_1_61' title="bbox 2160 3108 3777 3188">
     <span class='ocr_line' id='line_1_61' title="bbox 2160 3108 3777 3188; baseline 0.002 -15"><span class='ocrx_word' id='word_1_525' title='bbox 2160 3117 2273 3174; x_wconf 87' lang='lat' dir='ltr'><strong>Deo</strong></span> <span class='ocrx_word' id='word_1_526' title='bbox 2300 3118 2496 3188; x_wconf 75' lang='lat' dir='ltr'><strong>Israel,</strong></span> <span class='ocrx_word' id='word_1_527' title='bbox 2531 3121 2582 3175; x_wconf 92' lang='lat' dir='ltr'><strong>in</strong></span> <span class='ocrx_word' id='word_1_528' title='bbox 2619 3119 2783 3175; x_wconf 89' lang='lat' dir='ltr'><strong>dumo</strong></span> <span class='ocrx_word' id='word_1_529' title='bbox 2808 3119 3135 3183; x_wconf 71' lang='lat' dir='ltr'><strong>Jeroboam.</strong></span> <span class='ocrx_word' id='word_1_530' title='bbox 3182 3130 3206 3157; x_wconf 74' lang='grc' dir='ltr'><strong>ε</strong></span> <span class='ocrx_word' id='word_1_531' title='bbox 3243 3119 3540 3176; x_wconf 90' lang='lat' dir='ltr'><strong>Constituit</strong></span> <span class='ocrx_word' id='word_1_532' title='bbox 3575 3108 3777 3177; x_wconf 9' lang='lat' dir='ltr'><strong>autem,</strong></span> 
     </span>
    </p>
   </div>
   <div class='ocr_carea' id='block_1_62' title="bbox 465 3211 2052 3293">
    <p class='ocr_par' dir='ltr' id='par_1_62' title="bbox 465 3218 2052 3293">
     <span class='ocr_line' id='line_1_62' title="bbox 465 3218 2052 3293; baseline 0.006 -19"><span class='ocrx_word' id='word_1_533' title='bbox 465 3218 597 3274; x_wconf 84' lang='lat' dir='ltr'><strong>Post</strong></span> <span class='ocrx_word' id='word_1_534' title='bbox 640 3218 716 3290; x_wconf 89' lang='lat' dir='ltr'><strong>[h.</strong></span> <span class='ocrx_word' id='word_1_535' title='bbox 761 3218 971 3274; x_wconf 81' lang='lat' dir='ltr'><strong>verbum</strong></span> <span class='ocrx_word' id='word_1_536' title='bbox 1019 3219 1139 3293; x_wconf 88' lang='lat' dir='ltr'><strong>hoc]</strong></span> <span class='ocrx_word' id='word_1_537' title='bbox 1171 3221 1335 3278; x_wconf 77' lang='lat' dir='ltr'><strong>verba</strong></span> <span class='ocrx_word' id='word_1_538' title='bbox 1377 3222 1492 3278; x_wconf 72' lang='lat' dir='ltr'><strong>htec</strong></span> <span class='ocrx_word' id='word_1_539' title='bbox 1527 3240 1636 3279; x_wconf 92' lang='lat' dir='ltr'><strong>non</strong></span> <span class='ocrx_word' id='word_1_540' title='bbox 1680 3234 1765 3281; x_wconf 90' lang='lat' dir='ltr'><strong>est</strong></span> <span class='ocrx_word' id='word_1_541' title='bbox 1802 3240 2052 3283; x_wconf 90' lang='lat' dir='ltr'><strong>reversus</strong></span> 
     </span>
    </p>
   </div>
   <div class='ocr_carea' id='block_1_63' title="bbox 2156 3211 3762 3293">
    <p class='ocr_par' dir='ltr' id='par_1_63' title="bbox 2158 3211 3762 3285">
     <span class='ocr_line' id='line_1_63' title="bbox 2158 3211 3762 3285; baseline 0.002 -19"><span class='ocrx_word' id='word_1_542' title='bbox 2158 3212 2265 3267; x_wconf 89' lang='lat' dir='ltr'><strong>sibi</strong></span> <span class='ocrx_word' id='word_1_543' title='bbox 2315 3212 2576 3267; x_wconf 89' lang='lat' dir='ltr'><strong>Dominus</strong></span> <span class='ocrx_word' id='word_1_544' title='bbox 2633 3228 2817 3285; x_wconf 87' lang='lat' dir='ltr'><strong>regem</strong></span> <span class='ocrx_word' id='word_1_545' title='bbox 2875 3227 3039 3283; x_wconf 89' lang='lat' dir='ltr'><strong>super</strong></span> <span class='ocrx_word' id='word_1_546' title='bbox 3084 3211 3289 3281; x_wconf 87' lang='lat' dir='ltr'><strong>Israel,</strong></span> <span class='ocrx_word' id='word_1_547' title='bbox 3344 3214 3435 3284; x_wconf 91' lang='lat' dir='ltr'><strong>qui</strong></span> <span class='ocrx_word' id='word_1_548' title='bbox 3490 3214 3762 3284; x_wconf 85' lang='lat' dir='ltr'><strong>percutiet</strong></span> 
     </span>
    </p>
   </div>
   <div class='ocr_carea' id='block_1_64' title="bbox 464 3309 2058 3387">
    <p class='ocr_par' dir='ltr' id='par_1_64' title="bbox 464 3309 2058 3387">
     <span class='ocr_line' id='line_1_64' title="bbox 464 3309 2058 3387; baseline 0.006 -21"><span class='ocrx_word' id='word_1_549' title='bbox 464 3309 752 3367; x_wconf 68' lang='lat' dir='ltr'><strong>Jeroboam</strong></span> <span class='ocrx_word' id='word_1_550' title='bbox 793 3312 861 3368; x_wconf 90' lang='lat' dir='ltr'><strong>de</strong></span> <span class='ocrx_word' id='word_1_551' title='bbox 899 3315 983 3370; x_wconf 86' lang='lat' dir='ltr'><strong>via</strong></span> <span class='ocrx_word' id='word_1_552' title='bbox 1026 3329 1120 3369; x_wconf 86' lang='lat' dir='ltr'><strong>sua</strong></span> <span class='ocrx_word' id='word_1_553' title='bbox 1161 3316 1434 3387; x_wconf 83' lang='lat' dir='ltr'><strong>pessima,</strong></span> <span class='ocrx_word' id='word_1_554' title='bbox 1480 3317 1576 3372; x_wconf 91' lang='lat' dir='ltr'><strong>sed</strong></span> <span class='ocrx_word' id='word_1_555' title='bbox 1616 3319 1928 3375; x_wconf 89' lang='lat' dir='ltr'><strong>econtrario</strong></span> <span class='ocrx_word' id='word_1_556' title='bbox 1979 3320 2058 3376; x_wconf 89' lang='lat' dir='ltr'><strong>fe-</strong></span> 
     </span>
    </p>
   </div>
   <div class='ocr_carea' id='block_1_65' title="bbox 463 3403 2054 3479">
    <p class='ocr_par' dir='ltr' id='par_1_65' title="bbox 463 3403 2054 3479">
     <span class='ocr_line' id='line_1_65' title="bbox 463 3403 2054 3479; baseline 0.006 -20"><span class='ocrx_word' id='word_1_557' title='bbox 463 3403 536 3459; x_wconf 89' lang='lat' dir='ltr'><strong>cit</strong></span> <span class='ocrx_word' id='word_1_558' title='bbox 575 3403 644 3459; x_wconf 92' lang='lat' dir='ltr'><strong>de</strong></span> <span class='ocrx_word' id='word_1_559' title='bbox 683 3405 997 3462; x_wconf 83' lang='lat' dir='ltr'><strong>novissimis</strong></span> <span class='ocrx_word' id='word_1_560' title='bbox 1039 3409 1227 3479; x_wconf 86' lang='lat' dir='ltr'><strong>populi</strong></span> <span class='ocrx_word' id='word_1_561' title='bbox 1276 3408 1596 3466; x_wconf 82' lang='lat' dir='ltr'><strong>sacerdotes</strong></span> <span class='ocrx_word' id='word_1_562' title='bbox 1646 3411 1995 3467; x_wconf 89' lang='lat' dir='ltr'><strong>excelsorum</strong></span> <span class='ocrx_word' id='word_1_563' title='bbox 2041 3431 2054 3469; x_wconf 92' lang='lat'><strong>:</strong></span> 
     </span>
    </p>
   </div>
   <div class='ocr_carea' id='block_1_66' title="bbox 461 3492 2059 3572">
    <p class='ocr_par' dir='ltr' id='par_1_66' title="bbox 461 3492 2059 3572">
     <span class='ocr_line' id='line_1_66' title="bbox 461 3492 2059 3572; baseline 0.008 -23"><span class='ocrx_word' id='word_1_564' title='bbox 461 3492 791 3569; x_wconf 84' lang='lat' dir='ltr'><strong>quicumque</strong></span> <span class='ocrx_word' id='word_1_565' title='bbox 823 3498 1041 3554; x_wconf 88' lang='lat' dir='ltr'><strong>volebat</strong></span> <span class='ocrx_word' id='word_1_566' title='bbox 1071 3501 1331 3569; x_wconf 88' lang='lat' dir='ltr'><strong>implebat</strong></span> <span class='ocrx_word' id='word_1_567' title='bbox 1357 3517 1578 3557; x_wconf 91' lang='lat' dir='ltr'><strong>manum</strong></span> <span class='ocrx_word' id='word_1_568' title='bbox 1610 3519 1790 3572; x_wconf 89' lang='lat' dir='ltr'><strong>suam,</strong></span> <span class='ocrx_word' id='word_1_569' title='bbox 1819 3511 1875 3560; x_wconf 90' lang='lat' dir='ltr'><strong>et</strong></span> <span class='ocrx_word' id='word_1_570' title='bbox 1900 3505 2059 3561; x_wconf 84' lang='lat' dir='ltr'><strong>ﬁebat</strong></span> 
     </span>
    </p>
   </div>
   <div class='ocr_carea' id='block_1_67' title="bbox 370 3593 2061 3671">
    <p class='ocr_par' dir='ltr' id='par_1_67' title="bbox 370 3593 2061 3671">
     <span class='ocr_line' id='line_1_67' title="bbox 370 3593 2061 3671; baseline 0.005 -24"><span class='ocrx_word' id='word_1_571' title='bbox 370 3634 373 3635; x_wconf 46' lang='grc' dir='ltr'><em>ν</em></span> <span class='ocrx_word' id='word_1_572' title='bbox 468 3593 730 3648; x_wconf 81' lang='lat' dir='ltr'><strong>saCerdos</strong></span> <span class='ocrx_word' id='word_1_573' title='bbox 748 3594 1112 3648; x_wconf 79' lang='lat' dir='ltr'><strong>excelsorum.</strong></span> <span class='ocrx_word' id='word_1_574' title='bbox 1146 3594 1214 3650; x_wconf 85' lang='lat' dir='ltr'><strong>Et</strong></span> <span class='ocrx_word' id='word_1_575' title='bbox 1238 3604 1461 3666; x_wconf 86' lang='lat' dir='ltr'><strong>propter</strong></span> <span class='ocrx_word' id='word_1_576' title='bbox 1494 3600 1633 3653; x_wconf 89' lang='lat' dir='ltr'><strong>hanc</strong></span> <span class='ocrx_word' id='word_1_577' title='bbox 1662 3613 1888 3654; x_wconf 87' lang='lat' dir='ltr'><strong>causam</strong></span> <span class='ocrx_word' id='word_1_578' title='bbox 1934 3614 2061 3671; x_wconf 83' lang='lat' dir='ltr'><strong>pec-</strong></span> 
     </span>
    </p>
   </div>
   <div class='ocr_carea' id='block_1_68' title="bbox 462 3685 2058 3757">
    <p class='ocr_par' dir='ltr' id='par_1_68' title="bbox 462 3685 2058 3757">
     <span class='ocr_line' id='line_1_68' title="bbox 462 3685 2058 3757; baseline 0.006 -18"><span class='ocrx_word' id='word_1_579' title='bbox 462 3685 826 3739; x_wconf 83' lang='lat' dir='ltr'><strong>cavitdomus</strong></span> <span class='ocrx_word' id='word_1_580' title='bbox 845 3685 1159 3754; x_wconf 79' lang='lat' dir='ltr'><strong>Jeroboam,</strong></span> <span class='ocrx_word' id='word_1_581' title='bbox 1190 3696 1245 3742; x_wconf 89' lang='lat' dir='ltr'><strong>et</strong></span> <span class='ocrx_word' id='word_1_582' title='bbox 1271 3702 1459 3744; x_wconf 89' lang='lat' dir='ltr'><strong>eversa</strong></span> <span class='ocrx_word' id='word_1_583' title='bbox 1490 3698 1612 3757; x_wconf 89' lang='lat' dir='ltr'><strong>est,</strong></span> <span class='ocrx_word' id='word_1_584' title='bbox 1660 3699 1715 3747; x_wconf 88' lang='lat' dir='ltr'><strong>et</strong></span> <span class='ocrx_word' id='word_1_585' title='bbox 1754 3691 1934 3748; x_wconf 91' lang='lat' dir='ltr'><strong>deleta</strong></span> <span class='ocrx_word' id='word_1_586' title='bbox 1989 3691 2058 3749; x_wconf 93' lang='lat' dir='ltr'><strong>de</strong></span> 
     </span>
    </p>
   </div>
   <div class='ocr_carea' id='block_1_69' title="bbox 465 3776 966 3846">
    <p class='ocr_par' dir='ltr' id='par_1_69' title="bbox 465 3776 966 3846">
     <span class='ocr_line' id='line_1_69' title="bbox 465 3776 966 3846; baseline 0.006 -15"><span class='ocrx_word' id='word_1_587' title='bbox 465 3776 753 3846; x_wconf 84' lang='lat' dir='ltr'><strong>superficie</strong></span> <span class='ocrx_word' id='word_1_588' title='bbox 783 3785 966 3834; x_wconf 71' lang='lat' dir='ltr'><strong>terrae.</strong></span> 
     </span>
    </p>
   </div>
   <div class='ocr_carea' id='block_1_70' title="bbox 538 3866 2058 3946">
    <p class='ocr_par' dir='ltr' id='par_1_70' title="bbox 538 3866 2058 3946">
     <span class='ocr_line' id='line_1_70' title="bbox 538 3866 2058 3946; baseline 0.007 -24"><span class='ocrx_word' id='word_1_589' title='bbox 538 3866 633 3939; x_wconf 86' lang='grc' dir='ltr'><strong>[Τ.</strong></span> <span class='ocrx_word' id='word_1_590' title='bbox 674 3868 788 3935; x_wconf 87' lang='lat' dir='ltr'><strong>LV,</strong></span> <span class='ocrx_word' id='word_1_591' title='bbox 831 3869 958 3943; x_wconf 80' lang='lat' dir='ltr'><strong>Cap.</strong></span> <span class='ocrx_word' id='word_1_592' title='bbox 990 3871 1181 3945; x_wconf 79' lang='lat' dir='ltr'><strong>XIV.]</strong></span> <span class='ocrx_word' id='word_1_593' title='bbox 1222 3873 1278 3928; x_wconf 91' lang='lat' dir='ltr'><strong>In</strong></span> <span class='ocrx_word' id='word_1_594' title='bbox 1330 3881 1578 3945; x_wconf 90' lang='lat' dir='ltr'><strong>tempore</strong></span> <span class='ocrx_word' id='word_1_595' title='bbox 1631 3873 1725 3928; x_wconf 93' lang='lat' dir='ltr'><strong>illo</strong></span> <span class='ocrx_word' id='word_1_596' title='bbox 1775 3876 2058 3946; x_wconf 81' lang='lat' dir='ltr'><strong>:egrotavit</strong></span> 
     </span>
    </p>
   </div>
   <div class='ocr_carea' id='block_1_71' title="bbox 467 3959 2054 4038">
    <p class='ocr_par' dir='ltr' id='par_1_71' title="bbox 467 3959 2054 4038">
     <span class='ocr_line' id='line_1_71' title="bbox 467 3959 2054 4038; baseline 0.008 -24"><span class='ocrx_word' id='word_1_597' title='bbox 467 3959 601 4014; x_wconf 81' lang='lat' dir='ltr'><strong>Abia</strong></span> <span class='ocrx_word' id='word_1_598' title='bbox 633 3961 774 4016; x_wconf 84' lang='lat' dir='ltr'><strong>illius</strong></span> <span class='ocrx_word' id='word_1_599' title='bbox 804 3962 1113 4020; x_wconf 86' lang='lat' dir='ltr'><strong>Jeroboam.</strong></span> <span class='ocrx_word' id='word_1_600' title='bbox 1139 3966 1396 4038; x_wconf 87' lang='lat' dir='ltr'><strong>Dixitque</strong></span> <span class='ocrx_word' id='word_1_601' title='bbox 1412 3966 1887 4024; x_wconf 87' lang='lat' dir='ltr'><strong>Jeroboam‘uxori</strong></span> <span class='ocrx_word' id='word_1_602' title='bbox 1911 3984 2054 4026; x_wconf 68' lang='lat' dir='ltr'><strong>sua):</strong></span> 
     </span>
    </p>
   </div>
   <div class='ocr_carea' id='block_1_72' title="bbox 465 4050 2057 4135">
    <p class='ocr_par' dir='ltr' id='par_1_72' title="bbox 465 4050 2057 4135">
     <span class='ocr_line' id='line_1_72' title="bbox 465 4050 2057 4135; baseline 0.008 -27"><span class='ocrx_word' id='word_1_603' title='bbox 465 4050 660 4124; x_wconf 87' lang='lat' dir='ltr'><strong>Surge,</strong></span> <span class='ocrx_word' id='word_1_604' title='bbox 691 4063 749 4109; x_wconf 90' lang='lat' dir='ltr'><strong>et</strong></span> <span class='ocrx_word' id='word_1_605' title='bbox 772 4066 1045 4112; x_wconf 89' lang='lat' dir='ltr'><strong>commuta</strong></span> <span class='ocrx_word' id='word_1_606' title='bbox 1072 4058 1318 4114; x_wconf 90' lang='lat' dir='ltr'><strong>habitum</strong></span> <span class='ocrx_word' id='word_1_607' title='bbox 1345 4102 1361 4128; x_wconf 92' lang='lat'><strong>,</strong></span> <span class='ocrx_word' id='word_1_608' title='bbox 1396 4076 1464 4117; x_wconf 93' lang='lat' dir='ltr'><strong>ne</strong></span> <span class='ocrx_word' id='word_1_609' title='bbox 1519 4063 1872 4133; x_wconf 89' lang='lat' dir='ltr'><strong>cognoscaris</strong></span> <span class='ocrx_word' id='word_1_610' title='bbox 1913 4064 2057 4135; x_wconf 89' lang='lat' dir='ltr'><strong>quod</strong></span> 
     </span>
    </p>
   </div>
   <div class='ocr_carea' id='block_1_73' title="bbox 463 4145 2060 4226">
    <p class='ocr_par' dir='ltr' id='par_1_73' title="bbox 463 4145 2060 4226">
     <span class='ocr_line' id='line_1_73' title="bbox 463 4145 2060 4226; baseline 0.01 -27"><span class='ocrx_word' id='word_1_611' title='bbox 463 4145 540 4200; x_wconf 89' lang='lat' dir='ltr'><strong>sis</strong></span> <span class='ocrx_word' id='word_1_612' title='bbox 573 4162 708 4202; x_wconf 76' lang='lat' dir='ltr'><strong>uxor</strong></span> <span class='ocrx_word' id='word_1_613' title='bbox 734 4146 1058 4217; x_wconf 85' lang='lat' dir='ltr'><strong>Jeroboam,</strong></span> <span class='ocrx_word' id='word_1_614' title='bbox 1085 4160 1141 4207; x_wconf 88' lang='lat' dir='ltr'><strong>et</strong></span> <span class='ocrx_word' id='word_1_615' title='bbox 1163 4152 1302 4208; x_wconf 88' lang='lat' dir='ltr'><strong>vade</strong></span> <span class='ocrx_word' id='word_1_616' title='bbox 1327 4153 1379 4208; x_wconf 85' lang='lat' dir='ltr'><strong>in</strong></span> <span class='ocrx_word' id='word_1_617' title='bbox 1405 4153 1557 4226; x_wconf 89' lang='lat' dir='ltr'><strong>Silo,</strong></span> <span class='ocrx_word' id='word_1_618' title='bbox 1605 4155 1700 4210; x_wconf 85' lang='lat' dir='ltr'><strong>ubi</strong></span> <span class='ocrx_word' id='word_1_619' title='bbox 1752 4164 1837 4212; x_wconf 91' lang='lat' dir='ltr'><strong>est</strong></span> <span class='ocrx_word' id='word_1_620' title='bbox 1890 4158 2060 4215; x_wconf 85' lang='lat' dir='ltr'><strong>Abias</strong></span> 
     </span>
    </p>
   </div>
   <div class='ocr_carea' id='block_1_74' title="bbox 464 4242 2060 4324">
    <p class='ocr_par' dir='ltr' id='par_1_74' title="bbox 464 4242 2060 4324">
     <span class='ocr_line' id='line_1_74' title="bbox 464 4242 2060 4324; baseline 0.008 -28"><span class='ocrx_word' id='word_1_621' title='bbox 464 4242 753 4312; x_wconf 87' lang='lat' dir='ltr'><strong>prepheta,</strong></span> <span class='ocrx_word' id='word_1_622' title='bbox 796 4246 889 4315; x_wconf 92' lang='lat' dir='ltr'><strong>qui</strong></span> <span class='ocrx_word' id='word_1_623' title='bbox 931 4244 1155 4303; x_wconf 88' lang='lat' dir='ltr'><strong>locutus</strong></span> <span class='ocrx_word' id='word_1_624' title='bbox 1193 4259 1275 4305; x_wconf 88' lang='lat' dir='ltr'><strong>est</strong></span> <span class='ocrx_word' id='word_1_625' title='bbox 1317 4249 1487 4319; x_wconf 88' lang='lat' dir='ltr'><strong>mihi,</strong></span> <span class='ocrx_word' id='word_1_626' title='bbox 1545 4251 1690 4322; x_wconf 87' lang='lat' dir='ltr'><strong>quod</strong></span> <span class='ocrx_word' id='word_1_627' title='bbox 1732 4261 2060 4324; x_wconf 70' lang='lat' dir='ltr'><strong>regnaturus</strong></span> 
     </span>
    </p>
   </div>
   <div class='ocr_carea' id='block_1_75' title="bbox 463 4340 2059 4416">
    <p class='ocr_par' dir='ltr' id='par_1_75' title="bbox 463 4340 2059 4416">
     <span class='ocr_line' id='line_1_75' title="bbox 463 4340 2059 4416; baseline 0.007 -26"><span class='ocrx_word' id='word_1_628' title='bbox 463 4348 639 4390; x_wconf 89' lang='lat' dir='ltr'><strong>essem</strong></span> <span class='ocrx_word' id='word_1_629' title='bbox 679 4351 846 4407; x_wconf 88' lang='lat' dir='ltr'><strong>super</strong></span> <span class='ocrx_word' id='word_1_630' title='bbox 885 4340 1143 4410; x_wconf 87' lang='lat' dir='ltr'><strong>populum</strong></span> <span class='ocrx_word' id='word_1_631' title='bbox 1185 4340 1348 4397; x_wconf 89' lang='lat' dir='ltr'><strong>hunc.</strong></span> <span class='ocrx_word' id='word_1_632' title='bbox 1380 4341 1537 4398; x_wconf 87' lang='lat' dir='ltr'><strong>Tolle</strong></span> <span class='ocrx_word' id='word_1_633' title='bbox 1564 4358 1781 4416; x_wconf 89' lang='lat' dir='ltr'><strong>quoque</strong></span> <span class='ocrx_word' id='word_1_634' title='bbox 1811 4345 1863 4399; x_wconf 90' lang='lat' dir='ltr'><strong>in</strong></span> <span class='ocrx_word' id='word_1_635' title='bbox 1896 4360 2059 4401; x_wconf 91' lang='lat' dir='ltr'><strong>manu</strong></span> 
     </span>
    </p>
   </div>
   <div class='ocr_carea' id='block_1_76' title="bbox 463 4428 2061 4503">
    <p class='ocr_par' dir='ltr' id='par_1_76' title="bbox 463 4428 2061 4503">
     <span class='ocr_line' id='line_1_76' title="bbox 463 4428 2061 4503; baseline 0.008 -21"><span class='ocrx_word' id='word_1_636' title='bbox 463 4434 553 4483; x_wconf 79' lang='lat' dir='ltr'><strong>tua</strong></span> <span class='ocrx_word' id='word_1_637' title='bbox 584 4428 770 4484; x_wconf 91' lang='lat' dir='ltr'><strong>decem</strong></span> <span class='ocrx_word' id='word_1_638' title='bbox 813 4446 1017 4501; x_wconf 83' lang='lat' dir='ltr'><strong>partes,</strong></span> <span class='ocrx_word' id='word_1_639' title='bbox 1069 4444 1125 4490; x_wconf 92' lang='lat' dir='ltr'><strong>et</strong></span> <span class='ocrx_word' id='word_1_640' title='bbox 1151 4435 1446 4491; x_wconf 89' lang='lat' dir='ltr'><strong>crustulam</strong></span> <span class='ocrx_word' id='word_1_641' title='bbox 1470 4477 1485 4503; x_wconf 94' lang='lat'><strong>,</strong></span> <span class='ocrx_word' id='word_1_642' title='bbox 1518 4447 1574 4492; x_wconf 90' lang='lat' dir='ltr'><strong>et</strong></span> <span class='ocrx_word' id='word_1_643' title='bbox 1605 4452 1697 4492; x_wconf 88' lang='lat' dir='ltr'><strong>vas</strong></span> <span class='ocrx_word' id='word_1_644' title='bbox 1737 4438 1948 4501; x_wconf 88' lang='lat' dir='ltr'><strong>mellis,</strong></span> <span class='ocrx_word' id='word_1_645' title='bbox 2004 4449 2061 4495; x_wconf 90' lang='lat' dir='ltr'><strong>et</strong></span> 
     </span>
    </p>
   </div>
   <div class='ocr_carea' id='block_1_77' title="bbox 460 4520 2055 4603">
    <p class='ocr_par' dir='ltr' id='par_1_77' title="bbox 460 4520 2055 4603">
     <span class='ocr_line' id='line_1_77' title="bbox 460 4520 2055 4603; baseline 0.009 -29"><span class='ocrx_word' id='word_1_646' title='bbox 460 4520 599 4577; x_wconf 87' lang='lat' dir='ltr'><strong>vade</strong></span> <span class='ocrx_word' id='word_1_647' title='bbox 628 4522 695 4577; x_wconf 92' lang='lat' dir='ltr'><strong>ad</strong></span> <span class='ocrx_word' id='word_1_648' title='bbox 725 4524 877 4579; x_wconf 91' lang='lat' dir='ltr'><strong>illum</strong></span> <span class='ocrx_word' id='word_1_649' title='bbox 921 4544 935 4579; x_wconf 90' lang='lat'><strong>:</strong></span> <span class='ocrx_word' id='word_1_650' title='bbox 978 4527 1093 4599; x_wconf 86' lang='lat' dir='ltr'><strong>ipse</strong></span> <span class='ocrx_word' id='word_1_651' title='bbox 1116 4527 1380 4585; x_wconf 66' lang='lat' dir='ltr'><strong>iudicabit</strong></span> <span class='ocrx_word' id='word_1_652' title='bbox 1429 4529 1522 4587; x_wconf 90' lang='lat' dir='ltr'><strong>tibi</strong></span> <span class='ocrx_word' id='word_1_653' title='bbox 1553 4531 1683 4603; x_wconf 89' lang='lat' dir='ltr'><strong>quid</strong></span> <span class='ocrx_word' id='word_1_654' title='bbox 1734 4541 2055 4588; x_wconf 88' lang='lat' dir='ltr'><strong>eventurum</strong></span> 
     </span>
    </p>
   </div>
   <div class='ocr_carea' id='block_1_78' title="bbox 2162 3306 3761 3381">
    <p class='ocr_par' dir='ltr' id='par_1_78' title="bbox 2162 3306 3761 3381">
     <span class='ocr_line' id='line_1_78' title="bbox 2162 3306 3761 3381; baseline 0.001 -17"><span class='ocrx_word' id='word_1_655' title='bbox 2162 3306 2382 3364; x_wconf 90' lang='lat' dir='ltr'><strong>domum</strong></span> <span class='ocrx_word' id='word_1_656' title='bbox 2407 3307 2700 3364; x_wconf 83' lang='lat' dir='ltr'><strong>Jeroboam</strong></span> <span class='ocrx_word' id='word_1_657' title='bbox 2727 3310 2779 3363; x_wconf 94' lang='lat' dir='ltr'><strong>in</strong></span> <span class='ocrx_word' id='word_1_658' title='bbox 2805 3308 2905 3364; x_wconf 91' lang='lat' dir='ltr'><strong>hac</strong></span> <span class='ocrx_word' id='word_1_659' title='bbox 2929 3308 3049 3375; x_wconf 93' lang='lat' dir='ltr'><strong>die,</strong></span> <span class='ocrx_word' id='word_1_660' title='bbox 3080 3317 3137 3364; x_wconf 90' lang='lat' dir='ltr'><strong>et</strong></span> <span class='ocrx_word' id='word_1_661' title='bbox 3163 3309 3217 3364; x_wconf 91' lang='lat' dir='ltr'><strong>in</strong></span> <span class='ocrx_word' id='word_1_662' title='bbox 3257 3308 3361 3364; x_wconf 92' lang='lat' dir='ltr'><strong>hoc</strong></span> <span class='ocrx_word' id='word_1_663' title='bbox 3393 3317 3637 3381; x_wconf 89' lang='lat' dir='ltr'><strong>tempore</strong></span> <span class='ocrx_word' id='word_1_664' title='bbox 3665 3327 3679 3364; x_wconf 89' lang='lat'><strong>:</strong></span> <span class='ocrx_word' id='word_1_665' title='bbox 3704 3319 3761 3366; x_wconf 77' lang='lat' dir='ltr'><strong>et</strong></span> 
     </span>
    </p>
   </div>
   <div class='ocr_carea' id='block_1_79' title="bbox 2161 3398 3761 3474">
    <p class='ocr_par' dir='ltr' id='par_1_79' title="bbox 2161 3398 3761 3474">
     <span class='ocr_line' id='line_1_79' title="bbox 2161 3398 3761 3474; baseline 0.001 -18"><span class='ocrx_word' id='word_1_666' title='bbox 2161 3404 2428 3473; x_wconf 88' lang='lat' dir='ltr'><strong>percutiet</strong></span> <span class='ocrx_word' id='word_1_667' title='bbox 2458 3401 2722 3456; x_wconf 91' lang='lat' dir='ltr'><strong>Dominus</strong></span> <span class='ocrx_word' id='word_1_668' title='bbox 2751 3398 2937 3474; x_wconf 70' lang='grc' dir='ltr'><strong>[ναις.</strong></span> <span class='ocrx_word' id='word_1_669' title='bbox 2969 3402 3170 3456; x_wconf 84' lang='lat' dir='ltr'><strong>addunt</strong></span> <span class='ocrx_word' id='word_1_670' title='bbox 3199 3399 3365 3473; x_wconf 89' lang='lat' dir='ltr'><strong>Deus]</strong></span> <span class='ocrx_word' id='word_1_671' title='bbox 3399 3401 3585 3473; x_wconf 87' lang='lat' dir='ltr'><strong>Israel,</strong></span> <span class='ocrx_word' id='word_1_672' title='bbox 3616 3401 3761 3458; x_wconf 88' lang='lat' dir='ltr'><strong>sicut</strong></span> 
     </span>
    </p>
   </div>
   <div class='ocr_carea' id='block_1_80' title="bbox 2161 3493 3759 3564">
    <p class='ocr_par' dir='ltr' id='par_1_80' title="bbox 2161 3493 3759 3564">
     <span class='ocr_line' id='line_1_80' title="bbox 2161 3493 3759 3564; baseline 0 -15"><span class='ocrx_word' id='word_1_673' title='bbox 2161 3494 2368 3549; x_wconf 84' lang='lat' dir='ltr'><strong>moveri</strong></span> <span class='ocrx_word' id='word_1_674' title='bbox 2391 3495 2532 3548; x_wconf 89' lang='lat' dir='ltr'><strong>solet</strong></span> <span class='ocrx_word' id='word_1_675' title='bbox 2554 3493 2765 3548; x_wconf 90' lang='lat' dir='ltr'><strong>arundo</strong></span> <span class='ocrx_word' id='word_1_676' title='bbox 2789 3495 2841 3548; x_wconf 92' lang='lat' dir='ltr'><strong>in</strong></span> <span class='ocrx_word' id='word_1_677' title='bbox 2863 3508 3021 3564; x_wconf 87' lang='lat' dir='ltr'><strong>aqua,</strong></span> <span class='ocrx_word' id='word_1_678' title='bbox 3044 3501 3100 3548; x_wconf 89' lang='lat' dir='ltr'><strong>et</strong></span> <span class='ocrx_word' id='word_1_679' title='bbox 3122 3494 3320 3549; x_wconf 88' lang='lat' dir='ltr'><strong>evellet</strong></span> <span class='ocrx_word' id='word_1_680' title='bbox 3341 3493 3506 3548; x_wconf 83' lang='lat' dir='ltr'><strong>Israel</strong></span> <span class='ocrx_word' id='word_1_681' title='bbox 3527 3494 3594 3549; x_wconf 88' lang='lat' dir='ltr'><strong>de</strong></span> <span class='ocrx_word' id='word_1_682' title='bbox 3617 3505 3759 3549; x_wconf 86' lang='lat' dir='ltr'><strong>terra</strong></span> 
     </span>
    </p>
   </div>
   <div class='ocr_carea' id='block_1_81' title="bbox 2161 3579 3759 3658">
    <p class='ocr_par' dir='ltr' id='par_1_81' title="bbox 2161 3579 3759 3658">
     <span class='ocr_line' id='line_1_81' title="bbox 2161 3579 3759 3658; baseline -0.001 -14"><span class='ocrx_word' id='word_1_683' title='bbox 2161 3587 2302 3644; x_wconf 90' lang='lat' dir='ltr'><strong>bona</strong></span> <span class='ocrx_word' id='word_1_684' title='bbox 2337 3587 2469 3654; x_wconf 91' lang='lat' dir='ltr'><strong>hac,</strong></span> <span class='ocrx_word' id='word_1_685' title='bbox 2499 3579 2836 3658; x_wconf 68' lang='lat' dir='ltr'><strong>quam&#39;dedit</strong></span> <span class='ocrx_word' id='word_1_686' title='bbox 2866 3588 3110 3658; x_wconf 81' lang='lat' dir='ltr'><strong>patribus</strong></span> <span class='ocrx_word' id='word_1_687' title='bbox 3140 3603 3361 3653; x_wconf 89' lang='lat' dir='ltr'><strong>eorum,</strong></span> <span class='ocrx_word' id='word_1_688' title='bbox 3393 3597 3447 3644; x_wconf 91' lang='lat' dir='ltr'><strong>et</strong></span> <span class='ocrx_word' id='word_1_689' title='bbox 3475 3588 3759 3645; x_wconf 90' lang='lat' dir='ltr'><strong>ventilabit</strong></span> 
     </span>
    </p>
   </div>
   <div class='ocr_carea' id='block_1_82' title="bbox 2160 3681 3759 3752">
    <p class='ocr_par' dir='ltr' id='par_1_82' title="bbox 2160 3681 3759 3752">
     <span class='ocr_line' id='line_1_82' title="bbox 2160 3681 3759 3752; baseline 0 -14"><span class='ocrx_word' id='word_1_690' title='bbox 2160 3696 2258 3739; x_wconf 90' lang='lat' dir='ltr'><strong>eos</strong></span> <span class='ocrx_word' id='word_1_691' title='bbox 2287 3693 2439 3737; x_wconf 90' lang='lat' dir='ltr'><strong>trans</strong></span> <span class='ocrx_word' id='word_1_692' title='bbox 2471 3682 2674 3738; x_wconf 88' lang='lat' dir='ltr'><strong>flumen</strong></span> <span class='ocrx_word' id='word_1_693' title='bbox 2712 3700 2725 3737; x_wconf 85' lang='lat'><strong>:</strong></span> <span class='ocrx_word' id='word_1_694' title='bbox 2760 3682 2885 3752; x_wconf 90' lang='lat' dir='ltr'><strong>quia</strong></span> <span class='ocrx_word' id='word_1_695' title='bbox 2925 3681 3174 3738; x_wconf 85' lang='lat' dir='ltr'><strong>fecerunt</strong></span> <span class='ocrx_word' id='word_1_696' title='bbox 3212 3683 3314 3737; x_wconf 91' lang='lat' dir='ltr'><strong>sibi</strong></span> <span class='ocrx_word' id='word_1_697' title='bbox 3344 3682 3520 3749; x_wconf 89' lang='lat' dir='ltr'><strong>lucos,</strong></span> <span class='ocrx_word' id='word_1_698' title='bbox 3550 3696 3609 3741; x_wconf 90' lang='lat' dir='ltr'><strong>ut</strong></span> <span class='ocrx_word' id='word_1_699' title='bbox 3635 3684 3759 3738; x_wconf 86' lang='lat' dir='ltr'><strong>irri-</strong></span> 
     </span>
    </p>
   </div>
   <div class='ocr_carea' id='block_1_83' title="bbox 2162 3774 3758 3849">
    <p class='ocr_par' dir='ltr' id='par_1_83' title="bbox 2162 3774 3758 3849">
     <span class='ocr_line' id='line_1_83' title="bbox 2162 3774 3758 3849; baseline 0.001 -18"><span class='ocrx_word' id='word_1_700' title='bbox 2162 3783 2345 3832; x_wconf 88' lang='lat' dir='ltr'><strong>tarent</strong></span> <span class='ocrx_word' id='word_1_701' title='bbox 2387 3776 2700 3832; x_wconf 83' lang='lat' dir='ltr'><strong>Dominum.</strong></span> <span class='ocrx_word' id='word_1_702' title='bbox 2737 3775 2805 3831; x_wconf 88' lang='lat' dir='ltr'><strong>Et</strong></span> <span class='ocrx_word' id='word_1_703' title='bbox 2835 3776 3013 3831; x_wconf 88' lang='lat' dir='ltr'><strong>tradet</strong></span> <span class='ocrx_word' id='word_1_704' title='bbox 3041 3775 3308 3831; x_wconf 90' lang='lat' dir='ltr'><strong>Dominus</strong></span> <span class='ocrx_word' id='word_1_705' title='bbox 3333 3774 3498 3832; x_wconf 87' lang='lat' dir='ltr'><strong>Israel</strong></span> <span class='ocrx_word' id='word_1_706' title='bbox 3542 3785 3758 3849; x_wconf 89' lang='lat' dir='ltr'><strong>propter</strong></span> 
     </span>
    </p>
   </div>
   <div class='ocr_carea' id='block_1_84' title="bbox 2143 3871 3759 3944">
    <p class='ocr_par' dir='ltr' id='par_1_84' title="bbox 2143 3871 3759 3944">
     <span class='ocr_line' id='line_1_84' title="bbox 2143 3871 3759 3944; baseline 0 -16"><span class='ocrx_word' id='word_1_707' title='bbox 2143 3882 2383 3942; x_wconf 80' lang='lat' dir='ltr'><strong>&#39;peccata</strong></span> <span class='ocrx_word' id='word_1_708' title='bbox 2413 3873 2707 3928; x_wconf 88' lang='lat' dir='ltr'><strong>Jeroboam</strong></span> <span class='ocrx_word' id='word_1_709' title='bbox 2732 3914 2746 3937; x_wconf 89' lang='lat'><strong>,</strong></span> <span class='ocrx_word' id='word_1_710' title='bbox 2794 3873 2887 3943; x_wconf 87' lang='lat' dir='ltr'><strong>qui</strong></span> <span class='ocrx_word' id='word_1_711' title='bbox 2940 3873 3222 3943; x_wconf 89' lang='lat' dir='ltr'><strong>peccavit,</strong></span> <span class='ocrx_word' id='word_1_712' title='bbox 3267 3879 3324 3928; x_wconf 92' lang='lat' dir='ltr'><strong>et</strong></span> <span class='ocrx_word' id='word_1_713' title='bbox 3363 3887 3593 3944; x_wconf 88' lang='lat' dir='ltr'><strong>peccare</strong></span> <span class='ocrx_word' id='word_1_714' title='bbox 3629 3871 3759 3929; x_wconf 88' lang='lat' dir='ltr'><strong>fecit</strong></span> 
     </span>
    </p>
   </div>
   <div class='ocr_carea' id='block_1_85' title="bbox 2160 3964 3758 4036">
    <p class='ocr_par' dir='ltr' id='par_1_85' title="bbox 2160 3964 3758 4036">
     <span class='ocr_line' id='line_1_85' title="bbox 2160 3964 3758 4036; baseline 0 -16"><span class='ocrx_word' id='word_1_715' title='bbox 2160 3964 2348 4021; x_wconf 78' lang='lat' dir='ltr'><strong>Israel.</strong></span> <span class='ocrx_word' id='word_1_716' title='bbox 2384 3965 2641 4021; x_wconf 77' lang='lat' dir='ltr'><strong>Surrexit</strong></span> <span class='ocrx_word' id='word_1_717' title='bbox 2686 3968 2869 4036; x_wconf 91' lang='lat' dir='ltr'><strong>itaque</strong></span> <span class='ocrx_word' id='word_1_718' title='bbox 2898 3981 3042 4021; x_wconf 90' lang='lat' dir='ltr'><strong>uxor</strong></span> <span class='ocrx_word' id='word_1_719' title='bbox 3062 3965 3353 4022; x_wconf 86' lang='lat' dir='ltr'><strong>Jeroboam</strong></span> <span class='ocrx_word' id='word_1_720' title='bbox 3373 4010 3388 4035; x_wconf 91' lang='lat'><strong>,</strong></span> <span class='ocrx_word' id='word_1_721' title='bbox 3414 3974 3470 4021; x_wconf 93' lang='lat' dir='ltr'><strong>et</strong></span> <span class='ocrx_word' id='word_1_722' title='bbox 3497 3965 3657 4034; x_wconf 92' lang='lat' dir='ltr'><strong>abiit,</strong></span> <span class='ocrx_word' id='word_1_723' title='bbox 3705 3975 3758 4021; x_wconf 92' lang='lat' dir='ltr'><strong>et</strong></span> 
     </span>
    </p>
   </div>
   <div class='ocr_carea' id='block_1_86' title="bbox 2159 4057 3756 4129">
    <p class='ocr_par' dir='ltr' id='par_1_86' title="bbox 2159 4057 3756 4129">
     <span class='ocr_line' id='line_1_86' title="bbox 2159 4057 3756 4129; baseline 0.001 -16"><span class='ocrx_word' id='word_1_724' title='bbox 2159 4058 2311 4114; x_wconf 87' lang='lat' dir='ltr'><strong>venit</strong></span> <span class='ocrx_word' id='word_1_725' title='bbox 2352 4058 2405 4113; x_wconf 91' lang='lat' dir='ltr'><strong>in</strong></span> <span class='ocrx_word' id='word_1_726' title='bbox 2449 4058 2653 4113; x_wconf 87' lang='lat' dir='ltr'><strong>Thersa</strong></span> <span class='ocrx_word' id='word_1_727' title='bbox 2704 4076 2717 4112; x_wconf 91' lang='lat'><strong>:</strong></span> <span class='ocrx_word' id='word_1_728' title='bbox 2767 4074 3004 4128; x_wconf 86' lang='lat' dir='ltr'><strong>cumque</strong></span> <span class='ocrx_word' id='word_1_729' title='bbox 3041 4059 3131 4113; x_wconf 87' lang='lat' dir='ltr'><strong>illa</strong></span> <span class='ocrx_word' id='word_1_730' title='bbox 3179 4059 3558 4129; x_wconf 83' lang='lat' dir='ltr'><strong>ingrederetur</strong></span> <span class='ocrx_word' id='word_1_731' title='bbox 3594 4057 3756 4115; x_wconf 91' lang='lat' dir='ltr'><strong>limen</strong></span> 
     </span>
    </p>
   </div>
   <div class='ocr_carea' id='block_1_87' title="bbox 2160 4150 3760 4221">
    <p class='ocr_par' dir='ltr' id='par_1_87' title="bbox 2160 4150 3760 4221">
     <span class='ocr_line' id='line_1_87' title="bbox 2160 4150 3760 4221; baseline 0.001 -16"><span class='ocrx_word' id='word_1_732' title='bbox 2160 4150 2357 4205; x_wconf 90' lang='lat' dir='ltr'><strong>domus</strong></span> <span class='ocrx_word' id='word_1_733' title='bbox 2384 4191 2397 4216; x_wconf 91' lang='lat'><strong>,</strong></span> <span class='ocrx_word' id='word_1_734' title='bbox 2446 4165 2581 4221; x_wconf 89' lang='lat' dir='ltr'><strong>puer</strong></span> <span class='ocrx_word' id='word_1_735' title='bbox 2616 4160 2864 4206; x_wconf 90' lang='lat' dir='ltr'><strong>mortuus</strong></span> <span class='ocrx_word' id='word_1_736' title='bbox 2891 4159 2995 4218; x_wconf 86' lang='lat' dir='ltr'><strong>est,</strong></span> <span class='ocrx_word' id='word_1_737' title='bbox 3023 4162 3078 4206; x_wconf 90' lang='lat' dir='ltr'><strong>et</strong></span> <span class='ocrx_word' id='word_1_738' title='bbox 3117 4152 3456 4221; x_wconf 90' lang='lat' dir='ltr'><strong>sepelierunt</strong></span> <span class='ocrx_word' id='word_1_739' title='bbox 3497 4167 3643 4207; x_wconf 90' lang='lat' dir='ltr'><strong>eum.</strong></span> <span class='ocrx_word' id='word_1_740' title='bbox 3692 4151 3760 4207; x_wconf 87' lang='lat' dir='ltr'><strong>Et</strong></span> 
     </span>
    </p>
   </div>
   <div class='ocr_carea' id='block_1_88' title="bbox 2162 4244 3755 4325">
    <p class='ocr_par' dir='ltr' id='par_1_88' title="bbox 2162 4244 3755 4325">
     <span class='ocr_line' id='line_1_88' title="bbox 2162 4244 3755 4325; baseline 0.001 -25"><span class='ocrx_word' id='word_1_741' title='bbox 2162 4244 2370 4317; x_wconf 88' lang='lat' dir='ltr'><strong>planxit</strong></span> <span class='ocrx_word' id='word_1_742' title='bbox 2403 4260 2529 4300; x_wconf 91' lang='lat' dir='ltr'><strong>eum</strong></span> <span class='ocrx_word' id='word_1_743' title='bbox 2567 4247 2746 4325; x_wconf 80' lang='lat' dir='ltr'><strong>omnis</strong></span> <span class='ocrx_word' id='word_1_744' title='bbox 2772 4245 2938 4301; x_wconf 91' lang='lat' dir='ltr'><strong>Israel</strong></span> <span class='ocrx_word' id='word_1_745' title='bbox 2971 4244 3128 4325; x_wconf 78' lang='lat' dir='ltr'><strong>juxta</strong></span> <span class='ocrx_word' id='word_1_746' title='bbox 3165 4260 3476 4302; x_wconf 89' lang='lat' dir='ltr'><strong>sermonem</strong></span> <span class='ocrx_word' id='word_1_747' title='bbox 3519 4245 3755 4314; x_wconf 89' lang='lat' dir='ltr'><strong>Domini,</strong></span> 
     </span>
    </p>
   </div>
   <div class='ocr_carea' id='block_1_89' title="bbox 2160 4323 3757 4412">
    <p class='ocr_par' dir='ltr' id='par_1_89' title="bbox 2160 4323 3757 4412">
     <span class='ocr_line' id='line_1_89' title="bbox 2160 4323 3757 4412; baseline 0.002 -19"><span class='ocrx_word' id='word_1_748' title='bbox 2160 4352 2321 4404; x_wconf 82' lang='lat' dir='ltr'><strong>quem</strong></span> <span class='ocrx_word' id='word_1_749' title='bbox 2358 4337 2572 4394; x_wconf 89' lang='lat' dir='ltr'><strong>locutus</strong></span> <span class='ocrx_word' id='word_1_750' title='bbox 2593 4323 2682 4394; x_wconf 83' lang='lat' dir='ltr'><strong>est</strong></span> <span class='ocrx_word' id='word_1_751' title='bbox 2716 4338 2770 4394; x_wconf 88' lang='lat' dir='ltr'><strong>iu</strong></span> <span class='ocrx_word' id='word_1_752' title='bbox 2800 4354 2963 4394; x_wconf 90' lang='lat' dir='ltr'><strong>manu</strong></span> <span class='ocrx_word' id='word_1_753' title='bbox 2991 4323 3143 4396; x_wconf 73' lang='lat' dir='ltr'><strong>servi</strong></span> <span class='ocrx_word' id='word_1_754' title='bbox 3178 4340 3260 4395; x_wconf 86' lang='lat' dir='ltr'><strong>sui</strong></span> <span class='ocrx_word' id='word_1_755' title='bbox 3291 4339 3440 4394; x_wconf 76' lang='lat' dir='ltr'><strong>Abite</strong></span> <span class='ocrx_word' id='word_1_756' title='bbox 3471 4338 3549 4412; x_wconf 93' lang='lat' dir='ltr'><strong>[h.</strong></span> <span class='ocrx_word' id='word_1_757' title='bbox 3580 4338 3757 4396; x_wconf 86' lang='lat' dir='ltr'><strong>Altian</strong></span> 
     </span>
    </p>
   </div>
   <div class='ocr_carea' id='block_1_90' title="bbox 2164 4430 3758 4506">
    <p class='ocr_par' dir='ltr' id='par_1_90' title="bbox 2164 4430 3758 4506">
     <span class='ocr_line' id='line_1_90' title="bbox 2164 4430 3758 4506; baseline 0.002 -20"><span class='ocrx_word' id='word_1_758' title='bbox 2164 4431 2324 4486; x_wconf 86' lang='lat' dir='ltr'><strong>habet</strong></span> <span class='ocrx_word' id='word_1_759' title='bbox 2356 4430 2464 4502; x_wconf 86' lang='lat' dir='ltr'><strong>hic]</strong></span> <span class='ocrx_word' id='word_1_760' title='bbox 2499 4431 2796 4503; x_wconf 69' lang='lat' dir='ltr'><strong>prophetae.</strong></span> <span class='ocrx_word' id='word_1_761' title='bbox 2831 4431 2913 4504; x_wconf 90' lang='lat' dir='ltr'><strong>[T.</strong></span> <span class='ocrx_word' id='word_1_762' title='bbox 2950 4430 3134 4504; x_wconf 58' lang='grc' dir='ltr'><strong>ιλιι]</strong></span> <span class='ocrx_word' id='word_1_763' title='bbox 3165 4432 3395 4506; x_wconf 82' lang='lat' dir='ltr'><strong>Reliqua</strong></span> <span class='ocrx_word' id='word_1_764' title='bbox 3422 4442 3601 4489; x_wconf 90' lang='lat' dir='ltr'><strong>autem</strong></span> <span class='ocrx_word' id='word_1_765' title='bbox 3632 4448 3758 4490; x_wconf 84' lang='lat' dir='ltr'><strong>ver-</strong></span> 
     </span>
    </p>
   </div>
   <div class='ocr_carea' id='block_1_91' title="bbox 2162 4524 3759 4597">
    <p class='ocr_par' dir='ltr' id='par_1_91' title="bbox 2162 4524 3759 4597">
     <span class='ocr_line' id='line_1_91' title="bbox 2162 4524 3759 4597; baseline 0.002 -16"><span class='ocrx_word' id='word_1_766' title='bbox 2162 4524 2361 4581; x_wconf 85' lang='lat' dir='ltr'><strong>borum</strong></span> <span class='ocrx_word' id='word_1_767' title='bbox 2380 4524 2697 4594; x_wconf 81' lang='lat' dir='ltr'><strong>Jeroboam,</strong></span> <span class='ocrx_word' id='word_1_768' title='bbox 2731 4525 3006 4597; x_wconf 90' lang='lat' dir='ltr'><strong>quomodo</strong></span> <span class='ocrx_word' id='word_1_769' title='bbox 3039 4528 3378 4597; x_wconf 86' lang='lat' dir='ltr'><strong>pugnaverit,</strong></span> <span class='ocrx_word' id='word_1_770' title='bbox 3412 4536 3466 4583; x_wconf 90' lang='lat' dir='ltr'><strong>et</strong></span> <span class='ocrx_word' id='word_1_771' title='bbox 3489 4527 3759 4596; x_wconf 91' lang='lat' dir='ltr'><strong>quomodo</strong></span> 
     </span>
    </p>
   </div>
   <div class='ocr_carea' id='block_1_92' title="bbox 461 4613 2052 4696">
    <p class='ocr_par' dir='ltr' id='par_1_92' title="bbox 461 4613 2052 4696">
     <span class='ocr_line' id='line_1_92' title="bbox 461 4613 2052 4696; baseline 0.007 -26"><span class='ocrx_word' id='word_1_772' title='bbox 461 4613 531 4671; x_wconf 88' lang='lat' dir='ltr'><strong>sit</strong></span> <span class='ocrx_word' id='word_1_773' title='bbox 573 4615 698 4672; x_wconf 92' lang='lat' dir='ltr'><strong>huic</strong></span> <span class='ocrx_word' id='word_1_774' title='bbox 725 4634 915 4687; x_wconf 91' lang='lat' dir='ltr'><strong>puero.</strong></span> <span class='ocrx_word' id='word_1_775' title='bbox 945 4619 1096 4676; x_wconf 87' lang='lat' dir='ltr'><strong>Fecit</strong></span> <span class='ocrx_word' id='word_1_776' title='bbox 1124 4630 1181 4676; x_wconf 92' lang='lat' dir='ltr'><strong>ut</strong></span> <span class='ocrx_word' id='word_1_777' title='bbox 1210 4621 1422 4678; x_wconf 87' lang='lat' dir='ltr'><strong>dixerat</strong></span> <span class='ocrx_word' id='word_1_778' title='bbox 1461 4639 1601 4679; x_wconf 83' lang='lat' dir='ltr'><strong>uxor</strong></span> <span class='ocrx_word' id='word_1_779' title='bbox 1638 4623 1930 4681; x_wconf 84' lang='lat' dir='ltr'><strong>Jeroboam</strong></span> <span class='ocrx_word' id='word_1_780' title='bbox 1953 4670 1968 4696; x_wconf 94' lang='lat'><strong>,</strong></span> <span class='ocrx_word' id='word_1_781' title='bbox 2005 4634 2052 4681; x_wconf 91' lang='lat' dir='ltr'><strong>et</strong></span> 
     </span>
    </p>
   </div>
   <div class='ocr_carea' id='block_1_93' title="bbox 2156 4613 3759 4696">
    <p class='ocr_par' dir='ltr' id='par_1_93' title="bbox 2163 4619 3759 4689">
     <span class='ocr_line' id='line_1_93' title="bbox 2163 4619 3759 4689; baseline 0.003 -16"><span class='ocrx_word' id='word_1_782' title='bbox 2163 4620 2492 4689; x_wconf 85' lang='lat' dir='ltr'><strong>regnaverit,</strong></span> <span class='ocrx_word' id='word_1_783' title='bbox 2512 4635 2642 4676; x_wconf 79' lang='lat' dir='ltr'><strong>ecce</strong></span> <span class='ocrx_word' id='word_1_784' title='bbox 2666 4619 2867 4686; x_wconf 85' lang='lat' dir='ltr'><strong>scripta</strong></span> <span class='ocrx_word' id='word_1_785' title='bbox 2897 4628 3025 4674; x_wconf 89' lang='lat' dir='ltr'><strong>sunt</strong></span> <span class='ocrx_word' id='word_1_786' title='bbox 3050 4621 3104 4675; x_wconf 90' lang='lat' dir='ltr'><strong>in</strong></span> <span class='ocrx_word' id='word_1_787' title='bbox 3136 4619 3280 4675; x_wconf 89' lang='lat' dir='ltr'><strong>libro</strong></span> <span class='ocrx_word' id='word_1_788' title='bbox 3306 4619 3611 4677; x_wconf 81' lang='lat' dir='ltr'><strong>Verborum</strong></span> <span class='ocrx_word' id='word_1_789' title='bbox 3641 4620 3759 4678; x_wconf 88' lang='lat' dir='ltr'><strong>die-</strong></span> 
     </span>
    </p>
   </div>
   <div class='ocr_carea' id='block_1_94' title="bbox 462 4713 2057 4795">
    <p class='ocr_par' dir='ltr' id='par_1_94' title="bbox 462 4713 2057 4795">
     <span class='ocr_line' id='line_1_94' title="bbox 462 4713 2057 4795; baseline 0.007 -30"><span class='ocrx_word' id='word_1_790' title='bbox 462 4723 803 4782; x_wconf 87' lang='lat' dir='ltr'><strong>consurgens</strong></span> <span class='ocrx_word' id='word_1_791' title='bbox 850 4713 987 4769; x_wconf 88' lang='lat' dir='ltr'><strong>abiit</strong></span> <span class='ocrx_word' id='word_1_792' title='bbox 1043 4716 1094 4770; x_wconf 92' lang='lat' dir='ltr'><strong>in</strong></span> <span class='ocrx_word' id='word_1_793' title='bbox 1164 4715 1330 4787; x_wconf 89' lang='lat' dir='ltr'><strong>Silo,</strong></span> <span class='ocrx_word' id='word_1_794' title='bbox 1392 4727 1444 4774; x_wconf 93' lang='lat' dir='ltr'><strong>et</strong></span> <span class='ocrx_word' id='word_1_795' title='bbox 1512 4719 1663 4775; x_wconf 85' lang='lat' dir='ltr'><strong>venit</strong></span> <span class='ocrx_word' id='word_1_796' title='bbox 1714 4720 1769 4795; x_wconf 83' lang='lat' dir='ltr'><strong>in</strong></span> <span class='ocrx_word' id='word_1_797' title='bbox 1835 4720 2057 4776; x_wconf 91' lang='lat' dir='ltr'><strong>domum</strong></span> 
     </span>
    </p>
   </div>
   <div class='ocr_carea' id='block_1_95' title="bbox 460 4802 2054 4884">
    <p class='ocr_par' dir='ltr' id='par_1_95' title="bbox 460 4802 2054 4884">
     <span class='ocr_line' id='line_1_95' title="bbox 460 4802 2054 4884; baseline 0.007 -25"><span class='ocrx_word' id='word_1_798' title='bbox 460 4802 614 4859; x_wconf 71' lang='lat' dir='ltr'><strong>Ahia:</strong></span> <span class='ocrx_word' id='word_1_799' title='bbox 658 4823 673 4860; x_wconf 88' lang='lat'><strong>:</strong></span> <span class='ocrx_word' id='word_1_800' title='bbox 712 4816 765 4859; x_wconf 90' lang='lat' dir='ltr'><strong>at</strong></span> <span class='ocrx_word' id='word_1_801' title='bbox 802 4806 898 4862; x_wconf 89' lang='lat' dir='ltr'><strong>ille</strong></span> <span class='ocrx_word' id='word_1_802' title='bbox 937 4823 1045 4863; x_wconf 91' lang='lat' dir='ltr'><strong>non</strong></span> <span class='ocrx_word' id='word_1_803' title='bbox 1086 4818 1299 4880; x_wconf 90' lang='lat' dir='ltr'><strong>poterat</strong></span> <span class='ocrx_word' id='word_1_804' title='bbox 1340 4810 1529 4867; x_wconf 91' lang='lat' dir='ltr'><strong>videre</strong></span> <span class='ocrx_word' id='word_1_805' title='bbox 1559 4853 1575 4879; x_wconf 92' lang='lat'><strong>,</strong></span> <span class='ocrx_word' id='word_1_806' title='bbox 1615 4812 1739 4883; x_wconf 89' lang='lat' dir='ltr'><strong>quia</strong></span> <span class='ocrx_word' id='word_1_807' title='bbox 1781 4813 2054 4884; x_wconf 67' lang='lat' dir='ltr'><strong>caligare-</strong></span> 
     </span>
    </p>
   </div>
   <div class='ocr_carea' id='block_1_96' title="bbox 434 4896 2052 4973">
    <p class='ocr_par' dir='ltr' id='par_1_96' title="bbox 434 4896 2052 4973">
     <span class='ocr_line' id='line_1_96' title="bbox 434 4896 2052 4973; baseline 0.007 -24"><span class='ocrx_word' id='word_1_808' title='bbox 434 4904 585 4950; x_wconf 89' lang='lat' dir='ltr'><strong>‘rant</strong></span> <span class='ocrx_word' id='word_1_809' title='bbox 628 4896 754 4968; x_wconf 85' lang='lat' dir='ltr'><strong>[.lls.</strong></span> <span class='ocrx_word' id='word_1_810' title='bbox 796 4899 1197 4972; x_wconf 88' lang='lat' dir='ltr'><strong>caligaveruut]</strong></span> <span class='ocrx_word' id='word_1_811' title='bbox 1244 4902 1391 4957; x_wconf 91' lang='lat' dir='ltr'><strong>oculi</strong></span> <span class='ocrx_word' id='word_1_812' title='bbox 1431 4902 1551 4973; x_wconf 89' lang='lat' dir='ltr'><strong>ejus</strong></span> <span class='ocrx_word' id='word_1_813' title='bbox 1593 4919 1705 4973; x_wconf 81' lang='lat' dir='ltr'><strong>prae</strong></span> <span class='ocrx_word' id='word_1_814' title='bbox 1742 4915 2052 4962; x_wconf 89' lang='lat' dir='ltr'><strong>senectute.</strong></span> 
     </span>
    </p>
   </div>
   <div class='ocr_carea' id='block_1_97' title="bbox 459 4985 2053 5069">
    <p class='ocr_par' dir='ltr' id='par_1_97' title="bbox 459 4985 2053 5069">
     <span class='ocr_line' id='line_1_97' title="bbox 459 4985 2053 5069; baseline 0.008 -28"><span class='ocrx_word' id='word_1_815' title='bbox 459 4985 801 5046; x_wconf 78' lang='lat' dir='ltr'><strong>Dixitautem</strong></span> <span class='ocrx_word' id='word_1_816' title='bbox 827 4992 1087 5057; x_wconf 86' lang='lat' dir='ltr'><strong>Dominus</strong></span> <span class='ocrx_word' id='word_1_817' title='bbox 1115 4995 1181 5049; x_wconf 87' lang='lat' dir='ltr'><strong>ad</strong></span> <span class='ocrx_word' id='word_1_818' title='bbox 1210 4993 1403 5050; x_wconf 83' lang='lat' dir='ltr'><strong>Ahiam</strong></span> <span class='ocrx_word' id='word_1_819' title='bbox 1421 4994 1498 5067; x_wconf 89' lang='lat' dir='ltr'><strong>[h.</strong></span> <span class='ocrx_word' id='word_1_820' title='bbox 1518 4995 1606 5051; x_wconf 89' lang='lat' dir='ltr'><strong>hic</strong></span> <span class='ocrx_word' id='word_1_821' title='bbox 1622 4996 2053 5069; x_wconf 81' lang='lat' dir='ltr'><strong>habet,Ahian]:</strong></span> 
     </span>
    </p>
   </div>
   <div class='ocr_carea' id='block_1_98' title="bbox 462 5082 2056 5162">
    <p class='ocr_par' dir='ltr' id='par_1_98' title="bbox 462 5082 2056 5162">
     <span class='ocr_line' id='line_1_98' title="bbox 462 5082 2056 5162; baseline 0.006 -24"><span class='ocrx_word' id='word_1_822' title='bbox 462 5082 607 5139; x_wconf 86' lang='lat' dir='ltr'><strong>Ecce</strong></span> <span class='ocrx_word' id='word_1_823' title='bbox 632 5102 770 5142; x_wconf 90' lang='lat' dir='ltr'><strong>uxor</strong></span> <span class='ocrx_word' id='word_1_824' title='bbox 788 5087 1081 5145; x_wconf 87' lang='lat' dir='ltr'><strong>Jeroboam</strong></span> <span class='ocrx_word' id='word_1_825' title='bbox 1108 5089 1439 5162; x_wconf 87' lang='lat' dir='ltr'><strong>ingreditur,</strong></span> <span class='ocrx_word' id='word_1_826' title='bbox 1474 5099 1533 5146; x_wconf 89' lang='lat' dir='ltr'><strong>ut</strong></span> <span class='ocrx_word' id='word_1_827' title='bbox 1560 5093 1815 5147; x_wconf 90' lang='lat' dir='ltr'><strong>consulat</strong></span> <span class='ocrx_word' id='word_1_828' title='bbox 1867 5101 1918 5146; x_wconf 89' lang='lat' dir='ltr'><strong>te</strong></span> <span class='ocrx_word' id='word_1_829' title='bbox 1965 5107 2056 5147; x_wconf 83' lang='lat' dir='ltr'><strong>su-</strong></span> 
     </span>
    </p>
   </div>
   <div class='ocr_carea' id='block_1_99' title="bbox 462 5182 2050 5258">
    <p class='ocr_par' dir='ltr' id='par_1_99' title="bbox 462 5182 2050 5258">
     <span class='ocr_line' id='line_1_99' title="bbox 462 5182 2050 5258; baseline 0.004 -23"><span class='ocrx_word' id='word_1_830' title='bbox 462 5196 562 5252; x_wconf 90' lang='lat' dir='ltr'><strong>per</strong></span> <span class='ocrx_word' id='word_1_831' title='bbox 594 5182 705 5239; x_wconf 84' lang='lat' dir='ltr'><strong>filio</strong></span> <span class='ocrx_word' id='word_1_832' title='bbox 729 5198 831 5240; x_wconf 91' lang='lat' dir='ltr'><strong>suo</strong></span> <span class='ocrx_word' id='word_1_833' title='bbox 859 5186 954 5258; x_wconf 91' lang='lat' dir='ltr'><strong>qui</strong></span> <span class='ocrx_word' id='word_1_834' title='bbox 974 5195 1227 5257; x_wconf 66' lang='lat' dir='ltr'><strong>regrotat.</strong></span> <span class='ocrx_word' id='word_1_835' title='bbox 1263 5186 1390 5242; x_wconf 71' lang='lat' dir='ltr'><strong>llzec</strong></span> <span class='ocrx_word' id='word_1_836' title='bbox 1419 5195 1475 5242; x_wconf 91' lang='lat' dir='ltr'><strong>et</strong></span> <span class='ocrx_word' id='word_1_837' title='bbox 1511 5186 1630 5243; x_wconf 76' lang='lat' dir='ltr'><strong>haec</strong></span> <span class='ocrx_word' id='word_1_838' title='bbox 1686 5186 1927 5257; x_wconf 90' lang='lat' dir='ltr'><strong>loqueris</strong></span> <span class='ocrx_word' id='word_1_839' title='bbox 1974 5187 2050 5243; x_wconf 92' lang='lat' dir='ltr'><strong>ei.</strong></span> 
     </span>
    </p>
   </div>
   <div class='ocr_carea' id='block_1_100' title="bbox 454 5272 2053 5351">
    <p class='ocr_par' dir='ltr' id='par_1_100' title="bbox 454 5272 2053 5351">
     <span class='ocr_line' id='line_1_100' title="bbox 454 5272 2053 5351; baseline 0.003 -20"><span class='ocrx_word' id='word_1_840' title='bbox 454 5272 596 5332; x_wconf 76' lang='lat' dir='ltr'><strong>Cum</strong></span> <span class='ocrx_word' id='word_1_841' title='bbox 622 5292 753 5348; x_wconf 88' lang='lat' dir='ltr'><strong>ergo</strong></span> <span class='ocrx_word' id='word_1_842' title='bbox 784 5278 872 5334; x_wconf 90' lang='lat' dir='ltr'><strong>illa</strong></span> <span class='ocrx_word' id='word_1_843' title='bbox 902 5279 1151 5347; x_wconf 88' lang='lat' dir='ltr'><strong>intraret,</strong></span> <span class='ocrx_word' id='word_1_844' title='bbox 1183 5288 1240 5336; x_wconf 89' lang='lat' dir='ltr'><strong>et</strong></span> <span class='ocrx_word' id='word_1_845' title='bbox 1289 5279 1664 5336; x_wconf 87' lang='lat' dir='ltr'><strong>dissimularet</strong></span> <span class='ocrx_word' id='word_1_846' title='bbox 1692 5294 1816 5335; x_wconf 91' lang='lat' dir='ltr'><strong>esse</strong></span> <span class='ocrx_word' id='word_1_847' title='bbox 1843 5288 2053 5351; x_wconf 78' lang='lat' dir='ltr'><strong>se&#39;qua:</strong></span> 
     </span>
    </p>
   </div>
   <div class='ocr_carea' id='block_1_101' title="bbox 534 5396 2047 5472">
    <p class='ocr_par' dir='ltr' id='par_1_101' title="bbox 534 5396 2047 5472">
     <span class='ocr_line' id='line_1_101' title="bbox 534 5396 2047 5472; baseline 0.004 -20"><span class='ocrx_word' id='word_1_848' title='bbox 534 5404 558 5434; x_wconf 72' lang='grc' dir='ltr'><strong><em>η</em></strong></span> <span class='ocrx_word' id='word_1_849' title='bbox 583 5396 808 5453; x_wconf 84' lang='lat' dir='ltr'><strong>Rectius</strong></span> <span class='ocrx_word' id='word_1_850' title='bbox 834 5415 956 5454; x_wconf 92' lang='lat' dir='ltr'><strong>cum</strong></span> <span class='ocrx_word' id='word_1_851' title='bbox 978 5399 1208 5472; x_wconf 71' lang='lat' dir='ltr'><strong>Hebrmo</strong></span> <span class='ocrx_word' id='word_1_852' title='bbox 1238 5417 1343 5457; x_wconf 92' lang='lat' dir='ltr'><strong>ms.</strong></span> <span class='ocrx_word' id='word_1_853' title='bbox 1374 5402 1680 5459; x_wconf 76' lang='lat' dir='ltr'><strong>Veronens.</strong></span> <span class='ocrx_word' id='word_1_854' title='bbox 1713 5402 1765 5456; x_wconf 94' lang='lat' dir='ltr'><strong>in</strong></span> <span class='ocrx_word' id='word_1_855' title='bbox 1792 5401 2047 5472; x_wconf 88' lang='lat' dir='ltr'><strong>gignendi</strong></span> 
     </span>
    </p>
   </div>
   <div class='ocr_carea' id='block_1_102' title="bbox 459 5471 2056 5544">
    <p class='ocr_par' dir='ltr' id='par_1_102' title="bbox 459 5471 2056 5544">
     <span class='ocr_line' id='line_1_102' title="bbox 459 5471 2056 5544; baseline 0.003 -19"><span class='ocrx_word' id='word_1_856' title='bbox 459 5484 613 5544; x_wconf 82' lang='lat' dir='ltr'><strong>casu,</strong></span> <span class='ocrx_word' id='word_1_857' title='bbox 648 5473 933 5544; x_wconf 69' lang='lat' dir='ltr'><strong>praphettz,</strong></span> <span class='ocrx_word' id='word_1_858' title='bbox 967 5479 1022 5526; x_wconf 86' lang='lat' dir='ltr'><strong>ut</strong></span> <span class='ocrx_word' id='word_1_859' title='bbox 1054 5471 1374 5544; x_wconf 71' lang='lat' dir='ltr'><strong>plangorem.</strong></span> <span class='ocrx_word' id='word_1_860' title='bbox 1416 5473 1646 5544; x_wconf 83' lang='lat' dir='ltr'><strong>Vulgata</strong></span> <span class='ocrx_word' id='word_1_861' title='bbox 1681 5471 1865 5543; x_wconf 78' lang='lat' dir='ltr'><strong>ipsius</strong></span> <span class='ocrx_word' id='word_1_862' title='bbox 1888 5475 2056 5530; x_wconf 80' lang='lat' dir='ltr'><strong>lectio</strong></span> 
     </span>
    </p>
   </div>
   <div class='ocr_carea' id='block_1_103' title="bbox 457 5491 2052 5613">
    <p class='ocr_par' dir='ltr' id='par_1_103' title="bbox 457 5491 2052 5613">
     <span class='ocr_line' id='line_1_103' title="bbox 459 5491 2052 5544; baseline 0.003 -19"><span class='ocrx_word' id='word_1_863' title='bbox 459 5491 613 5537; x_wconf 81' lang='lat' dir='ltr'><strong>casu,</strong></span> <span class='ocrx_word' id='word_1_864' title='bbox 648 5491 933 5541; x_wconf 75' lang='lat' dir='ltr'><strong>propnetw,</strong></span> <span class='ocrx_word' id='word_1_865' title='bbox 967 5491 1022 5526; x_wconf 77' lang='lat' dir='ltr'><strong>ut</strong></span> <span class='ocrx_word' id='word_1_866' title='bbox 1054 5491 1176 5541; x_wconf 78' lang='lat' dir='ltr'><strong>ptan</strong></span> <span class='ocrx_word' id='word_1_867' title='bbox 1216 5491 1374 5530; x_wconf 67' lang='lat' dir='ltr'><strong>event.</strong></span> <span class='ocrx_word' id='word_1_868' title='bbox 1422 5491 1646 5544; x_wconf 72' lang='lat' dir='ltr'><strong>vulgata</strong></span> <span class='ocrx_word' id='word_1_869' title='bbox 1682 5491 1852 5543; x_wconf 83' lang='lat' dir='ltr'><strong>tpsnts</strong></span> <span class='ocrx_word' id='word_1_870' title='bbox 1888 5491 2052 5530; x_wconf 69' lang='lat' dir='ltr'><strong>tecuo</strong></span> 
     </span>
     <span class='ocr_line' id='line_1_104' title="bbox 457 5491 2052 5613; baseline 0.003 -16"><span class='ocrx_word' id='word_1_871' title='bbox 457 5541 562 5598; x_wconf 89' lang='lat' dir='ltr'><strong>hoc</strong></span> <span class='ocrx_word' id='word_1_872' title='bbox 593 5559 700 5598; x_wconf 86' lang='lat' dir='ltr'><strong>uno</strong></span> <span class='ocrx_word' id='word_1_873' title='bbox 729 5543 958 5612; x_wconf 90' lang='lat' dir='ltr'><strong>abludit,</strong></span> <span class='ocrx_word' id='word_1_874' title='bbox 1003 5544 1148 5613; x_wconf 92' lang='lat' dir='ltr'><strong>quod</strong></span> <span class='ocrx_word' id='word_1_875' title='bbox 1179 5491 1344 5600; x_wconf 47' lang='lat' dir='ltr'><strong>habet</strong></span> <span class='ocrx_word' id='word_1_876' title='bbox 1372 5546 1573 5601; x_wconf 90' lang='lat' dir='ltr'><strong>minori</strong></span> <span class='ocrx_word' id='word_1_877' title='bbox 1599 5561 1858 5609; x_wconf 88' lang='lat' dir='ltr'><strong>numero,</strong></span> <span class='ocrx_word' id='word_1_878' title='bbox 1890 5545 2052 5612; x_wconf 83' lang='lat' dir='ltr'><strong>ptan-</strong></span> 
     </span>
    </p>
   </div>
   <div class='ocr_carea' id='block_1_104' title="bbox 494 5615 2049 5702">
    <p class='ocr_par' dir='ltr' id='par_1_104' title="bbox 494 5615 2049 5702">
     <span class='ocr_line' id='line_1_105' title="bbox 494 5615 2049 5702; baseline 0.006 -35"><span class='ocrx_word' id='word_1_879' title='bbox 494 5626 618 5698; x_wconf 65' lang='lat' dir='ltr'><strong>eret.</strong></span> <span class='ocrx_word' id='word_1_880' title='bbox 663 5615 784 5675; x_wconf 81' lang='lat' dir='ltr'><strong>Mox</strong></span> <span class='ocrx_word' id='word_1_881' title='bbox 822 5615 966 5673; x_wconf 88' lang='lat' dir='ltr'><strong>idem</strong></span> <span class='ocrx_word' id='word_1_882' title='bbox 1022 5632 1127 5674; x_wconf 85' lang='lat' dir='ltr'><strong>ms.</strong></span> <span class='ocrx_word' id='word_1_883' title='bbox 1181 5619 1352 5675; x_wconf 82' lang='lat' dir='ltr'><strong>senth</strong></span> <span class='ocrx_word' id='word_1_884' title='bbox 1394 5617 1558 5674; x_wconf 87' lang='lat' dir='ltr'><strong>habet</strong></span> <span class='ocrx_word' id='word_1_885' title='bbox 1615 5620 1733 5702; x_wconf 53' lang='lat' dir='ltr'><strong>heu.</strong></span> <span class='ocrx_word' id='word_1_886' title='bbox 1746 5617 1905 5690; x_wconf 86' lang='lat' dir='ltr'><strong>juxta</strong></span> <span class='ocrx_word' id='word_1_887' title='bbox 1948 5619 2049 5676; x_wconf 80' lang='lat' dir='ltr'><strong>Ile-</strong></span> 
     </span>
    </p>
   </div>
   <div class='ocr_carea' id='block_1_105' title="bbox 494 5701 723 5744">
    <p class='ocr_par' dir='ltr' id='par_1_105' title="bbox 494 5701 723 5744">
     <span class='ocr_line' id='line_1_106' title="bbox 494 5701 723 5744; baseline 0.017 -4"><span class='ocrx_word' id='word_1_888' title='bbox 494 5701 723 5744; x_wconf 87' lang='lat' dir='ltr'><strong>ratcum.</strong></span> 
     </span>
    </p>
   </div>
   <div class='ocr_carea' id='block_1_106' title="bbox 533 5757 2053 5838">
    <p class='ocr_par' dir='ltr' id='par_1_106' title="bbox 533 5757 2053 5838">
     <span class='ocr_line' id='line_1_107' title="bbox 533 5757 2053 5838; baseline 0.005 -24"><span class='ocrx_word' id='word_1_889' title='bbox 533 5757 751 5838; x_wconf 38' lang='lat' dir='ltr'><strong>{Tacet</strong></span> <span class='ocrx_word' id='word_1_890' title='bbox 776 5763 918 5820; x_wconf 89' lang='lat' dir='ltr'><strong>idem</strong></span> <span class='ocrx_word' id='word_1_891' title='bbox 952 5778 1055 5838; x_wconf 82' lang='lat' dir='ltr'><strong>ms.</strong></span> <span class='ocrx_word' id='word_1_892' title='bbox 1075 5780 1207 5829; x_wconf 79' lang='lat' dir='ltr'><strong>ecce,</strong></span> <span class='ocrx_word' id='word_1_893' title='bbox 1232 5763 1378 5835; x_wconf 93' lang='lat' dir='ltr'><strong>quod</strong></span> <span class='ocrx_word' id='word_1_894' title='bbox 1399 5764 1576 5821; x_wconf 73' lang='lat' dir='ltr'><strong>Graeci</strong></span> <span class='ocrx_word' id='word_1_895' title='bbox 1601 5773 1813 5838; x_wconf 84' lang='lat' dir='ltr'><strong>tantum</strong></span> <span class='ocrx_word' id='word_1_896' title='bbox 1843 5764 2053 5838; x_wconf 89' lang='lat' dir='ltr'><strong>aliquot</strong></span> 
     </span>
    </p>
   </div>
   <div class='ocr_carea' id='block_1_107' title="bbox 455 5828 1723 5909">
    <p class='ocr_par' dir='ltr' id='par_1_107' title="bbox 455 5828 1723 5909">
     <span class='ocr_line' id='line_1_108' title="bbox 455 5828 1723 5909; baseline 0.004 -23"><span class='ocrx_word' id='word_1_897' title='bbox 455 5828 603 5901; x_wconf 88' lang='lat' dir='ltr'><strong>libri,</strong></span> <span class='ocrx_word' id='word_1_898' title='bbox 645 5842 806 5908; x_wconf 89' lang='lat' dir='ltr'><strong>atque</strong></span> <span class='ocrx_word' id='word_1_899' title='bbox 844 5836 1075 5894; x_wconf 79' lang='lat' dir='ltr'><strong>Arabica</strong></span> <span class='ocrx_word' id='word_1_900' title='bbox 1114 5828 1297 5894; x_wconf 63' lang='lat' dir='ltr'><strong>versi&#39;o</strong></span> <span class='ocrx_word' id='word_1_901' title='bbox 1335 5836 1723 5909; x_wconf 69' lang='lat' dir='ltr'><strong>prmtermittit.</strong></span> 
     </span>
    </p>
   </div>
   <div class='ocr_carea' id='block_1_108' title="bbox 2160 4712 3760 4786">
    <p class='ocr_par' dir='ltr' id='par_1_108' title="bbox 2160 4712 3760 4786">
     <span class='ocr_line' id='line_1_109' title="bbox 2160 4712 3760 4786; baseline 0 -16"><span class='ocrx_word' id='word_1_902' title='bbox 2160 4731 2280 4770; x_wconf 88' lang='lat' dir='ltr'><strong>rum</strong></span> <span class='ocrx_word' id='word_1_903' title='bbox 2321 4730 2505 4785; x_wconf 87' lang='lat' dir='ltr'><strong>regum</strong></span> <span class='ocrx_word' id='word_1_904' title='bbox 2532 4714 2716 4770; x_wconf 90' lang='lat' dir='ltr'><strong>Israel.</strong></span> <span class='ocrx_word' id='word_1_905' title='bbox 2744 4712 2871 4770; x_wconf 87' lang='lat' dir='ltr'><strong>Dies</strong></span> <span class='ocrx_word' id='word_1_906' title='bbox 2904 4723 3116 4781; x_wconf 91' lang='lat' dir='ltr'><strong>autem,</strong></span> <span class='ocrx_word' id='word_1_907' title='bbox 3150 4717 3348 4786; x_wconf 87' lang='lat' dir='ltr'><strong>quibus</strong></span> <span class='ocrx_word' id='word_1_908' title='bbox 3378 4718 3628 4786; x_wconf 86' lang='lat' dir='ltr'><strong>regnavit</strong></span> <span class='ocrx_word' id='word_1_909' title='bbox 3665 4716 3760 4771; x_wconf 84' lang='lat' dir='ltr'><strong>Je-</strong></span> 
     </span>
    </p>
   </div>
   <div class='ocr_carea' id='block_1_109' title="bbox 2158 4806 3758 4879">
    <p class='ocr_par' dir='ltr' id='par_1_109' title="bbox 2158 4806 3758 4879">
     <span class='ocr_line' id='line_1_110' title="bbox 2158 4806 3758 4879; baseline -0.001 -15"><span class='ocrx_word' id='word_1_910' title='bbox 2158 4808 2413 4878; x_wconf 53' lang='lat' dir='ltr'><strong>roboam&quot;</strong></span> <span class='ocrx_word' id='word_1_911' title='bbox 2438 4808 2625 4879; x_wconf 86' lang='lat' dir='ltr'><strong>viginti</strong></span> <span class='ocrx_word' id='word_1_912' title='bbox 2654 4816 2707 4864; x_wconf 88' lang='lat' dir='ltr'><strong>et</strong></span> <span class='ocrx_word' id='word_1_913' title='bbox 2745 4806 2853 4862; x_wconf 92' lang='lat' dir='ltr'><strong>duo</strong></span> <span class='ocrx_word' id='word_1_914' title='bbox 2883 4808 3011 4862; x_wconf 88' lang='lat' dir='ltr'><strong>anni</strong></span> <span class='ocrx_word' id='word_1_915' title='bbox 3040 4818 3157 4863; x_wconf 85' lang='lat' dir='ltr'><strong>sunt</strong></span> <span class='ocrx_word' id='word_1_916' title='bbox 3189 4806 3268 4879; x_wconf 93' lang='lat' dir='ltr'><strong>[h.</strong></span> <span class='ocrx_word' id='word_1_917' title='bbox 3309 4823 3418 4863; x_wconf 91' lang='lat' dir='ltr'><strong>non</strong></span> <span class='ocrx_word' id='word_1_918' title='bbox 3446 4808 3658 4878; x_wconf 84' lang='lat' dir='ltr'><strong>habet),</strong></span> <span class='ocrx_word' id='word_1_919' title='bbox 3701 4816 3758 4864; x_wconf 89' lang='lat' dir='ltr'><strong>et</strong></span> 
     </span>
    </p>
   </div>
   <div class='ocr_carea' id='block_1_110' title="bbox 2160 4902 3758 4975">
    <p class='ocr_par' dir='ltr' id='par_1_110' title="bbox 2160 4902 3758 4975">
     <span class='ocr_line' id='line_1_111' title="bbox 2160 4902 3758 4975; baseline -0.002 -14"><span class='ocrx_word' id='word_1_920' title='bbox 2160 4904 2417 4961; x_wconf 88' lang='lat' dir='ltr'><strong>dormivit</strong></span> <span class='ocrx_word' id='word_1_921' title='bbox 2438 4920 2557 4959; x_wconf 90' lang='lat' dir='ltr'><strong>cum</strong></span> <span class='ocrx_word' id='word_1_922' title='bbox 2583 4904 2829 4973; x_wconf 87' lang='lat' dir='ltr'><strong>patribtts</strong></span> <span class='ocrx_word' id='word_1_923' title='bbox 2848 4903 2961 4959; x_wconf 90' lang='lat' dir='ltr'><strong>suis</strong></span> <span class='ocrx_word' id='word_1_924' title='bbox 2991 4922 3003 4957; x_wconf 89' lang='lat'>:</span> <span class='ocrx_word' id='word_1_925' title='bbox 3030 4902 3386 4975; x_wconf 85' lang='lat' dir='ltr'><strong>reguavitque</strong></span> <span class='ocrx_word' id='word_1_926' title='bbox 3402 4902 3593 4960; x_wconf 86' lang='lat' dir='ltr'><strong>Nadab</strong></span> <span class='ocrx_word' id='word_1_927' title='bbox 3614 4902 3758 4958; x_wconf 77' lang='lat' dir='ltr'><strong>filius</strong></span> 
     </span>
    </p>
   </div>
   <div class='ocr_carea' id='block_1_111' title="bbox 2160 4995 3761 5069">
    <p class='ocr_par' dir='ltr' id='par_1_111' title="bbox 2160 4995 3761 5069">
     <span class='ocr_line' id='line_1_112' title="bbox 2160 4995 3761 5069; baseline -0.001 -16"><span class='ocrx_word' id='word_1_928' title='bbox 2160 4996 2280 5067; x_wconf 82' lang='lat' dir='ltr'><strong>ejus</strong></span> <span class='ocrx_word' id='word_1_929' title='bbox 2312 5011 2411 5067; x_wconf 90' lang='lat' dir='ltr'><strong>pro</strong></span> <span class='ocrx_word' id='word_1_930' title='bbox 2440 5010 2529 5052; x_wconf 88' lang='lat' dir='ltr'><strong>eo.</strong></span> <span class='ocrx_word' id='word_1_931' title='bbox 2563 4995 2650 5069; x_wconf 87' lang='lat' dir='ltr'><strong>[T.</strong></span> <span class='ocrx_word' id='word_1_932' title='bbox 2682 4995 2883 5067; x_wconf 59' lang='lat' dir='ltr'><strong>LVIII]</strong></span> <span class='ocrx_word' id='word_1_933' title='bbox 2917 4996 3090 5051; x_wconf 89' lang='lat' dir='ltr'><strong>Porro</strong></span> <span class='ocrx_word' id='word_1_934' title='bbox 3128 4995 3373 5051; x_wconf 82' lang='lat' dir='ltr'><strong>Roboam</strong></span> <span class='ocrx_word' id='word_1_935' title='bbox 3408 4996 3554 5052; x_wconf 83' lang='lat' dir='ltr'><strong>filius</strong></span> <span class='ocrx_word' id='word_1_936' title='bbox 3601 4997 3761 5054; x_wconf 80' lang='lat' dir='ltr'><strong>Salo-</strong></span> 
     </span>
    </p>
   </div>
   <div class='ocr_carea' id='block_1_112' title="bbox 2159 5089 3757 5162">
    <p class='ocr_par' dir='ltr' id='par_1_112' title="bbox 2159 5089 3757 5162">
     <span class='ocr_line' id='line_1_113' title="bbox 2159 5089 3757 5162; baseline -0.001 -15"><span class='ocrx_word' id='word_1_937' title='bbox 2159 5092 2338 5148; x_wconf 88' lang='lat' dir='ltr'><strong>monis</strong></span> <span class='ocrx_word' id='word_1_938' title='bbox 2380 5091 2626 5162; x_wconf 87' lang='lat' dir='ltr'><strong>regnavit</strong></span> <span class='ocrx_word' id='word_1_939' title='bbox 2651 5090 2705 5146; x_wconf 92' lang='lat' dir='ltr'><strong>in</strong></span> <span class='ocrx_word' id='word_1_940' title='bbox 2744 5089 2904 5147; x_wconf 82' lang='lat' dir='ltr'><strong>Juda.</strong></span> <span class='ocrx_word' id='word_1_941' title='bbox 2932 5090 3303 5160; x_wconf 83' lang='lat' dir='ltr'><strong>Quadraginta</strong></span> <span class='ocrx_word' id='word_1_942' title='bbox 3327 5097 3385 5146; x_wconf 89' lang='lat' dir='ltr'><strong>et</strong></span> <span class='ocrx_word' id='word_1_943' title='bbox 3427 5092 3588 5146; x_wconf 90' lang='lat' dir='ltr'><strong>unius</strong></span> <span class='ocrx_word' id='word_1_944' title='bbox 3625 5091 3757 5147; x_wconf 89' lang='lat' dir='ltr'><strong>anni</strong></span> 
     </span>
    </p>
   </div>
   <div class='ocr_carea' id='block_1_113' title="bbox 2159 5181 3759 5254">
    <p class='ocr_par' dir='ltr' id='par_1_113' title="bbox 2159 5181 3759 5254">
     <span class='ocr_line' id='line_1_114' title="bbox 2159 5181 3759 5254; baseline 0 -14"><span class='ocrx_word' id='word_1_945' title='bbox 2159 5197 2280 5242; x_wconf 89' lang='lat' dir='ltr'><strong>erat</strong></span> <span class='ocrx_word' id='word_1_946' title='bbox 2328 5184 2570 5240; x_wconf 82' lang='lat' dir='ltr'><strong>Roboam</strong></span> <span class='ocrx_word' id='word_1_947' title='bbox 2597 5224 2613 5251; x_wconf 92' lang='lat'><strong>,</strong></span> <span class='ocrx_word' id='word_1_948' title='bbox 2662 5198 2785 5239; x_wconf 93' lang='lat' dir='ltr'><strong>cum</strong></span> <span class='ocrx_word' id='word_1_949' title='bbox 2833 5198 3063 5254; x_wconf 86' lang='lat' dir='ltr'><strong>regnare</strong></span> <span class='ocrx_word' id='word_1_950' title='bbox 3112 5184 3373 5252; x_wconf 84' lang='lat' dir='ltr'><strong>coepisset</strong></span> <span class='ocrx_word' id='word_1_951' title='bbox 3426 5200 3440 5236; x_wconf 90' lang='lat'><strong>:</strong></span> <span class='ocrx_word' id='word_1_952' title='bbox 3482 5181 3668 5239; x_wconf 84' lang='lat' dir='ltr'><strong>decem</strong></span> <span class='ocrx_word' id='word_1_953' title='bbox 3701 5191 3759 5240; x_wconf 88' lang='lat' dir='ltr'><strong>et</strong></span> 
     </span>
    </p>
   </div>
   <div class='ocr_carea' id='block_1_114' title="bbox 2161 5278 3757 5356">
    <p class='ocr_par' dir='ltr' id='par_1_114' title="bbox 2161 5278 3757 5356">
     <span class='ocr_line' id='line_1_115' title="bbox 2161 5278 3757 5356; baseline -0.001 -18"><span class='ocrx_word' id='word_1_954' title='bbox 2161 5292 2371 5353; x_wconf 78' lang='lat' dir='ltr'><strong>septem</strong></span> <span class='ocrx_word' id='word_1_955' title='bbox 2406 5283 2565 5338; x_wconf 90' lang='lat' dir='ltr'><strong>annis</strong></span> <span class='ocrx_word' id='word_1_956' title='bbox 2600 5284 2845 5356; x_wconf 88' lang='lat' dir='ltr'><strong>regnavit</strong></span> <span class='ocrx_word' id='word_1_957' title='bbox 2872 5283 2924 5337; x_wconf 92' lang='lat' dir='ltr'><strong>in</strong></span> <span class='ocrx_word' id='word_1_958' title='bbox 2951 5281 3256 5337; x_wconf 83' lang='lat' dir='ltr'><strong>Jerusalem</strong></span> <span class='ocrx_word' id='word_1_959' title='bbox 3286 5278 3545 5350; x_wconf 91' lang='lat' dir='ltr'><strong>civitate,</strong></span> <span class='ocrx_word' id='word_1_960' title='bbox 3592 5294 3757 5351; x_wconf 89' lang='lat' dir='ltr'><strong>quam</strong></span> 
     </span>
    </p>
   </div>
   <div class='ocr_carea' id='block_1_115' title="bbox 2237 5396 3753 5470">
    <p class='ocr_par' dir='ltr' id='par_1_115' title="bbox 2237 5396 3753 5470">
     <span class='ocr_line' id='line_1_116' title="bbox 2237 5396 3753 5470; baseline -0.003 -12"><span class='ocrx_word' id='word_1_961' title='bbox 2237 5412 2259 5441; x_wconf 78' lang='grc' dir='ltr'><strong>ο</strong></span> <span class='ocrx_word' id='word_1_962' title='bbox 2292 5401 2452 5458; x_wconf 76' lang='lat' dir='ltr'><strong>Juxta</strong></span> <span class='ocrx_word' id='word_1_963' title='bbox 2481 5402 2769 5458; x_wconf 61' lang='lat' dir='ltr'><strong>Hebraeum</strong></span> <span class='ocrx_word' id='word_1_964' title='bbox 2798 5398 3030 5470; x_wconf 89' lang='lat' dir='ltr'><strong>plurium</strong></span> <span class='ocrx_word' id='word_1_965' title='bbox 3054 5413 3283 5455; x_wconf 90' lang='lat' dir='ltr'><strong>numero</strong></span> <span class='ocrx_word' id='word_1_966' title='bbox 3305 5396 3611 5455; x_wconf 81' lang='lat' dir='ltr'><strong>Veronens.</strong></span> <span class='ocrx_word' id='word_1_967' title='bbox 3644 5411 3753 5454; x_wconf 90' lang='lat' dir='ltr'><strong>ms.</strong></span> 
     </span>
    </p>
   </div>
   <div class='ocr_carea' id='block_1_116' title="bbox 2164 5472 2817 5546">
    <p class='ocr_par' dir='ltr' id='par_1_116' title="bbox 2164 5472 2817 5546">
     <span class='ocr_line' id='line_1_117' title="bbox 2164 5472 2817 5546; baseline 0.002 -18"><span class='ocrx_word' id='word_1_968' title='bbox 2164 5474 2434 5546; x_wconf 65' lang='lat' dir='ltr'><strong>plangant,</strong></span> <span class='ocrx_word' id='word_1_969' title='bbox 2465 5486 2520 5531; x_wconf 86' lang='lat' dir='ltr'><strong>et</strong></span> <span class='ocrx_word' id='word_1_970' title='bbox 2545 5472 2817 5542; x_wconf 72' lang='lat' dir='ltr'><strong>sepeliant.</strong></span> 
     </span>
    </p>
   </div>
   <div class='ocr_carea' id='block_1_117' title="bbox 2232 5543 3757 5612">
    <p class='ocr_par' dir='ltr' id='par_1_117' title="bbox 2232 5543 3757 5612">
     <span class='ocr_line' id='line_1_118' title="bbox 2232 5543 3757 5612; baseline -0.004 -9"><span class='ocrx_word' id='word_1_971' title='bbox 2232 5543 2260 5585; x_wconf 69' lang='grc' dir='ltr'>ἀ</span> <span class='ocrx_word' id='word_1_972' title='bbox 2283 5543 2430 5603; x_wconf 80' lang='lat' dir='ltr'><strong>Idem</strong></span> <span class='ocrx_word' id='word_1_973' title='bbox 2461 5564 2563 5603; x_wconf 90' lang='lat' dir='ltr'><strong>ms.</strong></span> <span class='ocrx_word' id='word_1_974' title='bbox 2596 5547 2839 5601; x_wconf 80' lang='lat' dir='ltr'><strong>inventus</strong></span> <span class='ocrx_word' id='word_1_975' title='bbox 2880 5553 2955 5599; x_wconf 84' lang='lat' dir='ltr'><strong>est</strong></span> <span class='ocrx_word' id='word_1_976' title='bbox 3001 5561 3158 5612; x_wconf 80' lang='lat' dir='ltr'><strong>super</strong></span> <span class='ocrx_word' id='word_1_977' title='bbox 3191 5560 3249 5598; x_wconf 84' lang='lat' dir='ltr'><strong>eo</strong></span> <span class='ocrx_word' id='word_1_978' title='bbox 3295 5559 3462 5599; x_wconf 85' lang='lat' dir='ltr'><strong>sermo</strong></span> <span class='ocrx_word' id='word_1_979' title='bbox 3491 5544 3657 5598; x_wconf 84' lang='lat' dir='ltr'><strong>bonus</strong></span> <span class='ocrx_word' id='word_1_980' title='bbox 3685 5545 3757 5598; x_wconf 82' lang='lat' dir='ltr'><strong>ad</strong></span> 
     </span>
    </p>
   </div>
   <div class='ocr_carea' id='block_1_118' title="bbox 2159 5615 3754 5685">
    <p class='ocr_par' dir='ltr' id='par_1_118' title="bbox 2159 5615 3754 5685">
     <span class='ocr_line' id='line_1_119' title="bbox 2159 5615 3754 5685; baseline -0.001 -12"><span class='ocrx_word' id='word_1_981' title='bbox 2159 5617 2443 5675; x_wconf 82' lang='lat' dir='ltr'><strong>Dominum</strong></span> <span class='ocrx_word' id='word_1_982' title='bbox 2470 5618 2631 5675; x_wconf 83' lang='lat' dir='ltr'><strong>Deum</strong></span> <span class='ocrx_word' id='word_1_983' title='bbox 2656 5617 2844 5683; x_wconf 82' lang='lat' dir='ltr'><strong>Israel,</strong></span> <span class='ocrx_word' id='word_1_984' title='bbox 2869 5617 2936 5669; x_wconf 90' lang='lat' dir='ltr'><strong>ad</strong></span> <span class='ocrx_word' id='word_1_985' title='bbox 2960 5615 3174 5671; x_wconf 75' lang='lat' dir='ltr'><strong>Hebrzt-i</strong></span> <span class='ocrx_word' id='word_1_986' title='bbox 3194 5626 3484 5671; x_wconf 80' lang='lat' dir='ltr'><strong>contextus</strong></span> <span class='ocrx_word' id='word_1_987' title='bbox 3502 5616 3754 5685; x_wconf 72' lang='lat' dir='ltr'><strong>vestigia.</strong></span> 
     </span>
    </p>
   </div>
   <div class='ocr_carea' id='block_1_119' title="bbox 2233 5687 3753 5760">
    <p class='ocr_par' dir='ltr' id='par_1_119' title="bbox 2233 5687 3753 5760">
     <span class='ocr_line' id='line_1_120' title="bbox 2233 5687 3753 5760; baseline -0.003 -13"><span class='ocrx_word' id='word_1_988' title='bbox 2233 5702 2258 5730; x_wconf 79' lang='grc' dir='ltr'><strong>ο</strong></span> <span class='ocrx_word' id='word_1_989' title='bbox 2286 5691 2483 5748; x_wconf 84' lang='lat' dir='ltr'><strong>Verius</strong></span> <span class='ocrx_word' id='word_1_990' title='bbox 2509 5694 2560 5746; x_wconf 92' lang='lat' dir='ltr'><strong>in</strong></span> <span class='ocrx_word' id='word_1_991' title='bbox 2593 5688 2777 5744; x_wconf 81' lang='lat' dir='ltr'><strong>futuro</strong></span> <span class='ocrx_word' id='word_1_992' title='bbox 2806 5690 2933 5758; x_wconf 76' lang='lat' dir='ltr'><strong>tegit</strong></span> <span class='ocrx_word' id='word_1_993' title='bbox 2960 5703 3063 5760; x_wconf 78' lang='lat' dir='ltr'><strong>ms.</strong></span> <span class='ocrx_word' id='word_1_994' title='bbox 3097 5687 3407 5758; x_wconf 63' lang='lat' dir='ltr'><strong>Veronens.</strong></span> <span class='ocrx_word' id='word_1_995' title='bbox 3442 5689 3594 5760; x_wconf 87' lang='lat' dir='ltr'><strong>juxta</strong></span> <span class='ocrx_word' id='word_1_996' title='bbox 3636 5688 3753 5744; x_wconf 79' lang='lat' dir='ltr'><strong>ori-</strong></span> 
     </span>
    </p>
   </div>
   <div class='ocr_carea' id='block_1_120' title="bbox 2155 5757 3222 5838">
    <p class='ocr_par' dir='ltr' id='par_1_120' title="bbox 2155 5757 3222 5838">
     <span class='ocr_line' id='line_1_121' title="bbox 2155 5757 3222 5838; baseline -0.004 -17"><span class='ocrx_word' id='word_1_997' title='bbox 2155 5764 2368 5838; x_wconf 84' lang='lat' dir='ltr'><strong>ginales</strong></span> <span class='ocrx_word' id='word_1_998' title='bbox 2398 5772 2576 5821; x_wconf 87' lang='lat' dir='ltr'><strong>textus</strong></span> <span class='ocrx_word' id='word_1_999' title='bbox 2605 5769 2662 5820; x_wconf 88' lang='lat' dir='ltr'><strong>et</strong></span> <span class='ocrx_word' id='word_1_1000' title='bbox 2681 5757 2941 5834; x_wconf 82' lang='lat' dir='ltr'><strong>Vulgatos</strong></span> <span class='ocrx_word' id='word_1_1001' title='bbox 2969 5757 3222 5817; x_wconf 83' lang='lat' dir='ltr'><strong>Latinos.</strong></span> 
     </span>
    </p>
   </div>
  </div>
