4144 6364
386 244 516 345 7οέ

1699 279 1897 340 LIBER
1941 284 1959 339 I
2001 280 2384 341 MALACHIM.

3572 290 3675 349 706

378 405 535 476 elegit
560 402 859 469 Dominus,
885 410 947 458 ut
983 408 1208 472 poneret
1237 414 1433 458 nomen
1462 414 1618 456 suum
1652 402 1723 455 ibi
1753 417 1818 455 ex
1851 417 1967 467 om-
1995 414 2049 472 Α
2073 401 2521 457 sitnoJcroboam
2554 400 2699 471 regis
2724 400 2889 456 Israel
2920 403 3161 472 regnavit
3186 403 3289 459 Asa
3317 421 3408 461 rex
3434 405 3591 471 Juda,
3621 416 3678 463 et

381 500 542 555 nibus
575 500 824 553 tribubus
875 498 1061 553 lsrael.
1120 496 1329 550 Nomen
1380 506 1559 550 autem
1611 494 1799 548 matris
1855 493 1976 561 ejus

376 592 579 649 Naama
613 591 937 646 Ammanitis
963 588 1089 661 [Με.
1112 588 1536 659 Ammanithes].
1563 588 1629 642 Et
1655 586 1781 641 fecit
1805 586 1975 641 Judas

381 686 585 741 malum
627 700 811 741 coram
841 684 1075 737 Domino
1099 682 1177 756 [Ιι.
1214 684 1267 737 in
1291 681 1460 737 oculis
1482 680 1739 743 Dominil,
1770 688 1827 733 et
1858 678 1979 733 irri-

379 788 631 835 laverunt
671 793 796 834 eum
840 793 1006 847 super
1032 776 1284 831 omnibus
1309 818 1323 841 ,
1360 792 1483 847 qua:
1516 774 1757 829 fecerant
1800 782 1979 841 patres

378 887 571 929 eorum
604 873 658 926 in
692 872 933 942 peccatis
962 873 1106 938 suis,
1139 886 1263 941 qua:
1292 876 1674 940 peccaverunt.
1723 866 1982 922 zEdiﬁca-

381 976 581 1023 verunt
607 965 752 1020 enim
799 975 853 1020 et
888 964 991 1035 ipsi
1021 963 1125 1018 sibi
1168 978 1325 1029 aras,
1374 971 1428 1018 et
1464 973 1703 1027 statuas,
1745 969 1800 1016 et
1831 960 1981 1014 lucos

388 1061 467 1131 Ib.
492 1059 742 1124 excelsa,
776 1068 832 1113 et
858 1056 1091 1129 titulos],
1126 1073 1289 1127 super
1320 1072 1538 1111 omnem
1570 1055 1765 1111 collem
1798 1054 1980 1109 excel-

388 1168 540 1221 sum,
584 1162 639 1207 et
662 1151 849 1206 subter
878 1165 1097 1204 onmem
1128 1149 1378 1203 arborem
1410 1148 1755 1213 frondosam;
1790 1146 1883 1201 sed
1929 1154 1983 1199 et

388 1245 681 1302 effeminati
734 1243 814 1316 [h.
857 1239 1224 1312 elleminalus]
1265 1240 1483 1296 fuerunt
1525 1240 1576 1293 in
1612 1247 1793 1305 terra,
1840 1237 1983 1291 fece-

389 1350 624 1410 runtque
646 1353 835 1392 omnes
863 1334 1301 1391 ab0ininatioues
1320 1334 1583 1403 gentium,
1608 1346 1743 1403 quas
1770 1330 1985 1383 attrivit

389 1434 651 1489 Dominus
681 1440 808 1485 ante
854 1429 1045 1484 faciem
1081 1427 1317 1481 ﬁliorum
1356 1425 1545 1479 Israel.
1586 1424 1669 1494 [Τ.
1712 1419 1874 1489 LIX.]
1924 1421 1980 1475 In

386 1528 577 1597 quinto
626 1537 806 1579 antem
837 1536 980 1575 anno
1010 1519 1166 1589 regni
1214 1518 1492 1582 Roboam,
1522 1514 1769 1570 ascendit
1818 1514 1985 1568 Sesac

385 1637 483 1677 rex
520 1618 738 1690 Egypti
772 1618 827 1672 in
867 1615 1203 1681 Jerusalem,
1233 1623 1288 1668 et
1321 1611 1441 1666 tulit
1473 1612 1761 1664 thesauros
1792 1607 1985 1659 domus

387 1714 603 1770 Domini
631 1759 643 1781 ,
676 1722 731 1768 et
784 1710 1071 1765 thesauros
1095 1707 1273 1777 regios
1298 1746 1313 1772 ,
1362 1714 1419 1760 et
1449 1706 1700 1758 universa
1727 1698 1983 1769 diripuit,

385 1817 537 1865 scuta
584 1819 802 1877 quotjue
849 1816 1050 1867 aurea,
1104 1815 1221 1870 qua:
1266 1798 1475 1853 fecerat
1521 1795 1777 1851 Salomon
1819 1810 1833 1846 :

386 1902 587 1973 quibus
613 1898 748 1954 fecit
777 1896 1020 1951 Roboam
1052 1909 1145 1948 rex
1173 1901 1326 1945 scuta
1359 1904 1501 1945 terea
1526 1932 1539 1955 ,
1582 1898 1638 1941 et
1665 1884 1887 1940 tradidit
1918 1898 1981 1938 ea

387 1997 442 2054 in
477 2010 639 2051 manu
672 1994 869 2048 ducum
899 1988 1284 2054 scutariorum,
1319 1995 1371 2039 et
1402 1999 1592 2039 eorum
1624 1980 1714 2052 qui
1746 1978 1983 2034 excuba-

388 2090 519 2145 bant
547 2097 675 2141 ante
700 2084 901 2139 ostium
926 2081 1118 2136 domus
1143 2080 1306 2149 regis.
1332 2074 1578 2145 Cumque
1604 2070 1986 2142 ingrederetur

388 2198 486 2240 rex
519 2183 569 2236 in
618 2181 837 2235 domum
871 2175 1127 2241 Domini,
1163 2173 1453 2244 portabant
1482 2184 1543 2224 ea
1576 2167 1666 2239 qui
1710 2162 1985 2235 praeeundi

389 2280 664 2336 habebant
706 2273 942 2331 ofﬁcium
963 2314 977 2337 ,
1010 2280 1065 2325 et
1106 2280 1295 2339 pOStea
1325 2264 1675 2336 reportabant
1706 2261 1771 2315 ad
1804 2273 1985 2313 arma-

389 2371 717 2428 mentarium
770 2364 1153 2421 scutariorum.
1184 2359 1413 2430 Reliqua
1442 2366 1623 2411 autem
1672 2365 1987 2409 sermonum

391 2467 668 2530 Roboam,
716 2474 771 2520 et
816 2461 1059 2516 omnium
1097 2475 1219 2530 qua:
1252 2458 1378 2512 fecit
1405 2497 1419 2521 ,
1462 2469 1589 2510 ecce
1621 2454 1820 2522 scripta
1867 2456 1993 2503 sunt

395 2562 475 2632 |h.
516 2573 696 2613 nonne
746 2556 947 2625 scripta
994 2551 1142 2622 sunt]
1192 2550 1245 2604 in
1280 2549 1421 2604 libro
1468 2546 1771 2602 Verborum
1804 2541 1991 2615 [ναις.

398 2648 750 2718 sermonum]
793 2647 1005 2703 dierum
1060 2659 1245 2714 regum
1291 2641 1450 2697 Juda.
1506 2637 1739 2707 Fuitque
1791 2635 1992 2689 bellum

395 2749 536 2802 inter
577 2744 816 2799 Roboam
849 2750 913 2811 et
951 2739 1239 2795 Jeroboam
1289 2734 1500 2790 cunctis
1530 2732 1746 2787 diebus.
1783 2728 1997 2783 Dormi-

395 2844 583 2913 vitque
630 2839 872 2894 Roboam
914 2852 1034 2891 cum
1066 2832 1312 2905 patribus
1342 2828 1486 2896 suis,
1530 2836 1587 2883 et
1625 2825 1876 2895 sepultus
1916 2830 1999 2877 est

399 2952 521 2991 cum
563 2933 644 2989 cis
681 2932 735 2986 in
778 2932 1001 2985 civitate
1038 2925 1207 2980 David
1255 2940 1270 2979 :
1312 2922 1397 2995 [Τ.
1432 2920 1545 2991 LX]
1579 2934 1777 2974 nomen
1818 2925 1996 2971 autem

397 3030 590 3089 matris
647 3027 767 3097 ejus
816 3023 1022 3079 Naama
1071 3017 1431 3086 Ammanitis,
1477 3023 1532 3071 et
1572 3013 1817 3085 regnavit
1864 3009 1999 3065 Abia

400 3124 475 3196 [h.
511 3119 725 3191 Abiam]
754 3118 898 3173 lilius
940 3116 1063 3186 ejus
1094 3129 1192 3185 pro
1231 3127 1321 3168 eo.

2077 494 2434 565 quadraginta
2460 511 2566 549 uno
2586 510 2731 551 anno
2754 496 2999 565 regnavit
3026 496 3076 549 in
3114 496 3437 551 Jerusalem.
3469 498 3673 552 Nomen

2081 588 2269 641 matris
2301 587 2439 653 ejus,
2482 588 2700 643 Maacha
2722 630 2736 655 ,
2786 589 2893 643 lilia
2926 589 3204 645 Αιιεειίυιιι.
3238 590 3314 662 [h.
3348 589 3671 661 Abisalom].

2082 680 2169 753 [T.
2231 681 2417 753 [λιιι]
2464 682 2533 737 Et
2571 683 2696 737 fecit
2736 684 2842 739 Asa
2890 691 3097 738 rectum
3144 695 3268 738 ante
3318 695 3673 753 conspectum

2083 775 2159 846 [Ιι.
2180 775 2231 828 in
2248 774 2418 830 oculis
2449 774 2682 846 Domini]
2724 775 2970 843 Domini,
2994 777 3133 832 sicut
3161 775 3326 831 David
3358 786 3512 846 pater
3534 776 3676 845 ejus,

2082 876 2135 922 et
2166 868 2389 921 abstulit
2414 867 2753 922 ell'eminatos
2782 868 2849 921 de
2874 877 3044 938 terra,
3074 847 3431 940 purgavitque
3460 869 3679 924 univer-

2083 977 2171 1016 sas
2212 962 2400 1016 sordes
2450 962 2709 1015 idolorum
2743 962 2820 1033 [h.
2856 980 2963 1018 non
3015 963 3222 1037 habet],
3268 981 3385 1035 qua:
3431 964 3678 1021 fecerant

2084 1068 2265 1127 patres
2295 1060 2433 1124 ejus.
2458 1057 2686 1127 Insuper
2709 1064 2765 1111 et
2788 1056 3062 1113 Maacham
3088 1068 3315 1114 matrem
3340 1075 3493 1113 suam
3527 1074 3679 1113 amo-

2085 1151 2198 1215 vit,
2245 1167 2312 1205 ne
2353 1157 2499 1204 esset
2537 1151 2788 1221 princeps
2828 1153 2883 1205 in
2922 1152 3097 1207 sacris
3126 1152 3346 1222 Priapi,
3381 1163 3435 1207 et
3468 1153 3517 1206 in
3557 1152 3678 1207 loco

2084 1243 2225 1312 ejus,
2245 1259 2405 1314 quem
2426 1252 2866 1310 consecraverat,
2894 1244 3268 1316 subvertitque
3290 1261 3509 1316 specum
3533 1246 3674 1315 ejus,

2087 1346 2142 1392 et
2168 1336 2431 1408 confregit
2464 1338 2821 1392 simulacrum
2863 1338 3260 1407 turpissimum,
3296 1349 3348 1393 et
3380 1337 3681 1395 combussit

2088 1433 2141 1487 in
2175 1441 2417 1487 torrente
2466 1434 2677 1487 Cedron
2715 1449 2729 1487 :
2772 1434 2990 1489 excelsa
3039 1444 3217 1489 autem
3269 1451 3374 1487 non
3431 1435 3677 1489 abstulit.

2088 1525 2473 1581 Verumtamen
2498 1541 2591 1579 cor
2610 1530 2716 1579 Asa
2739 1524 3033 1596 perfectum
3049 1537 3300 1581 eratcum
3327 1525 3451 1597 ]Ms.
3468 1525 3675 1597 coram]

2091 1617 2320 1671 Domino
2353 1620 2563 1673 cunctis
2594 1619 2784 1674 diebus
2812 1619 2946 1685 suis,
2978 1628 3031 1674 et
3060 1619 3244 1674 intulit
3266 1634 3326 1673 ea
3348 1662 3361 1686 ,
3398 1635 3517 1689 qum
3553 1634 3680 1673 san-

2090 1713 2819 1783 ctiﬁcaveratpatcrsuus,et
2844 1724 3092 1778 voverat,
3122 1714 3171 1766 in
3195 1712 3413 1768 domutn
3440 1712 3675 1780 Domini,

1886 1805 1983 1860 Pro
2014 1808 2061 1870 Β
2089 1819 2371 1878 argentum
2414 1820 2466 1863 et
2515 1824 2738 1874 aurum,
2785 1818 2838 1863 et
2876 1824 3031 1863 vasa.
3075 1808 3279 1862 Bellum
3332 1816 3512 1862 autem
3564 1815 3682 1863 erat

2087 1902 2234 1957 inter
2275 1904 2381 1957 Asa
2432 1910 2488 1957 et
2528 1902 2698 1957 Baasa
2739 1918 2921 1971 regem
2976 1901 3180 1966 Israel,
3230 1901 3442 1955 cunctis
3485 1900 3681 1955 diebus

2086 2012 2299 2052 eorum.
2332 1996 2591 2051 Ascendit
2615 2011 2831 2065 quoque
2858 1996 3029 2049 Baasa
3056 2010 3150 2049 rex
3180 1992 3347 2047 Israel
3380 1995 3429 2047 in
3457 1992 3678 2058 Judain,

2088 2103 2138 2147 et
2172 2091 2458 2146 wdiﬁcavit
2493 2091 2689 2156 Rama,
2737 2097 2796 2143 ut
2822 2104 2925 2143 non
2960 2096 3147 2158 posset
3183 2088 3449 2160 quiSpiam
3490 2086 3682 2157 egredi

2089 2185 2177 2240 vel
2202 2184 2408 2255 ingredi
2439 2184 2506 2238 de
2535 2194 2685 2253 parte
2708 2186 2809 2237 Asa
2834 2182 2979 2253 regis
3001 2182 3157 2238 Iuda.
3196 2182 3280 2254 [Τ.
3316 2181 3522 2253 LXlll.]
3549 2181 3681 2236 Tol-

2091 2280 2211 2336 Iens
2243 2279 2423 2346 itaque
2457 2279 2563 2335 Asa
2596 2294 2757 2334 omne
2791 2288 3075 2349 argentum
3107 2287 3161 2333 et
3188 2294 3401 2342 aurum,
3430 2276 3572 2347 quod
3600 2292 3686 2333 re-

2094 2383 2371 2428 manserat
2401 2374 2452 2426 in
2484 2372 2753 2427 thesauris
2779 2371 2974 2426 domus
2995 2372 3229 2436 Domini,
3256 2382 3311 2426 et
3340 2374 3391 2426 in
3420 2370 3688 2426 thesauris

2095 2465 2289 2521 domus
2322 2468 2514 2535 regiae,
2546 2464 2695 2520 dedit
2728 2464 2855 2519 illud
2901 2465 2952 2519 in
2995 2481 3186 2520 manus
3224 2480 3509 2521 servorum
3558 2480 3690 2521 suo-

2094 2575 2253 2624 rum,
2308 2567 2364 2613 et
2409 2558 2555 2611 misit
2601 2557 2669 2612 ad
2718 2556 2973 2612 Benadad
3026 2557 3192 2611 ﬁlium
3235 2557 3542 2613 Tabremon
3594 2556 3688 2611 lilii

2098 2652 2288 2719 Ezion,
2316 2666 2499 2722 regem
2532 2651 2726 2727 Syriae,
2761 2651 2850 2722 qui
2884 2652 3163 2706 habitabat
3190 2652 3244 2706 in
3276 2653 3573 2719 Dantasco,
3608 2651 3691 2707 di-

2099 2761 2227 2801 cens
2268 2762 2280 2799 :
2324 2744 2522 2801 Fredus
2564 2754 2647 2800 est
2684 2746 2823 2801 inter
2863 2760 2950 2801 me
2986 2755 3043 2801 et
3086 2755 3167 2813 te,
3210 2757 3264 2802 et
3306 2748 3444 2802 inter
3476 2756 3687 2817 patrem

2102 2855 2285 2894 meum
2314 2846 2367 2893 et
2401 2847 2613 2909 patrem
2646 2847 2792 2893 tuum
2827 2855 2841 2893 :
2880 2837 3004 2895 ideo
3034 2838 3159 2893 misi
3188 2839 3281 2894 tibi
3315 2854 3569 2905 munera,
3601 2856 3695 2895 ar-

2101 2942 2326 3004 gentum
2352 2940 2405 2985 et
2427 2946 2637 2997 aurum,
2672 2940 2726 2986 et
2754 2942 2912 3001 peto,
2945 2940 3003 2986 ut
3024 2931 3243 2999 venias,
3275 2941 3331 2988 et
3366 2933 3579 2987 irritum
3623 2932 3702 2987 fa-

2104 3028 2216 3082 cias
2247 3026 2422 3082 foedus
2448 3070 2462 3093 ,
2498 3025 2641 3097 quod
2684 3026 2853 3081 habes
2883 3041 3005 3081 cum
3037 3026 3203 3080 Baasa
3236 3042 3360 3097 rege
3398 3026 3598 3097 Israel,
3646 3033 3705 3083 et

2106 3122 2327 3177 recedat
2361 3136 2388 3176 a
2418 3136 2524 3177 me.
2559 3119 2925 3191 Acquiescens
2958 3120 3212 3176 Benadad
3245 3120 3360 3191 regi
3388 3123 3526 3185 Asa,
3558 3120 3708 3176 misit

475 3214 626 3287 ]Cap.
670 3211 814 3284 ΧΨ]
854 3210 1023 3281 Igitur
1063 3208 1117 3263 in
1157 3217 1354 3261 octavo
1395 3203 1608 3259 decimo
1658 3214 1804 3255 anno
1851 3196 2002 3267 regni

2112 3215 2389 3284 principes
2416 3214 2688 3268 exercitus
2716 3212 2795 3267 sui
2824 3212 2876 3266 in
2902 3213 3152 3268 civitates
3179 3212 3367 3279 Israel,
3399 3222 3454 3268 et
3484 3227 3708 3282 percus-

403 3310 691 3367 Jernboam
724 3305 817 3360 ﬁlii
852 3304 1021 3359 Nubat
1046 3346 1059 3371 ,
1092 3301 1340 3371 regnavit
1370 3298 1562 3355 Abiam
1589 3308 1751 3363 super
1781 3291 1997 3347 Judam.

408 3403 604 3459 Tribus
647 3401 805 3454 annis
837 3397 1083 3468 regnavit
1112 3396 1166 3449 in
1193 3392 1494 3448 Jerusalem
1531 3407 1543 3442 :
1582 3402 1779 3442 nomen
1815 3384 2004 3439 matris

414 3497 532 3568 ejus
556 3495 777 3550 Maacha
800 3491 907 3546 ﬁlia
932 3499 957 3527 λ
980 3489 1260 3544 Absalom.
1288 3487 1366 3558 [h.
1395 3484 1480 3539 hic
1503 3475 2005 3547 liabetAbisalom.]

412 3589 837 3657 Ambulavitque
874 3586 927 3640 in
967 3584 1221 3639 omnibus
1263 3580 1499 3651 peccatis
1530 3577 1699 3648 patris
1738 3574 1852 3635 sui.
1886 3587 2007 3643 quae

418 3685 620 3739 fecerat
649 3689 771 3735 ante
810 3696 931 3735 eum
962 3721 976 3745 ,
1012 3692 1115 3732 nec
1146 3687 1261 3731 erat
1283 3690 1377 3729 cor
1406 3673 1524 3741 ejus
1549 3669 1847 3741 perfectum
1885 3681 2006 3721 cum

419 3776 654 3832 Domino
696 3774 807 3828 Deo
845 3787 975 3838 suo,
1008 3771 1147 3825 sicut
1189 3784 1284 3823 cor
1319 3766 1483 3821 David
1516 3764 1685 3835 patris
1721 3762 1859 3831 ejus.
1903 3758 2010 3815 Sed

418 3879 641 3940 propter
668 3865 839 3921 David
870 3863 1020 3919 dedit
1042 3860 1376 3917 ei‘Dominus
1408 3859 1547 3911 Deus
1576 3870 1707 3911 suus
1735 3855 2013 3907 lucernam

422 3962 476 4018 in
518 3962 843 4027 Jerusalem,
871 3968 931 4012 ut
957 3955 1249 4011 suscitaret
1283 3952 1450 4007 ﬁlium
1479 3950 1595 4020 ejus
1624 3958 1745 4019 post
1776 3961 1898 4000 eum
1919 3986 1932 4011 ,
1961 3950 2017 3998 et

422 4064 687 4109 statueret
724 4050 849 4124 [Με.
892 4046 1081 4119 staret]
1122 4046 1468 4113 Jerusalem,
1521 4058 1586 4098 eo
1628 4039 1771 4111 quod
1802 4038 2018 4092 fecisset

427 4148 595 4206 David
637 4158 845 4203 rectum
882 4146 937 4199 in
968 4143 1143 4199 oculis
1178 4140 1428 4205 Domini,
1465 4148 1519 4195 et
1555 4153 1663 4192 non
1690 4135 2019 4190 declinasset

428 4247 497 4301 ab
527 4243 801 4308 omnibus,
826 4256 947 4311 qua:
975 4248 1309 4310 praeceperat
1334 4237 1410 4301 ei,
1439 4232 1654 4289 cunctis
1678 4230 1871 4285 diebus
1901 4226 2021 4281 vitae

429 4356 563 4407 suae,
596 4350 824 4405 excepto
861 4348 1116 4391 sermone
1151 4330 1293 4387 Uria:
1325 4328 1580 4385 llettliaei.
1613 4328 1865 4381 Attamen
1898 4322 2020 4378 bel-

431 4434 546 4490 lum
598 4432 693 4486 fuit
718 4431 860 4484 inter
890 4428 1133 4483 Roboam
1166 4436 1219 4481 et
1249 4422 1571 4487 Jeroboam,
1601 4420 1747 4475 omni
1781 4430 2025 4488 tempore

433 4525 513 4601 [h.
547 4525 799 4581 omnibus
834 4522 1049 4593 diebus]
1088 4522 1215 4575 vitae
1243 4520 1382 4589 ejus.
1422 4518 1649 4587 Reliqua
1684 4523 1864 4569 autem
1906 4528 2024 4567 ser-

2106 3318 2291 3362 serunt
2316 3305 2577 3372 Aliion,et
2611 3305 2749 3370 Dan,
2766 3313 2818 3359 et
2842 3303 2976 3359 Abel
3004 3304 3225 3359 domum
3258 3304 3564 3369 llaacha,et
3587 3304 3709 3359 uni-

2107 3415 2318 3454 versam
2351 3396 2661 3453 Chencrotli
2710 3395 2836 3467 [Μδ.
2869 3395 3184 3467 Ceneroth],
3229 3411 3446 3451 omnem
3489 3395 3707 3451 scilicet

2107 3504 2305 3549 terram
2335 3490 2642 3560 Nephtliali.
2673 3489 2827 3554 Quod
2858 3504 2980 3544 cum
3010 3489 3253 3545 audisset
3287 3490 3455 3544 Baasa
3490 3508 3501 3543 :
3530 3491 3700 3545 inter-

2111 3586 2261 3640 misit
2299 3583 2569 3638 mdiﬁcare
2621 3582 2813 3649 Rama,
2866 3591 2919 3636 et
2966 3596 3220 3637 reversus
3265 3592 3347 3637 est
3386 3583 3437 3636 in
3472 3582 3702 3639 Thersa.

2112 3677 2227 3732 Rex
2277 3684 2457 3729 autem
2504 3674 2612 3729 Asa
2640 3675 2886 3729 nuntium
2920 3672 3069 3728 misit
3100 3674 3150 3726 in
3180 3687 3395 3729 onmem
3436 3674 3629 3729 Judam
3656 3674 3711 3745 δ,

2114 3770 2303 3826 dicens
2344 3786 2358 3824 :
2389 3768 2556 3824 Nemo
2584 3768 2654 3821 sit
2681 3776 2991 3822 excusatus.
3023 3767 3091 3821 Et
3130 3766 3368 3823 tulerunt
3398 3768 3603 3838 lapides
3645 3768 3714 3827 de

2115 3865 2308 3928 Rama,
2328 3874 2381 3917 et
2398 3862 2562 3931 ligna,
2577 3861 2772 3931 quibus
2785 3860 3357 3930 :ediﬁcaveratBaasa,
3374 3870 3429 3917 et
3449 3864 3718 3919 exstruxit

2117 3958 2187 4013 de
2214 3958 2294 4011 eis
2326 3973 2419 4024 rex
2445 3955 2551 4010 Asa
2579 3954 2758 4010 Gabaa
2792 3954 3098 4023 Benjamin,
3132 3967 3187 4011 et
3214 3954 3456 4025 Maspha.
3490 3956 3717 4028 Reliqua

2119 4060 2300 4106 autem
2326 4050 2569 4103 omnium
2594 4062 2908 4102 sermonum
2944 4046 3049 4101 Asa
3069 4088 3083 4111 ,
3111 4056 3165 4102 et
3202 4050 3467 4104 universa:
3496 4049 3717 4105 fortitu-

2121 4145 2280 4201 dines
2306 4143 2423 4213 ejus
2449 4184 2464 4208 ,
2518 4149 2575 4197 et
2616 4151 2811 4196 cuncta
2842 4156 2964 4211 quae
3008 4140 3154 4211 fecit,
3184 4150 3239 4197 et
3266 4142 3545 4212 civitates,
3586 4160 3721 4215 quas

2122 4235 2612 4315 exstruxit,nonne
2636 4233 2751 4288 hinc
2778 4232 2983 4304 scripta
3013 4234 3214 4288 suntin
3248 4234 3388 4290 libro
3412 4234 3715 4291 Verborum

2124 4333 2332 4388 dierum
2379 4346 2563 4401 regum
2616 4327 2786 4384 .luda?
2826 4326 3214 4384 Verumtamen
3258 4328 3311 4382 in
3353 4339 3600 4400 tempore
3636 4345 3723 4386 se-

2125 4423 2360 4481 nectutis
2396 4437 2509 4477 suae
2553 4421 2725 4477 doluit
2765 4421 2953 4491 pedes.
2999 4421 3067 4475 Et
3105 4421 3357 4476 dormivit
3384 4437 3505 4478 eum
3554 4424 3723 4493 patri-

2126 4521 2230 4576 bus
2279 4521 2392 4574 suis
2415 4560 2429 4585 ,
2460 4528 2514 4573 et
2546 4516 2791 4586 sepultus
2820 4524 2904 4571 est
2934 4531 3056 4571 cum
3090 4516 3169 4572 eis
3210 4518 3262 4571 in
3295 4516 3512 4574 civitate
3551 4518 3724 4575 David

433 4598 660 4677 rnouum
692 4618 851 4685 Abia,
876 4625 931 4670 et
950 4613 1132 4670 omnia
1157 4628 1277 4684 qua:
1301 4612 1451 4677 fecit,
1477 4624 1657 4665 nonne
1681 4608 1797 4663 hinc
1825 4608 2026 4676 scripta
2054 4598 2106 4659 D
2132 4612 2301 4683 patris
2345 4610 2450 4664 sui.
2485 4608 2856 4679 Regnavitque
2882 4606 3147 4681 ,losaphat
3176 4606 3318 4663 ﬁlius
3349 4608 3468 4679 ejus
3493 4625 3590 4680 pro
3637 4627 3725 4665 eo.

436 4722 565 4769 sunt
590 4714 642 4766 in
668 4711 809 4765 libro
832 4708 1129 4764 Verborum
1154 4708 1363 4761 dierum
1386 4720 1577 4775 regum
1600 4702 1777 4759 Iuda?
1801 4702 2031 4769 Fuitque

439 4806 689 4878 prmlium
732 4805 874 4861 inter
903 4803 1093 4859 Abiam
1133 4812 1190 4857 et
1236 4802 1377 4857 inter
1410 4800 1535 4872 [Ms.
1579 4809 1625 4854 et
1660 4798 1820 4869 Vulg.
1867 4804 2034 4850 tacent

441 4900 605 4972 inter]
636 4899 949 4955 Jeroboam.
1000 4896 1083 4969 [T.
1119 4894 1280 4967 LXI.]
1322 4895 1388 4949 Et
1427 4894 1687 4949 dormivit
1732 4892 1867 4948 Abia
1910 4905 2034 4945 cum

442 4994 687 5066 patribus
718 4994 853 5061 Suis,
876 5003 929 5048 et
963 4990 1296 5061 sepelierunt
1322 5004 1444 5057 eum
1480 4990 1532 5043 in
1569 4989 1793 5045 civitate
1832 4984 1994 5041 David
2022 5000 2036 5039 :

444 5089 797 5163 regnavitque
819 5089 926 5143 Asa
949 5086 1094 5141 ﬁlius
1121 5084 1238 5154 ejus
1265 5098 1363 5155 pro
1384 5098 1472 5140 eo.
1497 5081 1556 5138 In
1579 5096 1722 5137 anno
1743 5096 1872 5151 ergo
1894 5080 2041 5150 vige-

527 5282 553 5309 ⁸
582 5267 905 5336 Suppositus
927 5264 1288 5336 Hieronymus
1309 5262 1361 5316 in
1384 5257 2031 5336 Qumstionibus_liebr_ai-

457 5345 535 5401 cis
568 5344 633 5397 ad
664 5330 710 5396 II
750 5338 985 5403 Paralip.
1019 5330 1239 5402 monet,
1269 5334 1411 5388 hunc
1440 5349 1543 5386 non
1576 5349 1698 5386 esse
1724 5332 1896 5403 filium
1933 5330 2034 5403 Da:

451 5400 541 5471 vid
572 5433 583 5467 ε
618 5412 740 5468 Non
766 5421 838 5464 est
884 5400 1002 5470 iste,
1035 5400 1245 5476 inquit,
1276 5404 1516 5476 Absalom
1545 5403 1686 5472 [ilius
1716 5400 1927 5476 Darid_._
1944 5401 2034 5455 sed

454 5487 614 5546 alius.
645 5483 782 5555 quod
808 5483 863 5535 in
898 5472 1395 5555 Regttm'volumine
1443 5474 1842 5555 demonstratur.
1882 5472 2038 5555 Hunc

455 5545 1145 5626 itaque"locumattendit,
1183 5550 1328 5626 quia
1385 5545 1898 5626 in__scltolio_juxta
1935 5545 2041 5598 lle.

460 5617 664 5685 bra‘um
698 5624 982 5688 Abisalom,
1013 5639 1117 5675 non
1158 5621 1401 5675 Absalom
1430 5617 1647 5671 dicitur.
1687 5618 1859 5670 MART.

528 5699 745 5754 -—-ltlem
776 5711 876 5751 ms.
912 5686 996 5749 hic
1026 5702 1187 5762 atque
1216 5691 1355 5747 infra
1383 5688 1817 5762 Abessaloncum
1846 5686 2045 5762 Vulgat-

462 5773 551 5828 us.
587 5744 994 5835 ιῑεῑιῑξιςιιξιιιέέ
1029 5744 1339 5820 etiam
1377 5744 1630 5822 m‘mtau
1674 5759 1870 5835 habet,
1904 5744 2048 5835 ρδομ

462 5842 782 5901 scholiastcs
812 5830 984 5897 notat.
1019 5837 1085 5892 Et
1124 5851 1255 5893 vero
1279 5880 1292 5904 ,
1338 5836 1465 5891 licet
1497 5848 1661 5887 unum
1708 5831 1959 5901 idemque
1982 5830 2053 5885 sit

2136 4702 2223 4775 [Τ.
2269 4700 2479 4772 LXIV.]
2527 4698 2713 4754 Nadab
2766 4713 2896 4754 vero
2948 4698 3092 4753 ﬁlius
3135 4697 3421 4754 Jeroboam
3484 4704 3735 4773 regnavit

2138 4809 2301 4864 super
2332 4790 2501 4847 Israel
2530 4806 2674 4845 anno
2711 4789 2954 4845 secundo
2990 4790 3097 4845 Asa
3126 4790 3270 4861 regis
3296 4790 3433 4847 Juda
3482 4810 3495 4847 :
3535 4811 3730 4866 regna-

2140 4890 2323 4958 vitque
2351 4901 2516 4954 super
2537 4884 2705 4940 Israel
2731 4883 2942 4941 duobus
2984 4885 3160 4940 annis.
3193 4885 3259 4940 Et
3288 4885 3418 4942 fecit
3441 4889 3583 4955 quod
3616 4906 3736 4946 ma-

2144 4983 2252 5037 lum
2287 4990 2370 5036 est
2398 4979 2451 5034 in
2494 4988 2786 5049 conspectu
2834 4978 3047 5033 Domini
3083 4978 3162 5050 [h.
3204 4979 3257 5034 in
3288 4980 3504 5051 oculis],
3534 4992 3590 5039 et
3623 5000 3739 5039 am-

2147 5073 2353 5130 bulavit
2386 5073 2571 5129 inviis
2602 5072 2771 5144 patris
2813 5071 2932 5139 sui,
2962 5081 3017 5128 et
3042 5072 3096 5127 in
3138 5073 3377 5144 peccatis
3424 5074 3552 5147 [Με.
3598 5088 3653 5134 et
3684 5078 3741 5136 in

2140 5270 2372 5320 nomen,
2404 5252 2731 5329 Absalonhet
2770 5252 3083 5329 Abessalon,
3132 5261 3213 5329 ut_
3228 5269 3309 5329 es
3334 5270 3369 5311 ιι
3408 5254 3734 5329 Paralipom.

2139 5344 2199 5388 ιι.
2229 5329 2293 5381 21
2328 5336 2563 5390 constat,
2598 5325 2760 5379 alium
2796 5339 2976 5379 tamen
3016 5326 3101 5381 hic
3127 5340 3154 5379 a
3180 5324 3398 5380 Davidis
3426 5329 3536 5385 ﬁlio
3566 5324 3741 5389 A"bsa-

2144 5399 2345 5473 lomum
2370 5398 2540 5473 innui,
2557 5396 2685 5450 olim
2713 5398 2887 5451 visum
2907 5408 2986 5451 est
3000 5395 3324 5473 Criticorum
3351 5400 3496 5456 filiis.
3516 5402 3744 5473 Propius

2143 5471 2209 5524 ad
2242 5470 2399 5523 ﬁdem
2427 5468 2696 5534 Josephus
2721 5479 3016 5531 existimat,
3063 5468 3133 5524 de
3158 5468 3429 5527 Thamare
3459 5468 3742 5533 Absalomi

2148 5541 2257 5595 ﬁlia
2304 5551 2484 5594 natam
2536 5539 2613 5591 illi
2639 5550 2869 5619 neptem
2914 5538 3188 5595 Maacham
3228 5544 3449 5599 nomine
3478 5561 3599 5616 quae
3630 5547 3744 5605 ﬁlia

2150 5620 2568 5664 καταγοηστκῶς
2596 5608 2815 5664 dicitur.

2275 5657 2285 5666 _
2510 5620 2531 5629 ”
2638 5628 2647 5659 l
2801 5650 2815 5664 .

2150 5620 2872 5755 *“iwiiiiiiiiii‘aicfiiuins.
2908 5681 3209 5744 Veronens.
3245 5684 3395 5755 juxta
3429 5686 3597 5755 Hebr.
3632 5699 3749 5749 tex-

2159 5764 2293 5826 tum,
2326 5765 2382 5812 et
2412 5770 2536 5812 mox
2570 5753 2633 5809 dc
2660 5754 2905 5811 voculant
2933 5760 3093 5812 tacet.
