4144 6364
486 323 589 379 70'!

1486 324 1543 382 S.
1590 321 1975 383 IIIEHONYMI
2013 319 2248 381 DIVINA
2288 316 2767 379 BIBLIOTHECA.

3675 318 3782 382 708

481 441 725 515 peccato]
752 443 900 515 ejus,
926 443 1123 513 quibus
1152 458 1382 516 peccare
1414 442 1543 498 fecit
1571 412 1753 498 Israel.
1791 440 2078 497 lnsidiatus
2109 449 2154 507 Α
2183 436 2313 493 cidit
2338 455 2459 493 eum
2492 437 2569 509 [h.
2603 447 2814 512 propter
2834 435 2976 509 quod
2997 435 3290 494 occidisset
3317 435 3646 512 eum],lboc
3671 449 3778 499 esst,

477 546 561 591 est
582 545 761 592 autem
790 538 839 592 ei
870 538 1042 592 Baasa
1075 537 1215 591 filius
1245 535 1391 591 Anim
1422 534 1491 591 dre
1516 534 1679 590 domo
1710 531 1975 602 Issachar,
2021 546 2073 588 et

476 628 745 697 percussit
778 642 905 684 eum
934 627 987 683 in
1027 627 1384 690 Gebbethon,
1429 642 1549 696 qua:
1577 637 1662 682 est
1704 626 1834 681 urbs
1883 625 2072 681 Philis-

477 718 749 782 tinorum,
792 719 1059 791 siquidem
1108 714 1292 773 Nadab
1334 725 1391 774 et
1427 719 1606 774 omnis
1645 714 1812 773 Israel
1851 716 2072 774 obside-

473 812 604 868 bant
647 812 987 870 Gebbetbon.
1023 812 1109 886 [Τ.
1155 811 1345 886 LXV.]
1394 812 1671 869 lnterfecit
1723 814 1886 884 igitur
1918 811 2069 867 illum

470 905 646 961 Baasa
677 906 727 961 in
757 921 901 961 anno
928 905 1086 960 tertio
1112 903 1218 960 Asa
1244 908 1391 976 regis
1420 905 1448 963 J
1459 902 1586 971 uda,
1621 918 1673 962 et
1703 906 1949 991 regnavit
1977 920 2072 975 pro

472 1016 560 1057 eo.
604 1001 850 1069 Cumque
898 1011 1218 1070 regnaSset,
1274 1001 1545 1071 percussit
1588 1014 1806 1055 omnem
1849 999 2071 1053 domum

471 1091 765 1149 Jeroboam
797 1110 810 1147 :
840 1107 947 1146 non
992 1090 1201 1146 dimisit
1241 1106 1310 1147 ne
1354 1098 1514 1146 unam
1564 1091 1785 1163 quidem
1833 1091 2069 1145 animant

480 1182 552 1239 de
582 1166 797 1237 semine
836 1183 956 1252 ejus
1006 1180 1085 1254 [h.
1137 1182 1208 1238 de
1258 1182 1597 1255 Jcroboam],
1643 1182 1818 1237 donec
1863 1181 2073 1236 deiciet

468 1291 616 1341 eum,
649 1275 802 1346 juxta
833 1276 1059 1332 verbum
1084 1276 1324 1342 Domini,
1350 1276 1492 1347 quod
1531 1275 1750 1331 loculus
1792 1274 1971 1330 fuerat
2015 1273 2069 1329 in

467 1368 805 1424 manuservi
833 1367 918 1422 sui
960 1369 1114 1423 Abite
1145 1366 1417 1433 S:lonitis,
1456 1376 1682 1438 propter
1714 1378 1939 1439 peccata
1978 1360 2071 1421 Je-

468 1447 873 1534 roboani,'qu:e
905 1472 1251 1532 peccaverat,
1283 1473 1336 1518 et
1369 1462 1566 1531 quibus
1593 1476 1826 1533 peccare
1867 1460 2069 1514 fecerat

469 1552 598 1628 [Ms
629 1550 776 1626 fecit]
808 1555 996 1617 Israel,
1028 1568 1083 1611 et
1112 1564 1337 1625 propter
1374 1554 1651 1619 delictum,
1682 1571 1789 1626 quo
1818 1554 2069 1608 irritave-

468 1661 555 1707 rat
601 1650 891 1708 Dominum
932 1648 1107 1705 Deum
1150 1648 1337 1704 Israel.
1370 1649 1597 1717 Reliqua
1643 1659 1822 1703 autem
1856 1662 2067 1702 sermo-

467 1760 599 1800 num
628 1743 838 1802 Nadab.
866 1754 922 1800 et
947 1744 1127 1799 omnia
1155 1759 1274 1814 qttze
1298 1751 1556 1812 operatus
1592 1748 1697 1806 est,
1726 1755 1907 1794 nonne
1947 1739 2065 1794 hzec

2174 529 2275 586 Jeu
2306 530 2469 585 ﬁlium
2503 529 2725 598 Hanani,
2756 531 3096 601 prophetam.
3125 530 3281 584 Anno
3324 530 3584 586 vicesimo
3624 539 3783 586 sexto

2175 625 2284 680 Asa
2333 624 2474 694 regis
2509 621 2668 693 Juda,
2712 622 2958 694 regnavit
3006 622 3099 678 Ela
3133 623 3274 678 filius
3304 621 3474 677 Baasa
3513 637 3678 693 super
3705 621 3785 676 ιη-

2175 715 2287 772 rael
2312 717 2362 770 in
2385 716 2589 772 Tln-rsa
2616 716 2826 773 duobus
2848 716 3024 787 annis.
3052 716 3121 772 Et
3142 716 3423 772 rebellavit
3446 728 3633 772 centra
3656 732 3780 771 eum

2173 823 2367 865 servus
2390 824 2518 864 suus
2539 808 2736 873 Zamri,
2760 809 2863 865 dux
2891 809 3085 866 media:
3110 812 3276 881 partis
3298 818 3536 881 equitum
3553 796 3631 883 [h.
3657 827 3785 866 cur-

2174 899 2353 973 rum]:
2390 916 2498 957 erat
2529 912 2709 958 autem
2733 892 2824 958 Ela
2847 905 2899 959 in
2917 900 3125 959 Thersa
3149 903 3339 960 bibens
3353 906 3779 973 ettemulentus,

2175 992 2227 1046 in
2254 990 2415 1046 domo
2455 994 2585 1048 Arsa
2631 996 2867 1062 praefecti
2900 993 3126 1050 Tliersa.
3159 995 3382 1052 Irruens
3409 1012 3537 1067 ergo
3568 995 3779 1067 Zamri,

2175 1084 2441 1153 percussit
2470 1093 2525 1138 et
2553 1085 2751 1141 ocridit
2776 1102 2922 1154 eum,
2955 1103 3097 1142 anno
3132 1087 3395 1143 vicesimo
3419 1090 3650 1160 septimo
3672 1089 3782 1145 A-a

2172 1180 2316 1248 regis
2339 1177 2494 1241 Juda,
2529 1191 2582 1235 et
2608 1184 2853 1251 regnavit
2883 1200 2978 1253 pro
3010 1174 3096 1239 eo.
3122 1182 3211 1257 [Τ.
3245 1176 3505 1259 ιχνιιι]
3528 1185 3781 1255 Cumque

2172 1279 2479 1340 regnaSs‘et,
2519 1280 2575 1326 et
2611 1274 2841 1330 sedisset
2878 1288 3045 1346 super
3079 1276 3276 1332 solium
3319 1276 3467 1349 ejus,
3512 1278 3784 1349 percussit

2170 1377 2386 1418 omnem
2418 1363 2637 1419 domum
2665 1364 2859 1434 Bassa,
2883 1375 2941 1423 et
2968 1383 3074 1425 non
3105 1367 3397 1440 dereliquit
3415 1386 3480 1426 ex
3503 1368 3776 1444 eo[Vulg.

2171 1455 2259 1528 ea]
2288 1457 2618 1528 mingentem
2650 1457 2716 1512 ad
2743 1463 3023 1531 parietem,
3048 1472 3101 1516 et
3133 1463 3468 1534 propinquos
3495 1472 3551 1518 et
3570 1467 3780 1520 amicos

2172 1550 2311 1621 ejus.
2343 1548 2660 1621 Delevitque
2691 1548 2869 1621 Zatnri
2904 1569 3119 1608 onmem
3150 1553 3373 1610 domum
3406 1554 3596 1621 Baasa,
3622 1555 3780 1627 juxta

2170 1644 2392 1699 verbum
2439 1644 2695 1711 Domini,
2745 1646 2891 1714 quod
2944 1649 3154 1706 locutus
3199 1649 3373 1704 fuerat
3408 1649 3474 1703 ad
3510 1646 3680 1704 Baasa
3720 1649 3778 1705 in

2170 1752 2331 1791 manu
2379 1736 2477 1794 Jeu
2526 1740 2844 1810 prophetae,
2891 1752 2943 1795 et
2991 1752 3213 1812 propter
3258 1740 3513 1799 universa
3555 1751 3777 1814 peccata

469 1837 673 1909 scripta
705 1847 830 1891 sunt
857 1837 907 1890 in
934 1835 1073 1890 libro
1098 1834 1622 1889 verboruntdierum
1648 1848 1833 1902 regum
1860 1831 2065 1887 Israel?
2095 1843 2142 1903 Β
2170 1830 2361 1898 Baasa,
2403 1842 2457 1886 et
2488 1843 2706 1902 peceata
2744 1834 2834 1888 Eia
2868 1832 2964 1889 filii
3004 1838 3144 1904 ejus,
3177 1835 3271 1908 qui
3302 1849 3687 1909 peccaverunt,
3720 1846 3780 1894 et

471 1926 700 1997 Fuitque
746 1926 948 1983 bellum
992 1926 1135 1981 inter
1182 1928 1285 1980 Asa
1328 1934 1382 1981 et
1425 1924 1597 1980 Baasa
1648 1938 1831 1996 regem
1865 1923 2061 1990 Israel,

465 2021 676 2084 cunctis
714 2020 906 2074 diebus
938 2033 1151 2073 eorum.
1182 2019 1341 2074 Anno
1381 2010 1545 2075 tertio
1580 2022 1684 2072 Asa
1721 2018 1867 2088 regis
1898 2016 2060 2083 Juda,

467 2116 717 2184 regnaiit
745 2114 913 2169 Baasa
946 2108 1093 2169 ﬁlius
1120 2113 1274 2169 Abite
1294 2157 1306 2176 ,
1340 2122 1504 2185 super
1534 2127 1749 2168 omnem
1786 2113 1971 2176 Israel,
2008 2110 2060 2165 in

467 2209 698 2277 Thcrsa,
732 2210 917 2280 viginti
947 2219 1188 2279 quatuor
1229 2210 1413 2262 annis.
1460 2208 1528 2262 Et
1570 2205 1693 2263 fecit
1728 2204 1931 2260 malum
1971 2218 2064 2259 co-

462 2319 578 2360 ram
608 2302 836 2358 Domino
864 2302 944 2375 [h.
978 2303 1030 2356 in
1055 2301 1231 2356 oculis
1263 2300 1539 2373 Domini],
1568 2302 1977 2371 ambulavitque
2007 2300 2059 2354 in

464 2396 549 2451 via
581 2392 710 2469 [Ms.
746 2393 870 2468 viis]
899 2393 1217 2459 Jeroboam,
1252 2406 1307 2450 et
1340 2394 1389 2448 in
1419 2394 1658 2466 peccatis
1691 2392 1836 2463 ejus,
1867 2392 2062 2464 quibus

463 2503 693 2561 peccare
721 2488 847 2544 fecit
878 2488 1063 2543 Israel.

536 2580 623 2653 [T.
664 2579 848 2647 LXVI,
894 2579 1022 2653 Cap.
1057 2578 1223 2651 χιι]
1271 2572 1473 2635 Facms
1520 2588 1605 2635 est
1651 2589 1829 2634 autem
1880 2592 2064 2633 sermo

463 2673 680 2730 Domini
722 2675 786 2728 ad
828 2673 927 2730 Jeu
969 2673 1142 2728 tilium
1187 2672 1398 2727 iianani
1441 2680 1632 2726 contra
1676 2666 1901 2726 Bassam
1930 2668 2057 2743 [Ms.

465 2765 685 2838 Baasal,
715 2762 902 2822 dicens
929 2781 943 2820 ε
976 2767 1081 2822 Pro
1107 2782 1172 2821 eo
1199 2766 1340 2835 quod
1373 2764 1609 2822 exaltavi
1642 2774 1695 2822 te
1718 2765 1785 2822 de
1814 2765 2057 2837 pulvere,

463 2869 519 2915 et
550 2861 704 2931 pos-ui
728 2857 1054 2932 [Vulg.add.
1075 2859 1148 2931 te]
1176 2858 1370 2914 ducem
1402 2874 1566 2929 super
1597 2858 1855 2929 populum
1880 2872 2058 2912 meum

461 2950 650 3016 Israel,
684 2963 739 3007 tu
771 2962 954 3006 autem
981 2950 1273 3006 ambulasti
1308 2952 1357 3005 in
1388 2952 1471 3005 via
1499 2950 1823 3013 Jeroboam.
1855 2961 1909 3003 et
1938 2965 2061 3019 pee-

460 3053 589 3099 eare
612 3040 786 3097 feeisri
824 3040 1078 3113 populum
1110 3056 1289 3096 meum
1321 3039 1507 3105 Israel,
1535 3051 1588 3095 ut
1622 3056 1707 3095 me
1730 3042 1979 3095 irritares
2004 3043 2056 3095 in

460 3136 704 3209 peccatis
762 3151 954 3192 eorum
1009 3152 1022 3189 :
1074 3151 1224 3205 ecce,
1277 3151 1378 3206 ego
1428 3135 1700 3192 demetam
1758 3135 2056 3206 posteriora

2171 1938 2400 1994 peccare
2423 1923 2667 1982 fecerunt
2694 1927 2758 1981 lsi
2774 1929 2879 1999 ael,
2902 1942 3264 2000 provocantes
3290 1931 3577 1987 Dominum
3603 1931 3773 1989 Deum

2167 2016 2335 2073 Israel
2366 2014 2419 2074 in
2465 2020 2792 2077 vanitatibus
2822 2024 2957 2080 suis.
2986 2022 3213 2097 Reliqua
3243 2036 3426 2083 autem
3456 2043 3771 2084 sermonum

2169 2108 2291 2174 Eia,
2328 2120 2383 2165 et
2412 2113 2593 2167 omnia
2632 2130 2752 2183 quae
2783 2108 2935 2182 fecit,
2966 2132 3145 2173 nonne
3186 2117 3301 2175 haec
3329 2118 3527 2191 scripta
3560 2130 3688 2177 sunt
3716 2121 3771 2176 in

2168 2200 2619 2260 Iibrchrborum
2652 2207 2860 2263 dierum
2889 2226 3074 2281 regum
3103 2210 3487 2268 Israel?Anno
3511 2213 3773 2270 vicesimo

2166 2292 2397 2364 septimo
2425 2300 2528 2350 Asa
2558 2300 2703 2370 regis
2739 2298 2897 2370 Juda,
2931 2306 3178 2374 regnavit
3205 2300 3386 2363 Zamri
3417 2316 3625 2380 septem
3656 2310 3775 2367 die-

2166 2388 2266 2445 bus
2293 2390 2345 2445 in
2375 2390 2577 2448 Tliersa
2605 2410 2619 2448 :
2650 2411 2809 2464 porro
2835 2400 3109 2454 exercitus
3138 2399 3423 2456 ob~idebat
3449 2401 3771 2460 Gebbethnn

2168 2483 2351 2539 urbem
2394 2485 2817 2544 Philistinorum.
2853 2491 2954 2563 [T.
2996 2491 3181 2548 LXIX.
3255 2491 3496 2567 Cumque
3531 2497 3775 2554 audisset

2162 2574 2463 2635 rebellasse
2488 2579 2683 2649 Zamri,
2713 2596 2766 2639 et
2787 2585 3050 2641 occidisse
3074 2603 3277 2657 regem,
3305 2587 3435 2644 fecit
3457 2590 3559 2644 sibi
3586 2606 3770 2660 regem

2164 2671 2342 2727 omnis
2380 2672 2547 2729 Israel
2584 2675 2756 2743 Amri,
2794 2677 2884 2748 qui
2921 2688 3035 2734 erat
3080 2682 3329 2749 princeps
3366 2683 3573 2737 militiae
3608 2699 3775 2754 super

2163 2764 2331 2821 Israel
2375 2762 2428 2823 in
2464 2769 2556 2825 die
2590 2770 2683 2825 illa
2716 2772 2767 2826 in
2797 2774 3017 2830 castris.
3060 2771 3320 2831 Ascendit
3349 2792 3480 2846 ergo
3509 2776 3682 2842 Amri,
3714 2786 3773 2833 et

2132 2861 2341 2915 omnis
2377 2862 2540 2919 Israel
2582 2879 2704 2919 cum
2747 2882 2835 2935 eo,
2876 2865 2943 2922 de
2982 2865 3325 2937 Gebbetlton,
3368 2878 3424 2925 et
3452 2866 3773 2927 obsidebant

2162 2951 2391 3007 Titi-rso.
2422 2953 2626 3011 Videns
2656 2967 2836 3013 autem
2869 2958 3048 3015 Zantri
3074 2959 3218 3030 quod
3244 2962 3602 3033 expugnanda
3625 2970 3772 3020 esset

2161 3048 2371 3113 civitas,
2414 3049 2690 3121 ingressus
2723 3065 2806 3107 est
2849 3053 3132 3123 palatium,
3164 3067 3219 3112 et
3263 3059 3552 3114 succendit
3579 3073 3768 3115 secum

2161 3141 2381 3195 domum
2408 3145 2611 3213 regiam
2647 3162 2661 3200 :
2688 3155 2743 3200 ct
2766 3159 3015 3204 mortuus
3040 3156 3126 3204 est
3151 3148 3204 3205 in
3232 3146 3464 3218 peccatis
3486 3153 3619 3217 suis,
3645 3169 3767 3224 quae

461 3230 655 3296 Baasa,
687 3237 741 3285 et
774 3230 1071 3300 p05teriora
1100 3230 1324 3284 domum
1347 3230 1500 3299 ejus:
1525 3237 1581 3284 et
1609 3228 1803 3284 faciam
1835 3228 2055 3284 domum
2084 3229 2130 3294 C
2162 3249 2481 3304 peccaverat
2511 3236 2716 3293 faciens
2741 3241 2939 3296 malum
2969 3259 3151 3299 coram
3175 3244 3409 3301 Domino
3440 3238 3522 3321 [h.
3557 3249 3609 3303 in
3639 3263 3772 3304 ocu-

459 3334 604 3380 tuam
645 3327 787 3380 sicut
832 3323 1053 3379 domum
1092 3323 1381 3381 Jeroboam
1425 3323 1521 3379 filii
1563 3322 1756 3379 Nabat.
1782 3323 1884 3391 Qui
1912 3340 2060 3380 mor-

457 3427 581 3474 tuus
641 3418 799 3475 fuerit
846 3418 915 3473 de
970 3418 1137 3473 Baasa
1195 3420 1247 3472 in
1296 3418 1536 3485 civitate,
1594 3417 1879 3473 comedent
1934 3432 2056 3473 eum

452 3525 617 3567 canes
650 3531 662 3564 ε
696 3519 752 3567 et
776 3511 867 3583 qui
901 3519 1149 3566 mortuus
1182 3510 1341 3567 fuerit
1371 3526 1437 3566 ex
1460 3526 1526 3567 eo
1558 3511 1608 3566 in
1643 3512 1862 3581 regione
1891 3510 1969 3585 [h.
2002 3514 2054 3567 in

451 3602 630 3677 agro],
659 3605 950 3658 comedent
976 3619 1100 3659 eum
1128 3604 1379 3659 volucres
1416 3603 1566 3659 cceli.
1604 3602 1837 3674 Reliqua
1874 3596 2053 3660 autem

456 3708 773 3753 sermonum
821 3695 1011 3759 Baasa,
1061 3705 1113 3750 et
1163 3710 1519 3767 dumcumque
1567 3695 1714 3763 fecit,
1760 3706 1815 3750 ct
1867 3697 2054 3766 praelia

452 3789 572 3857 ejus
600 3787 678 3862 [h.
723 3798 779 3843 et
809 3782 1071 3844 fortitudo
1099 3787 1263 3860 ejus],
1298 3802 1477 3844 nonne
1525 3786 1642 3843 haec
1681 3787 1882 3859 scripta
1928 3797 2056 3845 sunt

452 3882 506 3937 In
536 3881 674 3937 libro
692 3880 989 3958 Verborum
1018 3882 1228 3937 dierum
1259 3896 1443 3952 regum
1474 3880 1683 3937 Israel?
1713 3880 1797 3955 [Τ.
1817 3882 2052 3958 LXVII.)

452 3973 721 4030 Dormivit
742 3990 873 4045 ergo
904 3974 1072 4030 Baasa
1105 3990 1226 4030 cum
1254 3975 1500 4045 patribus
1530 3977 1667 4042 suis,
1696 3979 2054 4048 sepultusque

452 4077 537 4125 est
574 4067 626 4123 in
665 4067 872 4124 'I‘ltersa
905 4086 917 4122 :
945 4078 1005 4125 et
1042 4070 1297 4139 regnavit
1338 4069 1431 4124 Eia
1476 4068 1621 4124 filius
1656 4068 1773 4140 ejus
1820 4082 1916 4140 pro
1961 4088 2046 4128 eo.

453 4158 587 4218 Cum
618 4171 805 4217 autem
844 4160 896 4215 in
932 4174 1097 4217 manu
1124 4159 1202 4233 [h.
1234 4160 1305 4215 Et
1331 4162 1489 4216 etiam
1521 4162 1573 4216 in
1603 4160 1789 4234 manu]
1824 4161 1922 4218 Jeu
1956 4162 2050 4220 lilii

447 4252 659 4309 lianani
679 4255 954 4324 propltctze
985 4252 1205 4309 verbum
1225 4252 1435 4308 Domini
1454 4252 1651 4309 factum
1675 4253 1913 4328 esset[b.
1930 4242 2051 4330 fuit]

448 4357 639 4403 contra
654 4344 903 4409 Baasam,
924 4356 972 4401 et
990 4353 1179 4413 contra
1203 4342 1425 4401 domum
1449 4345 1592 4415 ejus,
1614 4357 1867 4402 etcontra
1890 4362 2050 4406 omne

450 4441 831 4512 niaium,quod
856 4439 1064 4497 fecerat
1085 4452 1267 4495 coram
1296 4439 1522 4494 Domino
1547 4438 1623 4513 [h.
1652 4439 1705 4495 in
1738 4442 1911 4497 oculis
1943 4443 2050 4499 Do-

447 4531 624 4605 mini].
640 4532 707 4588 ad
723 4533 1044 4588 irritandum
1060 4544 1181 4588 eum
1197 4530 1249 4588 in
1264 4531 1522 4603 Operibus
1535 4547 1787 4587 manuum
1801 4547 2042 4601 suarum,

2163 3323 2230 3380 lis
2261 3325 2521 3400 Domini],
2554 3341 2608 3387 et
2637 3332 2920 3389 ambulans
2948 3335 2998 3388 iu
3032 3335 3115 3390 via
3145 3334 3456 3406 Jeroboam,
3487 3350 3540 3395 et
3566 3340 3618 3395 in
3644 3356 3771 3406 pec.

2160 3430 2283 3475 cato
2322 3420 2471 3491 ejus,
2511 3438 2618 3494 quo
2658 3424 2785 3479 fecit
2833 3443 3057 3496 peccare
3090 3428 3283 3486 Israel.
3324 3424 3549 3504 Reliqua
3586 3436 3766 3490 autem

2159 3524 2474 3568 sermonum
2517 3514 2717 3583 Zamri,
2746 3526 2801 3573 et
2830 3518 3147 3578 insidiarum
3174 3524 3313 3595 ejus,
3355 3536 3409 3582 et
3441 3528 3765 3599 tyrannidis,

2160 3617 2341 3659 nonne
2370 3606 2482 3660 baic
2504 3605 2705 3678 scripta
2734 3619 2859 3665 sunt
2883 3612 2933 3666 in
2962 3606 3099 3670 libro
3114 3614 3415 3673 Verborum
3439 3618 3648 3676 dierum
3671 3638 3761 3679 re-

2157 3708 2283 3763 gum
2327 3696 2523 3753 Israel?
2555 3698 2704 3756 Tunc
2740 3700 2948 3759 divisus
2978 3716 3062 3761 est
3093 3710 3335 3779 populus’
3354 3710 3515 3769 Israel
3550 3715 3601 3770 in
3630 3715 3766 3771 duas

2160 3798 2341 3857 partes
2370 3805 2383 3843 ε
2419 3791 2590 3846 media
2626 3808 2751 3864 pars
2783 3798 2965 3867 populi
2998 3802 3327 3872 sequebatur
3359 3803 3570 3862 Thebni
3596 3807 3761 3864 lilium

2157 3879 2352 3936 Ginetli
2378 3882 2504 3955 [Με.
2537 3883 2792 3961 Genetii],
2820 3901 2875 3946 ut
2903 3895 3261 3953 constitueret
3289 3916 3413 3954 eum
3443 3917 3627 3974 regem
3658 3921 3671 3959 :
3705 3906 3766 3963 et

2156 3974 2332 4069 media
2362 3991 2485 4046 pars
2510 3978 2684 4034 Aturi.
2721 3980 3013 4041 Praevaluit
3053 3988 3233 4046 auteni
3268 3995 3499 4063 pepuius
3528 3987 3620 4069 qui
3645 4009 3763 4054 erat

2154 4081 2275 4122 cum
2306 4068 2479 4137 Amri,
2515 4074 2714 4142 populo
2744 4077 2834 4146 qui
2866 4076 3198 4149 sequebatur
3227 4082 3434 4142 Tltebni
3464 4089 3630 4145 filium
3662 4090 3754 4149 Gi-

2155 4161 2285 4217 netli
2338 4180 2352 4216 :
2400 4175 2752 4240 mortuusque
2797 4179 2883 4226 est
2926 4170 3134 4255 Thean
3160 4218 3176 4240 ,
3212 4187 3266 4233 et
3304 4184 3549 4252 regnavit
3583 4184 3755 4243 Aturi.

2154 4252 2239 4326 [T.
2266 4254 2459 4330 ωιχ]
2488 4262 2643 4316 Anno
2676 4263 2953 4322 tricesimo
2980 4252 3158 4339 primo
3188 4275 3292 4326 Asa
3321 4277 3464 4347 regis
3490 4277 3646 4347 Juda,
3672 4296 3761 4337 re.

2152 4352 2335 4421 gnavit
2355 4351 2504 4408 Amri
2528 4369 2692 4425 super
2712 4357 2901 4428 Israel,
2926 4360 3211 4431 duodecim
3233 4370 3391 4425 annis
3420 4387 3435 4425 :
3469 4371 3522 4427 in
3551 4370 3759 4430 Tltersa

2153 4444 2397 4515 regnavit
2424 4462 2518 4503 sex
2545 4449 2724 4505 annis.
2757 4448 3010 4525 Emitque
3036 4467 3275 4515 montem
3306 4460 3574 4520 Samarite
3602 4482 3630 4519 a
3658 4466 3757 4522 Su-

2151 4551 2267 4591 mer
2303 4536 2515 4594 duobus
2562 4542 2777 4599 talentis
2818 4546 3024 4615 argenti
3067 4565 3082 4604 :
3120 4558 3174 4606 et
3208 4550 3495 4611 mdilicavit
3519 4572 3667 4627 eum,
3699 4568 3757 4615 et

447 4634 509 4685 ut
537 4630 693 4685 fieret
714 4629 855 4684 sicut
875 4627 1068 4682 dooms
1086 4624 1375 4683 Jeroboam
1404 4641 1417 4679 :
1442 4626 1513 4682 ob
1542 4624 1683 4682 hanc
1709 4641 1925 4684 causam
1950 4644 2041 4686 oc-
2067 4624 2118 4688 Ι)
2145 4631 2356 4686 vocavit
2383 4648 2578 4689 nomen
2610 4636 2864 4706 civitatis,
2895 4658 3056 4714 quam
3087 4652 3460 4718 crs-traxerat,
3482 4649 3510 4689 ιι
3536 4624 3755 4711 nomine

518 4778 545 4807 ιι
577 4766 908 4825 Glossatoris
956 4767 1072 4821 hac
1111 4780 1254 4826 esse.
1307 4778 1414 4819 non
1454 4764 1779 4835 Interpretis
1821 4766 1983 4822 verba
2016 4787 2030 4824 :

445 4842 541 4895 hoc
570 4851 640 4894 est
684 4837 785 4894 Jeu
828 4837 993 4904 ﬁlium
1042 4835 1278 4909 ﬂauam}
1328 4837 1655 4909 prOphetum,
1706 4841 1904 4893 clamat
1943 4854 2034 4894 res

441 4912 580 4979 ipsa.
613 4912 727 4965 Non
771 4912 908 4964 adeo
954 4909 1007 4962 in
1050 4907 1222 4980 Hebr.
1259 4907 1435 4980 solum
1476 4908 1794 4980 archetypo,
1837 4909 1930 4963 sed
1981 4918 2037 4966 et

441 4977 660 5046 Graeco,
712 4983 1034 5049 ueterisque
1089 4977 1427 5033 versionibus
1472 4977 1856 5035 desiderantur
1914 4998 1926 5033 :
1980 4988 2033 5036 et

440 5069 565 5110 cum
597 5053 699 5107 soli
736 5054 864 5113 sint.
899 5053 986 5119 qui
1025 5065 1090 5107 ea
1138 5052 1428 5110 retineant,
1474 5049 1652 5104 Latini
1702 5053 1852 5115 libri,
1883 5063 2035 5110 certe

440 5141 508 5179 eo
536 5124 705 5194 pluris
729 5118 970 5178 facienda
1001 5132 1086 5178 est
1118 5119 1450 5194 Vrrouensis
1477 5136 1574 5194 ms.
1614 5123 1853 5176 omnium
1892 5139 2029 5193 pra:-

441 5191 767 5250 stantissintt
790 5196 1037 5258 castitas,
1066 5194 1155 5262 qui
1189 5206 1312 5245 cum
1340 5191 1441 5263 alii
1470 5192 1659 5263 multa,
1692 5209 1812 5263 qua:
1855 5191 2037 5251 hacte-

438 5280 543 5322 nus
570 5274 822 5320 annotata
846 5274 994 5328 sunt,
1022 5261 1161 5318 sacri
1186 5270 1362 5318 textus
1383 5261 1771 5324 additamenta.
1800 5275 1908 5317 tum
1941 5265 2042 5321 hoc

437 5340 600 5409 plane
627 5339 856 5409 respuit,
890 5349 950 5389 ac
976 5336 1191 5409 nescit:
1227 5346 1550 5403 quamquam
1577 5343 1631 5409 et
1656 5336 1857 5409 scimus
1892 5332 2041 5391 Estio

438 5405 566 5465 olim
589 5407 728 5463 alios
754 5405 1051 5478 ejusmodi,
1077 5406 1268 5478 quieo
1305 5414 1575 5478 carerent,
1608 5405 1927 5478 innotuisse.
1961 5408 2040 5463 Ad

439 5480 556 5536 hmc
583 5473 798 5535 scimus'
816 5488 867 5532 et
900 5473 1228 5531 doctissimis
1268 5476 1474 5531 criticis
1517 5491 1630 5530 rem
1660 5475 1829 5539 ipsam
1863 5479 2041 5536 mitius

438 5553 681 5623 probari,
702 5549 1033 5623 minimeque
1058 5558 1247 5623 veram
1270 5545 1615 5623 videriltanc
1645 5547 2036 5623 proplietiejeu

437 5617 650 5681 necem.
685 5623 840 5693 Nam,
866 5617 1139 5693 inquiunt,
1169 5619 1269 5674 sub
1288 5617 1608 5693 Josapliato,
1644 5620 1731 5693 qui
1768 5630 1881 5693 post
1908 5620 2042 5675 Baa-

437 5712 552 5751 sam
581 5688 847 5774 regnavit,
878 5688 1025 5774 idetn
1054 5692 1172 5774 ipse
1201 5688 1461 5774 pmpheta
1507 5689 1607 5774 leg
1645 5688 1786 5774 Illius
1807 5688 2038 5774 .ilanani

436 5758 877 5837 missus'legitur
919 5758 1373 5837 Paralipomenon
1422 5758 1694 5837 _xrx,2_ad
1741 5762 2038 5837 principem

437 5838 591 5899 illum
624 5831 1082 5909 redarguendum,
1113 5834 1257 5904 quod
1308 5834 1476 5902 impio
1520 5831 1751 5889 Acbabo’
1781 5831 2038 5891 auxilium

2143 4773 2492 4857 prtebuisset:
2524 4774 2700 4857 Verba
2727 4791 2913 4857 autem
2940 4781 3052 4851 illa,
3082 4786 3145 4840 ob
3170 4798 3327 4857 quam
3356 4802 3571 4846 causam
3611 4796 3749 4850 occi-

2140 4843 2216 4927 dit
2241 4860 2381 4909 eum,
2414 4847 2494 4900 vel
2524 4846 2589 4900 ad
2624 4848 2787 4904 Deum
2823 4843 3091 4927 referunt,
3116 4843 3210 4927 qui
3253 4843 3769 4923 Baasaniwtot'seeo-

2145 4914 2321 5003 IERINI:
2352 4930 2505 5003 remo
2541 4925 3010 5003 mprte_ptinivit,_
3035 4914 3228 5003 veltad
3277 4914 3503 4988 Baas‘am
3527 4914 3747 5003 ipsimi,

2143 4985 2257 5080 quin
2278 4985 2563 5080 Ralla-duim
2586 4985 2897 5080 Siet-obeunti
2936 4985 3106 5052 filium
3139 4985 3751 5080 ἰιιιριίῐρρὶιξ’-ιιιῑῖιῖιιιίιίξ

2142 5058 2265 5146 ejus
2289 5058 2802 5146 familiam‘delevit,
2833 5077 2907 5146 ut_
2925 5083 3162 5146 regnum
3187 5058 3488 5146 invaderet.
3515 5058 3748 5146 pugili

2141 5142 2201 5217 se
2243 5129 2508 5217 qlialieant.
2561 5129 3028 5217 profectpqnirar'i
3079 5129 3266 5217 subii,
3603 5129 3748 5206 Mar:

2145 5199 2340 5286 “animo
2368 5199 2540 5256 fuisse
2561 5202 2700 5256 lianc
2731 5206 3068 5286 additioneni
3093 5199 3747 5286 anitnadver'sani:neque

2145 5271 2214 5353 ab
2239 5269 2487 5358 lIebrzeo,
2513 5288 2861 5358 quenqvoeat
2890 5280 3316 5358 selioliaste,qui
3351 5269 3548 5358 stirpitus,
3573 5269 3743 5348 i'éi'i‘é:

2146 5343 2312 5423 simas
2344 5343 2651 5423 nulliusq‘ue
2678 5343 2790 5423 fere
2820 5354 3082 5423 momenti
3110 5343 3382 5413 variantes
3412 5343 3482 5414 ab
3517 5343 3751 5419 Hebrieo

2145 5410 2412 5496 lectiones
2446 5410 2950 5496 stml’iusc‘ingerit.
2986 5421 3095 5479 Nisi
3129 5428 3173 5480 si
3217 5410 3743 5496 putandum‘deillo

2144 5486 2589 5575 es‘t-Liiifocui
2638 5486 3011 5575 primumsua
3071 5486 3440 5575 lure-scholia
3490 5486 3744 5575 apposuit

2146 5551 2337 5678 ἔτειιὶηο
2365 5551 2694 5625 exetnplari,
2718 5560 2858 5619 lianc
2882 5565 3051 5635 ipsam
3080 5551 3747 5641 ειμιίιίιὶέιέίέῐηόἶῐ’ὲίἓίίὶ

2169 5640 2302 5680 isse.

2250 5641 2302 5681 Θ.

2216 5693 2244 5733 Β
2276 5695 2506 5783 Nnomine
2528 5698 2732 5783 Smper,
2759 5704 2815 5783 id_
2829 5715 2922 5775 est,
2954 5720 3177 5783 montem
3208 5710 3446 5783 Domini,
3481 5719 3558 5774 vei
3584 5738 3734 5775 mou-

2148 5775 2273 5859 (-831
2300 5767 2572 5859 ﬁmum-ire.
2623 5766 2933 5859 [inperitum
2970 5780 3132 5859 istud
3159 5766 3452 5859 glossema

2150 5850 2450 5908 reperimus
2480 5850 2533 5897 in
2558 5858 2714 5901 sacro
2741 5856 2997 5904 Contextlt
3041 5850 3205 5925 Regii
3224 5856 3431 5915 codicis
3462 5850 3565 5917 nis.
3590 5863 3749 5933 quods
