4144 6364
311 295 426 356 ⁸109

1622 294 1826 358 LIBER
1870 300 1886 356 I
1929 297 2311 359 MALACIIIM.

3521 298 3627 358 ἨΟ

320 416 517 472 Somer
555 411 760 468 domini
804 412 1004 468 montis
1048 411 1327 468 Samarim.
1369 413 1519 469 Fecit
1566 423 1743 469 autem
1780 417 1928 470 Ληιιὶ
1959 417 2006 478 Α
2035 430 2216 484 mane,
2247 414 2500 470 similiter
2532 429 2720 484 panem
2761 424 2810 469 et
2844 430 3034 470 carnes
3068 415 3300 486 ve.~peri,
3333 423 3388 471 et
3412 415 3631 477 bibebat

324 509 526 565 malum
559 508 610 562 in
641 515 934 576 conspectu
968 507 1176 560 Domini
1207 506 1288 578 [h.
1318 507 1370 563 in
1400 508 1570 562 oculis
1595 509 1852 581 Domini],
1879 521 1926 564 ct
1969 575 1976 582 ι,

331 609 589 674 operatus
618 610 703 657 est
731 601 978 671 nequiter
1004 614 1169 668 super
1197 614 1416 666 omnes,
1451 599 1542 671 qui
1571 600 1784 656 fuerunt
1810 611 1933 655 ante

327 709 477 749 eum.
502 692 922 762 Ambulavitque
951 692 1004 746 in
1034 693 1177 745 omni
1201 693 1288 762 via
1310 691 1595 746 Jerobeam
1625 694 1716 747 filii
1741 694 1928 758 Nabat,

327 794 382 842 et
414 785 464 839 in
496 784 733 855 peccatis
765 785 882 854 ejus
911 783 1109 854 quibus
1140 797 1365 852 peccare
1399 783 1604 839 iecerat
1627 784 1793 840 l~rael
1832 803 1842 837 :
1877 793 1935 838 ut.

331 877 574 932 irritaret
607 875 900 931 Dominum
940 876 1108 931 Deum
1153 876 1319 931 Israel
1358 878 1407 932 in
1441 879 1767 933 vanitatibus
1796 877 1931 933 suis.

325 969 556 1041 Reliqua
585 977 764 1025 autem
798 983 1109 1025 sermonum
1142 971 1308 1032 Amri,
1337 979 1391 1026 et
1421 971 1601 1040 przelia
1633 971 1747 1041 ejus
1777 969 1854 1043 [h.
1881 980 1936 1026 et

326 1061 594 1118 fortitudo
623 1061 761 1134 ejus]
793 1077 912 1133 qua!
939 1063 1127 1132 gessit,
1162 1079 1344 1116 nonne
1376 1063 1489 1118 haec
1511 1065 1710 1133 scripta
1733 1064 1931 1119 suntin

328 1155 469 1210 libro
503 1153 802 1209 Verborum
851 1154 1062 1209 dierum
1107 1170 1294 1222 regum
1338 1153 1547 1210 Israel?
1586 1155 1678 1228 ['I‘.
1721 1153 1931 1228 LXXI]

328 1245 704 1317 Dormivitque
733 1245 886 1301 Amri
914 1262 1036 1300 cum
1074 1249 1312 1317 patrihus
1342 1248 1472 1310 suis.
1504 1261 1552 1303 ct
1587 1249 1830 1318 sepultus
1853 1261 1936 1303 est

329 1340 385 1395 in
431 1339 674 1394 Samaria
723 1359 732 1391 :
783 1339 1134 1410 regnavitque
1175 1341 1327 1396 Ahab
1368 1342 1509 1395 filius
1547 1341 1664 1410 ejus
1706 1357 1802 1411 pro
1845 1359 1930 1396 eo.

329 1431 488 1488 Abab
533 1448 661 1488 vero
707 1433 847 1488 filius
893 1434 1043 1487 Amri
1085 1434 1330 1503 regnavit
1373 1448 1539 1503 super
1583 1434 1748 1490 Israel
1790 1449 1934 1490 anno

330 1529 610 1585 tricesimo
649 1537 842 1584 octavo
887 1530 990 1583 Asa
1037 1529 1181 1598 regis
1219 1527 1376 1584 Juda.
1413 1529 1477 1582 Et
1504 1531 1748 1598 regnavit
1780 1529 1935 1584 Ahab

329 1623 475 1679 filius
503 1623 654 1677 Amri
684 1638 846 1689 super
875 1621 1036 1676 Israel
1072 1622 1124 1675 in
1153 1620 1401 1678 Samaria
1435 1622 1621 1689 viginti
1653 1632 1709 1676 et
1740 1631 1764 1659 τι
1794 1622 1933 1677 duo-

328 1714 430 1770 bus
460 1715 614 1770 annis
639 1713 719 1787 [b.
746 1715 929 1785 viginti
961 1725 1015 1768 et
1041 1723 1273 1782 quatuor
1302 1713 1503 1786 anuis].
1537 1715 1594 1768 Et
1629 1714 1757 1769 fecit
1781 1715 1934 1768 Ahab

2037 507 2104 562 de
2152 517 2409 562 torrente.
2448 507 2575 561 Post
2600 507 2718 563 dies
2761 518 2940 561 autem
2987 508 3220 562 siccatus
3249 516 3333 563 est
3376 519 3631 561 torrens:

2037 613 2142 653 non
2191 598 2332 653 enim
2385 600 2594 668 pluerat
2640 615 2802 670 super
2840 610 3062 654 terram.
3109 600 3307 655 Factus
3349 608 3432 655 est
3474 600 3632 669 igitur

2037 706 2216 747 sermo
2252 692 2463 746 Domini
2504 692 2571 748 ad
2610 708 2729 747 eum
2761 736 2776 760 ,
2819 693 3004 747 dicens
3047 711 3060 749 :
3102 693 3295 764 Surge,
3339 701 3391 748 et
3422 693 3554 747 vade
3583 693 3633 746 in

2039 784 2342 856 Sarephtha
2382 785 2465 858 [b.
2514 785 2848 858 Sarphatha]
2889 787 3266 851 Sidrniormn,
3305 797 3359 842 et
3393 786 3634 840 manebis

2039 879 2109 933 ibi
2154 896 2166 932 :
2210 880 2441 950 praecepi
2489 881 2631 935 enim
2677 881 2747 935 ibi
2794 881 3003 936 mulieri
3049 881 3220 936 vidua:
3251 891 3308 934 ut
3342 889 3530 950 pascat
3559 887 3632 933 te.

2035 971 2303 1040 Surrexit,
2333 985 2384 1028 et
2416 973 2549 1028 abiit.
2583 975 2633 1028 in
2665 974 2995 1044 Sarephtha.
3030 975 3272 1046 Cumque
3301 974 3536 1030 venisset
3565 971 3634 1026 ad

2039 1074 2248 1132 portam
2288 1067 2548 1133 civitatis,
2578 1067 2828 1136 apparuit
2865 1069 2912 1120 ei
2953 1067 3146 1121 mulier
3185 1067 3343 1122 vidua
3373 1067 3635 1135 colligens

2039 1155 2202 1225 ligna,
2239 1166 2294 1213 et
2335 1159 2545 1213 Vocavit
2585 1173 2727 1224 eam,
2761 1159 3002 1228 dixitque
3043 1169 3062 1196 ε
3095 1160 3144 1214 ei
3179 1177 3190 1212 :
3227 1159 3302 1213 Da
3335 1158 3462 1212 mihi
3498 1174 3631 1226 pau—

2037 1249 2200 1304 luhnn
2233 1265 2386 1319 aqua:
2411 1251 2462 1305 in
2488 1266 2636 1317 vase,
2666 1260 2724 1304 ut
2751 1251 2952 1306 bibam.
2979 1251 3222 1322 Cumque
3246 1252 3331 1306 illa
3359 1259 3634 1322 pergeret,

2039 1350 2092 1395 ut
2123 1341 2366 1407 afferret,
2402 1343 2646 1397 clamavit
2679 1355 2797 1412 post
2829 1353 3034 1412 tergum
3068 1345 3208 1415 ejus,
3240 1345 3427 1400 diteus
3453 1364 3464 1397 :
3490 1343 3637 1400 Aﬂer

2038 1433 2192 1500 mihi,
2215 1436 2460 1503 obsecro,
2491 1447 2542 1491 et
2572 1436 2870 1493 hucccllam
2905 1440 3057 1507 panis
3087 1439 3137 1492 in
3171 1454 3332 1493 manu
3367 1451 3473 1493 tua.
3504 1440 3634 1507 Quae

2038 1527 2317 1598 respondit
2346 1547 2358 1581 ;
2389 1528 2528 1582 Vivit
2559 1529 2813 1584 Dominus
2841 1531 2982 1586 Deus
3007 1542 3151 1596 titus,
3179 1531 3298 1600 quia
3327 1547 3436 1586 non
3463 1531 3633 1584 habeo

2038 1633 2255 1687 panem,
2283 1621 2382 1674 nisi
2406 1630 2663 1690 quantum
2695 1622 2927 1692 pugillus
2949 1639 3142 1692 eapere
3169 1634 3345 1692 potest
3368 1621 3555 1677 farinae
3582 1625 3630 1676 in

2040 1710 2250 1782 hydria,
2281 1721 2335 1766 et
2373 1713 2643 1780 paululum
2684 1715 2788 1768 olei
2834 1715 2882 1767 in
2915 1715 3130 1786 Iecytho
3162 1731 3175 1767 :
3211 1731 3276 1770 eu
3308 1715 3501 1785 colligo
3529 1715 3635 1767 duo

331 1808 478 1864 ﬁlius
501 1808 648 1864 Amri
677 1808 871 1862 malum
896 1809 948 1862 in
972 1815 1266 1876 conspectu
1290 1805 1529 1873 Domini,
1557 1821 1723 1874 super
1745 1821 1934 1862 omnes
1967 1813 2017 1874 Β
2043 1803 2205 1872 ligna,
2236 1812 2295 1857 ιιι
2332 1803 2604 1886 ingrediar
2637 1812 2690 1859 et
2718 1804 2902 1859 fitt'idIII
2935 1806 3059 1860 illud
3092 1807 3218 1859 mihi
3255 1814 3310 1860 et
3345 1805 3456 1860 tilio
3487 1821 3629 1872 meo,

330 1903 422 1973 qui
462 1901 679 1956 fuerunt
715 1909 841 1955 aute
871 1915 1014 1955 eum.
1048 1900 1153 1953 Nec
1185 1897 1398 1953 suffecit
1427 1899 1497 1965 ei,
1539 1908 1592 1952 ut
1629 1899 1935 1954 :‘unbularet

329 1993 382 2048 in
415 1993 654 2063 peccatis
679 1993 968 2047 Jeroboam
995 1993 1085 2046 lilii
1113 1991 1318 2046 Nabath
1349 2011 1359 2044 :
1387 1992 1606 2062 insuper
1628 1992 1780 2044 duxit
1805 2008 1936 2046 uxo—

330 2100 452 2141 rem
493 2084 706 2140 Iezabel
741 2083 813 2155 [h.
857 2081 1046 2156 Israel]
1079 2084 1240 2137 ﬁliam
1275 2083 1300 2120 ιι
1335 2085 1558 2137 Ethhaal
1593 2085 1734 2154 regis
1771 2084 1934 2139 Sido-

332 2181 570 2236 niorum.
613 2180 677 2233 Et
719 2179 872 2244 abiit,
903 2187 957 2234 et
991 2179 1212 2234 servivit
1244 2177 1391 2243 Baal,
1427 2185 1481 2232 et
1513 2178 1759 2232 adoravit
1789 2194 1932 2233 eum.

333 2271 401 2328 Et
436 2273 614 2340 posuit
639 2288 786 2326 aram
817 2271 943 2325 Baal
974 2270 1026 2324 in
1061 2271 1260 2339 templo
1295 2271 1440 2334 Baal,
1464 2271 1606 2340 quod
1637 2271 1937 2327 aedificave-

333 2375 424 2420 rat
457 2365 508 2420 in
538 2365 802 2431 Samaria,
841 2370 896 2418 et
924 2362 1188 2433 plantavit
1219 2364 1394 2417 lue-um
1432 2381 1442 2414 :
1473 2371 1528 2416 et
1554 2363 1758 2417 addidit.
1787 2364 1941 2417 Ahab

335 2458 388 2514 in
419 2474 590 2528 Opere
625 2475 745 2523 suo,
779 2459 1004 2512 irritans
1036 2457 1319 2511 Dominum
1355 2457 1523 2512 Deum
1557 2457 1744 2522 Israel,
1778 2472 1942 2528 super

339 2565 532 2607 omnes
579 2566 733 2622 reges
762 2552 924 2606 Israel
954 2554 1042 2620 qui
1077 2551 1294 2605 fuerunt
1322 2559 1445 2606 ante
1489 2565 1631 2605 eum.
1660 2551 1718 2604 In
1752 2550 1941 2604 diebus

342 2645 465 2714 ejus
491 2645 779 2710 tedificavit
806 2644 959 2699 Ahiel
987 2645 1056 2699 de
1087 2642 1334 2708 Beth-Iﬂl,
1359 2643 1576 2698 Jericho
1604 2662 1614 2696 :
1644 2644 1694 2696 in
1721 2641 1938 2697 Ahiram

347 2736 627 2806 primitivo
665 2752 762 2791 suo
793 2736 868 2808 ib.
907 2735 1266 2806 primogenita
1293 2735 1413 2807 suo]
1447 2735 1689 2790 fundavit
1713 2750 1852 2802 eam,
1887 2744 1945 2790 et

341 2829 398 2886 in
427 2829 607 2901 Segub
630 2829 922 2884 novissimo
942 2844 1040 2884 suo
1067 2828 1244 2897 posuit
1267 2838 1447 2898 portas
1473 2829 1589 2898 ejus
1613 2828 1790 2898 :jnxta
1821 2844 1943 2882 ver-

342 2923 474 2978 bum
506 2924 744 2989 Domini,
769 2923 910 2994 quod
943 2924 1152 2978 locutus
1181 2924 1350 2979 fuerat
1381 2925 1432 2978 iu
1467 2939 1626 2979 manu
1653 2923 1820 2979 Josue
1850 2923 1944 2978 filii

337 3015 489 3072 Nun.

411 3110 510 3182 [T.
560 3109 734 3180 LXX,
773 3111 902 3181 Cap.
953 3109 1146 3177 XVII.|
1187 3111 1252 3164 Et
1296 3109 1434 3175 dixit
1474 3109 1620 3165 Elias
1659 3109 1946 3165 Thesbitcs

2039 1905 2093 1950 ιιι
2125 1899 2472 1952 comedamus
2500 1909 2552 1952 et
2580 1900 2899 1953 moriamur.
2935 1899 3018 1971 ['I‘.
3048 1899 3308 1970 LXXIV]
3345 1899 3423 1953 Ad
3473 1915 3630 1969 quant

2039 1989 2183 2044 Elias
2211 1990 2280 2043 ait
2317 2007 2331 2044 :
2367 1989 2480 2043 Noli
2509 1991 2721 2058 timere,
2754 1991 2845 2046 sed
2876 1992 3030 2056 Vade,
3057 2003 3110 2045 et
3138 1991 3217 2045 fac
3246 1991 3386 2045 sicut
3410 1991 3592 2044 dixisti
3623 2007 3633 2043 :

2043 2081 2424 2136 Verumtamen
2473 2083 2602 2137 mihi
2637 2086 2871 2154 primum
2902 2085 2980 2140 fac
3014 2086 3078 2139 de
3108 2086 3218 2154 ipsa
3252 2084 3477 2139 farinula
3511 2085 3635 2137 sub-

2039 2181 2345 2236 cinerit‘um
2379 2197 2570 2250 panem
2605 2181 2908 2249 parvulum,
2941 2188 2994 2234 et.
3022 2179 3152 2234 aﬂ‘er
3175 2179 3240 2235 ad
3269 2196 3353 2234 me
3381 2199 3390 2232 :
3425 2179 3518 2234 tibi
3548 2195 3641 2234 au~

2042 2283 2148 2327 tem
2183 2285 2233 2328 et
2269 2275 2378 2327 filio
2407 2284 2496 2327 tuo
2525 2274 2688 2328 facies
2719 2284 2925 2344 postea.
2956 2273 3079 2328 Htec
3102 2282 3278 2327 autem
3306 2273 3434 2329 dicit
3458 2272 3639 2327 Domi-

2043 2384 2142 2423 nus
2174 2368 2314 2421 Deus
2342 2368 2508 2422 Israel
2543 2385 2555 2420 :
2587 2367 2782 2438 Hydria
2817 2367 3003 2420 farinae
3037 2382 3142 2419 non
3171 2366 3406 2429 deficiet,
3438 2378 3537 2418 nec
3566 2365 3637 2416 le-

2041 2459 2235 2530 cythus
2258 2459 2357 2514 olei
2395 2458 2690 2527 minuetur,
2724 2473 2894 2527 uSque
2918 2457 2983 2510 ad
3016 2457 3178 2520 diem,
3212 2460 3264 2509 in
3287 2471 3388 2526 qua
3413 2455 3641 2510 daturus

2042 2561 2123 2606 est
2155 2551 2412 2604 Dominus
2442 2553 2674 2620 pluviam
2704 2567 2865 2619 super
2895 2550 3082 2605 faciem
3120 2562 3296 2605 terrm.
3330 2550 3460 2616 Qua:
3489 2549 3640 2612 aluit,

2043 2652 2095 2696 et
2120 2642 2412 2712 fecitjuxta
2438 2643 2656 2697 verbum
2687 2643 2812 2695 ιιιιςιτ
2838 2659 2850 2696 :
2878 2653 2933 2697 et
2957 2642 3193 2697 comedit
3217 2643 3352 2710 ipse,
3376 2651 3426 2694 et
3450 2641 3560 2702 illa,
3589 2651 3644 2695 ct

2041 2733 2236 2789 domus
2261 2735 2378 2804 ejus
2410 2751 2422 2787 :
2452 2743 2507 2789 ct
2533 2750 2599 2788 ex
2629 2734 2718 2788 illa
2761 2734 2850 2787 die
2883 2734 3066 2804 hydria
3101 2733 3175 2804 [Ιι.
3207 2743 3260 2787 et
3302 2733 3495 2787 domus
3523 2734 3642 2799 ejus

2045 2843 2139 2898 per
2165 2829 2300 2890 dies,
2337 2827 2549 2900 hydria]
2585 2827 2772 2882 farinae
2805 2842 2910 2882 non
2945 2827 3163 2893 defecit,
3190 2839 3245 2883 et
3270 2827 3514 2898 lecythus
3536 2827 3643 2881 olei

2047 2939 2152 2976 non
2194 2934 2275 2977 est
2317 2923 2655 2986 imminutus,
2681 2923 2833 2992 juxta
2875 2923 3097 2976 verbum
3128 2923 3365 2989 Domini,
3395 2921 3536 2989 quod
3570 2923 3645 2975 Io-

2045 3028 2202 3072 cntus
2246 3019 2415 3072 fuerat
2449 3017 2501 3071 in
2551 3033 2708 3072 manu
2741 3017 2886 3071 Eliae.
2921 3017 3003 3088 ['I'.
3037 3016 3275 3088 LXXV.]
3309 3016 3533 3072 Factum
3563 3026 3644 3072 est

2050 3120 2230 3165 autem
2259 3121 2376 3180 post
2400 3110 2560 3166 verba
2588 3110 2598 3182 [
2621 3108 2774 3180 Vulg.
2800 3119 2963 3164 lacent
2993 3110 3180 3181 verba]
3206 3109 3342 3176 Iure,
3367 3109 3646 3180 aegrotavit

348 3206 429 3276 Ib.
459 3205 690 3277 advena]
720 3205 787 3260 de
824 3204 1220 3260 habitatoribus
1251 3204 1327 3275 [Ιι.
1360 3204 1428 3259 de
1465 3202 1710 3276 advenis]
1743 3203 1943 3260 Galaad
1971 3171 2018 3236 Ο
2053 3204 2196 3259 filius
2233 3205 2479 3258 mulieris
2518 3205 2704 3258 matris
2747 3203 2960 3258 fatnilize
2992 3247 3005 3269 ,
3040 3213 3094 3258 et
3135 3214 3249 3258 erat
3278 3204 3502 3274 languor
3530 3205 3646 3271 ejus

343 3299 413 3354 ad
443 3297 600 3353 Abab
634 3316 645 3351 :
684 3297 823 3352 Vivit
855 3295 1120 3351 Dominus
1150 3296 1290 3350 Deus
1328 3295 1517 3362 Israel,
1549 3297 1604 3349 in
1634 3295 1786 3366 cujus
1815 3309 1942 3349 eon-

342 3401 533 3462 Spcctu
560 3403 645 3448 sto
672 3391 749 3463 [ιι.
781 3390 976 3462 stetit],
1011 3391 1055 3444 si
1095 3388 1196 3444 erit
1237 3391 1391 3444 anuis
1420 3389 1504 3443 his
1530 3404 1620 3443 ros
1651 3397 1706 3443 et.
1737 3389 1947 3458 pluvia,

347 3486 454 3540 nisi
480 3487 634 3554 juxta
663 3485 775 3538 oris
803 3483 907 3538 mei
942 3483 1128 3537 verba.
1161 3481 1224 3537 Et
1258 3481 1456 3536 factum
1487 3490 1570 3537 est
1597 3479 1818 3535 verbum
1845 3481 1950 3534 Da-

338 3577 474 3634 mini
517 3577 583 3631 ad
624 3594 766 3640 eum,
813 3577 1001 3630 dicens
1031 3594 1041 3628 :
1076 3575 1290 3630 Recede
1334 3575 1480 3640 hinc,
1509 3583 1562 3630 et
1595 3574 1730 3629 vade
1757 3583 1944 3629 contra

342 3672 615 3727 orientem
663 3679 719 3726 et
765 3669 1100 3724 abscondere
1137 3669 1189 3724 in
1221 3677 1462 3725 torrente
1496 3669 1702 3737 Carith,
1739 3671 1830 3740 qui
1864 3678 1949 3725 est

338 3773 532 3820 contra
562 3763 874 3825 Jnrdanem,
903 3771 960 3817 et
986 3762 1054 3815 ibi
1086 3761 1151 3815 de
1182 3771 1422 3816 torrente
1447 3762 1596 3816 bibes
1623 3781 1633 3815 ε
1661 3763 1949 3832 corvisque

341 3856 602 3930 prmeepi.
639 3865 694 3909 ut
725 3863 946 3925 pascant
971 3863 1022 3908 te
1065 3854 1154 3907 ibi.
1191 3854 1338 3908 Abiit
1365 3869 1519 3922 ergo,
1567 3863 1619 3908 et
1647 3853 1772 3909 fecit
1795 3855 1945 3923 juxta

344 3952 580 4008 verbum
620 3950 831 4004 Domini
867 3965 879 4000 :
912 3963 1141 4016 cumque
1173 3945 1416 4011 abiisset,
1450 3948 1588 4001 sedit
1629 3948 1680 4000 in
1712 3957 1950 4003 torrente

347 4044 564 4109 Carith,
595 4044 793 4113 quiest
820 4051 1010 4097 contra
1041 4039 1357 4096 Jordanem.
1386 4040 1470 4112 ['I‘.
1501 4039 1761 4111 LXXIII]
1791 4040 1950 4095 Corvi

341 4152 564 4211 quoque
593 4135 913 4193 deferebant
941 4135 988 4190 ei
1022 4133 1148 4206 [Μδ.
1181 4141 1326 4190 tacet
1364 4133 1434 4204 ei]
1461 4148 1650 4203 panem
1680 4141 1736 4189 et
1758 4148 1950 4189 carnes

346 4322 442 4377 hic
495 4330 759 4376 annotare
803 4332 986 4388 operae
1034 4315 1267 4388 pretium
1304 4315 1455 4388 duxi,
1512 4325 1570 4369 ut
1600 4316 1938 4388 exploratum

346 4394 587 4447 habeant
643 4386 859 4451 omnes,
919 4388 1081 4443 multa
1141 4387 1448 4458 hujusmodi
1507 4388 1830 4457 glosSemata
1885 4386 1940 4441 in

345 4463 650 4534 Scripturae
693 4469 1008 4534 contextum
1041 4476 1163 4514 eum
1194 4459 1468 4534 Graecum,
1501 4468 1610 4534 tum
1637 4458 1903 4534 Latinum
1925 4499 1940 4523 ,

346 4528 700 4590 librariorum
736 4532 1002 4598 imperitia
1027 4541 1083 4587 et
1110 4530 1418 4586 temeritate
1445 4529 1740 4600 antiquitus
1773 4528 1941 4584 fuisse

346 4607 575 4664 inducta
610 4623 621 4657 :
655 4618 980 4671 quamquam
1040 4603 1154 4655 haec
1203 4612 1454 4657 auctores
1504 4601 1837 4654 scholiorum
1871 4600 1936 4655 ad

345 4678 630 4745 margines
659 4674 921 4727 librorum
949 4674 1324 4742 apposuisseut
1349 4689 1446 4744 pro
1477 4674 1737 4726 leetoiuut
1764 4673 1943 4726 erudi-

351 4752 528 4804 tione.
562 4745 740 4798 Mam.

433 4825 460 4854 ⁸
493 4815 644 4871 Unde
666 4813 974 4883 expiscatus
1002 4814 1071 4867 sit
1094 4822 1280 4868 noster
1305 4815 1624 4869 s«-holia~tes
1652 4813 1799 4867 .ihah
1827 4815 1944 4869 sive

353 4887 548 4947 Achab
574 4887 759 4953 viginti
789 4896 838 4939 et
863 4894 1097 4956 quatuor
1118 4888 1274 4940 annis
1304 4902 1558 4957 regnasse
1589 4889 1640 4939 in
1669 4885 1939 4957 Samaria,

354 4961 537 5017 adhuc
565 4960 914 5028 ignoratum:
949 4961 998 5008 in
1027 4956 1341 5026 Polyglottis
1376 4956 1528 5011 enim
1576 4961 1833 5011 universa
1875 4956 1942 5012 ad

359 5047 649 5086 numerum
681 5030 869 5096 viginti
904 5039 952 5082 et
987 5028 1215 5081 duorum
1264 5045 1528 5083 annorum
1580 5044 1816 5082 υιιηςοηςι
1859 5044 1944 5081 re-

359 5105 667 5172 periuntur.
718 5100 841 5154 Tria
897 5115 1108 5169 quoque
1152 5102 1479 5172 exunplqria
1516 5099 1774 5172 llr-braiea
1811 5114 1938 5152 mss.

359 5170 482 5244 quae
506 5189 626 5227 cum
658 5172 816 5244 editis
836 5172 1186 5244 co:itulituus,
1215 5170 1398 5244 viginti
1431 5179 1484 5224 et
1508 5171 1644 5223 duos
1667 5186 1836 5244 annos
1866 5185 1945 5244 re-

365 5240 636 5298 nuntiant.
669 5243 888 5296 Tabulae
924 5243 1140 5295 demum
1183 5240 1652 5310 citruttonologtca:
1685 5241 1822 5307 apud
1861 5241 1947 5293 lii-

363 5314 775 5384 storiographos
820 5313 950 5384 nihil
995 5311 1252 5366 differunt
1298 5313 1348 5365 in
1389 5314 1544 5365 annis
1576 5313 1942 5384 regni_Alnab.

367 5381 563 5454 Itaque
585 5381 671 5438 hic
701 5383 950 5452 suspensi
983 5385 1273 5454 haeremus,
1330 5399 1397 5454 ne
1434 5383 1662 5454 ilapsum
1712 5381 1946 5451 aliquem

369 5453 648 5512 metuorim
673 5454 1092 5524 diligentisdmo
1123 5453 1401 5507 scltoltasti
1431 5453 1822 5524 itnpingcntes,
1858 5469 1950 5506 va-

369 5528 601 5582 riantem
655 5523 793 5579 forte
854 5527 1138 5579 lecti-mem
1201 5523 1560 5594 quorumdam
1603 5526 1946 5593 antiquorum

369 5599 722 5653 Hebraeorum
748 5597 998 5652 codicum
1026 5605 1232 5651 temere
1260 5595 1741 5665 reprehendamus.
1776 5594 1958 5649 ΜΑιιτ.

368 5697 441 5712 —-
479 5669 675 5724 Itermn
707 5685 772 5723 ex
804 5669 904 5722 hoc
932 5669 1050 5721 loco
1080 5668 1338 5735 colligere
1377 5681 1477 5731 e5t,
1524 5682 1630 5721 non
1671 5667 1955 5721 Ilebrzeum

371 5741 724 5812 archetypum
750 5741 901 5812 ,rsed
965 5740 1216 5812 Latium»
1259 5738 1544 5807 quodpiam
1578 5738 1954 5812 ttpograpltum

373 5809 578 5867 laudari
601 5809 690 5882 ab
718 5811 1032 5867 SCiItilinslc.
1063 5811 1393 5881 Quamquam
1438 5826 1543 5864 non
1577 5809 1840 5865 Hebraeus
1867 5825 1956 5864 so-

1973 4637 2027 4699 D

2056 3298 2210 3351 fortis
2238 3298 2396 3350 nimis
2429 3295 2554 3367 [Με.
2579 3304 2630 3349 ει
2662 3294 2818 3370 Vulg.
2847 3305 3011 3350 tacent
3037 3295 3183 3366 ejus;
3213 3306 3320 3349 tum
3352 3294 3506 3365 Vulg.
3535 3294 3648 3349 for-

2049 3389 2284 3442 tissimus
2313 3405 2405 3455 pro
2439 3387 2588 3441 fortis
2617 3387 2824 3458 nimis],
2856 3388 2924 3441 ita
2955 3396 3011 3440 ut
3038 3405 3140 3440 non
3168 3395 3472 3442 remaneret
3495 3386 3549 3439 in
3573 3401 3641 3442 eo

2051 3481 2266 3535 halitus.
2298 3482 2442 3534 Dixit
2471 3496 2597 3550 ergo
2634 3481 2698 3534 ad
2735 3481 2906 3534 Eliam
2941 3499 2952 3534 :
2987 3481 3124 3547 Quid
3165 3482 3293 3535 mihi
3324 3491 3376 3535 et
3411 3481 3529 3546 tibi,
3561 3480 3642 3534 vir

2053 3574 2146 3627 Dei
2167 3572 2192 3626 ἲ
2213 3573 2490 3642 ingressus
2511 3587 2569 3626 es
2591 3572 2655 3625 ad
2684 3587 2790 3633 me.
2817 3583 2871 3626 ut
2899 3580 3305 3627 remorarentur
3330 3572 3648 3638 iniquitates

2050 3682 2206 3732 mete,
2255 3677 2307 3720 et
2353 3665 2690 3720 interficercs
2729 3663 2897 3718 ﬁlium
2943 3666 3156 3719 meum?
3201 3666 3268 3720 Et
3305 3666 3376 3720 ait
3422 3665 3486 3718 ad
3528 3680 3645 3721 eam

2051 3758 2237 3832 [Vulg.
2280 3759 2368 3811 ad.
2412 3757 2578 3828 Elias]
2627 3775 2640 3810 :
2695 3757 2766 3811 Da
2817 3757 2944 3812 mihi
2991 3759 3158 3812 lilium
3194 3768 3364 3812 tuum.
3397 3758 3649 3828 Tulitque

2050 3869 2172 3908 eum
2200 3853 2269 3908 de
2297 3854 2418 3907 sinu
2451 3851 2588 3922 ejus,
2614 3862 2668 3906 et
2697 3851 2930 3920 portavit
2957 3852 3006 3905 iu
3031 3853 3391 3920 ccenaculum,
3421 3852 3506 3907 ubi
3532 3853 3648 3922 ipse

2054 3947 2346 4013 manebat,
2389 3954 2446 4002 et
2489 3945 2668 4016 posuit
2705 3959 2869 4015 snper
2909 3945 3163 4000 lectulum
3208 3960 3364 4000 suum
3408 3945 3533 4018 [Με.
3579 3946 3652 4000 Ie-

2051 4039 2240 4111 ctum].
2279 4040 2343 4094 Et
2371 4039 2622 4095 clamavit
2659 4038 2726 4094 ad
2771 4039 3082 4105 Dominum,
3118 4051 3172 4094 et
3201 4040 3340 4095 dixit
3371 4058 3384 4093 :
3419 4040 3648 4095 Domine

2054 4133 2197 4188 Deus
2234 4146 2406 4198 meus,
2436 4133 2595 4187 etiam
2632 4147 2696 4186 ne
2727 4132 2982 4203 _viduam,
3015 4133 3154 4204 apud
3187 4149 3347 4204 quam
3380 4149 3479 4204 ego
3510 4133 3536 4170 ά
3567 4142 3654 4190 ιιι-

2051 4315 2183 4382 lum,
2225 4312 2319 4367 sed
2368 4320 2422 4366 et
2469 4311 2653 4366 caueri
2690 4311 2808 4366 libri
2843 4325 3035 4366 omnes
3066 4319 3198 4382 quot
3225 4321 3532 4381 supersunt,
3567 4315 3648 4370 vi-

2049 4387 2182 4456 ginti
2211 4384 2346 4439 duos
2379 4394 2584 4437 tantum
2616 4383 2764 4452 regni
2795 4398 2966 4456 annos
2995 4385 3216 4456 A_chabo
3243 4385 3501 4456 tribuunt.

2122 4455 2148 4494 ι)
2171 4456 2246 4510 Ita
2272 4456 2397 4520 legit
2426 4457 2609 4509 Canon
2638 4454 2976 4508 emendatus.
3001 4453 3197 4508 Ca-teri
3222 4455 3287 4509 ad
3316 4472 3480 4509 unum
3512 4472 3644 4511 mss.

2050 4528 2265 4582 eodires
2317 4525 2585 4578 Methhuol
2612 4536 2703 4578 aut.
2735 4523 3041 4578 Methobaaf
3078 4526 3295 4586 habent,
3326 4539 3374 4580 et
3413 4528 3646 4594 proclivi

2049 4611 2195 4651 certe.
2237 4601 2382 4663 lapsu
2418 4609 2638 4665 propter
2668 4613 2717 4648 m
2746 4596 3060 4650 itmnediate
3084 4598 3396 4666 praecedens
3427 4600 3482 4652 in
3511 4613 3649 4656 voce

2057 4671 2389 4740 [iliuttLQuis
2417 4677 2621 4721 neseiat
2641 4676 2848 4720 centies
2877 4683 2938 4721 ac
2966 4669 3162 4722 milltes
3185 4669 3325 4723 idem
3347 4671 3642 4740 contigisse

2055 4740 2396 4810 antiquariis,
2451 4750 2504 4791 ut
2549 4740 2816 4810 elementa
2869 4740 3157 4793 verborum
3221 4742 3643 4806 praecedentium

2053 4827 2174 4866 cum
2193 4809 2567 4877 ’Sequeutibns
2595 4809 2779 4862 verbis
2809 4811 3166 4876 copularent?
3194 4810 3367 4865 ΜΑιιτ.

2051 4913 2123 4923 -
2158 4883 2453 4937 Veronens.
2488 4894 2586 4933 ms.
2633 4878 2897 4932 Methbaal
2929 4884 3424 4950 :quemadmodum
3455 4886 3505 4937 in
3539 4885 3651 4952 ple-

2053 4955 2234 5024 risque
2277 4953 2396 5007 aliis
2420 4953 2498 5006 Ma
2511 4953 2761 5024 rtiana-us
2790 4953 2993 5005 invenit
3020 4969 3033 5007 :
3057 4969 3123 5006 ex
3149 4954 3308 5008 obvio
3335 4955 3645 5011 Latinorum

2052 5023 2350 5079 scribarum
2382 5037 2592 5086 errore,
2617 5023 2707 5090 qui
2739 5039 2787 5073 tu
2820 5024 3053 5077 litteram
3090 5036 3414 5092 postremam
3442 5044 3646 5093 praece-

1993 5119 1998 5123 -
2052 5096 2226 5150 dentis
2262 5098 2502 5164 proxime
2536 5093 3291 5164 Vocis/ilium,geminant,ac
3323 5099 3658 5157 transferunt

2050 5168 2116 5222 ad
2149 5183 2379 5237 sequens
2412 5166 2658 5219 verbum.

2129 5239 2485 5312 [Veronett_s.
2521 5253 2621 5290 tus.
2662 5244 2802 5290 tacet
2844 5238 2910 5302 ei,
2943 5238 3090 5307 quod
3122 5239 3336 5309 quidem
3369 5256 3540 5312 neque.
3571 5252 3655 5298 est

2052 5310 2104 5364 iu
2136 5310 2359 5363 llehrzco
2382 5309 2641 5365 additum.

2125 5378 2150 5417 d
2172 5381 2337 5435 Paulo
2361 5382 2550 5432 vitiosa
2581 5381 2842 5448 setiptura
2878 5381 2928 5433 in
2960 5380 3260 5436 Vereor-ns.
3283 5399 3382 5436 tus.
3408 5385 3654 5438 haecum—

2053 5469 2169 5522 que,
2203 5451 2344 5521 quod
2375 5452 2624 5517 accipere
2657 5454 2836 5505 malim
2872 5469 2967 5517 pro
2998 5455 3277 5520 hucusque,
3312 5471 3416 5507 non
3451 5467 3650 5509 utcuma

2055 5540 2149 5592 que
2179 5540 2197 5577 :
2224 5523 2327 5577 etsi
2354 5524 2494 5575 enim
2520 5523 2569 5574 in
2596 5522 2825 5576 Hehrmo
2846 5523 2978 5576 nihil
3005 5525 3073 5577 sit
3097 5526 3237 5591 quod
3261 5525 3506 5580 alterutri
3531 5528 3652 5582 voci

2060 5595 2277 5664 ιιι-ομνια
2317 5593 2660 5662 reSpotnIcat,
2703 5604 3166 5648 censonattamen
3197 5611 3258 5649 ea
3295 5600 3464 5664 magis
3494 5614 3649 5653 sacro

2059 5666 2332 5720 contextut
2371 5675 2470 5737 :Let
2499 5665 2692 5737 Graec”
2722 5666 2903 5737 nescio
2937 5665 3023 5719 cui
3055 5666 3340 5735 IIchpIari
3371 5667 3652 5737 Ittlcrprcti

2060 5738 2345 5808 ριύικιιιιι·,
2374 5733 2696 5808 ἔτιλαιλιιιιε,
2734 5735 2849 5808 sive
2894 5738 2994 5790 huc
3025 5733 3464 5807 usqua'Svequior
3492 5733 3650 5796 Atua-

2065 5805 2286 5863 hucusis
2311 5808 2368 5860 iu
2391 5805 2575 5862 codice
2607 5807 2804 5875 reﬁxit,
2834 5805 3126 5876 utcumque.
