4144 6364
546 260 650 318 711

1541 259 1602 318 S.
1644 258 2022 317 IIIERONYMI
2062 256 2295 319 DIVINA
2334 257 2814 341 BIBLIOTHECA.

3737 261 3839 321 7η

547 386 781 445 euntque
822 377 1127 439 sustentor,
1172 370 1435 435 afﬂixisti.
1481 380 1540 427 ut
1583 371 1920 429 interﬁceres
1966 371 2135 427 ﬁlium
2165 376 2214 434 Α
2243 372 2381 428 dixit
2404 373 2588 429 Elias:
2617 375 2757 430 Vivit
2789 372 3051 430 Dominus
3099 374 3463 443 exercituum,
3513 383 3640 434 ante
3691 379 3840 449 cujus

546 466 704 539 ejus?
740 467 807 522 Et
848 466 1109 537 expandit
1140 482 1221 533 se,
1260 478 1422 538 atque
1459 480 1678 522 mensus
1707 477 1790 522 est
1817 482 1981 535 super
2007 483 2137 538 pue-

547 574 669 614 rum
713 559 788 632 [h.
839 559 1147 631 parvulum]
1190 548 1381 614 tribus,
1407 558 1635 625 vicibus,
1675 558 2036 631 clamavitque
2073 559 2140 615 ad

546 650 861 721 Dominum,
907 662 961 709 et
997 653 1072 706 ait
1113 668 1127 708 :
1169 650 1397 707 Domine
1439 650 1582 706 Deus
1608 665 1782 713 meus.
1812 660 2138 720 revertatur,

545 758 665 813 oro,
709 743 889 799 anima
932 744 1079 814 pueri
1113 742 1189 816 [h.
1224 742 1452 814 parvuli]
1486 742 1647 815 hujus
1675 745 1727 798 in
1755 745 1970 801 viscera
1998 745 2138 816 ejus.

546 836 615 893 Et
645 837 924 893 exaudivit
969 835 1226 891 Dominus
1257 852 1448 893 vocem
1494 837 1624 894 Elim
1670 855 1685 894 :
1727 851 1782 896 et
1812 854 2033 912 reversa
2060 848 2142 894 est

546 928 728 984 anima
775 929 920 998 pueri
960 927 1037 1001 [h.
1082 929 1310 1002 parvuli]
1351 931 1490 985 intra
1519 946 1665 999 cum,
1697 941 1752 988 et
1781 932 1999 989 revixit.
2034 932 2143 987 Tu-

545 1022 715 1092 littjue
756 1023 899 1078 Elias
942 1038 1165 1092 puerum
1189 1024 1267 1096 [h.
1295 1025 1619 1097 parvulum],
1651 1036 1705 1083 et
1735 1027 1987 1098 deposuit
2016 1043 2140 1083 eum

546 1115 614 1171 de
642 1116 923 1172 etenaculo
954 1116 1008 1171 in
1048 1116 1361 1175 inferiorem
1387 1118 1631 1188 domum,
1658 1130 1715 1176 et
1736 1121 1961 1177 tradidit
1982 1122 2142 1179 matri

540 1223 677 1276 suae,
722 1220 775 1264 et
817 1209 893 1265 ait
936 1209 1012 1264 illi
1047 1227 1061 1265 :
1095 1210 1171 1265 En
1214 1212 1347 1267 vivit
1378 1210 1521 1267 ﬁlius
1555 1222 1675 1268 tuus
1706 1214 1783 1286 [h.
1814 1214 1973 1279 Vide,
2004 1214 2144 1271 vivit

540 1300 686 1357 ﬁlius
718 1300 879 1374 tuus].
911 1300 1165 1374 Dixitque
1194 1302 1391 1359 mulier
1420 1305 1485 1360 ad
1512 1305 1689 1361 Eliam
1719 1323 1734 1362 :
1769 1306 1924 1362 Nunc
1952 1308 2004 1361 in
2038 1307 2141 1365 isto

537 1393 791 1461 cognovi,
835 1394 1089 1464 quoniam
1130 1395 1213 1451 vir
1253 1396 1350 1452 Dei
1381 1411 1440 1453 es
1471 1404 1551 1467 tu,
1582 1405 1639 1453 et
1666 1398 1894 1454 verbum
1923 1399 2140 1455 Domini

540 1486 594 1542 in
625 1501 722 1542 ore
752 1495 844 1542 tuo
873 1502 1061 1543 verum
1089 1497 1162 1543 est
1185 1488 1264 1561 [h.
1295 1504 1403 1545 non
1426 1489 1634 1563 habet].

610 1579 700 1649 (T.
730 1579 966 1648 LXXVI,
998 1579 1129 1652 Cap.
1157 1581 1372 1655 XVIII.)
1400 1584 1530 1639 Post
1549 1584 1663 1640 dies
1691 1585 1890 1642 multos
1912 1588 2137 1643 verbum

540 1672 755 1729 Domini
786 1673 985 1736 fatuum
1016 1682 1101 1731 est
1127 1674 1194 1730 ad
1224 1675 1420 1743 Eliam,
1455 1679 1507 1732 in
1534 1692 1677 1734 anno
1703 1679 1890 1745 tertio,
1918 1670 2136 1735 dicens:

2245 464 2451 520 vultum
2484 476 2568 521 sto
2589 466 2665 538 [h.
2692 466 2851 539 steti].
2880 468 3002 537 quia
3048 468 3211 524 hodie
3250 470 3528 542 apparebo
3575 470 3649 525 ei.
3699 472 3843 528 Abiit

2244 574 2372 630 ergo
2400 560 2601 615 Abdias
2633 562 2685 616 in
2713 576 2998 616 occursum
3034 562 3209 627 Altab,
3244 575 3297 633 et
3330 563 3597 618 indicavit
3627 552 3704 619 ei.
3738 564 3841 621 Ve-

2244 650 2431 722 nitque
2452 651 2609 706 Abah
2630 653 2683 707 in
2712 668 2997 709 occursum
3019 654 3172 709 Elite.
3193 652 3277 726 [Τ.
3296 653 3612 727 LXXVIII.]
3637 655 3839 713 Etcum

2244 745 2466 800 vidisset
2490 762 2636 812 eum,
2678 747 2756 801 ait
2789 765 2801 800 :
2838 746 2990 803 Tune
3032 763 3092 803 es
3130 748 3244 816 ille,
3276 749 3367 819 qui
3417 750 3716 821 conturbas
3746 751 3838 824 [h.

2245 838 2576 912 conturbatis]
2606 839 2806 895 Israel?
2837 840 2906 895 Et
2966 839 3059 895 illc
3083 839 3159 895 ait
3192 855 3208 895 :
3244 841 3363 899 Non
3410 843 3621 897 turbavi
3654 843 3838 918 [Vulg.

2243 929 2458 1002 ad.ego]
2489 931 2676 995 Israel.
2702 933 2797 987 sed
2833 941 2910 999 tu,
2944 941 3001 988 et
3027 934 3219 989 domus
3250 933 3419 1005 patris
3447 935 3546 999 tui,
3570 938 3659 1006 qui
3687 935 3841 993 dere-

2246 1024 2477 1099 quuistis
2531 1026 2781 1081 mandata
2829 1027 3068 1093 Domini,
3099 1026 3126 1065 (ί
3154 1037 3209 1084 et
3239 1031 3409 1085 secuti
3452 1033 3587 1086 estis
3610 1032 3836 1087 Baalitn.

2246 1117 2628 1176 Verumtamen
2649 1137 2793 1175 nunc
2808 1122 3041 1191 mitte,et
3055 1137 3323 1194 congrega
3339 1125 3407 1181 ad
3423 1141 3507 1179 me
3522 1126 3836 1183 universum

2246 1211 2409 1268 Israel
2441 1213 2494 1267 iit
2530 1223 2715 1270 monte
2735 1212 2993 1283 Carmeli,
3036 1226 3088 1271 et
3120 1217 3414 1288 prolihetas
3437 1218 3836 1289 Baalquadrin-

2243 1315 2440 1376 gentos
2496 1308 2911 1381 quinquaginta,
2957 1311 3360 1383 prophetasqne
3418 1313 3660 1370 lucorum
3712 1332 3838 1385 qua-

2244 1396 2585 1469 dringentoa,
2615 1401 2707 1472 qui
2734 1404 3029 1459 comedunt
3053 1403 3120 1459 de
3151 1421 3337 1461 mensa
3395 1404 3634 1464 Jesabel.
3695 1409 3838 1466 Misit
3926 1422 3931 1429 '

2243 1490 2401 1546 Ahab
2427 1494 2492 1547 ad
2521 1508 2710 1551 omnes
2736 1496 2876 1551 ﬁlios
2908 1499 3095 1567 Israel,
3127 1509 3183 1554 et
3228 1504 3581 1573 caugregavit
3610 1504 3838 1574 prephe-

2244 1593 2327 1640 tas
2350 1586 2403 1641 in
2442 1601 2625 1644 monte
2659 1589 2915 1646 Carmeli.
2965 1590 3049 1665 [T.
3083 1591 3303 1665 XXIX]
3330 1593 3611 1652 Accedens
3656 1609 3835 1655 autem

2245 1677 2390 1734 Elias
2409 1680 2476 1735 ad
2494 1698 2709 1738 omnem
2736 1685 3018 1755 populum,
3049 1687 3126 1742 ait
3153 1704 3167 1740 :
3202 1687 3493 1759 Usquequo
3519 1689 3834 1748 claudicatis

542 1764 712 1835 Vade,
744 1773 801 1822 et
827 1766 1055 1822 ostende
1087 1776 1139 1823 te
1167 1767 1341 1835 Ahab,
1370 1775 1429 1823 ut
1457 1768 1579 1825 dem
1609 1771 1843 1840 pluviam
1870 1787 2033 1843 super
2062 1773 2140 1827 I'a-
2166 1773 2216 1835 B
2242 1770 2294 1827 in
2342 1773 2481 1829 duas
2526 1777 2743 1845 partes?
2788 1779 2835 1832 si
2891 1778 3153 1833 Dominus
3198 1792 3279 1835 est
3323 1780 3488 1848 Deus,
3548 1783 3836 1854 sequimini

534 1859 676 1916 ciem
709 1869 891 1916 terrae.
922 1860 1026 1916 Ivit
1053 1877 1184 1932 ergo
1212 1862 1383 1932 Elias,
1416 1872 1475 1919 ut
1500 1865 1814 1922 05tenderet
1842 1882 1903 1923 se
1934 1869 2088 1925 Altab
2118 1886 2133 1923 :

536 1961 659 2009 erat
690 1963 872 2009 autem
898 1953 1071 2010 fames
1099 1953 1397 2012 vehemens
1423 1956 1476 2011 in
1505 1957 1771 2014 Samaria.
1809 1960 2138 2032 Vocavitque

537 2046 693 2103 Ahah
715 2049 942 2105 Abdiam
971 2049 1404 2119 dispensatorem
1427 2052 1623 2109 domus
1646 2069 1759 2110 sua:
1782 2072 1795 2110 :
1821 2054 2023 2110 Abdias
2043 2071 2139 2110 au-

542 2149 652 2198 tem
686 2142 912 2198 timebat
941 2143 1221 2199 Dominum
1267 2144 1442 2201 valde.
1488 2144 1621 2200 Nam
1655 2161 1775 2202 cum
1804 2145 2139 2204 interﬁceret

539 2232 756 2291 Jezabel
783 2235 859 2310 [h.
892 2235 1087 2310 Isabcl]
1124 2238 1423 2309 prophetas
1463 2239 1701 2307 Domini,
1738 2242 1862 2296 tulit
1891 2243 1981 2299 ille
2011 2258 2137 2299 cen-

540 2336 655 2383 tum
707 2330 1015 2399 prophetas,
1059 2336 1115 2386 et
1156 2330 1442 2387 abscondit
1484 2347 1580 2388 eos
1626 2334 2033 2405 quinquagenos
2079 2336 2135 2392 in

538 2429 565 2457 ε
606 2420 906 2491 speluncis,
953 2431 1008 2477 et
1048 2422 1194 2494 pavit
1236 2438 1330 2479 eos
1375 2439 1515 2494 pane
1544 2434 1599 2480 et
1638 2441 1793 2497 aqua.
1832 2427 1973 2483 Dixit
2006 2444 2136 2501 ergo

535 2512 693 2568 Altah
721 2512 788 2569 ad
816 2513 1040 2569 Abdiam
1077 2531 1091 2570 :
1130 2515 1274 2589 vade
1296 2517 1350 2573 in
1375 2526 1575 2573 terram
1606 2517 1673 2574 ad
1705 2520 1989 2577 universos
2019 2522 2137 2576 ion-

538 2613 621 2661 tes
658 2621 939 2677 aquarum,
976 2614 1039 2664 et
1070 2608 1124 2663 in
1163 2619 1387 2666 cunctas
1416 2610 1616 2679 valles,
1648 2612 1693 2668 si
1721 2612 1860 2669 forte
1889 2614 2134 2671 invenire

484 2734 491 2745 .
539 2697 812 2767 possimus
838 2697 966 2770 [Με.
1009 2700 1313 2771 possemus]
1343 2695 1590 2770 herbam,
1621 2709 1679 2757 et
1707 2703 1920 2760 salvare
1963 2720 2134 2776 equos

534 2797 589 2845 et
605 2790 778 2845 mulos
797 2789 877 2863 [h.
893 2806 1089 2862 equttm
1105 2801 1159 2848 et
1178 2791 1432 2864 mulum],
1446 2804 1499 2849 et
1523 2809 1628 2849 non
1656 2795 1871 2865 penitus
1888 2797 2133 2866 juntenta

531 2880 829 2939 intereant.
865 2883 1281 2956 Diviseruntque
1305 2886 1407 2943 sibi
1429 2890 1677 2959 regiones
1701 2888 1777 2961 [h.
1806 2890 2048 2964 terram],
2077 2900 2134 2947 ut

534 2975 888 3032 circumirent
913 2991 1006 3033 cas
1035 2977 1113 3051 [h.
1141 2979 1283 3051 eam]
1308 2996 1321 3033 :
1350 2978 1501 3035 Ahab
1523 2981 1635 3037 ibat
1658 2997 1755 3052 per
1776 2981 1917 3038 viam
1944 3000 2130 3052 unam,

531 3075 588 3124 et
626 3068 829 3125 Abdias
870 3084 965 3140 per
1003 3070 1143 3127 viam
1183 3075 1409 3128 alteram
1452 3087 1702 3130 seorsum
1745 3075 1821 3148 [h.
1867 3093 1962 3147 per
1990 3078 2128 3133 viam

2243 1882 2365 1922 eum
2399 1885 2415 1924 :
2447 1871 2490 1925 si
2547 1881 2724 1927 autem
2758 1871 2917 1937 Baal,
2948 1874 3235 1945 sequimini
3283 1875 3461 1930 illum.
3516 1875 3585 1930 Et
3610 1891 3721 1932 non
3748 1891 3836 1933 re-

2241 1963 2460 2032 Spondit
2477 1964 2524 2019 ei
2542 1967 2771 2037 pepulus
2792 1969 3039 2029 verbum.
3060 1970 3125 2024 Et
3150 1970 3228 2024 ait
3251 1986 3443 2026 rursus
3468 1971 3618 2026 Elias
3644 1973 3711 2027 ad
3744 1988 3836 2043 po-

2243 2056 2428 2126 pulum
2460 2074 2475 2111 :
2531 2058 2643 2129 Ego
2674 2061 2911 2116 remansi
2952 2062 3217 2133 propheta
3246 2062 3462 2119 Domini
3485 2064 3636 2120 solus
3666 2082 3680 2119 :
3715 2080 3837 2136 pro-

2242 2147 2419 2218 phetae
2449 2160 2631 2206 autem
2683 2151 2811 2207 Baal
2861 2153 3245 2225 quadringenti
3299 2154 3695 2226 quinquaginta
3735 2157 3835 2213 viri

2239 2224 2386 2295 Sunt.
2424 2241 2629 2298 Dcutur
2658 2245 2818 2300 nobis
2847 2249 2953 2301 duo
2985 2224 3178 2315 boves,
3210 2256 3266 2304 et
3292 2224 3365 2303 illi
3395 2224 3597 2319 eligant
3646 2248 3831 2322 [ναις.

2239 2336 2328 2390 ad.
2363 2337 2492 2409 sibi]
2521 2339 2715 2396 bovem
2738 2358 2927 2410 unum,
2959 2354 3013 2399 et
3043 2345 3094 2399 in
3117 2344 3286 2401 frusta
3314 2347 3611 2412 caedentes.
3635 2355 3835 2418 ponant

2238 2444 2402 2499 super
2431 2432 2595 2503 ligna,
2629 2435 2805 2505 ignem
2825 2452 3137 2495 autemnon
3163 2450 3475 2512 supponant
3506 2459 3520 2497 :
3545 2453 3601 2496 et
3622 2457 3723 2513 ego
3754 2441 3835 2498 fa-

2237 2524 2374 2579 ciam
2403 2525 2595 2582 bovem
2622 2528 2947 2592 alterum.et
2976 2532 3253 2602 itnponam
3280 2550 3445 2606 super
3468 2535 3633 2609 ligna,
3654 2537 3832 2608 ignem

2236 2618 2416 2674 autem
2472 2637 2579 2676 non
2630 2637 2954 2695 supponam.
3011 2626 3263 2686 Invocate
3318 2631 3539 2686 nomina
3602 2632 3830 2687 deorum

2237 2721 2542 2770 vestrorum
2569 2714 2649 2788 [h.
2686 2718 2751 2771 In
2779 2720 2988 2775 nomine
3016 2722 3233 2776 deorum
3270 2724 3619 2805 vesu'orum],
3650 2734 3709 2781 et
3730 2741 3831 2798 ego

2236 2805 2502 2862 invocabo
2526 2823 2722 2865 nomen
2748 2810 2963 2868 Domini
3004 2811 3192 2886 [ναις.
3234 2815 3326 2870 ad.
3379 2816 3546 2889 mei]:
3580 2831 3635 2875 et
3689 2820 3828 2876 Deus

2235 2902 2324 2968 qui
2355 2901 2656 2956 exaudierit
2683 2919 2778 2972 per
2810 2905 3010 2976 ignem,
3042 2907 3159 2979 ipse
3187 2909 3260 2964 sit
3281 2910 3447 2967 Deus.
3471 2912 3829 2983 Rcspondens

2235 2994 2409 3048 omnis
2457 2996 2692 3064 populus
2738 2998 2854 3053 ait:
2912 3000 3126 3070 Optima
3180 3007 3481 3076 propositio
3525 3009 3825 3082 [h.bonum

2234 3086 2681 3158 verhuin].,Dixit
2708 3106 2841 3162 ergo
2876 3091 3025 3149 Elius
3076 3098 3358 3166 projihetis
3405 3100 3580 3157 Baal:
3628 3103 3825 3175 Eligite

533 3176 693 3216 unam
722 3162 891 3231 solus,
916 3170 972 3218 et
997 3162 1200 3219 Ahdias
1223 3180 1317 3236 per
1340 3166 1482 3221 viam
1510 3167 1739 3223 alteram
1766 3183 2016 3226 seorsum
2043 3187 2131 3227 so—
2156 3175 2201 3239 C
2234 3180 2387 3235 Vobis
2416 3181 2607 3238 bovem
2641 3200 2803 3240 unum
2832 3200 2885 3242 et
2919 3190 3077 3245 facite
3102 3192 3288 3263 primi,
3322 3196 3449 3266 quia
3494 3212 3592 3254 vos
3643 3162 3824 3269 plures

527 3252 1260 3329 lus].['I‘.LXXVI.]Cumque
1273 3257 1632 3315 essetAbdias
1645 3261 1696 3315 in
1712 3262 2061 3328 via,occurrit
2077 3264 2126 3320 ei

530 3345 676 3401 Elias
703 3362 718 3400 :
742 3347 834 3419 qni
861 3363 983 3403 cum
1005 3349 1347 3421 cognovisset
1371 3354 1726 3418 eum,cecidit
1745 3368 1908 3424 super
1933 3355 2125 3412 faciem

526 3456 676 3498 suam
697 3483 712 3510 ,
760 3452 815 3499 et
848 3443 923 3498 ait
954 3460 969 3498 :
1000 3443 1135 3500 Num
1162 3456 1219 3501 tu
1241 3461 1328 3513 es,
1356 3448 1571 3504 domine
1592 3449 1687 3516 mi,
1714 3449 1892 3504 Elias?
1911 3450 2011 3506 Cui
2036 3451 2127 3507 ille

524 3536 803 3607 respondit
824 3552 839 3594 :
860 3537 993 3609 Ego.
1012 3538 1180 3607 Vade,
1194 3538 1222 3578 δ
1238 3540 1391 3597 etdic
1403 3542 1624 3599 domino
1640 3550 1730 3598 tuo
1745 3542 2122 3603 :AdestElias.

524 3628 592 3683 Et
620 3629 750 3696 ille,
788 3632 941 3701 quid,
993 3632 1190 3702 inquit,
1232 3636 1474 3704 peceavi,
1523 3637 1775 3707 quoniam
1824 3638 1992 3694 tradis
2038 3656 2125 3696 me

522 3734 741 3777 servum
790 3731 941 3779 tuum
992 3724 1047 3780 in
1096 3742 1259 3782 manu
1310 3727 1504 3797 Ahah,
1554 3740 1613 3784 ut
1654 3729 1943 3786 interﬁciat
1988 3734 2123 3789 me?

522 3810 676 3870 Vivit
716 3812 979 3871 Dominus
1023 3817 1166 3875 Deus
1195 3828 1323 3875 tuus
1351 3818 1540 3894 [Vulg.
1574 3821 1667 3878 ad.
1701 3822 1870 3895 quia],
1902 3840 2009 3880 non
2039 3835 2124 3882 est

519 3919 653 3975 gens
684 3917 784 3961 aut
827 3922 1082 3978 regnum,
1126 3926 1235 3982 quo
1277 3927 1384 3967 non
1422 3913 1632 3970 miserit
1672 3915 1925 3972 dominus
1969 3934 2120 3977 meus

520 4004 575 4052 te
620 3998 901 4070 requirens
937 4016 953 4058 :
997 4012 1051 4057 et
1084 4006 1537 4074 respondentibus
1582 4010 1789 4066 cunctis
1831 4027 1845 4067 :
1880 4011 1997 4067 Non
2037 4025 2120 4069 est

516 4087 607 4145 hic
636 4107 650 4145 :
682 4090 950 4161 adjuravit
984 4109 1152 4166 regna
1190 4097 1399 4168 singula
1426 4109 1481 4155 et
1507 4109 1718 4171 gentes,
1750 4118 1816 4159 eo
1845 4105 1989 4175 quod
2019 4105 2121 4162 mi-

518 4185 666 4243 nime
700 4190 1040 4260 reperireris.
1086 4192 1153 4247 Et
1192 4208 1354 4259 nunc,
1391 4204 1448 4250 tu
1477 4196 1615 4252 dicis
1650 4198 1781 4255 mihi
1815 4218 1827 4253 :
1868 4199 2030 4267 Vade,
2063 4212 2120 4259 et

517 4278 604 4335 die
634 4280 854 4336 domino
883 4293 976 4337 tuo
1000 4302 1012 4337 :
1036 4282 1206 4340 Adest
1228 4284 1398 4342 Elias.
1421 4286 1666 4360 Cumque
1687 4306 1965 4348 recessero
1987 4308 2013 4347 a
2042 4304 2113 4361 te,

518 4371 757 4443 Spiritus
800 4376 1013 4432 Domini
1059 4380 1359 4450 asportabit
1395 4389 1448 4438 te
1492 4384 1544 4437 in
1571 4383 1752 4440 locum
1806 4402 1963 4457 quem
2014 4404 2117 4460 ego

516 4466 731 4537 ignoro,
775 4477 831 4524 et
855 4469 1133 4541 ingressus
1164 4473 1423 4529 nuntiabo
1467 4474 1651 4547 Ahab,
1698 4487 1752 4533 et
1796 4494 1903 4533 non
1961 4478 2115 4537 inve-

2233 3272 2365 3329 estis
2392 3290 2406 3329 ε
2440 3283 2497 3332 et
2524 3276 2771 3334 invocate
2803 3282 3021 3338 nomina
3053 3284 3279 3343 deorum
3313 3298 3614 3348 vestrorum
3644 3293 3724 3367 [h.
3758 3293 3823 3351 In

2232 3366 2435 3420 nomine
2472 3367 2685 3423 deorum
2713 3374 3039 3447 vestrorum],
3070 3375 3357 3449 ignemque
3400 3395 3508 3435 non
3552 3366 3821 3453 suppona-

2232 3456 2317 3513 tis.
2366 3458 2467 3527 Qui
2515 3476 2639 3517 cum
2672 3463 2927 3520 tulissent
2956 3467 3173 3536 bovem,
3202 3480 3226 3507 ε
3274 3485 3436 3542 quem
3460 3472 3690 3530 dederat
3714 3476 3816 3544 eis,

2228 3548 2512 3607 fecerunt:
2566 3562 2619 3609 et
2672 3554 3005 3626 invocabant
3049 3577 3242 3618 nomen
3288 3565 3419 3621 Baal
3449 3569 3517 3623 de
3545 3584 3707 3627 mane
3735 3585 3820 3626 us~

2228 3658 2333 3714 que
2380 3644 2445 3700 ad
2476 3647 2783 3717 meridiem,
2835 3651 3083 3711 dicentes
3117 3674 3131 3711 :
3161 3657 3311 3726 Baal,
3345 3662 3543 3716 exaudi
3579 3678 3699 3719 nos.
3758 3666 3820 3721 Et

2227 3750 2337 3790 non
2356 3749 2476 3792 erat
2504 3755 2628 3805 vox,
2658 3757 2760 3798 nec
2789 3744 2882 3814 qui
2913 3748 3271 3816 reSponderet
3291 3768 3306 3806 :
3330 3754 3817 3829 transiliebantque

2224 3829 2395 3887 altare
2419 3833 2562 3902 quod
2592 3834 2854 3892 fecerant.
2896 3838 3147 3914 Cumque
3184 3854 3330 3902 esset
3371 3847 3482 3917 jam
3533 3852 3813 3922 meridies,

2226 3925 2491 3983 illudebat
2525 3930 2604 3984 eis
2631 3929 2799 3996 Elias,
2825 3934 3014 3992 dicens
3048 3954 3062 3991 :
3094 3938 3341 3997 Clamate
3384 3957 3522 4000 voce
3570 3946 3813 4017 majore:

2227 4017 2370 4075 Deus
2401 4021 2549 4076 enim
2579 4031 2683 4091 est,
2730 4032 2786 4080 et
2813 4024 3041 4085 forsitan
3072 4031 3334 4103 loquitur,
3367 4046 3462 4092 aut
3490 4036 3545 4092 in
3569 4038 3814 4096 diverso-

2223 4114 2304 4168 rio
2323 4125 2427 4181 εει,
2459 4127 2550 4171 aut
2580 4116 2634 4172 in
2668 4118 2885 4187 itinere,
2908 4133 2999 4178 aut
3028 4136 3177 4182 certe
3201 4127 3426 4196 dormit,
3457 4142 3515 4186 ut
3547 4136 3815 4192 exercite-

2224 4214 2331 4260 tur.
2356 4205 2681 4265 Clamabant
2707 4228 2837 4284 ergo
2861 4230 2994 4270 voce
3025 4234 3241 4289 magna,
3296 4231 3351 4277 et
3389 4223 3706 4284 incidebant
3752 4243 3812 4285 se

2217 4296 2375 4368 juxta
2404 4297 2566 4355 ritum
2593 4318 2749 4357 suum
2780 4306 2970 4362 cultris
3000 4318 3056 4363 et
3081 4310 3362 4382 Ianeeolis,
3400 4314 3573 4372 donec
3595 4317 3817 4389 perfun-

2220 4389 2479 4448 derentur
2501 4396 2784 4465 sanguine.
2821 4400 3115 4471 Postquam
3145 4398 3325 4463 autem
3386 4410 3607 4465 transiit
3650 4413 3811 4469 meri-

2221 4483 2357 4551 dies,
2382 4497 2435 4541 et
2462 4486 2569 4542 illis
2599 4491 3073 4563 proplietantibus,
3102 4511 3327 4555 venerat
3350 4510 3565 4575 tempus
3595 4522 3703 4575 quo
3725 4521 3810 4562 sa-

515 4561 671 4616 niens
690 4573 711 4602 ε
741 4571 815 4631 te,
841 4563 1129 4621 interﬁciet
1155 4582 1242 4623 me
1275 4584 1289 4622 :
1317 4582 1519 4649 servus.
1545 4580 1724 4626 autem
1786 4581 1911 4629 tuus
1962 4573 2116 4631 timet
2141 4575 2193 4637 D
2220 4576 2484 4634 oriﬁcium
2512 4580 2698 4638 oii‘erri
2730 4582 2892 4657 solet,
2934 4603 3035 4645 nec
3061 4561 3406 4650 audiebatur
3457 4561 3586 4665 vox,
3612 4561 3811 4672 .ttequc

520 4653 808 4711 Dominum
842 4658 911 4714 ah
939 4658 1162 4716 infantia
1192 4676 1308 4717 sua.
1360 4662 1634 4733 Numquid
1682 4681 1787 4723 non
1817 4667 2108 4726 indicatum

513 4755 598 4803 est
620 4748 716 4803 tibi
743 4748 964 4807 domino
991 4767 1137 4819 meo,
1171 4752 1300 4823 quid
1329 4752 1554 4811 iecerim
1599 4773 1721 4813 cum
1776 4760 2113 4821 interﬁceret

510 4837 725 4897 Jezabel
784 4842 1075 4913 prophetas
1115 4844 1378 4916 Domini,
1420 4850 1564 4919 quod
1611 4852 1988 4911 absconderim
2042 4857 2110 4915 de

511 4932 797 5003 prophetis
840 4936 1052 4993 Domini
1092 4948 1309 4994 centum
1356 4941 1505 4998 viros
1533 4982 1547 5007 ,
1602 4945 2015 5018 quinquagenos
2061 4958 2109 5005 et

512 5019 723 5092 [h.non
753 5024 934 5099 habet]
961 5027 1369 5101 quinquagenos
1399 5031 1453 5086 in
1498 5032 1798 5104 speluncis,
1845 5048 1901 5095 et
1947 5056 2109 5111 pave-

512 5114 616 5170 rim
639 5132 735 5172 eos
766 5132 905 5188 pane
935 5130 991 5175 et
1011 5124 1200 5193 aqua?
1252 5123 1322 5179 Et
1352 5141 1496 5181 nunc
1527 5136 1583 5182 tu
1607 5128 1743 5184 dicis
1768 5147 1780 5184 :
1829 5130 2001 5203 Vade,
2051 5144 2106 5193 et

508 5205 597 5263 die
624 5208 843 5267 domino
871 5222 964 5269 tuo
996 5214 1201 5274 :Adest
1232 5216 1383 5274 Elias
1412 5234 1427 5276 :
1463 5227 1522 5275 ut
1554 5219 1841 5279 interﬁciat
1873 5228 2006 5283 me?
2035 5228 2105 5285 Et

582 5425 611 5507 ’ξ
636 5414 832 5507 Μξςιρςξ
855 5433 1083 5507 {tumere
1102 5420 1245 5507 idem
1270 5440 1374 5481 ms.
1394 5424 1547 5498 juxta
1568 5428 1734 5488 liehr.
1756 5433 1813 5487 in
1834 5432 2103 5507 spelunca,

509 5483 723 5570 Vulgati
753 5489 837 5544 bis
855 5489 1056 5546 habent
1084 5483 1567 5570 etquinquaéenos.

577 5559 606 5601 ι)
645 5560 925 5649 Ideir'ia‘ms'.
956 5576 1077 5625 cum
1119 5559 1462 5628 Ilebr.'tac'et
1489 5583 1558 5642 et,
1591 5589 1825 5649 moxque
1850 5577 2016 5637 habet
2038 5579 2107 5635 At

508 5632 599 5690 ille
630 5651 727 5702 pro
756 5630 827 5689 Et
855 5634 963 5690 ille.

585 5718 604 5789 ξ
634 5704 935 5789 Veronens.
958 5721 1062 5763 ms.
1094 5717 1144 5764 et
1162 5711 1511 5789 noninuem'et
1532 5726 1599 5788 te,
1626 5727 1674 5773 et
1694 5720 1969 5789 interﬁciat
1998 5738 2097 5778 me.

577 5775 603 5814 α
632 5777 802 5835 Addit
832 5777 973 5836 idem
1002 5796 1104 5839 ins.
1152 5779 1252 5838 Dei
1300 5785 1412 5856 tui,
1462 5775 1607 5859 quod
1639 5775 1955 5864 quidemn—1
2001 5775 2104 5851 ho;

2215 4671 2410 4743 aliquis
2438 4675 2824 4746 respondebat,
2850 4694 2949 4736 nec
2988 4683 3305 4742 attendebat
3354 4699 3617 4746 orantes:
3673 4690 3810 4748 dixit

2215 4765 2361 4821 Elias
2384 4768 2533 4823 omni
2560 4772 2764 4841 populo
2791 4789 2806 4828 :
2856 4772 3049 4831 Venite
3069 4778 3135 4834 ad
3159 4795 3267 4837 me.
3324 4782 3393 4838 Et
3416 4784 3715 4842 accedente
3740 4786 3807 4843 ad

2212 4873 2276 4915 se
2297 4861 2520 4930 populo,
2551 4865 2770 4919 curavit
2794 4866 2964 4924 altare
2994 4869 3234 4941 Domini,
3291 4875 3439 4944 quod
3465 4876 3804 4935 destructum

2212 4951 2409 5007 fuerat.
2443 4953 2508 5009 Et
2542 4955 2664 5011 tulit
2695 4957 2987 5017 duodecim
3042 4963 3250 5035 lapides
3295 4966 3451 5038 juxta
3515 4987 3800 5029 numerum

2216 5045 2452 5102 tribuum
2494 5048 2732 5105 ﬁliorum
2772 5052 2961 5123 Jacob,
2994 5056 3062 5111 ad
3094 5074 3256 5126 quem
3286 5062 3460 5119 factus
3495 5072 3580 5120 est
3623 5081 3803 5122 sermo

2215 5137 2449 5202 Domini.
2482 5140 2708 5199 dicens:
2740 5143 2904 5202 Israel
2931 5148 3037 5203 erit
3060 5164 3256 5208 nomen
3290 5162 3461 5211 tuum.
3509 5156 3579 5212 Et
3627 5159 3799 5215 aediﬁ-

2209 5232 2355 5288 cavit
2382 5230 2452 5289 de
2473 5233 2741 5304 lapidibus
2763 5237 2934 5296 altare
2958 5239 3014 5297 in
3041 5244 3267 5303 nomine
3287 5246 3540 5305 Domini:
3572 5252 3802 5323 fecitque

2212 5438 2407 5525 dicenti
2426 5441 2667 5525 Hebraeo
2683 5452 2832 5503 textu
2862 5463 3004 5525 _n9_nﬂ
3023 5461 3146 5525 est:
3198 5452 3394 5525 legisse
3445 5464 3627 5516 tamen
3666 5459 3795 5515 olim

2212 5513 2343 5601 qitid
2367 5515 2555 5601 simile;
2583 5515 2834 5601 videntur
2862 5520 3010 5601 LXX
3034 5513 3414 5601 Interpretes,
3442 5513 3532 5601 qui
3566 5513 3797 5588 reddunt

2211 5586 2297 5640 τὸν
2317 5587 2493 5664 septas
2522 5591 2644 5645 Θεὸν
2675 5591 2814 5664 ὑμῶν
2843 5609 2857 5647 :
2893 5592 3172 5651 Dominum
3197 5586 3362 5655 Deum
3384 5586 3627 5658 uestrum.

2287 5666 2310 5693 υ
2341 5657 2544 5714 lterum
2575 5657 2717 5730 plus
2750 5662 2910 5720 habet
2957 5665 3259 5725 Veronens.
3306 5687 3407 5728 ms.
3459 5676 3666 5731 addens
3708 5674 3797 5731 hic
3864 5676 3875 5683 ”

2208 5742 2390 5854 istum,
2420 5746 2581 5803 quam
2603 5748 2790 5793 vocem
2811 5751 2878 5793 ex
2908 5752 3015 5808 quo
3064 5748 3214 5798 textu
3263 5744 3564 5816 excuderit,
3622 5745 3797 5804 nesci-

2270 5815 2357 5854 us.

2270 5815 2357 5858 ιιε.
