4144 6364
349 300 459 367 713

1643 303 1853 365 LIBER
1894 304 1912 360 l
1956 302 2341 362 MALACIIIM.

3547 310 3653 368 744

347 424 753 499 aquaeductum,
786 422 943 497 quasi
971 437 1065 496 per
1086 424 1222 481 duas
1244 423 1618 481 aratiunculas
1639 424 1693 479 in
1720 425 1948 481 circuitu
1977 427 2026 485 A
2054 422 2199 477 viam
2220 423 2379 479 unius
2406 421 2538 479 diei.
2584 422 2827 493 Cumque
2852 422 3113 491 venisset,
3145 430 3201 481 et
3228 423 3444 482 sederet
3464 426 3654 487 subter

346 519 557 589 altaris,
584 527 641 575 et
669 518 981 589 composuit
1034 519 1223 591 ligna:
1272 518 1567 589 divisitque
1613 518 1806 574 bovem
1854 533 1949 588 per

346 611 614 677 membra,
648 619 704 667 et
729 610 908 682 posuit
932 625 1093 682 super
1121 611 1287 681 ligna,
1315 617 1371 666 et
1391 609 1468 665 ait
1498 626 1511 664 :
1555 608 1786 679 Implete
1810 624 1946 680 qua-

344 714 472 762 tuor
495 705 717 778 hydrias
746 719 909 776 aqua,
937 712 995 760 et
1040 704 1253 760 fundite
1281 718 1447 776 super
1472 704 1854 761 holocaustum
1893 713 1949 760 et

344 814 516 867 super
537 798 703 868 ligna.
732 798 1082 868 Rursumque
1105 797 1242 854 dixit
1274 814 1288 853 :
1345 797 1522 854 Etiam
1565 797 1807 854 secundo
1846 796 1948 853 hoc

347 891 532 946 facite.
585 890 689 959 Qui
732 904 854 946 cum
906 891 1167 946 fecissent
1220 897 1275 945 et
1323 890 1584 957 secundo,
1616 889 1731 951 ait;
1766 889 1946 945 Etiam

346 985 510 1042 tertio
540 983 774 1056 idipsum
808 984 994 1040 facite.
1023 984 1407 1056 Feceruntque
1428 994 1484 1041 et
1513 985 1693 1051 tertio,
1744 991 1800 1041 et
1824 998 1948 1040 cur-

344 1082 542 1138 rebant
568 1097 721 1154 aquae
744 1082 889 1138 circa
920 1081 1115 1148 altare,
1158 1088 1216 1137 et
1262 1080 1412 1137 fossa
1464 1080 1813 1152 aquaaductus
1860 1094 1948 1136 re—

342 1179 490 1248 pleta
543 1187 648 1234 est.
714 1178 955 1249 Cumque
1008 1177 1121 1249 jam
1149 1185 1364 1249 tempus
1392 1187 1541 1234 esset
1564 1186 1624 1233 ut
1651 1177 1947 1233 offerretur

341 1270 746 1341 holocaustum,
772 1271 1042 1327 accedens
1070 1271 1216 1327 Elias
1245 1270 1536 1342 propheta,
1566 1275 1642 1326 ait
1673 1285 1689 1326 :
1714 1270 1946 1326 Domine

341 1363 494 1421 Deus
517 1363 985 1434 Abraham,Isaac
1009 1374 1064 1420 et
1090 1363 1277 1431 Israel,
1322 1363 1486 1419 hodie
1540 1362 1769 1418 ostende
1822 1361 1945 1432 quia

340 1467 398 1513 tu
431 1473 491 1514 es
512 1458 658 1515 Deus
674 1456 843 1513 Israel
868 1456 944 1530 [h.
982 1457 1037 1511 in
1082 1454 1289 1526 Israel],
1313 1465 1367 1511 et
1417 1470 1520 1526 ego
1566 1468 1758 1511 servus
1798 1462 1943 1523 tuus,

339 1564 396 1610 et
419 1555 579 1625 juxta
609 1564 944 1625 prmeeptum
971 1551 1050 1625 [h.
1085 1551 1337 1626 verbum]
1393 1559 1548 1608 tuum
1602 1551 1706 1609 feci
1763 1552 1946 1609 omnia

336 1648 507 1705 verba
535 1648 674 1708 haec.
704 1646 914 1702 Exaudi
946 1663 1055 1715 me,
1100 1646 1352 1714 Domine,
1383 1646 1579 1702 exaudi
1606 1661 1724 1715 me,
1769 1654 1829 1702 ut
1858 1646 1945 1702 di-

337 1750 459 1799 scat
497 1744 728 1814 populus
768 1743 872 1799 iste
911 1742 1040 1814 quia
1085 1751 1141 1797 tu
1183 1756 1242 1797 es
1282 1741 1542 1797 Dominus
1588 1743 1753 1807 Deus,
1787 1748 1843 1797 et
1882 1749 1940 1796 tu

2054 530 2216 571 unam
2242 516 2577 587 juuiperum,
2616 518 2807 588 petivit
2829 517 3026 573 animae
3047 534 3183 587 suae,
3215 530 3277 574 ut
3323 532 3650 593 moreretur,

2053 617 2110 665 et
2136 611 2212 665 ait
2243 625 2257 667 :
2289 608 2516 666 Suffecit
2547 610 2698 680 mihi,
2724 611 2976 679 Domine,
3001 613 3131 669 tolle
3157 614 3393 670 animam
3424 631 3600 673 meam
3638 636 3651 673 :

2056 714 2233 771 neque
2253 701 2401 757 enim
2422 701 2617 757 melior
2638 717 2781 768 sum,
2814 718 2975 774 quam
3014 712 3197 775 patres
3222 708 3349 762 mei.
3379 707 3648 780 Projecit-

2052 808 2158 864 que
2177 808 2257 863 se,
2291 804 2346 850 et
2375 794 2707 850 obdormivit
2734 796 2835 851 sub
2860 797 3047 852 umbra
3073 797 3311 869 juniperi
3345 800 3424 872 [h.
3459 802 3653 859 subter

2053 885 2571 958 unamjuniperum]
2605 904 2620 946 :
2669 896 2874 945 etecce
2903 890 3168 961 angelus‘ll
3208 890 3426 948 Domini
3477 894 3652 967 tetigit

2052 993 2199 1047 eum,
2231 991 2284 1036 et
2305 980 2443 1035 dixit
2473 980 2552 1036 illi
2583 999 2596 1037 :
2626 980 2819 1053 Surge,
2848 982 3169 1040 etcomede.
3201 984 3270 1040 Et
3299 988 3563 1058 respexit,
3596 999 3652 1045 et

2052 1087 2179 1128 ecce
2224 1073 2291 1128 ad
2343 1082 2505 1144 caput
2559 1088 2719 1130 suum
2775 1074 3169 1132 subcinericius
3210 1078 3404 1149 panis,
3448 1090 3504 1136 et
3555 1096 3651 1137 vas

2052 1181 2205 1237 aqua:
2233 1185 2247 1223 :
2276 1168 2516 1223 comedit
2556 1182 2711 1240 ergo,
2750 1177 2807 1225 et
2834 1170 2990 1238 bibit,
3034 1179 3091 1228 et
3111 1186 3335 1228 rursum
3376 1173 3651 1232 obdormi-

2053 1261 2129 1314 vit
2161 1277 2174 1314 :
2208 1274 2573 1332 reversusque
2599 1269 2682 1316 est
2708 1263 2930 1334 angelus
2953 1263 3169 1320 Domini
3202 1268 3463 1336 secundo,
3492 1277 3546 1323 et
3570 1279 3649 1325 te-

2052 1352 2171 1422 tigit
2210 1367 2360 1422 eum,
2415 1353 2658 1425 dixitque
2689 1355 2804 1413 illi:
2852 1356 3045 1429 Surge,
3105 1360 3381 1419 comede;
3429 1364 3650 1431 grandis

2049 1447 2197 1501 enim
2232 1446 2330 1503 tibi
2368 1456 2541 1504 restat
2568 1449 2676 1504 via.
2727 1448 2811 1521 [T.
2844 1449 3156 1524 LXXXIII.]
3204 1452 3306 1521 Qui
3363 1468 3484 1510 cum
3537 1470 3651 1510 sur-

2050 1542 2304 1609 rexisset,
2324 1543 2643 1601 comeditet
2664 1543 2824 1609 bibit,
2865 1553 2919 1601 ct
2974 1545 3273 1602 ambulavit
3333 1548 3387 1603 in
3434 1550 3648 1604 fortitu-

2051 1636 2179 1693 dine
2207 1638 2315 1693 cibi
2343 1638 2508 1704 illius,
2562 1638 2922 1711 quadraginta
2970 1639 3164 1696 diebus
3203 1650 3261 1698 et
3286 1643 3642 1715 quadraginta

2052 1731 2327 1798 noctibus,
2361 1746 2531 1801 usque
2559 1731 2626 1787 ad
2654 1743 2893 1788 montem
2925 1732 3018 1789 Dei
3050 1732 3256 1790 Horeb.
3283 1736 3524 1807 Cumque
3555 1750 3648 1791 ve-

339 1837 665 1893 convertisti
693 1851 790 1892 cor
822 1851 1015 1892 eorum
1056 1834 1250 1890 iterum
1277 1833 1357 1906 [h.
1384 1832 1731 1905 retrorsum].
1785 1831 1940 1889 Ceci-

2052 1821 2223 1878 nisset
2252 1822 2400 1890 illuc,
2433 1823 2636 1879 mansit
2662 1823 2714 1879 in
2753 1824 3036 1894 spelunca,
3092 1836 3150 1883 et
3175 1841 3305 1883 ecce
3332 1816 3514 1884 sermo
3546 1830 3649 1885 Do-

337 1930 417 1987 dit
444 1939 625 1986 autem
658 1930 800 2001 ignis
829 1928 1065 1989 Domini,
1105 1935 1162 1984 et
1187 1926 1398 1983 voravit
1430 1925 1831 1993 holocaustum,
1881 1934 1937 1981 et

338 2027 507 2099 ligna,
537 2038 591 2084 et
613 2027 844 2099 lapides,
870 2028 1153 2098 pulverem
1186 2041 1425 2097 quoque.
1472 2033 1526 2080 et
1569 2038 1790 2094 aquam,
1816 2036 1937 2093 qua:

335 2120 529 2175 eratin
551 2120 879 2191 aqttteductu
902 2120 1166 2175 lambens.
1202 2118 1286 2191 |T.
1320 2116 1562 2188 LXXX]
1612 2116 1766 2184 Quod
1812 2130 1936 2171 cum

338 2211 573 2269 vidisset
602 2213 777 2269 omnis
810 2212 1061 2283 populus,
1087 2211 1284 2267 cecidit
1326 2213 1377 2265 in
1412 2211 1607 2267 faciem
1658 2224 1836 2275 suam,
1882 2216 1936 2264 et

334 2304 413 2358 ait
443 2320 457 2358 :
487 2305 746 2361 Dominus
770 2304 883 2375 ipse
905 2314 989 2358 est
1017 2304 1183 2370 Deus,
1234 2302 1496 2359 Dominus
1515 2304 1631 2371 ipsc
1659 2310 1741 2357 est
1770 2302 1933 2356 Deus.

338 2396 590 2468 Dixitque
638 2397 789 2452 Elias
852 2396 922 2452 ad
976 2411 1071 2453 eos
1122 2411 1136 2447 :
1193 2393 1599 2466 Apprehendite
1641 2393 1936 2464 prophetas

334 2490 492 2559 Baal,
518 2500 570 2547 et
600 2505 667 2547 ne
688 2505 831 2546 unus
853 2490 1072 2560 quidem
1104 2488 1325 2560 effugiat
1354 2487 1482 2560 [Μι.
1516 2487 1709 2558 fugiat]
1738 2502 1806 2541 ex
1833 2485 1932 2542 eis.

340 2582 490 2651 Quos
536 2598 659 2639 cum
712 2581 1291 2653 comprehendissent,
1342 2579 1497 2635 duxit
1542 2579 1619 2651 [h.
1671 2575 1933 2650 deposuit]

336 2691 434 2731 eos
462 2675 605 2731 Elias
631 2675 701 2730 ad
725 2684 1021 2731 torrentem
1048 2673 1237 2743 Cison,
1284 2682 1343 2729 et
1372 2671 1645 2729 interfecit
1694 2686 1789 2728 eos
1837 2672 1931 2727 ibi.

338 2768 407 2824 Et
434 2769 512 2825 ait
541 2768 687 2824 Elias
721 2768 787 2823 ad
814 2768 1003 2823 Ahab:
1036 2766 1311 2834 Aseendc,
1340 2775 1395 2823 et
1421 2766 1666 2829 comede.
1692 2775 1747 2821 et
1777 2766 1933 2830 bibe;

336 2863 463 2933 quia
491 2876 658 2918 sonus
684 2861 867 2916 multa:
890 2860 1087 2932 pluviae
1117 2867 1202 2915 est
1226 2859 1312 2932 [Τ.
1346 2858 1613 2930 LXXXI.]
1672 2858 1936 2915 Ascendit

338 2956 495 3011 Ahab
515 2965 574 3010 ut
597 2954 915 3012 comederet
937 2964 993 3010 et
1022 2954 1231 3009 biberet
1256 2969 1272 3019 ;
1304 2953 1449 3007 Elius
1480 2962 1659 3008 autem
1688 2950 1937 3007 ascendit

338 3050 392 3105 iu
422 3048 687 3105 verticem
718 3046 979 3113 Carmeli,
1029 3058 1082 3102 et
1106 3060 1312 3116 pronus
1335 3047 1387 3100 in
1418 3054 1616 3100 terram
1648 3044 1828 3115 posuit
1854 3044 1934 3099 fa-

337 3142 476 3199 ciem
507 3140 693 3214 [Vulg.
726 3139 1129 3210 adduntsuam]
1170 3140 1317 3194 inter
1337 3153 1513 3210 genua
1552 3152 1669 3205 sua,
1721 3146 1775 3193 et
1802 3138 1937 3193 dixit

338 3237 405 3293 ad
470 3250 699 3306 puerum
748 3249 905 3289 suum
963 3249 978 3288 :
1026 3232 1277 3288 Ascende
1342 3240 1398 3286 et
1442 3230 1697 3301 prospice
1744 3237 1935 3285 contra
1966 3235 2011 3299 (ζ
2044 3234 2099 3283 et
2120 3240 2249 3282 ecce
2274 3243 2379 3282 vox
2403 3228 2470 3283 ad
2502 3244 2625 3284 eum
2667 3228 2901 3284 dicens:

339 3344 513 3385 mare.
538 3328 641 3395 Qui
671 3341 794 3382 cum
822 3324 1181 3390 ascendisset,
1206 3333 1261 3379 et
1314 3323 1714 3392 contemplatus
1769 3331 1933 3389 esset,

343 3420 462 3474 ait:
496 3418 612 3473 Non
634 3426 718 3473 est
742 3417 1059 3489 quidquam.
1096 3415 1165 3470 Et
1198 3430 1414 3470 rursum
1449 3414 1524 3468 ait
1552 3412 1630 3467 illi
1669 3429 1681 3467 :
1731 3411 1939 3467 Rever-

341 3520 461 3568 tere
485 3521 695 3582 septem
721 3511 954 3565 vieibus.
1009 3510 1068 3564 In
1116 3509 1345 3580 septima
1389 3517 1569 3563 autem
1617 3506 1756 3576 vice,
1810 3520 1937 3562 ecce

340 3606 612 3662 nubecula
634 3619 799 3676 parva
829 3603 983 3675 quasi
1006 3602 1293 3673 vestigium
1322 3600 1557 3656 hominis
1580 3600 1792 3673 [h.vola
1816 3598 1939 3671 viri]

339 3697 669 3753 ascendebat
695 3696 763 3752 de
787 3695 949 3752 mari.
982 3694 1085 3763 Qui
1110 3696 1187 3749 ait
1218 3710 1233 3755 ;
1258 3693 1536 3760 Ascende,
1560 3701 1615 3748 et
1636 3691 1725 3747 dic
1747 3690 1935 3746 Ahab:

341 3793 517 3866 Iunge
546 3792 730 3866 [ναις.
770 3790 971 3847 addunt
1001 3804 1219 3845 currum
1252 3786 1425 3857 tuum]
1446 3797 1502 3843 et
1524 3785 1815 3851 descende,
1870 3800 1938 3841 ne

341 3895 571 3955 occupet
598 3892 650 3940 te
702 3883 902 3955 pluvia.
948 3882 1194 3952 Cumque
1235 3895 1294 3936 se
1336 3888 1579 3936 verteret
1622 3877 1729 3933 huc
1774 3886 1939 3949 atque

341 3978 491 4044 illuc,
519 3992 649 4034 ecce
679 3975 802 4033 cceli
830 3973 1210 4031 contenebrati
1239 3979 1387 4038 sunt,
1438 3980 1492 4026 et
1524 3970 1695 4025 nubes
1734 3970 1811 4041 [h.
1842 3984 1941 4025 uu-

344 4068 546 4141 bibus],
580 4078 870 4136 etvcntus,
900 4075 955 4123 et
983 4066 1124 4122 facta
1149 4074 1233 4120 est
1257 4064 1438 4134 pluvia
1459 4062 1700 4134 grandis.
1733 4062 1941 4119 Ascen-

343 4163 476 4219 dens
504 4164 684 4234 itaque
707 4161 862 4217 Ahab
888 4160 1023 4215 abiit
1044 4160 1098 4215 in
1120 4157 1337 4215 Jezracl
1363 4173 1378 4215 ς
1423 4166 1478 4212 et
1502 4171 1697 4211 manus
1724 4155 1941 4211 Domini

344 4257 483 4313 facta
536 4265 621 4314 est
675 4270 839 4326 super
870 4253 1070 4319 Eliam,
1127 4251 1496 4321 accinctisque
1528 4248 1727 4305 lumbis
1755 4263 1941 4305 curre-

345 4348 435 4404 bat
459 4358 585 4403 ante
614 4346 791 4413 Ahab,
820 4345 994 4401 donec
1024 4344 1241 4401 veniret
1262 4343 1313 4397 in
1345 4341 1576 4398 chrael.

417 4442 566 4516 [Cap.
591 4440 760 4515 XIX]
790 4442 1073 4499 Nuntiavit
1096 4452 1276 4496 autem
1306 4437 1460 4492 Ahab
1487 4436 1706 4492 Jezabel
1735 4437 1937 4507 omnia,

345 4555 463 4611 qua:
488 4539 689 4595 fecerat
720 4536 889 4602 Elias,
922 4544 976 4592 et
1018 4533 1292 4607 quomodo
1320 4533 1611 4589 occidisset
1655 4532 1941 4587 universos

2042 1913 2174 1968 mini
2199 1913 2266 1968 ad
2299 1929 2448 1981 eum,
2479 1913 2724 1985 dixitque
2753 1915 2828 1969 illi
2857 1914 3034 1982 :Quid
3063 1916 3162 1985 hic
3192 1917 3328 1988 agis,
3374 1917 3529 1973 Elia?
3579 1921 3650 1976 At

2044 2005 2136 2062 ille
2162 2004 2447 2076 respondit
2484 2024 2496 2059 :
2536 2006 2665 2063 Zelo
2706 2008 2913 2063 zelatus
2945 2023 3063 2063 sum
3111 2023 3212 2079 pro
3264 2009 3496 2065 Domino
3533 2010 3648 2067 Deo

2044 2102 2407 2167 exercituum,
2438 2102 2564 2173 quia
2591 2101 2998 2173 dereliquerunt
3051 2112 3265 2174 pactum
3296 2103 3323 2143 ι)
3358 2115 3506 2161 tuum
3547 2106 3650 2162 lilii

2043 2193 2232 2261 Israel,
2261 2195 2454 2251 altaria
2487 2204 2576 2252 tua
2607 2195 3021 2265 destruxerunt,
3075 2207 3131 2254 et
3180 2198 3474 2271 prophetas
3523 2211 3642 2257 tuos

2042 2288 2358 2345 occiderunt
2408 2288 2609 2360 gladio,
2669 2300 2725 2345 et
2774 2290 3073 2347 derelictus
3100 2306 3220 2347 sum
3242 2307 3344 2363 ego
3374 2292 3548 2364 solus,
3591 2303 3646 2349 et

2043 2395 2297 2458 quaerunt
2322 2390 2559 2443 animam
2589 2402 2791 2455 meam,
2822 2397 2881 2444 ut
2911 2389 3162 2445 auferant
3192 2404 3334 2445 eam.
3374 2389 3441 2445 Et
3464 2391 3539 2446 ait
3561 2392 3641 2447 ei:

2044 2479 2321 2551 Egredere
2350 2489 2405 2535 et
2448 2489 2532 2535 sta
2583 2481 2635 2536 in
2670 2490 2855 2537 monte
2882 2498 3066 2538 coram
3117 2484 3375 2551 Domino,
3419 2496 3475 2540 et
3515 2499 3645 2541 ecce

2046 2573 2305 2629 Dominus
2358 2574 2577 2642 transit,
2631 2582 2686 2630 et
2720 2575 2942 2645 spiritus
2979 2576 3201 2646 grandis
3244 2586 3300 2634 et
3329 2577 3484 2634 fortis
3512 2580 3643 2635 sub-

2043 2675 2266 2725 vertens
2290 2676 2527 2733 montes,
2551 2676 2605 2724 et
2630 2679 2926 2726 conterens
2958 2680 3138 2741 petras
3166 2682 3293 2729 ante
3318 2673 3638 2731 Dominum:

2044 2773 2154 2816 non
2177 2761 2229 2815 in
2253 2762 2451 2832 spiritu
2483 2761 2763 2817 Dominus.
2789 2762 2857 2817 Et
2880 2772 3000 2833 post
3028 2764 3277 2835 Spiritum
3306 2768 3635 2824 commotio:

2044 2871 2152 2912 non
2182 2856 2234 2912 in
2260 2858 2626 2913 commotione
2659 2858 2937 2915 Dominus.
2972 2860 3037 2914 Et
3065 2842 3186 2931 post
3213 2864 3636 2919 commotionem

2043 2947 2185 3020 ignis
2218 2966 2231 3003 :
2264 2965 2368 3004 non
2404 2949 2455 3004 in
2493 2950 2617 3021 igne
2648 2950 2930 3006 Dominus.
2973 2952 3042 3006 Et
3072 2962 3195 3021 post
3225 2955 3404 3025 ignem
3450 2956 3644 3012 sibilus

2043 3052 2189 3095 aurae
2215 3038 2413 3096 tenuis.
2446 3039 2599 3108 Quod
2622 3055 2743 3096 cum
2764 3042 3005 3098 audisset
3041 3043 3214 3111 Elias,
3272 3047 3487 3116 operuit
3530 3048 3645 3103 vul-

2044 3139 2159 3188 tum
2183 3147 2337 3187 suum
2364 3133 2552 3203 pallio,
2572 3142 2631 3189 et
2651 3150 2904 3203 egressus
2929 3138 3077 3191 stetit
3102 3137 3153 3191 in
3182 3139 3324 3194 ostio
3349 3141 3642 3210 speluncae,

2941 3230 3076 3298 Quid
3105 3231 3191 3287 hic
3233 3234 3367 3303 agis,
3395 3235 3549 3290 Elia?
3579 3237 3647 3293 Et

2043 3318 2136 3375 ille
2166 3318 2487 3388 respondit:
2540 3321 2669 3377 Zelo
2698 3322 2903 3376 zelatus
2950 3337 3068 3377 sum
3100 3339 3199 3395 pro
3249 3326 3479 3383 Domino
3527 3328 3643 3385 Deo

2043 3413 2562 3484 exercituunnquia
2614 3414 3021 3486 dereliquerunt
3074 3426 3292 3487 pactum
3341 3428 3492 3477 tuum
3546 3422 3643 3479 filii

2041 3502 2246 3561 Israel:
2282 3505 2474 3561 altaria
2518 3516 2606 3562 tua
2638 3507 3046 3579 destruxerunt,
3080 3519 3136 3567 et
3183 3513 3474 3584 prophetas
3522 3525 3642 3574 tuos

2041 3596 2358 3653 occiderunt
2408 3598 2610 3669 gladio,
2658 3608 2713 3656 et
2756 3600 3053 3659 derelictus
3101 3620 3220 3660 sum
3248 3622 3349 3678 ego
3388 3608 3560 3679 solus,
3587 3621 3644 3667 et

1996 3698 2293 3763 .quterunt
2347 3690 2583 3745 animam
2650 3706 2868 3759 meam,
2925 3702 2983 3749 ut
3044 3696 3300 3753 auferant
3342 3714 3484 3757 eam.
3532 3702 3636 3775 [T.

2040 3778 2311 3852 XXXIV.]
2338 3780 2503 3836 Etait
2533 3782 2797 3838 Dominus
2826 3784 2895 3840 ad
2926 3800 3049 3842 eum
3083 3804 3096 3843 :
3133 3788 3301 3857 Vade,
3331 3802 3384 3848 et
3410 3794 3641 3865 [313.1(1-

2040 3882 2117 3929 cet
2145 3876 2219 3947 et]
2248 3886 2521 3933 revertere
2568 3877 2620 3931 in
2666 3878 2811 3934 viam
2869 3889 3055 3938 tuam°
3117 3899 3213 3951 per
3260 3884 3537 3944 desertum
3580 3892 3636 3947 in

2043 3967 2408 4028 Damascum:
2452 3984 2681 4042 cumque
2725 3976 3044 4042 perveneris
3100 3975 3287 4051 [ναις.
3339 3982 3540 4038 addunt
3570 3985 3639 4043 il-

2042 4061 2175 4134 luc],
2208 4079 2373 4135 unges
2404 4065 2568 4119 Azael
2611 4081 2794 4137 regem
2840 4084 3004 4139 super
3036 4070 3272 4142 Syriam,
3326 4083 3381 4130 et
3424 4076 3523 4133 Jeu
3578 4080 3641 4135 fi-

2041 4157 2173 4214 lium
2224 4157 2411 4213 Namsi
2452 4174 2623 4230 unges
2661 4175 2843 4232 regem
2901 4178 3067 4233 super
3116 4163 3329 4224 Israel:
3384 4168 3638 4228 Elisseum

2043 4261 2226 4307 autem
2266 4251 2438 4307 filium
2475 4252 2700 4325 Saphat,
2732 4255 2824 4326 qui
2867 4266 2950 4311 est
2975 4256 3043 4312 de
3074 4257 3411 4329 Abelmaula,
3471 4279 3641 4336 unges

2043 4345 2363 4414 pr0phetam
2398 4361 2495 4415 pro
2528 4356 2600 4401 te.
2634 4348 2697 4401 Et
2723 4347 2848 4416 erit,
2904 4349 3233 4422 quicumque
3289 4353 3485 4425 fugerit
3529 4364 3643 4428 gla-

2044 4438 2191 4493 dium
2230 4439 2413 4507 Azacl,
2473 4439 2690 4496 occidet
2721 4456 2845 4496 eum
2876 4440 3001 4509 Jeu,
3045 4452 3099 4498 et
3139 4445 3464 4518 quicumque
3510 4448 3635 4521 [Με.

2043 4533 2156 4605 qui]
2183 4533 2385 4603 fugerit
2412 4533 2646 4604 gladium
2689 4534 2813 4599 Jeu,
2865 4535 3155 4592 interficiet
3204 4552 3327 4593 eum
3385 4540 3636 4600 Elisaaus.

345 4632 642 4703 prophetas
702 4628 903 4698 gladio.
976 4627 1226 4698 Misitque
1291 4624 1512 4681 Iezabel
1573 4625 1819 4680 nuntium
1873 4622 1942 4679 ad
1971 4627 2117 4694 DEt
2142 4628 2512 4699 derelinquam
2535 4628 2665 4684 mihi
2700 4630 2753 4683 in
2786 4628 2949 4685 Israel
3002 4641 3211 4700 septem
3263 4634 3486 4690 milliad
3519 4640 3641 4694 uni-

346 4725 547 4789 Etiam,
575 4721 764 4777 dicens
799 4737 812 4773 :
842 4720 970 4775 Haec
992 4720 1122 4773 mihi
1154 4718 1358 4774 faciant
1384 4720 1480 4787 dii,
1513 4727 1568 4775 et
1585 4721 1700 4775 haec
1716 4718 1943 4784 addant,

346 4818 452 4873 nisi
480 4816 581 4871 hac
612 4815 743 4870 hora
769 4829 890 4870 cras
915 4827 1145 4883 posuero
1168 4814 1405 4869 animam
1439 4823 1585 4870 tuam
1635 4815 1777 4869 sicut
1827 4812 1945 4866 ani-

347 4923 492 4965 mam
547 4906 710 4963 unius
751 4923 819 4963 ex
880 4907 1009 4962 illis.
1064 4905 1510 4978 [T.LXXXII.]
1566 4906 1770 4962 Timuit
1813 4920 1947 4977 ergo

350 5002 592 5069 Etias,et
612 5016 842 5074 surgens
881 5001 1018 5057 abiit
1060 5015 1406 5071 quocumque
1444 5016 1568 5057 eum
1606 5000 1813 5055 ferebat
1856 5014 1949 5054 vo-

350 5097 530 5153 luntas
564 5096 862 5165 :vcnitque
893 5096 945 5150 in
984 5094 1292 5151 Ber-Sabee
1352 5094 1427 5165 [h.
1454 5094 1632 5148 timuit
1679 5107 1809 5162 ergo
1837 5092 1947 5147 lie-

352 5191 451 5247 lias
682 5196 736 5244 et
764 5196 1171 5259 surgens....et
1198 5188 1346 5242 venit
1377 5188 1428 5241 iu
1457 5185 1751 5255 Bersabee]
1783 5184 1942 5253 Juda,

352 5293 407 5340 et
429 5284 631 5340 dimisit
659 5284 732 5339 ibi
758 5298 985 5355 puerum
1012 5298 1190 5348 suum,
1224 5291 1279 5337 et
1300 5284 1542 5354 perrexit
1569 5283 1620 5337 in
1646 5282 1944 5347 desertum,

429 5406 456 5435 τι
484 5398 704 5453 Rectius
752 5396 847 5453 hic
874 5396 1180 5453 Veronens.
1214 5412 1319 5451 ms.
1347 5406 1490 5452 tacet
1539 5395 1774 5463 Domini,
1809 5394 1956 5466 quod

356 5486 556 5527 nomen
581 5484 755 5540 neque
785 5478 871 5524 est
908 5471 961 5523 in
994 5470 1227 5525 Hebraeo
1262 5468 1528 5540 additum.

431 5540 456 5579 δ
489 5542 596 5597 Pro
621 5539 763 5595 tuum
805 5542 964 5596 habet
994 5541 1138 5596 idem
1169 5556 1268 5596 ms.
1301 5539 1512 5595 Domini
1543 5557 1562 5595 :
1610 5539 1823 5611 longius
1883 5547 1962 5594 ta-

359 5628 489 5671 men
519 5613 585 5667 ab
613 5611 840 5669 llebrreo
866 5623 1076 5698 πῖν’-τι.

437 5720 457 5747 ε
488 5706 676 5762 Cauon
702 5710 1026 5764 emendatus
1076 5725 1220 5765 nunc
1263 5709 1418 5779 legit,
1452 5724 1539 5779 per
1569 5708 1825 5763 desertum
1851 5704 1962 5760 Da-

359 5781 542 5847 masci,
590 5791 752 5835 antea
782 5794 914 5835 vero
941 5790 1000 5835 ut
1028 5796 1125 5836 nos
1156 5782 1422 5838 edidimus
1453 5781 1521 5838 ad
1544 5779 1706 5839 ﬁdem
1731 5782 1964 5837 aliorum

364 5852 760 5925 exemplarium
804 5866 938 5906 mss.
970 5852 1148 5907 Manr.

804 5950 1079 6014 PATROL.
1117 5950 1415 6016 XXVIII.

2050 4735 2328 4777 versorum
2354 4737 2550 4793 genua,
2583 4738 2703 4792 qua:
2735 4737 2843 4777 non
2892 4732 3019 4777 sunt
3048 4724 3325 4780 incurvata
3376 4727 3528 4799 Baal,
3582 4744 3655 4789 et.

2049 4830 2211 4872 omne
2258 4830 2342 4884 os,
2388 4816 2532 4887 quod
2585 4830 2692 4871 non
2744 4815 2991 4871 adoravit
3034 4832 3157 4872 eum
3197 4818 3284 4890 [h.
3311 4829 3366 4875 et
3388 4836 3549 4880 omne
3578 4840 3643 4883 os

2050 4907 2195 4979 quod
2220 4922 2326 4961 non
2354 4916 2438 4962 est
2465 4904 2762 4962 osculatum
2791 4908 2937 4979 eum]
2986 4909 3236 4965 osculans
3266 4928 3507 4971 manum.
3555 4917 3641 4989 |T.

2053 5000 2345 5073 LXXXV.]
2369 5000 2650 5056 Profectus
2678 5000 2954 5072 ergoinde
2988 5001 3174 5074 [γαίῃ.
3226 5004 3426 5059 addunt
3479 5010 3644 5083 Elias]

2054 5094 2264 5165 reperit
2287 5093 2538 5148 Elisseum
2564 5093 2728 5148 filium
2752 5091 2977 5163 Sapbat,
3010 5103 3253 5149 arantem
3278 5096 3330 5151 in
3363 5098 3644 5158 duodecim

2051 5187 2198 5258 jugis
2220 5187 2406 5253 boum,
2433 5194 2486 5240 ct
2512 5185 2699 5257 ipsein
2730 5185 3016 5240 duodecim
3036 5187 3313 5242 arantibus
3338 5205 3475 5247 unus
3489 5206 3601 5250 erat
3632 5216 3643 5249 :

2059 5294 2291 5347 cumque
2321 5278 2559 5334 venisset
2582 5277 2725 5332 Elias
2755 5276 2820 5331 ad
2844 5293 2965 5333 eum
2985 5319 2999 5344 ,
3056 5280 3201 5334 misit
3248 5282 3466 5349 pallium
3491 5302 3649 5344 suum

2146 5390 2173 5430 ά
2213 5392 2286 5447 Ita
2324 5391 2491 5447 verbo
2518 5391 2582 5445 ad
2617 5391 2839 5447 verbum
2883 5392 3079 5463 legitur
3105 5394 3156 5448 in
3192 5394 3441 5463 IIebrteu,
3469 5402 3520 5457 iu
3554 5404 3656 5461 Ca-

2074 5480 2218 5521 none
2266 5473 2455 5518 nostro
2505 5463 2717 5527 Latino,
2774 5480 2827 5517 et
2874 5464 2926 5519 in
2971 5466 3221 5535 plurimis
3263 5474 3655 5535 vetustioribus

2072 5552 2206 5593 mss.
2262 5535 2530 5616 x'ersipnis
2564 5535 2920 5616 _Iliey_onyr_nj,
2980 5548 3105 5616 pp_ta
3154 5536 3208 5591 in
3263 5539 3436 5616 Ilcgio
3484 5548 3655 5615 prima

2073 5624 2233 5665 manu
2256 5650 2269 5671 ,
2302 5610 2355 5661 in
2384 5606 2804 5661 Corbeiensibus
2829 5606 2889 5661 II
2923 5617 2978 5663 ct
3010 5607 3096 5671 I5,
3120 5617 3228 5663 etc.
3260 5606 3438 5669 Mair.

2136 5711 2204 5722 -—
2227 5679 2302 5733 Ita
2334 5686 2388 5732 et
2420 5678 2719 5732 Veronens.
2752 5678 2910 5733 habet
2937 5692 3038 5733 ms.
3064 5684 3470 5739 etvetustiorcs
3498 5704 3561 5744 ex
3594 5693 3662 5750 iis

2071 5767 2210 5824 quos
2232 5751 2475 5806 Itlartiau.
2511 5751 2807 5805 consuluit.
2852 5749 3066 5820 Vulgati
3096 5761 3287 5821 septem
3330 5756 3498 5813 millia
3528 5749 3665 5822 viro-1

2070 5839 2211 5895 rum,
2242 5839 2460 5895 quarunt
2490 5839 2657 5895 genua
2688 5839 2791 5880 non
2820 5831 2960 5893 sunt,
3003 5829 3111 5880 etc.

3184 5944 3266 6008 23
