4144 6364
518 325 623 386 715

1524 314 1583 372 S.
1625 308 2019 370 HIERONYIII
2060 303 2295 365 DIVINA
2332 298 2818 362 BIBLIOTIIECA.

3716 296 3825 358 τις

519 457 685 518 super
729 440 911 498 illum.
952 437 1056 508 Qui
1096 434 1299 503 statim,
1343 430 1551 490 relictis
1601 429 1775 485 bobus
1809 468 1826 496 ,
1875 419 2189 486 cucur'ritA
2219 433 2430 496 septem
2458 425 2654 497 millia,
2682 434 2738 482 et
2759 417 2966 494 egressi
2987 422 3117 475 sunt
3139 411 3389 473 meridie.
3424 409 3681 471 Benadad
3721 429 3824 469 au-

513 546 641 614 post
668 534 866 600 Eliam,
894 540 951 588 et
975 530 1050 586 ait
1078 546 1093 588 :
1120 527 1367 593 Osculcr,
1399 537 1500 613 oro
1542 521 1672 595 [Μσ.
1701 520 1846 575 addit
1877 518 1976 591 te],
2022 533 2116 591 pa-

521 642 659 687 trem
716 641 894 683 meum
946 632 1001 679 et
1051 629 1280 677 matrem
1330 632 1532 685 meam,
1581 624 1636 672 et
1671 617 1751 672 sic
1800 628 1998 686 sequar
2039 623 2109 670 te.

519 725 777 795 Dixitque
805 720 855 776 ei
887 736 903 778 :
936 715 1104 785 Vade,
1137 723 1193 771 et
1234 718 1540 778 revertere,
1581 708 1724 781 quod
1754 710 1897 766 enim
1935 722 2113 764 meum

519 823 661 879 erat,
693 812 794 869 feci
826 809 941 866 tibi.
971 807 1059 881 [Τ.
1081 803 1393 877 LXXXV/1.]
1434 803 1707 861 Reversus
1734 809 1914 857 autem
1935 801 2003 855 ab
2022 814 2111 868 eo,

520 907 645 962 tulit
673 921 775 978 par
802 904 986 971 boum,
1012 908 1069 958 et
1099 899 1360 955 mactavit
1384 896 1542 967 illud,
1574 904 1630 953 et
1655 895 1709 951 in
1743 903 1926 950 aratro
1950 893 2112 949 boum

521 1003 600 1077 [b.
635 1003 688 1058 in
716 1000 861 1058 vasis
904 995 1089 1070 boum]
1139 996 1286 1053 coxit
1306 1009 1524 1061 carnes,
1550 1002 1605 1048 et
1632 990 1781 1047 dedit
1811 989 2030 1060 populo,
2061 996 2116 1043 et

517 1095 875 1153 comederunt
906 1108 922 1155 ς
954 1104 1408 1161 consurgensque
1448 1087 1603 1155 abiit,
1655 1091 1713 1141 et
1762 1091 1980 1141 secutus
2031 1090 2115 1138 est

521 1186 718 1255 Eliam,
744 1194 802 1242 et
825 1182 1172 1241 ministrabat
1194 1181 1264 1237 ei.

584 1278 739 1352 [Cap.
768 1276 913 1350 XX]
935 1276 1106 1333 Porro
1130 1272 1404 1343 Benadad,
1429 1288 1524 1331 rex
1552 1272 1746 1346 Syrim,
1765 1265 2116 1340 congregavit
2140 1258 2143 1261 ’

513 1387 731 1430 omnem
762 1369 1062 1427 exercitum
1114 1381 1293 1435 suum,
1323 1375 1379 1422 et
1422 1366 1641 1437 triginta
1671 1364 1810 1420 duos
1841 1374 2000 1432 reges
2028 1373 2112 1414 se—

512 1483 660 1535 cum,
693 1475 749 1522 et
774 1479 971 1537 equos,
1029 1470 1086 1519 et
1113 1476 1340 1531 currus,
1391 1469 1448 1515 et
1492 1458 1794 1515 ascendens
1841 1453 2115 1526 pugnabat

514 1569 703 1616 contra
727 1557 1049 1622 Samariam,
1074 1565 1128 1611 et
1147 1552 1435 1610 obsidebat
1456 1567 1601 1609 eam.
1624 1550 1952 1621 Mittensque
1977 1563 2113 1602 nun—

506 1656 614 1709 tios
644 1651 710 1706 ad
740 1650 896 1706 Ahab
930 1663 1110 1719 regem
1141 1645 1309 1702 Israel
1332 1646 1383 1700 in
1408 1644 1702 1710 civitatem,
1728 1643 1801 1697 ait
1830 1660 1842 1696 :
1878 1640 2005 1696 Haec
2033 1640 2114 1695 di-

510 1746 585 1800 cit
616 1742 869 1800 Benadad
898 1758 911 1795 :
939 1742 1233 1812 Argentum
1264 1745 1415 1791 tuum
1444 1745 1498 1793 et
1524 1749 1715 1791 aurum
1748 1744 1896 1789 tuum
1926 1747 2106 1788 meum

2215 528 2326 577 tem
2370 520 2591 578 bibebat
2625 518 2963 578 temulentus
3014 515 3069 570 in
3123 509 3446 569 umbracqu
3486 524 3588 568 suo
3638 509 3719 583 [b.
3762 509 3826 566 in

2214 615 2599 690 umbraculis],
2643 626 2698 673 et
2725 628 2880 687 reges
2909 610 3132 682 triginta
3171 607 3283 665 duo
3321 622 3444 663 cum
3488 622 3587 675 eo,
3629 605 3722 677 qui
3750 604 3826 661 ad

2215 709 2477 765 auxilium
2530 709 2650 780 ejus
2680 715 2969 764 venerant.
3015 704 3233 775 Egressi
3270 708 3401 757 sunt
3442 709 3622 756 autem
3669 696 3826 769 pueri

2218 802 2526 873 principum
2556 800 2967 873 provinciarum
3010 796 3064 853 in
3090 795 3261 866 prima
3282 792 3466 849 fronte
3496 790 3593 864 [b.
3624 791 3677 846 in
3711 789 3829 861 pri—

2216 893 2365 968 mis].
2397 894 2543 949 Misit
2568 894 2748 965 itaque
2778 888 3057 957 Benadad,
3080 888 3172 960 qui
3202 885 3588 944 nuntiaverunt
3625 884 3707 950 ei,
3738 881 3828 937 di-

2216 1000 2402 1048 centes
2434 1010 2446 1046 :
2475 991 2587 1047 Viri
2612 988 2815 1061 egressi
2844 993 2973 1044 sunt
3011 984 3081 1042 de
3109 982 3372 1041 Samaria.
3412 981 3480 1038 At
3507 979 3598 1036 ille
3624 995 3637 1032 :
3668 976 3825 1042 Sive,

2217 1085 2294 1141 ait
2313 1127 2329 1154 ,
2374 1099 2470 1154 pro
2501 1099 2632 1154 pace
2657 1082 2900 1150 veniunt,
2924 1077 3320 1152 apprehendite
3355 1088 3453 1132 eos
3479 1073 3671 1130 vivos:
3703 1071 3827 1128 sive

2216 1190 2277 1234 ut
2324 1178 2671 1249 prazlientur,
2701 1179 2855 1233 vivos
2883 1190 2980 1232 eos
3019 1172 3215 1243 capite.
3257 1168 3479 1243 Egressi
3520 1177 3646 1225 sunt
3690 1181 3827 1239 ergo

2217 1272 2372 1343 pueri
2394 1267 2699 1342 principum
2725 1268 3149 1341 provinciarum,
3180 1272 3244 1321 ac
3273 1265 3515 1333 reliquus
3545 1260 3825 1319 exercitus

2217 1364 2543 1435 sequebatur
2574 1363 2671 1437 [b.
2717 1366 2809 1434 qui
2854 1360 3187 1431 sequebatur
3231 1355 3371 1430 eos]
3403 1374 3417 1410 :
3461 1364 3517 1412 et
3554 1354 3828 1428 percussit

2219 1459 2593 1530 unuSquisque
2629 1459 2837 1525 virum,
2886 1457 2978 1527 qui
3018 1464 3208 1512 contra
3250 1468 3312 1509 se
3358 1450 3614 1509 veniebat
3667 1448 3823 1522 [Με.

2218 1552 2490 1623 venerat],
2536 1552 2896 1624 fugeruntque
2936 1549 3080 1621 Syri,
3124 1558 3181 1604 ct
3225 1554 3546 1619 persecutus
3585 1552 3671 1602 est
3724 1558 3825 1601 eos

2218 1647 2405 1703 Israel.
2433 1646 2592 1719 Fugit
2614 1660 2826 1716 quoque
2847 1642 3101 1700 Benadad
3124 1657 3216 1699 rex
3244 1641 3421 1714 Syriae
3442 1640 3495 1696 in
3523 1653 3665 1711 equo
3694 1652 3823 1694 cum

2216 1738 2514 1810 equitibus.
2572 1736 2794 1795 Necnon
2850 1748 3103 1807 egressus
3164 1749 3261 1790 rex
3336 1732 3502 1790 Israel
3552 1731 3826 1803 percussit

509 1844 615 1905 cst,
643 1845 700 1893 ει
729 1849 926 1892 UXOI‘BS
949 1844 1076 1901 tuae,
1104 1841 1159 1889 et
1196 1831 1295 1886 fllii
1328 1832 1400 1887 ιιιῐ
1428 1830 1648 1901 optimi,
1692 1828 1797 1884 mei
1820 1834 1967 1882 sunt.
1999 1825 2108 1881 Re-
2142 1828 2188 1893 Β
2216 1846 2386 1903 equos
2417 1840 2473 1887 ρι
2500 1846 2691 1887 currus
2712 1873 2727 1898 ,
2752 1818 2825 1889 ‘et
2867 1828 3137 1899 percussit
3160 1826 3374 1899 Syriam
3407 1826 3562 1897 plaga
3599 1839 3820 1896 magna.

513 1930 840 2001 spnnditque
869 1944 963 1983 rex
1017 1924 1179 1982 Israel
1207 1943 1221 1981 :
1251 1925 1415 1981 Juxta
1442 1923 1664 1980 verbum
1693 1932 1864 1989 tuum,
1896 1918 2115 1976 domine

510 2025 583 2079 mi
614 2038 730 2087 rex,
759 2031 881 2077 tuus
905 2035 1024 2076 sum
1047 2034 1170 2089 ego,
1197 2026 1249 2073 et
1275 2016 1454 2072 omnia
1487 2030 1627 2070 mea.
1653 2015 2114 2083 Revertentesque

507 2116 714 2184 nuntii,
742 2114 997 2170 dixerunt
1033 2131 1045 2166 :
1075 2112 1203 2167 Haec
1231 2110 1368 2167 dicit
1405 2108 1682 2175 Benadad,
1715 2108 1805 2179 qui
1838 2108 1987 2162 misit
2013 2121 2113 2162 nos

505 2212 576 2269 ad
607 2221 660 2268 te
703 2229 719 2266 :
767 2211 1062 2280 Argentum
1090 2217 1263 2273 tuum,
1295 2216 1351 2263 et
1389 2222 1579 2261 aurum
1611 2214 1785 2271 tuum,
1815 2212 1871 2260 et
1915 2217 2112 2259 uxores

508 2318 653 2374 tuas,
687 2316 741 2363 et
774 2304 912 2360 filios
940 2313 1062 2359 tuos
1089 2302 1246 2357 dabis
1270 2300 1421 2355 mihi.
1450 2300 1581 2356 Cras
1604 2298 1768 2369 igitur
1793 2300 1893 2352 hac
1919 2295 2110 2352 eadem

507 2401 645 2456 hora
692 2398 903 2455 mittam
957 2408 1146 2451 servos
1183 2407 1335 2449 meos
1378 2391 1444 2447 ad
1497 2401 1579 2457 te,
1630 2398 1686 2445 et
1729 2389 2112 2444 scrutabuntur

508 2494 730 2549 domum
777 2502 955 2557 tuam,
1006 2500 1059 2545 et
1090 2498 1116 2527 ει
1152 2488 1373 2543 domum
1420 2500 1699 2542 servorum
1751 2494 2004 2549 tuorum,
2056 2490 2113 2538 et

509 2602 672 2643 omne
723 2584 865 2657 quod
897 2581 978 2638 cis
1009 2582 1293 2652 placuerit,
1331 2589 1534 2650 ponent
1564 2577 1659 2650 [b.
1689 2585 1744 2631 et
1791 2592 1951 2633 omne
1980 2590 2111 2631 con-

503 2678 829 2751 cupiscibile
876 2679 1162 2733 oculorum
1205 2685 1419 2729 tuorum
1466 2669 1713 2744 ponent]
1762 2672 1818 2725 in
1860 2670 2109 2726 manibus

505 2774 653 2841 suis,
701 2780 758 2830 et
793 2773 1062 2827 auferent.
1095 2768 1320 2824 Vocavit
1366 2774 1546 2822 autem
1591 2781 1687 2821 rex
1720 2764 1887 2820 Israel
1917 2778 2110 2819 omnes

506 2868 756 2925 seniores
802 2875 984 2931 terrm,
1026 2873 1081 2918 et
1127 2864 1204 2916 ait
1247 2880 1261 2915 :
1309 2857 1777 2922 Animatlvortite,
1824 2866 1879 2912 et
1905 2856 2105 2924 videte,

504 2962 761 3034 quoniam
814 2959 1104 3015 insidietur
1140 2955 1317 3012 nobis.
1371 2953 1516 3009 Misit
1570 2951 1714 3007 enim
1763 2950 1829 3005 ad
1878 2966 1964 3006 me
2006 2964 2107 3023 pro

505 3053 768 3110 uxoribus
800 3052 974 3118 meis,
1008 3058 1065 3104 et
1096 3047 1220 3109 filiis
1257 3055 1313 3102 et
1339 3060 1436 3115 pro
1482 3050 1711 3114 argento
1747 3052 1800 3096 et
1837 3052 2001 3113 a'uro,
2054 3051 2109 3097 et

503 3166 612 3205 non
662 3145 847 3202 abnui.
886 3145 1255 3211 Dixeruntque
1303 3152 1495 3194 omnes
1547 3135 1783 3205 majores
1834 3146 1998 3200 natu,
2051 3142 2107 3190 et

2218 1927 2304 2000 [Τ.
2338 1924 2699 1997 LXXXVIII]
2726 1924 3004 1981 Accedens
3030 1931 3213 1979 autem
3242 1920 3507 1992 propheta
3537 1918 3604 1974 ad
3636 1932 3818 1989 regem

2214 2020 2404 2082 Israel,
2429 2021 2565 2074 dixit
2586 2019 2633 2074 ei
2662 2036 2679 2072 :
2703 2016 2876 2085 Vade,
2906 2029 2961 2072 et
2988 2015 3322 2081 confortare,
3355 2022 3409 2069 et
3428 2012 3589 2077 scito,
3618 2019 3674 2066 et
3692 2008 3820 2064 vide

2212 2112 2345 2185 quid
2375 2111 2544 2168 facias
2575 2129 2587 2165 :
2618 2110 2867 2181 sequenti
2898 2109 3044 2165 enim
3070 2124 3214 2164 anno
3236 2123 3333 2163 rex
3360 2104 3535 2177 Syriae
3557 2103 3819 2160 ascendet

2214 2215 2399 2265 contra
2436 2216 2507 2263 te.
2549 2205 2702 2263 Servi
2732 2219 2859 2261 vero
2898 2203 3040 2273 regis
3079 2196 3252 2273 Syria:
3294 2200 3555 2256 dixerunt
3582 2200 3632 2256 ei
3675 2214 3690 2253 :
3732 2198 3817 2254 Dii

2210 2300 2483 2356 montium
2514 2305 2643 2353 sunt
2688 2297 2762 2353 dii
2803 2312 3026 2362 eorum,
3061 2294 3187 2351 ideo
3229 2301 3628 2364 superaverunt
3677 2306 3815 2357 nos;

2212 2396 2311 2452 sed
2339 2394 2534 2451 melius
2559 2401 2641 2449 est
2661 2435 2677 2460 ,
2710 2400 2773 2447 ut
2811 2404 3114 2461 pugnemus
3143 2398 3333 2444 contra
3366 2402 3463 2444 eos
3509 2387 3563 2441 in
3594 2401 3816 2457 campe-

2208 2489 2452 2552 stribus,
2485 2496 2541 2542 et
2585 2484 2953 2543 obtinebimus
2994 2498 3110 2540 eos.
3150 2482 3232 2539 Tu
3274 2495 3405 2552 ergo
3436 2480 3661 2537 verbum
3702 2481 3808 2535 hoc

2213 2586 2341 2641 fac:
2376 2582 2586 2637 Amove
2631 2592 2789 2651 reges
2826 2577 3071 2649 singulos
3108 2576 3178 2632 ab
3209 2574 3452 2632 exercitu
3485 2589 3586 2630 suo
3619 2572 3810 2646 [γαίῃ.

2208 2677 2353 2750 tuo],
2372 2689 2427 2733 et
2456 2690 2601 2747 pone
2627 2673 2901 2745 principes
2924 2686 3023 2743 pro
3045 2670 3220 2738 eis,et
3250 2674 3492 2726 instaura
3523 2682 3809 2725 numerum

2208 2770 2441 2827 militum
2460 2810 2476 2837 ,
2511 2769 2602 2839 qui
2630 2767 2946 2824 ceciderunt
2967 2765 3039 2823 de
3064 2766 3172 2822 tuis
3189 2807 3205 2828 .
3233 2772 3290 2822 et
3312 2779 3483 2836 equos
3508 2762 3810 2820 secundum

2210 2879 2380 2936 equo;
2417 2864 2709 2933 pristinos,
2758 2870 2814 2918 et
2850 2876 3045 2917 currus
3084 2860 3389 2918 secundum
3424 2874 3622 2917 currus
3671 2871 3811 2930 quos

2209 2968 2338 3014 ante
2369 2958 2637 3022 habuisti,
2669 2965 2725 3014 et
2751 2956 3109 3028 pugnabimus
3149 2964 3340 3011 contra
3378 2969 3476 3011 eos
3504 2955 3557 3010 in
3588 2967 3811 3023 eamne.

2208 3054 2434 3119 stribus,
2452 3051 2723 3108 etvidebis
2743 3050 2884 3122 quod
2900 3050 3267 3106 obtinebimus
3282 3064 3402 3105 eos.
3417 3047 3497 3121 [b.
3518 3045 3806 3105 Etaudivit

2209 3161 2384 3201 vocem
2415 3142 2640 3216 eorum]
2664 3141 2907 3199 Credidit
2932 3142 3166 3199 consilio
3195 3156 3414 3209 eorum,
3456 3151 3512 3198 et
3540 3140 3670 3197 fecit
3712 3141 3806 3194 ita.

503 3241 792 3297 universus
820 3235 1074 3308 pepulus,
1108 3232 1175 3288 ad
1203 3246 1326 3287 eum
1358 3247 1371 3284 :
1405 3227 1522 3285 Non
1546 3228 1761 3295 audias,
1799 3242 1977 3298 neque
2017 3241 2106 3282 ae-

2210 3239 2374 3311 Igitur
2392 3248 2678 3311 postquam
2703 3251 2877 3293 annus
2906 3236 3218 3303 transierat,
3245 3236 3524 3293 recensuit
3552 3233 3806 3290 Bertadad

504 3333 753 3405 quiescas
783 3328 962 3401 illi[h.
997 3343 1102 3382 non
1132 3320 1660 3395 habet].Respondit
1689 3321 1870 3391 itaque
1898 3320 2105 3377 nuntiis
2208 3332 2409 3404 Syros,
2460 3340 2518 3387 ει
2565 3330 2808 3387 ascendit
2847 3329 2902 3385 in
2934 3328 3155 3399 Αριιεο,
3204 3337 3265 3385 ιη
3308 3335 3572 3400 pugnare;
3618 3336 3807 3383 οοηιη

503 3424 756 3484 Benadad
788 3443 801 3479 :
834 3422 1008 3477 Dicite
1047 3419 1281 3475 Domino
1310 3430 1433 3473 meo
1463 3418 1575 3486 regi
1608 3431 1623 3469 :
1656 3414 1850 3470 Omnia
1887 3423 2106 3484 propter

2210 3424 2393 3479 Israel.
2440 3423 2612 3478 Porro
2648 3423 2742 3479 Illii
2778 3422 2943 3479 Israel
2978 3421 3238 3478 recensiti
3275 3429 3437 3491 sunt,
3474 3432 3530 3478 et
3568 3420 3810 3493 acceptis

502 3533 625 3590 qua:
673 3514 871 3571 misisti
915 3511 1036 3569 adh
1064 3524 1286 3567 servum
1329 3518 1481 3563 tuum
1528 3509 1580 3563 in
1624 3507 1808 3576 initio,
1865 3506 2101 3563 faciam:

508 3612 649 3663 hanc
697 3616 881 3661 autem
926 3617 1043 3659 rem
1095 3601 1277 3657 facere
1324 3614 1432 3655 non
1478 3612 1722 3671 possum.
1772 3599 2104 3669 Ileversique

505 3704 680 3762 nuntii
714 3701 1020 3759 retulerunt
1041 3698 1112 3754 ei.
1138 3699 1238 3767 Qui
1264 3698 1496 3768 remisit,
1521 3706 1577 3753 et
1600 3698 1675 3753 ait
1708 3713 1722 3751 :
1752 3696 1879 3750 Ilaec
1908 3692 2106 3748 faciant

506 3799 639 3855 mihi
671 3798 765 3866 dii,
797 3797 986 3853 ethmc
1008 3794 1229 3861 addant,
1260 3795 1305 3851 si
1333 3793 1611 3851 sull‘ecerit
1636 3792 1813 3866 pulvis
1843 3790 2104 3847 Samaria:

506 3892 724 3964 pugillis
753 3890 933 3946 omnis
964 3889 1166 3961 populi,
1196 3888 1286 3960 qui
1315 3888 1559 3959 sequitur
1588 3902 1675 3943 me
1706 3885 1835 3959 [Με.
1861 3898 2102 3955 sequun-

511 3986 645 4060 tur].
675 3987 742 4042 Et
766 3982 1102 4055 respondens
1134 3999 1229 4040 rex
1261 3982 1447 4047 Israel,
1471 3982 1548 4038 ait
1577 3999 1591 4038 :
1622 3980 1792 4036 Dicite
1817 3980 1863 4034 ei
1890 3977 1968 4051 [b.
1995 3977 2102 4033 non

506 4075 692 4151 habet]
726 4095 739 4133 :
767 4076 843 4133 Nc
872 4077 1141 4148 glorietur
1169 4075 1450 4130 accinctus
1487 4087 1642 4144 mque
1677 4081 1734 4126 ut
1781 4070 2101 4126 discinctus.

504 4171 729 4227 Factum
769 4180 853 4225 est
880 4178 1088 4235 autem,
1119 4183 1242 4222 cum
1273 4165 1514 4220 audisset
1548 4162 1733 4237 [Vulg].
1767 4162 1969 4217 addunt
2008 4162 2106 4216 Be-

506 4260 728 4333 nadad]
761 4262 985 4320 verbum
1021 4259 1189 4325 istud,
1223 4257 1445 4314 bibebat
1476 4258 1593 4326 ipse
1622 4266 1677 4312 et
1702 4270 1855 4326 reges
1897 4256 1950 4309 in
1980 4271 2102 4309 um—

507 4353 750 4409 braculis
772 4395 788 4421 ,
820 4363 876 4409 et
914 4351 990 4406 alt
1035 4349 1210 4406 servis
1242 4349 1359 4405 suis
1388 4366 1399 4401 :
1433 4347 1778 4403 Circumdate
1804 4347 2099 4403 civitatem.

507 4447 575 4501 Et
623 4443 1102 4503 circumdederunt
1148 4457 1292 4498 eam.
1339 4440 1441 4512 [Τ.
1488 4438 1834 4511 LXXXVII.]
1866 4439 1933 4495 Et
1975 4455 2106 4496 ecce

504 4540 772 4611 propheta
816 4552 955 4593 unus
996 4535 1261 4593 accedens
1300 4534 1367 4590 ad
1397 4533 1553 4591 Ahab
1580 4549 1760 4605 regem
1801 4533 2003 4600 Israel,
2031 4534 2108 4588 ait

2205 3516 2452 3581 cibariis,
2480 3514 2714 3586 profecti
2744 3530 2812 3571 ex
2841 3514 3110 3585 adverso,
3137 3524 3428 3585 castraque
3464 3513 3654 3570 metati
3683 3523 3808 3568 sunt

2205 3617 2395 3664 contra
2422 3623 2550 3677 eos,
2573 3609 2726 3679 quasi
2766 3607 2875 3663 duo
2905 3606 3062 3678 parvi
3092 3621 3282 3677 greges
3316 3620 3604 3676 caprarum
3634 3622 3650 3660 :
3682 3604 3807 3677 Syri

2203 3712 2387 3757 autem
2419 3700 2768 3772 repleverunt
2793 3710 3016 3756 terram.
3043 3701 3108 3756 Et
3127 3700 3396 3758 accedens
3417 3698 3549 3773 [M5,
3579 3708 3627 3756 et
3649 3699 3805 3772 Vulg.

2210 3795 2411 3849 addunt
2453 3793 2616 3865 unus]
2647 3795 2729 3848 vir
2761 3794 2878 3861 Dei,
2911 3793 3049 3849 dixit
3084 3793 3150 3849 ad
3197 3808 3383 3865 regem
3425 3792 3593 3849 Israel
3627 3810 3641 3847 :
3681 3792 3808 3847 Haec

2203 3887 2338 3942 dicit
2364 3885 2625 3942 Dominus
2658 3903 2671 3939 :
2701 3885 2839 3953 Quia
2864 3885 3120 3942 dixerunt
3157 3884 3281 3957 Syri
3312 3902 3327 3940 :
3360 3884 3503 3942 Deus
3533 3891 3800 3940 montium

2205 3988 2290 4035 est
2317 3978 2596 4045 Dominus,
2629 3985 2685 4033 et
2706 3994 2814 4034 non
2843 3987 2927 4035 est
2946 3977 3092 4035 Deus
3116 3977 3337 4034 vallium
3371 3976 3553 4035 :dabo
3586 3991 3805 4033 omnem

2207 4070 2604 4127 multitudinem
2633 4069 2896 4143 grandem
2924 4070 3068 4127 hanc
3097 4070 3153 4127 in
3180 4085 3347 4127 manu
3380 4080 3493 4137 tua,
3524 4077 3582 4127 et
3619 4068 3807 4125 scietis

2205 4164 2327 4234 quia
2359 4178 2463 4234 ego
2494 4164 2774 4219 Dominus.
2804 4162 3121 4235 Dirigebant
3147 4172 3358 4235 septem
3386 4163 3580 4220 diebus
3606 4179 3674 4218 ex
3714 4163 3809 4218 ad-

2206 4270 2364 4312 verso
2392 4255 2443 4311 hi
2470 4265 2633 4327 atque
2653 4255 2731 4313 illi
2762 4258 2941 4323 acies;
2968 4252 3201 4328 septima
3223 4268 3415 4314 autem.
3437 4256 3524 4315 die
3550 4259 3810 4313 commis-

2205 4363 2326 4403 sum
2354 4359 2437 4405 est
2462 4349 2686 4418 bellum,
2720 4358 3219 4422 percusseruntque
3245 4349 3344 4406 filii
3365 4348 3533 4406 Israel
3555 4349 3627 4407 de
3655 4350 3808 4422 Syris

2206 4453 2424 4500 centum
2453 4444 2619 4499 millia
2651 4444 2895 4516 peditum
2920 4443 2972 4498 in
3012 4444 3100 4500 die
3131 4458 3259 4500 una.
3308 4443 3586 4514 Fugerunt
3624 4456 3804 4499 autem

2209 4538 2299 4606 qui
2330 4545 2709 4593 remanserant
2738 4536 2793 4592 in
2836 4536 3024 4607 Aphec
3044 4578 3060 4603 ,
3090 4536 3142 4591 in
3173 4536 3487 4604 civitatem,
3527 4545 3582 4592 et
3610 4534 3809 4592 cecidit

504 4636 554 4689 ei
574 4652 586 4689 :
604 4632 730 4689 Ilaec
747 4630 1158 4687 dicitDominus
1179 4627 1366 4684 :Certe
1379 4627 1797 4683 vidistiomnem
1815 4627 2106 4683 multitudi-
2132 4622 2187 4684 D
2213 4644 2399 4683 murus
2423 4644 2593 4700 super
2620 4629 2811 4700 viginti
2850 4636 3056 4699 septem
3091 4628 3265 4685 millia
3306 4629 3589 4685 hominum
3620 4630 3698 4702 [b.
3728 4629 3809 4684 vi-

506 4744 630 4785 nem
672 4727 811 4781 hanc
842 4722 1105 4779 nimiam?
1134 4735 1283 4788 ecce,
1315 4736 1418 4794 ego
1448 4720 1658 4777 tradam
1697 4735 1820 4779 eam
1860 4722 1913 4776 in
1941 4737 2103 4779 manu

506 4834 595 4879 tua
635 4820 800 4877 hodie
841 4836 855 4873 :
887 4827 945 4873 ut
971 4818 1113 4874 scias
1153 4818 1279 4888 quia
1318 4831 1421 4888 ego
1460 4831 1578 4871 sum
1607 4816 1892 4872 Dominus.
1930 4816 1998 4872 Et
2031 4818 2109 4873 ait

507 4913 689 4969 Altab:
710 4912 814 4967 Per
837 4908 1025 4981 quem?
1060 4908 1307 4978 Dixitqttc
1332 4918 1352 4945 ο
1378 4907 1461 4963 ei:
1494 4908 1618 4963 llaec
1639 4907 1772 4963 dicit
1796 4907 2063 4966 Dominus
2090 4927 2105 4964 :

505 5007 614 5062 Per
643 5004 997 5074 pedissequos
1020 4998 1121 5073 [ιι.
1160 5015 1258 5072 per
1279 4998 1521 5073 pueros]
1552 5000 1853 5071 principum
1886 5003 2104 5072 provin-

507 5101 736 5154 ciarum.
774 5096 841 5151 Et
866 5096 941 5150 ait
976 5111 989 5148 :
1022 5094 1155 5163 Quis
1178 5093 1399 5165 incipiet
1420 5092 1693 5164 praeliari?
1723 5092 1789 5148 Et
1811 5094 1903 5150 ille
1927 5094 2099 5150 dixit:

509 5192 616 5248 Tu.
645 5187 942 5246 Recensuit
962 5203 1091 5259 ergo
1120 5201 1316 5258 pueros
1345 5185 1652 5257 principum
1677 5186 2102 5256 provinciarum,

508 5294 565 5342 et
595 5283 798 5355 reperit
829 5295 1113 5336 numerum
1157 5278 1515 5335 ducentorum
1561 5279 1780 5350 triginta
1819 5278 2051 5335 duorum
2087 5297 2100 5335 :

505 5391 559 5441 et
594 5387 718 5452 post
743 5389 839 5433 eos
869 5373 1146 5433 recensuit
1183 5374 1473 5448 populum,
1506 5388 1698 5432 omnes
1740 5373 1878 5432 filios
1909 5375 2098 5447 Israel,

578 5620 603 5650 τι
629 5607 871 5666 Plurium
902 5620 1153 5672 numero,
1178 5602 1380 5679 domus,
1408 5620 1531 5664 cum
1561 5603 1791 5665 Ilebrceo
1820 5602 2099 5679 9n1,Iegit

506 5684 811 5740 Vcrouens.
843 5694 944 5735 ms.
972 5726 985 5737 .

582 5755 607 5794 ι’
651 5753 796 5810 Itlcm
851 5766 956 5810 ms.
997 5765 1120 5811 cum
1146 5748 1409 5825 Vulgatis,
1452 5751 1525 5809 ad
1578 5768 1657 5807 me
1704 5767 1906 5809 serram
1957 5761 2100 5810 tuum

498 5827 669 5884 initia.

2208 4719 2441 4791 rerum],
2488 4720 2583 4792 qui
2634 4728 3025 4778 remanserant.
3083 4720 3255 4778 Porro
3293 4720 3549 4777 Benadad
3591 4720 3807 4792 fugiens

2206 4814 2485 4886 ingressus
2510 4825 2593 4872 est
2618 4816 2919 4881 civitatem,
2936 4816 2989 4871 in
3015 4816 3325 4874 cubiculum
3354 4816 3501 4887 quod
3524 4827 3643 4873 erat
3666 4816 3805 4874 intra

2206 4908 2539 4965 cubiculum.
2576 4908 2947 4980 Dixeruntque
2969 4908 3019 4964 ei
3049 4910 3193 4965 servi
3211 4909 3295 4964 sui
3328 4910 3542 4976 :Ecce,
3584 4910 3805 4966 audivi-

2209 5017 2331 5058 mus
2359 5002 2502 5073 quod
2530 5017 2687 5074 reges
2708 5001 2901 5058 domus
2924 5002 3088 5058 Israel
3115 5001 3418 5058 clementes
3448 5003 3562 5057 sint
3587 5021 3599 5057 :
3629 5018 3804 5075 pona-

2207 5110 2329 5151 mus
2368 5094 2547 5165 itaque
2574 5109 2764 5151 saccos
2794 5095 2846 5150 in
2876 5094 3073 5150 lumbis
3100 5097 3303 5151 nostris
3324 5136 3339 5161 ,
3381 5104 3437 5151 et
3461 5092 3488 5132 ἀ
3532 5095 3806 5153 funiculos

2202 5190 2256 5245 in
2282 5190 2549 5260 capitibus
2577 5190 2805 5256 nostris,
2832 5196 2887 5246 et
2908 5190 3256 5260 egrediamur
3273 5190 3342 5246 ad
3375 5206 3562 5262 regem
3593 5191 3761 5249 Israel
3787 5210 3802 5247 :

2202 5282 2434 5339 forsitan
2462 5282 2697 5338 salvabit
2734 5282 2943 5357 animas
2982 5291 3200 5340 nostras
3227 5283 3307 5355 [b.
3338 5284 3576 5340 animam
3606 5284 3800 5358 tuam].

2201 5375 2570 5434 Accinxerunt
2597 5377 2773 5434 saccis
2795 5376 3010 5434 lumbos
3051 5390 3204 5446 suos,
3237 5385 3293 5435 et
3321 5386 3623 5449 posuerunt
3647 5377 3801 5435 funes

2282 5622 2304 5653 ε
2337 5608 2495 5671 Juxta
2530 5610 2692 5672 Ilebr.
2725 5610 3168 5672 Veronetts..ms.
3204 5621 3343 5674 taret
3370 5611 3438 5674 ei.

2279 5684 2305 5722 εί
2344 5685 2657 5745 Exciderint
2699 5688 2906 5744 librarii
2945 5689 3230 5745 oscitantia
3273 5704 3303 5744 e
3338 5690 3639 5747 Veronens.
3693 5701 3796 5748 ms.

2209 5756 2295 5815 hic
2327 5760 2487 5817 verba
2510 5802 2525 5831 ,
2548 5770 2596 5816 et
2626 5760 2887 5834 funiculos
2909 5761 2959 5816 in
2992 5760 3247 5835 capitibus
3272 5763 3483 5817 nostris.
