4144 6364
358 309 465 372 717

1637 310 1843 374 LIBER
1880 314 1903 373 I
1940 312 2320 375 MALACIIIM.

3557 320 3666 384 718

358 428 415 486 in
454 428 724 502 capitibus
756 425 869 485 suis
908 424 1061 504 [Ms.
1101 438 1234 486 tacet
1264 430 1374 486 suis
1400 427 1437 504 ],
1470 444 1843 505 veneruntque
1891 434 1957 490 ad
1985 437 2036 498 Α
2063 450 2092 489 a
2116 433 2390 508 Domino],
2443 448 2512 491 ne
2556 432 2681 491 dem
2728 432 3111 493 bmreditatem
3158 444 3368 509 patrum
3412 456 3660 501 meorum

357 538 544 595 regem
572 523 762 589 Israel,
790 530 845 579 et
872 523 1131 580 dixerunt
1163 542 1177 579 :
1206 524 1411 582 Servus
1442 533 1565 581 tuus
1595 526 1850 582 Benadad
1880 526 1963 582 di-

356 619 433 673 cit
464 636 477 672 :
514 618 697 683 Vivat,
730 632 830 673 oro
858 626 885 656 ι
914 627 961 672 te
983 618 1063 691 [h.
1095 634 1203 675 non
1236 618 1462 691 habet],
1493 620 1672 676 anima
1718 636 1861 678 mea.
1896 621 1963 677 Et

356 711 451 766 ille
479 712 550 765 ait
585 729 596 765 :
628 710 683 765 Si
708 710 885 767 adhuc
916 712 1069 777 vivit,
1101 712 1275 769 frater
1297 727 1451 769 meus
1482 723 1584 767 est.
1617 713 1771 782 Quod
1802 728 1961 770 acce-

357 817 557 879 perunt
584 807 686 862 viri
719 822 822 878 pro
854 807 1073 876 omine,
1106 818 1162 865 et
1188 808 1512 865 festinanter
1542 808 1667 883 [Ms.
1698 808 1963 864 feStinan-

356 903 465 977 tes]
495 911 795 975 rapuerunt
827 904 1054 960 verbum
1084 919 1152 961 ex
1185 919 1281 960 ore
1302 904 1443 976 ejus,
1472 915 1633 976 atque
1655 903 1911 960 dixerunt
1942 920 1959 959 :

359 1000 552 1056 Frater
579 1007 706 1054 tuus
739 998 1021 1055 Benadad.
1056 998 1124 1055 Et
1161 998 1301 1055 dixit
1342 1000 1414 1055 eis
1443 999 1540 1073 [h.
1574 1014 1682 1055 non
1716 998 1958 1072 habet]:

354 1090 455 1157 Ite,
483 1099 539 1147 et
564 1090 818 1147 adducite
841 1084 965 1148 eum
997 1090 1189 1164 [Vulg.
1218 1092 1418 1146 addunt
1444 1092 1511 1147 ad
1537 1090 1668 1163 me).
1695 1090 1959 1164 Egressus

354 1184 385 1223 ¹δ
409 1194 495 1241 est
519 1200 648 1256 ergo
670 1185 738 1242 ad
770 1201 893 1242 eum
924 1185 1201 1256 Benadad,
1218 1197 1275 1243 et
1296 1185 1501 1242 levavit
1523 1202 1645 1242 eum
1670 1187 1721 1242 in
1738 1201 1957 1243 currum

352 1295 504 1333 suum
533 1277 631 1352 [h.
667 1294 776 1333 non
811 1277 1033 1352 habet].
1079 1279 1183 1349 Qui
1223 1279 1358 1335 dixit
1383 1280 1434 1337 ei
1468 1298 1483 1336 :
1514 1278 1791 1347 Civitates,
1825 1296 1959 1353 quas

352 1374 479 1429 tuht
506 1383 661 1443 pater
681 1387 836 1429 meus
869 1389 898 1429 a
924 1381 1081 1444 patre
1112 1383 1227 1439 tuo,
1250 1372 1474 1429 reddam
1495 1415 1512 1442 ,
1560 1380 1614 1429 et
1643 1373 1851 1446 plateas
1874 1372 1958 1429 fac

355 1468 455 1523 tibi
487 1468 541 1523 in
571 1468 859 1537 Damasco,
895 1468 1040 1524 sicut
1072 1467 1198 1525 fecit
1223 1477 1382 1539 pater
1410 1484 1564 1525 meus
1591 1471 1643 1524 in
1684 1468 1955 1537 Samaria,

353 1569 409 1615 et
437 1576 541 1633 ego
583 1561 881 1617 ftederatus
907 1561 1163 1617 recedam
1202 1580 1232 1617 a
1259 1570 1330 1619 te.
1363 1562 1574 1636 Pepigit
1596 1579 1725 1635 ergo
1757 1563 1955 1631 foedus,

355 1664 409 1707 et
429 1652 637 1708 dimisit
666 1654 746 1727 [h.
779 1665 831 1711 et
873 1670 975 1725 ego
1001 1672 1117 1709 cum
1140 1656 1333 1727 {cedere
1358 1658 1629 1711 remittam
1663 1666 1733 1712 te.
1770 1656 1835 1711 Et
1862 1672 1959 1727 pc-

356 1746 488 1818 pigit
520 1744 700 1803 fmdus
742 1756 798 1804 ct
826 1747 1002 1820 misit]
1027 1764 1172 1803 eum.
1207 1748 1301 1821 [T.
1333 1749 1661 1821 LXXXIX]
1691 1750 1843 1807 'l‘unc
1874 1752 1956 1806 vir

2068 528 2187 584 tibi.
2223 528 2381 584 Venit
2402 545 2532 601 ergo
2554 530 2710 587 Ahab
2736 531 2790 586 in
2820 530 3041 587 domum
3085 549 3237 589 suam
3265 535 3574 607 indignans,
3606 550 3662 595 et

2066 620 2323 677 frendens
2371 636 2534 692 super
2553 622 2745 689 verbo,
2787 624 2931 696 quod
2974 625 3189 683 locutus
3219 626 3398 685 fuerat
3437 630 3504 686 ad
3536 647 3661 688 eum

2064 714 2272 771 Naboth
2305 716 2644 786 Jezraelites,
2669 718 2892 775 dicens“:
2913 719 3028 777 Non
3059 721 3130 778 do
3162 722 3260 778 tibi
3288 724 3663 787 haereditatem

2066 817 2278 878 patrum
2313 824 2582 867 meorum.
2607 810 2676 867 Et
2705 811 2997 884 projiciens
3021 829 3081 870 se
3104 815 3159 871 in
3189 816 3446 874 lectulum
3478 836 3659 892 suum,

2064 901 2260 955 avertit
2299 900 2494 957 faciem
2521 913 2545 941 ο
2572 917 2725 959 suam
2748 949 2762 973 ,
2798 913 2850 959 et
2891 921 2998 961 non
3042 908 3280 964 comedit
3329 926 3544 982 panem.
3579 913 3666 970 In-

2063 1009 2249 1066 gressa
2276 1004 2359 1050 est
2386 1006 2565 1052 autem
2598 995 2663 1051 ad
2694 1012 2817 1053 eum
2844 996 3065 1057 Iezabel
3097 1017 3238 1058 uxor
3267 1018 3386 1072 sua,
3418 1005 3666 1078 dixitque

2062 1087 2113 1143 ei
2143 1105 2156 1142 :
2182 1087 2321 1157 Quid
2344 1100 2428 1145 est
2454 1089 2575 1157 hoc,
2610 1089 2753 1147 unde
2781 1094 2961 1150 anima
2999 1105 3088 1150 tua
3116 1099 3439 1157 eontristata
3462 1102 3580 1158 est?
3611 1112 3667 1158 et

2062 1196 2230 1253 quare
2260 1198 2367 1238 non
2410 1184 2650 1241 comedis
2675 1189 2908 1258 panem?
2931 1189 3030 1258 Qui
3059 1192 3341 1262 respondit
3367 1194 3414 1249 ei
3449 1213 3460 1249 :
3495 1195 3670 1251 Locu-

2061 1283 2147 1331 tus
2177 1290 2295 1332 sum
2322 1276 2533 1334 Naboth
2562 1279 2887 1351 Jezraelitze,
2910 1294 2964 1339 et
3002 1283 3114 1340 dixi
3145 1289 3193 1342 ei
3226 1287 3331 1360 [ΑΙ.
3363 1287 3522 1361 dixit]
3552 1308 3563 1342 :
3589 1293 3668 1349 Da

2063 1366 2196 1423 mihi
2230 1369 2443 1426 vineam
2478 1382 2667 1440 tuam,
2710 1385 2933 1447 accepta
2972 1382 3199 1449 pecunia
3251 1398 3263 1435 :
3318 1390 3428 1450 aut,
3475 1384 3520 1438 si
3574 1385 3667 1441 tibi

2060 1463 2271 1533 placet,
2316 1466 2457 1522 dabo
2496 1469 2615 1524 tibi,
2642 1468 2852 1526 vineam
2886 1470 3071 1544 [Vulg.
3117 1474 3317 1530 addunt
3360 1478 3671 1553 meliorem]

2060 1572 2160 1628 pro
2188 1573 2272 1614 ea.
2310 1558 2380 1614 Et
2423 1560 2511 1616 ille
2558 1561 2634 1617 ait
2666 1580 2680 1618 :
2711 1562 2828 1619 Non
2864 1564 3006 1620 dabo
3036 1564 3162 1637 [Μδ.
3202 1565 3292 1639 do]
3337 1570 3433 1625 tibi
3458 1571 3669 1630 vineam

2060 1666 2255 1707 meam.
2287 1650 2371 1723 [T.
2400 1651 2607 1725 XCIII.]
2639 1655 2783 1711 Dixit
2820 1672 2950 1729 ergo
2990 1660 3055 1710 ad
3104 1676 3226 1715 eum
3273 1662 3492 1719 Jezabel
3533 1681 3675 1721 uxor

2060 1744 2180 1814 ejus
2210 1763 2223 1799 :
2249 1744 2481 1801 Grandis
2502 1749 2841 1805 auctoritatis
2863 1766 2942 1816 es,
2973 1761 3026 1807 et
3052 1753 3191 1810 bene
3224 1754 3242 1793 ί
3267 1756 3409 1828 regis
3439 1774 3669 1829 regnum

354 1841 573 1911 quidam
605 1841 673 1897 de
707 1843 834 1898 filiis
871 1843 1267 1914 prophetarum
1299 1845 1433 1900 dixit
1462 1846 1527 1899 ad
1558 1848 1764 1901 socium
1795 1862 1952 1903 suum

2070 1836 2245 1893 lsrael.
2282 1838 2546 1910 Surge,et
2568 1842 2795 1899 comede
2821 1860 3037 1912 panem,
3059 1856 3115 1903 et
3140 1863 3296 1919 aequo
3323 1852 3505 1905 animo
3528 1864 3669 1923 esto,

355 1936 408 1991 in
434 1952 689 1993 sermone
717 1938 927 1993 Domini
958 1957 971 1994 :
1008 1939 1236 1995 Percute
1277 1954 1384 1995 me.
1418 1939 1487 1994 At
1515 1939 1603 1995 ille
1630 1940 1804 1995 noluit
1838 1955 1961 2011 per-

354 2043 541 2089 cutere
563 2032 642 2103 [h.
673 2042 961 2104 percutere
984 2033 1153 2106 eum].
1183 2033 1283 2089 Cui
1315 2033 1390 2088 ait
1416 2050 1428 2088 :
1459 2033 1595 2101 Quia
1624 2033 1841 2089 noluisti
1871 2049 1964 2089 au-

357 2124 476 2182 dire
499 2139 692 2182 vocem
723 2125 961 2191 Domini,
992 2140 1119 2181 ecce
1159 2126 1385 2183 recedes
1414 2142 1445 2181 a
1474 2141 1581 2194 me,
1618 2135 1673 2181 et
1705 2128 1967 2196 percutiet

358 2218 538 2273 tclco.
563 2218 808 2289 Cumque
840 2218 1122 2289 paululum
1169 2219 1492 2275 recessisset
1532 2220 1600 2274 ab
1641 2233 1729 2285 eo,
1762 2218 1969 2276 invenit

358 2329 480 2366 eum
516 2312 619 2377 leo,
651 2319 814 2383 atque
837 2313 1125 2383 percussit.
1152 2312 1260 2369 Sed
1289 2323 1342 2368 et
1366 2313 1600 2369 alterum
1630 2324 1652 2353 ο
1684 2315 1967 2371 inveniens

359 2408 573 2469 virum,
610 2405 744 2460 dixit
786 2404 851 2460 ad
895 2420 1018 2460 eum
1066 2424 1079 2460 :
1130 2405 1363 2461 Percute
1394 2421 1501 2461 me.
1552 2406 1652 2475 Qui
1700 2407 1968 2477 percussit

360 2512 505 2563 eum,
542 2505 597 2553 et
620 2496 943 2553 vulneravit.
973 2498 1060 2569 [T.
1087 2497 1225 2570 XC.]
1255 2498 1401 2554 Abiit
1427 2514 1556 2569 ergo
1576 2499 1841 2570 prepheta
1866 2542 1880 2564 ,
1914 2507 1971 2555 et

362 2589 599 2645 occurrit
627 2590 743 2661 regi
777 2591 827 2644 in
858 2592 965 2656 via,
996 2599 1048 2645 et
1076 2589 1304 2645 mutavit
1334 2592 1651 2662 aspersione
1674 2587 1700 2627 ά
1731 2591 1968 2662 pulveris

364 2703 425 2739 os
452 2696 506 2742 et
534 2686 718 2743 oculos
763 2700 913 2742 suos.
950 2685 1195 2758 Cumque
1226 2702 1320 2741 rex
1363 2687 1685 2753 transisset,
1716 2686 1970 2743 clamavit

364 2783 430 2837 ad
468 2797 673 2852 regem,
706 2788 761 2836 et
802 2782 872 2836 ait
904 2799 918 2837 :
950 2781 1159 2838 Servus
1200 2789 1324 2837 tuus
1347 2796 1595 2853 egressus
1623 2790 1709 2837 est
1737 2782 1803 2836 ad
1835 2797 1971 2851 prte-

366 2874 612 2931 liandum
640 2876 910 2943 cominus,
934 2890 1168 2947 cumque
1197 2875 1425 2947 fugisset
1446 2876 1528 2931 vir
1555 2892 1715 2944 unus,
1748 2877 1971 2932 adduxit

364 2985 489 3023 eum
538 2969 754 3039 quidam
787 2969 851 3023 ad
894 2985 1001 3037 me,
1054 2978 1109 3024 et
1155 2971 1228 3024 ait
1259 2987 1271 3023 :
1301 2968 1524 3024 Custodi
1554 2970 1728 3025 virum
1768 2970 1967 3037 istum;

365 3065 492 3136 quia
525 3066 569 3118 si
598 3065 779 3134 lapsus
812 3064 994 3131 fuerit,
1031 3064 1135 3119 erit
1162 3064 1342 3118 anima
1374 3072 1462 3119 tua
1496 3080 1592 3134 pro
1620 3064 1799 3118 anima
1828 3063 1965 3134 ejus,

365 3167 460 3214 aut
486 3159 747 3213 talentum
778 3159 985 3229 argenti
1017 3157 1318 3229 appendes.
1344 3157 1484 3213 Dum
1518 3166 1697 3212 autem
1725 3173 1824 3229 ego
1858 3166 1971 3213 tur-

2066 1946 2168 2003 ego
2217 1932 2358 1989 dabo
2400 1934 2497 1990 tibi
2545 1936 2758 1991 vineam
2804 1938 3014 1994 Naboth
3073 1940 3395 1999 Jezraelitzc.
3444 1944 3676 2017 Scripsit

2069 2025 2249 2095 itaque
2278 2026 2485 2082 litteras
2511 2027 2587 2101 [h.
2617 2028 2805 2101 libros]
2829 2047 2896 2087 ex
2921 2033 3139 2090 nomine
3165 2036 3342 2106 Ahal),
3368 2048 3423 2093 ct
3443 2039 3676 2110 signavit

2069 2133 2162 2175 eas
2184 2122 2385 2177 annulo
2417 2121 2558 2193 ejus,
2587 2132 2641 2180 et
2672 2126 2818 2180 misit
2843 2125 2908 2181 ad
2937 2129 3171 2199 majores
3199 2140 3325 2187 natu
3358 2141 3411 2188 et
3440 2134 3507 2188 ad
3537 2136 3678 2206 opti-

2070 2221 2266 2284 mates,
2299 2216 2390 2285 qui
2420 2225 2575 2271 erant
2606 2218 2658 2273 in
2692 2218 2909 2276 civitate
2939 2222 3085 2293 ejus,
3123 2234 3176 2279 et
3206 2224 3520 2283 habitabant
3550 2244 3675 2287 cum

2070 2306 2309 2365 Naboth.
2350 2309 2676 2367 Litterarum
2722 2312 2798 2385 [h.
2851 2315 3132 2390 librorum]
3179 2332 3356 2376 autem
3403 2333 3521 2378 erat
3574 2323 3676 2379 ista

2071 2404 2339 2457 sententia
2368 2422 2379 2457 :
2413 2404 2715 2462 Praedicare
2746 2408 3046 2479 jejunium,
3078 2421 3134 2467 et
3157 2414 3347 2472 sedere
3375 2416 3535 2474 facite
3564 2418 3676 2474 Na-

2070 2494 2201 2551 b0th
2242 2497 2385 2553 inter
2424 2499 2631 2568 primos
2674 2502 2887 2573 populi,
2931 2514 2985 2559 et
3026 2506 3330 2565 submittite
3370 2512 3505 2568 duos
3531 2516 3679 2573 viros

2072 2589 2216 2646 blios
2256 2590 2424 2646 Belial
2466 2602 2659 2650 contra
2698 2610 2855 2665 eum,
2900 2608 2954 2653 et
3000 2599 3193 2669 falsum
3234 2602 3309 2675 [h.
3342 2620 3448 2661 non
3491 2607 3676 2682 habet]

2074 2682 2445 2739 teStimonium
2490 2685 2675 2742 dicant
2712 2705 2725 2743 :
2759 2688 3041 2746 Benedixit
3087 2693 3257 2750 Deum
3292 2707 3345 2752 et
3377 2714 3583 2770 regem,
3624 2712 3682 2758 et

2074 2775 2286 2833 educite
2313 2793 2434 2833 eum
2456 2821 2469 2845 ,
2502 2790 2554 2835 ct
2590 2781 2826 2852 lapidate
2848 2826 2861 2848 ,
2891 2785 3076 2856 sicque
3104 2789 3383 2847 moriatur.
3410 2792 3681 2852 Fecerunt

2074 2884 2206 2940 ergo
2235 2870 2383 2927 cives
2414 2870 2531 2942 ejus
2561 2874 2797 2945 majores
2829 2888 2958 2931 natu
2985 2887 3041 2934 et
3068 2883 3376 2950 optimates,
3401 2888 3494 2957 qui
3530 2888 3681 2946 habi-

2076 2965 2264 3020 tabant
2292 2981 2414 3021 cum
2440 2983 2507 3023 eo
2537 2968 2591 3023 in
2621 2969 2774 3037 urbe,
2806 2972 2947 3029 sicut
2970 2988 3305 3047 praeceperat
3334 2980 3413 3035 eis
3438 2981 3677 3053 Iezabel,

2074 3068 2130 3113 et
2171 3060 2309 3115 sicut
2336 3061 2594 3131 scriptum
2628 3072 2747 3119 erat
2777 3066 2829 3120 in
2875 3066 3070 3123 litteris
3105 3069 3181 3141 [h.
3218 3073 3269 3127 in
3311 3074 3507 3147 libris],
3544 3095 3681 3149 quas

2076 3151 2297 3206 miserat
2324 3153 2390 3208 ad
2419 3169 2514 3210 eos
2549 3172 2563 3209 :
2609 3156 3038 3226 przedicavcrunt
3063 3161 3330 3232 jejunium
3356 3209 3370 3235 ,
3405 3178 3459 3224 et
3488 3171 3683 3229 sedere

364 3250 526 3306 batus
556 3252 657 3307 huc
693 3252 932 3319 illucque
961 3266 1049 3307 me
1079 3262 1374 3320 verterem,
1404 3252 1584 3307 subito
1614 3268 1719 3307 non
1752 3268 1965 3323 compa-

2080 3242 2325 3298 l'ecerunt
2370 3245 2583 3301 Naboth
2625 3248 2766 3303 inter
2799 3250 3004 3318 primos
3052 3256 3258 3324 populi.
3312 3259 3378 3312 Et
3431 3261 3683 3321 adductis

364 3346 496 3399 ruit.
530 3345 597 3400 Et
640 3344 711 3399 ait
744 3361 839 3400 rex
870 3345 1037 3401 Israel
1090 3344 1156 3399 ad
1209 3362 1337 3401 eum
1381 3363 1395 3401 :
1442 3346 1556 3401 Hoc
1585 3356 1668 3402 est
1707 3346 1971 3417 judicium

368 3446 542 3515 tuum,
576 3437 720 3508 quod
754 3438 869 3507 ipse
912 3436 1227 3493 deerevisti.
1271 3436 1341 3493 At
1372 3436 1463 3493 ille
1502 3441 1687 3494 statim
1719 3439 1975 3495 abstersit

368 3529 488 3601 [ΑΙ.
524 3530 829 3601 abstergit]
866 3530 1146 3601 pulverem
1180 3530 1248 3587 de
1285 3529 1422 3587 facie
1448 3547 1543 3587 sua
1568 3572 1584 3601 ,
1618 3541 1674 3588 et
1721 3533 1975 3604 cognovit

365 3638 490 3679 eum
524 3638 621 3678 rex
651 3622 838 3689 Israel,
873 3622 1015 3692 quod
1044 3632 1189 3678 esset
1217 3624 1286 3679 de
1315 3624 1615 3694 prophetis.
1663 3625 1766 3694 Qui
1801 3627 1875 3682 ait
1904 3628 1972 3684 ad

370 3730 496 3770 eum
535 3734 547 3769 :
582 3714 667 3786 [T.
692 3712 854 3785 XCI.|
888 3713 1014 3770 Ilaec
1043 3714 1175 3770 dicit
1214 3715 1472 3773 Dominus
1506 3717 1680 3785 :Quia
1720 3718 1970 3774 dimisisti

367 3808 542 3863 virum
576 3808 797 3879 dignum
842 3819 1020 3863 morte
1062 3807 1130 3864 de
1175 3824 1337 3863 manu
1378 3818 1468 3864 tua
1494 3855 1508 3879 ,
1541 3810 1645 3865 erit
1675 3812 1851 3865 anima
1883 3821 1970 3867 tua

370 3921 467 3975 pro
499 3907 679 3961 anima
725 3905 842 3976 ejus
868 3948 881 3971 ,
913 3906 1243 3976 et~p0pulus
1293 3915 1416 3960 tuus
1460 3920 1559 3977 pro
1601 3905 1804 3975 populo
1832 3906 1969 3976 ejus.

368 3996 641 4054 Reversus
690 4010 775 4055 est
828 3999 990 4069 igitur
1044 4013 1142 4053 rex
1204 3996 1369 4052 Israel
1423 3997 1476 4050 in
1532 3996 1751 4052 domum
1792 4012 1966 4067 suam,

369 4093 559 4150 audire
598 4104 993 4161 contemnens,
1045 4101 1102 4150 et
1154 4089 1512 4162 furibundus,
1566 4091 1716 4148 venit
1763 4092 1817 4149 in
1872 4092 1970 4149 Sa-

371 4190 622 4245 mariam.
1549 4264 1559 4269 _
1679 4261 1766 4271 Ml
1866 4262 1905 4269 __

442 4282 529 4356 [T.
554 4281 714 4349 xcn,
736 4280 866 4352 Cap.
897 4281 1064 4356 XXl.]
1092 4282 1221 4340 Post
1246 4280 1412 4339 verba
1440 4264 1621 4338 autem
1643 4261 1966 4356 ιιῖηῖμνιῐὶῇ.

371 4378 459 4432 ad.
493 4387 738 4448 tempore
767 4377 879 4451 illo]
907 4381 1059 4434 vinea
1103 4389 1219 4434 erat
1248 4377 1459 4433 Naboth
1490 4377 1825 4446 Jezraelitze,
1876 4378 1969 4449 qui

373 4483 489 4528 erat
522 4474 572 4529 in
602 4473 834 4538 Jezrael,
862 4474 1011 4544 juxta
1041 4475 1299 4544 palatium
1330 4473 1485 4528 Ahab
1516 4473 1659 4543 regis
1686 4473 1967 4528 Samarize.

371 4566 611 4623 Locutus
641 4578 722 4619 est
755 4582 883 4635 ergo
916 4565 1072 4621 Abab
1102 4566 1166 4620 ad
1198 4566 1435 4632 Naboth,
1468 4565 1657 4620 dicens
1684 4582 1696 4618 :
1732 4565 1805 4619 Da
1840 4565 1967 4619 mihi

2070 3334 2290 3392 duobus
2320 3339 2449 3395 viris
2493 3340 2615 3396 filiis
2657 3343 2860 3398 diaboli
2890 3344 2980 3417 [h.
3017 3345 3254 3421 Belial],
3288 3350 3534 3411 fecerunt
3580 3373 3678 3415 eos

2076 3430 2270 3485 sedere
2291 3439 2485 3486 contra
2506 3448 2630 3489 eum
2660 3451 2673 3489 :
2705 3445 2760 3489 at
2792 3435 2889 3504 illi,
2921 3438 3131 3494 scilicet
3173 3452 3229 3495 ut
3261 3442 3408 3515 [Με.
3434 3456 3564 3504 tacet
3588 3450 3676 3522 ut]

2074 3523 2175 3577 viri
2198 3523 2452 3580 diabolici
2484 3525 2559 3597 [h.
2594 3527 2817 3601 Belial],
2852 3530 3109 3588 dixerunt
3140 3545 3327 3592 contra
3358 3554 3483 3595 eum
3527 3544 3680 3599 testi-

2076 3616 2317 3671 monium
2343 3633 2528 3673 coram
2554 3621 2900 3679 multitudine
2930 3624 3005 3696 [h.
3038 3643 3212 3683 coram
3234 3632 3476 3705 papula].
3505 3635 3679 3694 Bene-

2076 3708 2213 3765 dixit
2256 3710 2468 3767 Naboth
2499 3713 2610 3770 Deo
2642 3724 2695 3771 ct
2733 3719 2883 3789 regi,
2924 3735 3089 3790 quam
3121 3722 3191 3778 ob
3224 3739 3337 3780 rem
3371 3727 3682 3789 eduxerunt

2074 3822 2196 3863 eum
2213 3818 2365 3863 extra
2390 3807 2694 3877 civitatem,
2715 3821 2771 3867 et
2794 3812 3066 3883 lapidibus
3083 3816 3499 3877 interfecerunt.
3516 3824 3677 3883 Mise-

2074 3910 2308 3971 runtque
2322 3899 2387 3955 ad
2408 3900 2650 3969 Iezabel,
2667 3903 2911 3963 dicentes
2930 3924 2940 3960 :
2960 3906 3254 3979 Lapidatus
3269 3922 3354 3969 est
3372 3915 3606 3987 Naboth,
3623 3931 3681 3977 et

2077 4004 2321 4048 mortuus
2349 4003 2452 4049 est.
2477 3994 2705 4051 Factum
2732 4006 2811 4053 est
2835 4009 3179 4068 autem,eum
3203 4007 3680 4071 audissetlezabel

2076 4084 2372 4156 lapidatum
2409 4087 2654 4155 Naboth,
2697 4098 2753 4145 et
2792 4103 3099 4161 mortuum,
3134 4096 3313 4153 locuta
3343 4110 3428 4156 est
3469 4104 3625 4161 Aliab
3657 4125 3674 4163 :

2073 4177 2247 4250 Surge
2274 4191 2326 4234 et
2348 4179 2565 4249 posside
2586 4182 2800 4238 vineam
2821 4182 3033 4241 Naboth
3056 4188 3382 4259 Jezraelitae,
3402 4197 3489 4263 qui
3506 4199 3677 4254 noluit

2076 4274 2173 4330 tibi
2202 4276 2576 4345 acquiescere,
2597 4288 2650 4333 et
2673 4278 2806 4335 dare
2837 4295 2980 4351 eam,
3023 4293 3243 4355 accepta
3278 4290 3505 4355 pecunia
3529 4308 3542 4343 :
3564 4306 3673 4347 non

2074 4369 2219 4425 enim
2237 4369 2611 4437 vivitNaboth,
2628 4371 2722 4426 sed
2740 4382 2985 4428 mortuus
3001 4382 3106 4430 est.
3123 4377 3276 4444 Quod
3292 4394 3412 4433 cum
3433 4382 3673 4439 audisset

2074 4462 2189 4519 Aha
2201 4464 2253 4531 b,
2275 4472 2544 4518 mortuum
2566 4463 3074 4533 videlicetNaboth,
3098 4475 3355 4533 surrexit,
3378 4480 3433 4526 et
3451 4473 3674 4531 descen-

2073 4556 2237 4612 debat
2264 4556 2315 4611 in
2359 4558 2569 4612 vineam
2618 4557 2830 4613 Naboth
2871 4558 3210 4631 .lezraelitae,
3261 4572 3321 4617 ut
3370 4566 3676 4633 possideret

370 4658 588 4713 vincam
624 4668 767 4710 tuam
789 4701 802 4725 ,
830 4666 887 4709 ut
929 4657 1121 4712 faciam
1171 4657 1302 4713 mihi
1336 4658 1553 4712 hortum
1584 4658 1812 4723 olerum,
1845 4658 1967 4727 quia
1996 4646 2045 4707 D
2073 4664 2214 4704 eam.
2247 4648 2329 4720 [T.
2362 4648 2573 4721 XCIV.]
2614 4649 2814 4706 Factus
2843 4651 3113 4722 estigitur
3144 4668 3324 4711 sermo
3356 4657 3570 4715 Domini
3604 4661 3671 4717 ad

370 4753 551 4807 vicina
582 4759 686 4817 est,
716 4760 771 4806 et
802 4764 971 4821 prope
999 4750 1216 4805 domum
1244 4767 1444 4817 meam,
1471 4750 1719 4823 daboque
1741 4750 1836 4805 tibi
1868 4766 1966 4821 pro

371 4861 435 4901 ea
463 4846 674 4899 vincam
720 4843 1001 4900 meliorem
1025 4884 1041 4910 ,
1087 4854 1178 4898 aut
1204 4845 1249 4900 si
1280 4846 1375 4899 tibi
1416 4845 1753 4900 commodius
1782 4854 1963 4915 putas,

373 4939 585 5011 argenti
637 4938 911 5011 pretium,
961 4946 1164 5010 quanto
1208 4936 1369 5009 digna
1409 4946 1513 4995 est.
1546 4937 1647 4993 Cui
1692 4937 1970 5008 respondit

374 5035 586 5094 Naboth
621 5052 635 5090 :
667 5033 944 5107 Propitius
965 5032 1099 5089 mihi
1124 5031 1195 5087 sit
1227 5030 1485 5088 Dominus
1518 5031 1607 5106 [h.
1640 5030 1798 5087 Absit
1822 5045 1853 5087 a
1881 5045 1968 5088 me

447 5224 472 5253 ἰ
504 5217 659 5286 Quod
690 5218 878 5274 abesse
903 5216 972 5273 ab
1003 5216 1249 5286 lIebrzco,
1278 5216 1612 5274 Scholiastcs
1641 5224 1824 5287 notat,
1862 5229 1965 5273 ms.

376 5305 591 5361 qucque
624 5290 923 5361 Vcroneins.
954 5299 1002 5344 te
1036 5292 1247 5346 reticet.

413 5361 473 5443 Lb
507 5361 655 5417 Idem
686 5377 785 5417 ms.
820 5360 1074 5435 Egressus
1103 5379 1223 5436 ergo
1260 5361 1327 5417 ad
1354 5378 1469 5418 eunt
1505 5360 1757 5418 Benadad
1800 5361 1970 5419 cleva.

377 5441 478 5498 νη,
506 5443 609 5488 etc.

454 5514 475 5543 ε
510 5504 647 5560 Fere
676 5505 997 5562 concinnius
1030 5505 1331 5562 Veronens.
1365 5521 1467 5561 ms.
1498 5506 1821 5561 conveniens.

452 5573 476 5612 ἀ
508 5577 785 5642 llehrzeus,
812 5586 859 5633 et
880 5578 1090 5631 mutavit
1116 5579 1321 5643 pulvere
1342 5576 1516 5633 oculos
1537 5594 1655 5631 suos
1678 5594 1696 5632 :
1723 5579 1801 5633 sic
1829 5591 1965 5649 quo-

383 5661 486 5716 que
514 5649 709 5719 legitur
740 5652 791 5704 in
838 5665 1051 5705 canone
1096 5651 1233 5706 lleb.
1282 5650 1441 5706 verit.
1484 5651 1606 5720 quia
1638 5666 1850 5704 erasum
1877 5658 1963 5704 est.

384 5720 528 5793 ineo
547 5724 768 5793 verbum
797 5736 853 5774 os
873 5737 994 5776 eum
1020 5722 1267 5793 sequenti
1290 5722 1679 5791 conjunctione
1702 5730 1781 5787 et;
1806 5721 1970 5777 habet

384 5792 544 5867 igitur
576 5808 591 5846 :
754 5794 967 5867 mutavit
1011 5790 1308 5867 aspersione
1341 5790 1573 5867 pulueris
1612 5793 1794 5849 oculos
1824 5808 1967 5867 suos.

386 5860 567 5919 l‘otuit
595 5862 945 5922 nihilominus
975 5860 1173 5925 nomen
1200 5882 1276 5935 os,
1304 5860 1445 5938 quod
1473 5865 1733 5939 scriptum
1761 5865 1978 5937 reperia-

2073 4743 2249 4799 Eliam
2278 4742 2571 4799 Thesbiten
2594 4787 2609 4813 ,
2661 4744 2853 4801 dicens
2882 4764 2893 4799 :
2935 4745 3140 4817 Surge,
3170 4748 3441 4807 descende
3471 4752 3527 4808 in
3573 4770 3670 4811 oe-

2074 4850 2293 4893 cursum
2324 4837 2479 4892 Ahab
2504 4837 2648 4908 regis
2677 4837 2841 4894 Israel
2861 4880 2876 4907 ,
2905 4840 2996 4910 qui
3023 4850 3107 4897 est
3136 4842 3189 4898 in
3224 4843 3467 4899 Samaria
3491 4865 3505 4902 :
3542 4862 3673 4904 ecce

2075 4932 2142 4988 ad
2168 4933 2381 4988 vineam
2424 4931 2634 4989 Naboth
2667 4931 2981 5001 descendit,
3012 4944 3070 4990 ut
3102 4937 3377 5005 possideat
3414 4955 3566 5009 eam,
3618 4953 3679 4999 et

2075 5027 2318 5098 loqueris
2356 5025 2421 5082 ad
2446 5040 2570 5083 eum
2591 5066 2605 5095 ,
2637 5026 2825 5083 dicens
2862 5046 2873 5081 :
2908 5027 3033 5085 llaec
3063 5028 3198 5087 dicit
3227 5031 3489 5091 Dominus
3524 5053 3536 5090 :
3567 5035 3674 5093 Oc-

2080 5232 2201 5295 mus
2225 5216 2278 5273 in
2303 5214 2605 5295 aliis_mss.,
2628 5214 2695 5295 ab
2717 5215 2949 5289 ipsemet
2970 5214 3306 5295 Hieronymo
3334 5226 3583 5295 usurpari
3602 5226 3678 5284 ad

2076 5292 2339 5359 majorem
2386 5289 2837 5347 illuminationem
2883 5289 3197 5358 sementim,
3250 5296 3327 5349 uti
3378 5289 3673 5355 nonnullas

2075 5362 2372 5489 plartieulas
2415 5361 2569 5418 addit
2612 5363 2743 5418 alibi
2798 5364 3003 5435 saepius
3059 5365 3441 5435 explicationis
3486 5384 3674 5426 causa.

2133 5451 2261 5490 ART.

2149 5476 2343 5563 Qut-dem
2380 5522 2485 5586 ms.
2519 5521 2640 5586 cum
2670 5505 2947 5586 Vulgatis,
2980 5508 3051 5564 ad
3081 5510 3330 5586 pafielem
3369 5511 3533 5569 habet
3574 5529 3677 5585 pro

2071 5593 2221 5633 suam
2247 5622 2263 5646 ,
2322 5578 2467 5651 quod
2512 5580 2730 5636 videtur
2774 5578 3047 5653 glossema
3081 5578 3373 5640 ‘in'trusum
3416 5578 3678 5656 sequiore

2078 5666 2276 5801 ﬁrmi}
2323 5722 2502 5782 futuro
2542 5740 2646 5784 ms.
2690 5724 2991 5785 Veronens.
3034 5734 3092 5786 et
3126 5726 3293 5786 Hebr.
3340 5727 3473 5801 legit
3505 5713 3687 5793 ωπτπε

2077 5799 2252 5864 nam
2294 5811 2439 5870 reges
