3964 6344
375 281 483 343 719

1386 275 1445 336 S.
1491 271 1871 332 lllERONYI-Il
1911 270 2150 330 DIVINA
2188 271 2659 331 BIBLIOTIIECA.

3567 271 3677 331 720

374 393 589 460 cidisti,
639 390 863 464 insuper
892 395 947 448 et
990 389 1305 462 possedisti.
1337 387 1404 445 Et
1440 400 1562 461 post
1604 389 1721 445 haec
1758 388 1928 445 addes
1956 405 1972 444 :
2001 389 2057 450 A
2083 388 2224 462 eam]
2253 390 2512 448 Dominus
2539 390 2594 446 in
2623 405 2789 446 manu
2813 390 2975 463 regis.
3003 388 3150 447 Dixit
3170 396 3352 447 autem
3377 388 3677 462 Josaphat:

378 492 510 550 Ilaec
537 486 666 546 dicit
696 485 958 543 Dominus
987 503 1000 540 :
1031 485 1087 540 In
1115 485 1236 540 loco
1269 492 1296 521 α
1329 484 1380 538 in
1415 499 1525 555 quo
1554 485 1838 539 linxerunt
1881 498 1976 539 ca-

380 603 483 646 nes
514 583 836 656 sanguinem
866 580 1110 646 Naboth,
1143 579 1386 635 lambent
1431 589 1579 634 tuum
1612 595 1824 650 quoque
1854 595 1980 634 san-

381 681 634 753 guinem.
664 681 730 734 Et
774 678 849 732 ait
883 675 1038 731 Ahab
1069 673 1134 729 ad
1185 672 1389 729 Eliam:
1429 673 1566 728 Num
1597 672 1851 728 invenisti
1892 687 1981 728 me

385 771 576 844 [ναις.
611 769 887 826 inimicum
915 764 1058 837 tibi],
1090 764 1311 821 inimice
1339 765 1529 821 meus?
1551 764 1651 830 Qui
1674 764 1810 819 dixit
1835 761 1862 802 δ
1891 762 1976 818 ei:

380 863 603 932 Inveni,
636 877 702 916 eo
740 859 883 932 quod
914 857 1275 914 venumdatus
1301 857 1377 912 sis
1400 899 1413 922 ,
1456 865 1515 911 ut
1544 857 1756 912 faceres
1781 855 1980 910 malum

382 958 439 1012 in
467 965 764 1026 conspectu
794 952 1005 1008 Domini
1031 951 1107 1024 [h.
1135 951 1188 1006 in
1208 949 1421 1023 oculis].
1449 952 1586 1006 Ecce
1609 965 1710 1022 ego
1731 949 1982 1006 inducam

384 1065 549 1122 super
576 1059 630 1106 te
651 1049 874 1116 malum,
908 1055 962 1104 et
991 1047 1262 1103 demetam
1291 1046 1366 1119 [h.
1390 1045 1659 1118 auferam]
1685 1046 1984 1116 posteriora

383 1153 498 1211 tua,
532 1150 587 1198 et
615 1140 939 1196 interficiam
972 1139 1039 1196 de
1061 1140 1216 1196 Ahab
1247 1139 1574 1208 miagcntem
1601 1139 1669 1193 ad
1695 1138 1980 1209 parietem,

381 1246 442 1292 et
477 1235 721 1290 clausum
769 1241 826 1289 et
856 1231 1105 1287 ultimum
1133 1231 1211 1304 [h.
1241 1229 1586 1302 derelictum]
1611 1231 1662 1285 in
1697 1229 1883 1284 Israel.
1919 1229 1988 1284 Et

381 1328 528 1385 dabo
559 1327 778 1384 domum
812 1335 959 1381 tuam
993 1325 1134 1380 sicut
1183 1325 1404 1380 domum
1434 1323 1722 1379 Jeroboam
1757 1321 1852 1376 ﬁlii
1880 1323 1984 1377 Na-

379 1421 500 1488 bat,
533 1430 589 1477 et
617 1420 759 1476 sicut
783 1420 1005 1476 domum
1039 1419 1207 1474 Baasa
1235 1417 1330 1473 ﬁlii
1357 1417 1493 1472 Ahia
1520 1433 1534 1470 :
1566 1417 1686 1488 quia
1719 1415 1901 1486 egisti,
1929 1423 1988 1470 ut

382 1530 476 1570 me
504 1514 572 1570 ad
606 1513 941 1569 iracundiam
978 1526 1337 1583 provocares,
1367 1519 1421 1566 et
1450 1525 1676 1580 peccare
1707 1509 1882 1565 fecisti
1912 1508 1988 1562 ls-

382 1608 520 1666 rael.
554 1606 641 1680 [T.
665 1605 852 1678 XCV.]
883 1605 989 1661 Sed
1022 1615 1077 1661 et.
1103 1605 1171 1660 de
1197 1604 1419 1660 Jezabcl
1451 1604 1663 1660 locutus
1693 1611 1776 1658 est
1803 1602 1988 1657 Domi-

384 1715 521 1768 nus,
550 1701 739 1756 diccns
785 1717 796 1751 :
835 1698 1017 1753 Canes
1047 1699 1334 1752 comedent
1363 1696 1580 1752 chabel
1613 1696 1664 1750 in
1708 1709 1837 1765 agro
1862 1693 1985 1748 Jez-

2082 483 2199 540 Non
2223 492 2308 540 est
2334 484 2424 540 hic
2453 485 2716 556 propheta
2746 483 2959 542 Domini
2985 485 3272 557 quispiam,
3296 494 3354 540 ut
3373 485 3683 556 interroge-

2084 592 2208 631 tnus
2236 593 2330 648 per
2362 577 2521 632 eum?
2571 578 2634 632 Et
2679 576 2757 632 ait
2803 593 2898 633 rex
2930 577 3094 634 Israel
3135 577 3200 631 ad
3233 576 3494 646 Josapbat
3526 593 3542 632 :
3577 576 3684 633 Re-

2087 673 2284 727 niausit
2313 672 2398 727 vir
2445 687 2616 739 unus,
2661 687 2758 742 per
2797 687 2956 742 quem
3011 685 3296 743 possemus
3338 669 3466 743 [Ms.
3500 670 3686 741 possi.

2085 764 2226 838 mus]
2260 766 2597 837 interrogare
2628 763 2915 820 Dominum
2947 781 2962 819 :
2995 763 3091 820 sed
3120 779 3221 834 ego
3247 762 3338 819 odi
3369 778 3493 819 eum
3514 797 3530 830 ,
3553 763 3687 834 quia

2086 873 2193 914 non
2227 857 2520 928 prophetat
2559 856 2692 912 mihi
2737 855 2978 926 bonum,
3013 856 3108 913 sed
3139 856 3339 913 malum
3367 898 3380 924 ,
3429 856 3689 912 Michteas

2086 949 2227 1006 ﬁlius
2249 948 2275 986 ά
2307 949 2504 1005 .lemla.
2533 947 2632 1005 Cui
2656 948 2921 1020 Josaphat
2943 951 3053 1005 ait;
3082 948 3158 1005 Ne
3183 948 3421 1021 loquaris
3442 948 3538 1013 ita,
3566 963 3690 1005 rex.

2088 1041 2175 1115 [T.
2229 1039 2482 1113 XCVIII.]
2541 1041 2766 1099 Vecavit
2819 1057 2950 1114 ergo
3000 1057 3095 1098 rex
3154 1041 3321 1098 Israel
3379 1040 3690 1098 eunuchum

2087 1135 2409 1205 quemdam,
2455 1145 2512 1192 et
2552 1135 2691 1192 dixit
2723 1135 2772 1191 ei
2807 1152 2820 1191 :
2853 1135 3074 1192 Fesrina
3104 1135 3378 1192 adducere
3409 1135 3694 1191 Michaaam

2089 1227 2259 1282 ﬁlium
2302 1226 2500 1283 Jemla.
2547 1227 2662 1283 Rex
2697 1239 2879 1283 autem
2931 1228 3098 1284 Israel
3139 1236 3195 1285 et
3236 1227 3544 1299 Josapbat,
3594 1243 3696 1284 rex

2087 1320 2248 1389 Juda,
2282 1321 2508 1377 sedebat
2535 1322 2907 1394 unusquisque
2929 1322 2981 1376 iu
3013 1321 3152 1378 solio
3179 1335 3306 1389 suo,
3333 1321 3520 1378 vestiti
3541 1320 3695 1376 cultu

2088 1417 2261 1486 regio,
2297 1415 2352 1471 in
2379 1431 2505 1472 area
2532 1415 2689 1486 juxta
2723 1417 2922 1472 ostium
2954 1425 3128 1486 portae
3160 1415 3454 1484 Samarite,
3484 1423 3540 1472 et
3565 1416 3699 1471 uni-

2087 1508 2229 1562 versi
2263 1507 2548 1578 propheta
2595 1507 3003 1581 prophetabant
3049 1509 3102 1564 in
3134 1517 3428 1578 conspectu
3477 1522 3695 1564 eorum.

2091 1598 2175 1673 [T.
2213 1598 2421 1670 XCIX]
2471 1599 2625 1657 Fecit
2660 1616 2874 1672 quoque
2906 1599 3012 1656 sibi
3062 1599 3320 1657 Sedecias
3367 1599 3508 1655 ﬁlius
3547 1598 3701 1654 Cha-

2093 1709 2229 1749 nana
2257 1694 2385 1767 [Με.
2419 1693 2715 1766 Chanaam]
2744 1709 2950 1750 cornua
2977 1693 3150 1750 ferrea
3173 1736 3188 1761 ,
3216 1702 3272 1749 et
3292 1694 3369 1749 ait
3401 1711 3415 1748 :
3449 1693 3580 1748 Ilaec
3609 1693 3701 1748 di-

387 1793 526 1849 rael.
558 1792 614 1850 Si
648 1799 893 1848 mortuus
925 1791 1085 1846 fuerit
1121 1789 1276 1844 Ahab
1301 1789 1379 1861 [h.
1409 1789 1499 1860 qni
1539 1797 1787 1843 mortuus
1830 1785 1995 1843 fuerit
2023 1791 2072 1853 Β
2099 1790 2170 1845 cit
2204 1791 2504 1847 Dominus:
2560 1790 2653 1845 llis
2684 1789 2974 1846 ventilabis
3014 1789 3222 1861 Syriam
3245 1831 3261 1856 ,
3303 1788 3478 1844 donec
3507 1787 3702 1844 deleas

389 1888 460 1942 de
488 1885 665 1956 Ahab]
694 1885 745 1938 in
774 1885 1016 1952 civitate,
1043 1881 1331 1956 comedent
1353 1896 1475 1937 eum
1499 1894 1664 1936 canes
1688 1896 1702 1933 :
1731 1879 1775 1934 si
1805 1886 1986 1934 autem

389 1979 471 2052 [h.
503 1978 597 2049 qui
647 1955 847 2047 autem]
891 1982 1140 2030 mortuus
1175 1955 1356 2028 fuerit
1402 1974 1454 2028 iu
1499 1988 1651 2043 agro,
1705 1971 1993 2027 comedent

389 2089 518 2130 eum
565 2070 817 2127 volucres
860 2069 1006 2125 coeli.
1066 2067 1232 2139 Igitur
1278 2082 1385 2122 non
1437 2067 1540 2121 fuit
1582 2067 1720 2122 alter
1767 2064 1888 2121 talis
1933 2074 1994 2120 ut

387 2166 580 2231 Ahab,
625 2166 716 2236 qui
762 2161 1120 2218 venumdatus
1168 2169 1289 2229 est,
1333 2169 1392 2215 ut
1440 2158 1644 2216 faceret
1689 2158 1891 2214 malum
1937 2157 1990 2212 in

390 2265 691 2328 conspectu
724 2255 941 2312 Domini
969 2254 1046 2326 [h.
1083 2254 1134 2308 in
1169 2252 1340 2309 oculis
1386 2252 1623 2324 Domini]
1656 2269 1671 2306 :
1704 2251 1994 2306 concitavit

394 2352 542 2409 enim
587 2367 711 2406 eum
758 2349 976 2406 chabel
1008 2363 1145 2402 uxor
1175 2362 1292 2414 sua,
1325 2355 1378 2402 et
1403 2344 1789 2401 abominabilis
1820 2344 1993 2399 factus

389 2444 521 2518 [Ms.
573 2441 826 2514 eﬂ‘ectus]
876 2449 988 2508 est,
1040 2441 1308 2495 intautum
1360 2448 1417 2494 ut
1475 2447 1803 2510 sequeretur
1850 2436 1994 2492 idola

395 2537 478 2612 [h.
513 2535 730 2608 sordes]
760 2577 773 2600 ,
823 2551 944 2606 qua:
993 2534 1237 2591 fecerant
1281 2532 1588 2589 Amorrhzei
1617 2575 1632 2598 ,
1681 2547 1817 2602 quos
1859 2546 1992 2586 con-

387 2630 624 2702 sumpsit
653 2629 919 2685 Dominus
947 2644 975 2683 a
1008 2627 1146 2684 facie
1175 2627 1412 2683 ﬁliorum
1443 2625 1632 2680 Israel.
1666 2624 1753 2697 [Τ.
1782 2624 1947 2679 XCVI
1975 2622 1994 2696 ]

392 2725 582 2796 Itaque
631 2740 756 2780 cum
797 2723 1040 2778 audisset
1087 2721 1243 2776 Ahab
1290 2735 1574 2777 sermones
1625 2720 1790 2788 istos,
1836 2719 1997 2773 scidit

392 2818 724 2873 vestimenta
771 2831 864 2870 sua
893 2813 1023 2886 [Με.
1058 2822 1265 2868 vestem
1298 2811 1508 2884 suam],
1554 2818 1610 2866 et
1638 2811 1852 2881 operuit
1879 2809 1998 2865 cili-

395 2910 484 2966 cio
507 2923 732 2964 carnem
761 2921 937 2972 suam,
967 2904 1340 2974 jejunaviique
1369 2913 1423 2957 et
1445 2903 1698 2958 dormivit
1729 2902 1783 2956 in
1813 2916 1994 2966 sacco,

400 3012 458 3060 et
501 3000 800 3056 ambulavit
842 2999 1080 3054 demisso
1120 2999 1318 3068 capite.
1367 2997 1435 3051 Et
1475 2996 1653 3052 factus
1684 3004 1768 3051 est
1815 3010 1998 3052 sermo

399 3094 616 3153 Domini
648 3093 714 3148 ad
745 3093 924 3148 Eliam
955 3091 1248 3147 Thesbiten
1269 3132 1284 3159 ,
1333 3091 1524 3146 dicens
1554 3106 1568 3144 :
1601 3089 1792 3145 Nonne
1816 3089 1998 3144 vidisti

2093 1897 2210 1938 eam
2262 1883 2335 1955 [Ιι.
2381 1882 3066 1955 consumas]:omnesque
3114 1881 3394 1952 propheta:
3440 1881 3704 1936 similiter

2094 1975 2516 2046 prophetabant,
2541 1975 2792 2031 dicentes
2816 1992 2830 2028 :
2859 1973 3106 2030 Asceude
3128 1973 3181 2029 in
3206 1972 3441 2029 Rametb
3463 1972 3700 2043 Galaad,

2096 2080 2153 2126 et
2182 2071 2318 2125 vade
2350 2085 2612 2140 prospere
2633 2114 2646 2140 ,
2675 2078 2733 2125 et
2765 2069 2940 2125 tradet
2966 2067 3228 2125 Dominus
3259 2069 3311 2124 in
3343 2078 3366 2106 ο
3392 2081 3586 2124 manus
3608 2084 3706 2124 re-

2095 2163 2199 2234 gis.
2241 2163 2472 2220 Nuntius
2513 2179 2662 2232 vero,
2702 2164 2794 2235 qui
2842 2165 3012 2232 ierat,
3040 2175 3100 2220 ut
3123 2173 3347 2220 vocaret
3373 2163 3659 2220 Michmam
3687 2205 3704 2232 ,

2097 2255 2307 2312 locutus
2331 2266 2416 2312 est
2437 2256 2503 2311 ad
2528 2271 2677 2322 eum,
2709 2255 2897 2311 dicens
2931 2275 2942 2310 :
2980 2255 3122 2313 Ecce
3148 2271 3432 2313 sermones
3456 2255 3708 2327 prophe-

2099 2357 2273 2406 larum
2305 2365 2398 2404 ore
2426 2365 2534 2405 uno
2560 2348 2700 2404 bona
2729 2349 2844 2420 regi
2875 2349 3174 2421 prmdicant
3196 2392 3211 2416 ,
3240 2351 3312 2406 sit
3338 2365 3468 2420 ergo
3499 2361 3553 2405 et
3581 2365 3710 2406 ser-

2097 2459 2186 2498 mo
2219 2452 2341 2498 tuus
2389 2442 2585 2497 similis
2630 2456 2853 2510 eorum,
2911 2452 2969 2498 et
3008 2442 3232 2514 loquere
3272 2442 3436 2498 bona.
3467 2443 3564 2499 Cui
3594 2443 3706 2498 Mi-

2099 2535 2277 2591 chrcas
2305 2537 2381 2590 ait
2410 2552 2425 2592 :
2459 2534 2608 2591 Vivit
2634 2536 2926 2605 Dominus,
2958 2537 3083 2608 quia
3128 2536 3508 2608 quodcumque
3539 2538 3710 2594 dixe-

2099 2631 2168 2686 rit
2202 2631 2330 2684 tnihi
2378 2629 2666 2696 Dominus,
2701 2630 2804 2687 hoc
2854 2631 3071 2701 loquar.
3100 2631 3264 2687 Venit
3293 2632 3478 2703 itaque
3514 2632 3581 2687 ad
3613 2648 3710 2688 re-

2099 2738 2219 2795 gem
2243 2766 2256 2786 ,
2288 2731 2343 2778 et
2369 2724 2443 2777 ait
2489 2723 2564 2778 illi
2594 2739 2688 2779 rex
2731 2741 2743 2777 :
2787 2723 3011 2779 Micha‘a
3033 2765 3049 2790 ,
3094 2724 3173 2780 ire
3213 2723 3475 2780 debemus
3509 2725 3562 2780 in
3593 2724 3712 2778 Ra-

2101 2816 2255 2872 moth
2283 2816 2484 2872 Galaad
2535 2816 2602 2871 ad
2656 2816 3015 2887 prreliandum
3037 2859 3051 2882 ,
3084 2833 3152 2873 an
3180 2819 3437 2875 cessare?
3467 2817 3564 2874 Cui
3608 2819 3711 2876 ille

2102 2909 2429 2978 respondit:
2480 2908 2760 2980 Ascende,
2817 2920 2876 2966 et
2919 2911 3052 2968 vade
3096 2927 3386 2983 prospere,
3428 2921 3484 2968 et
3525 2912 3714 2969 tradet

2103 2999 2291 3072 [Γαίῃ.
2325 3002 2527 3054 addunt
2553 3001 2696 3074 eam]
2737 3002 2999 3060 Dominus
3029 3005 3082 3058 in
3130 3018 3325 3059 manus
3359 3005 3522 3075 regis.
3558 3004 3716 3060 Dixit

2104 3105 2283 3148 autem
2315 3110 2412 3149 rex
2439 3095 2504 3150 ad
2536 3110 2659 3151 eum
2688 3114 2698 3150 :
2734 3095 2930 3151 lterum
2960 3105 3125 3168 atque
3155 3097 3352 3153 iterum
3384 3096 3576 3167 adjnro
3605 3106 3669 3154 te
3695 3139 3713 3165 ,

398 3189 745 3245 Itumiliatutn
777 3186 930 3242 Ahab
964 3200 1147 3241 coram
1181 3183 1310 3239 me?
1340 3183 1464 3252 quia
1492 3183 1657 3254 igitur
1690 3183 2002 3238 humiliatus
2030 3185 2077 3251 C
2111 3195 2168 3241 ut
2197 3202 2303 3242 non
2349 3187 2586 3258 loquaris
2614 3188 2694 3259 [Ιι.
2725 3187 2868 3255 Quot
2895 3189 3102 3246 vicibus
3147 3189 3494 3260 interrogabo
3523 3198 3578 3245 te
3600 3231 3616 3256 ,
3654 3201 3718 3244 ιιι

402 3291 490 3338 est
516 3279 621 3336 mei
645 3292 802 3335 causa
828 3321 843 3345 ,
875 3291 982 3332 non
1013 3274 1265 3330 inducam
1298 3275 1498 3329 malum
1537 3274 1591 3329 in
1620 3273 1809 3329 diebus
1841 3272 1960 3344 ejus
1984 3313 2003 3343 ,

401 3371 496 3427 sed
531 3372 585 3426 in
618 3370 808 3426 diebus
838 3368 933 3424 ﬁlii
964 3367 1046 3422 sui
1075 3366 1302 3422 inferam
1336 3366 1535 3421 malum
1562 3365 1745 3420 domui
1772 3365 1909 3437 ejus.

478 3462 633 3536 [ϐαρ.
667 3459 864 3533 XXII.]
910 3459 1268 3516 Transierunt
1307 3459 1470 3529 igitur
1502 3466 1613 3514 tres
1640 3460 1766 3513 anni
1797 3459 2003 3530 absque

403 3558 553 3615 bello
584 3557 726 3613 inter
761 3555 977 3627 Syriam
1009 3563 1064 3610 et
1103 3553 1290 3610 Israel.
1319 3553 1378 3608 In
1418 3568 1565 3609 anno
1597 3564 1774 3609 autem
1818 3553 2001 3619 tertio,

407 3648 692 3705 descendit
721 3647 986 3718 Iosaphat
1007 3661 1103 3702 rex
1130 3646 1264 3702 Juda
1288 3646 1355 3702 ad
1382 3661 1564 3718 regem
1593 3647 1780 3702 Israel.
1810 3647 2006 3718 (Dixit-

404 3760 512 3817 que
542 3759 638 3799 rex
671 3743 836 3797 Israel
878 3742 944 3797 ad
976 3757 1166 3798 servos
1195 3757 1325 3798 suos
1360 3762 1372 3798 :
1404 3743 1673 3815 Ignoratis
1719 3744 1861 3813 quod
1902 3759 2004 3799 no-

407 3847 522 3894 stra
548 3840 619 3892 sit
642 3833 876 3891 Ramoth
907 3835 1038 3909 [Με.
1058 3834 1316 3907 Itamath]
1344 3835 1572 3903 Galaad,
1601 3845 1656 3892 et
1680 3835 2007 3908 negligimus

331 3913 349 3930 ’
407 3930 604 3986 tollere
635 3944 753 3984 eam
786 3927 852 3983 de
883 3942 1048 3982 manu
1093 3928 1237 3998 regis
1285 3927 1514 4000 Syriae?)
1561 3928 1627 3983 Et
1666 3930 1741 3985 ait
1763 3930 1830 3984 ad
1853 3929 2009 3986 Josa-

410 4023 546 4093 phat
576 4042 588 4075 :
624 4022 895 4078 Veniesne
939 4036 1150 4076 mecum
1178 4021 1243 4075 ad
1278 4021 1640 4092 praeliandum
1684 4024 1738 4079 in
1774 4024 2006 4080 Ramoth

413 4116 658 4173 Galaad?
687 4116 772 4189 [Τ.
828 4113 1061 4186 XCVII]
1114 4115 1363 4187 Dixitque
1393 4116 1658 4189 Josaphat
1713 4118 1780 4174 ad
1822 4135 2006 4191 regem

411 4207 581 4263 Israel
616 4221 633 4262 :
667 4217 688 4245 ε
719 4205 869 4263 Sicut
900 4220 1003 4275 ego
1033 4219 1183 4274 sum,
1220 4206 1291 4260 ita
1321 4215 1376 4261 et
1413 4215 1466 4261 tu
1502 4224 1515 4261 :
1551 4209 1781 4277 pepulus
1813 4225 1967 4266 meus
1992 4252 2010 4281 ,

412 4309 468 4356 et
500 4298 733 4370 populus
784 4307 908 4352 tuus
965 4311 1131 4351 unum
1166 4304 1320 4364 sunt,
1373 4306 1428 4353 et
1469 4299 1681 4368 equites
1728 4301 1835 4355 mei
1879 4300 2005 4372 [Με.

415 4393 564 4448 addit
591 4391 688 4464 et],
718 4391 931 4462 equites
955 4389 1050 4445 tui.
1070 4389 1320 4459 Dixitque
1341 4389 1602 4460 Josaphat
1629 4390 1696 4446 ad
1720 4407 1900 4462 regem
1926 4393 1974 4448 Is
1991 4422 2012 4434 -

412 4487 526 4540 rael
552 4501 566 4539 :
599 4484 815 4552 Qumre,
847 4497 946 4538 oro
977 4492 1022 4537 te
1057 4481 1134 4554 [h.
1163 4496 1271 4537 non
1300 4481 1484 4553 habet]
1517 4481 1677 4537 hodie
1701 4499 2010 4542 sermonem

2107 3295 2214 3334 non
2246 3278 2539 3350 loquaris?]
2569 3279 2698 3334 mihi
2728 3279 2831 3334 nisi
2863 3281 3006 3352 quod
3037 3296 3221 3336 verum
3255 3289 3338 3336 est
3359 3323 3374 3348 ,
3401 3280 3453 3335 in
3484 3282 3720 3338 nomine

2107 3371 2342 3428 Domini.
2395 3373 2461 3427 Et
2483 3373 2576 3428 ille
2606 3374 2680 3428 ait
2709 3392 2723 3428 :
2759 3373 2874 3429 Vidi
2916 3383 3171 3431 cunctum
3200 3374 3363 3430 Israel
3393 3375 3716 3446 dispersum

2108 3467 2161 3520 in
2194 3465 2503 3534 montibus,
2539 3465 2694 3537 quasi
2724 3482 2853 3522 oves
2883 3483 2990 3522 non
3022 3467 3285 3523 habentes
3317 3479 3626 3536 paStorem,
3661 3478 3722 3524 et

2108 3557 2183 3612 ait
2237 3558 2540 3612 Dominus:
2589 3557 2706 3612 Non
2751 3557 2951 3614 habent
2991 3559 3270 3614 dominum
3317 3556 3395 3630 [h.
3427 3555 3719 3630 dominos]

2110 3650 2250 3705 isti:
2301 3659 2606 3706 revertatur
2653 3653 3026 3724 unusquisque
3069 3653 3123 3708 in
3165 3653 3386 3708 domum
3443 3666 3600 3707 suam
3659 3653 3718 3707 in

2110 3757 2264 3813 pace.
2317 3741 2403 3814 [Τ.
2443 3740 2529 3813 C.]
2582 3742 2731 3798 Dixit
2775 3760 2905 3815 ergo
2945 3760 3043 3801 rex
3087 3743 3254 3800 Israel
3306 3745 3374 3800 ad
3407 3745 3719 3813 Josaphat:

2109 3837 2383 3909 Numquid
2415 3853 2522 3892 non
2547 3836 2660 3892 dixi
2695 3838 2825 3904 tibi,
2859 3838 2980 3910 quia
3006 3854 3114 3894 non
3139 3838 3431 3911 prophetat
3457 3837 3592 3893 mihi
3615 3838 3725 3892 bo-

2111 3947 2274 3998 num,
2311 3929 2405 3986 sed
2442 3944 2660 4001 semper
2697 3931 2940 3986 malum?
2986 3931 3082 3987 Ille
3124 3947 3254 3987 vero
3303 3931 3550 4001 addens,
3587 3931 3672 3986 ait
3705 3949 3720 3986 :

2113 4025 2410 4096 Propterea
2439 4024 2565 4080 audi
2595 4040 2902 4082 sermonem
2958 4025 3216 4082 Domini:
3250 4025 3369 4081 Vidi
3419 4026 3725 4081 Dominum

2113 4120 2397 4176 sedentem
2431 4134 2593 4190 super
2622 4119 2816 4176 solium
2849 4135 3008 4176 suum
3029 4162 3044 4187 ,
3076 4129 3132 4176 et
3156 4135 3376 4176 onmem
3406 4119 3724 4176 exercitum

2113 4213 2238 4269 caeli
2285 4213 2627 4268 assistentem
2673 4213 2723 4268 ei
2761 4229 2789 4266 a
2821 4212 3028 4268 dextris
3067 4224 3120 4268 et
3147 4228 3178 4268 a
3225 4212 3499 4280 sinistris,
3551 4223 3603 4268 et
3643 4214 3729 4269 ait

2113 4305 2380 4360 Dominus
2411 4321 2424 4360 :
2470 4304 2602 4372 Quis
2643 4305 2876 4377 decipiet
2913 4305 3069 4361 Ahab
3095 4321 3265 4379 regem
3292 4305 3462 4360 Israel
3490 4305 3568 4377 [h.
3602 4322 3726 4362 non

2114 4393 2340 4467 habet],
2384 4403 2442 4451 ut
2471 4396 2762 4463 ascendat,
2807 4407 2863 4453 et
2893 4397 3052 4453 cadat
3100 4398 3151 4451 in
3203 4396 3434 4452 Itamoth
3465 4396 3729 4452 Galaad?

2115 4489 2186 4545 Et
2228 4489 2364 4544 dixit
2405 4505 2546 4546 unus
2591 4492 2760 4547 verba
2806 4490 3213 4562 hujuscemodi,
3259 4500 3316 4547 et
3351 4491 3489 4546 alius
3528 4491 3726 4548 aliter.

417 4577 659 4633 Domini.
708 4575 1074 4646 Congregavit
1122 4588 1252 4644 ergo
1299 4590 1400 4630 rex
1452 4573 1618 4628 Israel
1675 4577 1968 4646 prophetas
1994 4623 2011 4650 ,
2042 4585 2094 4647 D
2120 4584 2387 4655 Egressus
2409 4569 2493 4639 est
2515 4592 2692 4640 autem
2724 4585 2969 4656 spiritus,
2993 4594 3048 4640 et
3075 4585 3224 4640 stetit
3244 4599 3425 4640 coram
3455 4584 3727 4656 Domino,

417 4671 844 4745 quadringentos
885 4670 1107 4725 circiter
1133 4669 1308 4735 viros,
1346 4677 1400 4724 et
1426 4670 1499 4724 ait
1535 4668 1601 4723 ad
1633 4685 1734 4726 eos
1766 4690 1779 4728 :
1809 4673 1892 4730 Ire
1921 4676 2012 4733 de-

419 4763 525 4818 beo
552 4763 606 4818 in
637 4760 873 4816 Ramoth
903 4760 1104 4816 Galaad
1131 4758 1196 4813 ad
1228 4759 1534 4815 hellaudum
1556 4801 1571 4825 ,
1602 4776 1669 4816 an
1693 4763 2015 4833 quiescere?

421 4851 525 4920 Qui
549 4852 949 4924 responderunt
977 4868 992 4908 :
1019 4849 1302 4920 Ascende,
1336 4859 1386 4906 et
1418 4849 1567 4906 dabit
1597 4851 1780 4925 [γαῖα.
1813 4855 2014 4912 addunt

491 5016 520 5045 α
559 5008 866 5064 Veronens.
911 5021 1016 5063 ms.
1061 5021 1183 5064 cum
1236 5003 1516 5076 Vulgatis,
1563 5007 1618 5062 in
1658 5008 1770 5065 loco
1817 5010 1917 5069 hoc
1965 5015 2022 5070 in

424 5096 550 5152 quo,
563 5088 681 5152 etc.

489 5149 519 5235 ξ)
561 5149 820 5206 Voculam
862 5151 908 5205 ei
939 5148 1093 5220 juxta
1124 5149 1414 5206 Hebraeum
1450 5148 1752 5209 Veronens.
1787 5169 1890 5212 ms.
1924 5173 2022 5216 ne-

423 5231 555 5279 8οη.

502 5324 524 5393 f
554 5313 612 5369 In
640 5311 865 5393 Cauone
911 5315 1173 5370 nonnulla
1202 5322 1482 5393 mutantur
1530 5315 1634 5372 hoc
1671 5318 1835 5393 modo
1860 5321 2018 5393 juxta

419 5384 714 5463 Hebraeum
745 5401 760 5438 :
787 5383 1050 5463 Sicut_ego
1079 5403 1216 5452 sum,
1245 5387 1321 5442 ita
1350 5397 1395 5463 et
1424 5397 1480 5443 tu
1518 5405 1536 5443 .'
1567 5397 1614 5444 et
1637 5391 1766 5444 sicut
1789 5383 2015 5463 populus

421 5473 596 5523 meus,
628 5457 704 5510 ita
731 5463 779 5510 et
788 5457 1028 5580 (repulus
1055 5468 1210 5513 tuus:
1241 5466 1288 5512 et
1331 5462 1461 5514 sicut
1510 5463 1630 5532 equi
1667 5457 1799 5532 mei,
1845 5465 1920 5520 ita
1964 5479 2013 5522 et

421 5531 539 5580 caui
563 5529 658 5580 tui.
681 5525 785 5580 Cre
828 5527 1017 5580 iderim
1046 5528 1182 5580 hanc
1211 5531 1669 5580 emendationem-
1696 5550 1816 5580 num.
1838 5540 2012 5580 mani-

419 5531 539 5605 equi
563 5529 658 5584 tui.
681 5525 1017 5605 Crediderim
1046 5528 1186 5605 hanc
1211 5525 1670 5605 emendationem,
1696 5525 1816 5605 quae
1838 5540 2012 5592 mani-

417 5596 558 5680 {ésta
589 5599 753 5680 estin
785 5596 975 5680 codice
1002 5613 1104 5679 ms.
1138 5601 1206 5680 ab
1241 5601 1423 5671 aliquo
1465 5596 2008 5680 scholio'marginali

419 5668 644 5745 ﬁnxisse
686 5672 1099 5745 in_contextut_n
1129 5687 1146 5745 ε,
1175 5671 1227 5724 in
1282 5668 1444 5741 quam
1495 5668 1870 5745 suspicionem
1908 5696 2008 5737 nos

418 5739 653 5814 impellit
673 5741 863 5800 eadem
895 5739 1107 5814 phrasis
1135 5739 1329 5814 iterum
1359 5739 1617 5814 usurpata
1643 5747 1782 5804 libro
1829 5766 1867 5805 ιι
1899 5752 2010 5806 Ma-
2109 5755 2156 5810 ie

410 5809 614 5872 Iachim
640 5829 763 5888 cap.
787 5828 864 5883 ιιι,
896 5809 1040 5870 vers.
1061 5811 1117 5884 7,
1144 5812 1237 5870 ubi
1257 5813 1459 5874 intacta
1486 5809 1749 5877 remansit
1775 5821 1828 5879 iu
1857 5833 2006 5883 textu

2123 4684 2178 4732 et
2206 4677 2278 4731 ait
2314 4693 2328 4729 :
2373 4675 2487 4746 Ego
2517 4675 2781 4746 decipiam
2826 4677 2996 4732 illum.
3028 4677 3123 4733 Cui
3166 4677 3380 4732 locutus
3422 4686 3502 4732 est
3531 4676 3734 4734 Domi-

2123 4783 2224 4824 nus
2251 4785 2262 4820 :
2292 4767 2348 4823 In
2376 4769 2517 4838 quo?
2567 4768 2637 4824 Et
2682 4769 2771 4826 ille
2801 4770 2912 4824 ait:
2943 4770 3027 4842 [Τ.
3059 4768 3168 4842 CL]
3221 4769 3504 4842 Egrediar,
3539 4781 3597 4826 et
3623 4788 3732 4828 ero

2120 4860 2346 4933 spiritus
2376 4859 2611 4917 mendax
2659 4861 2715 4917 in
2753 4877 2848 4920 ore
2888 4863 3131 4918 omnium
3163 4861 3546 4934 prophetarum
3576 4865 3729 4934 ejus.

2125 5017 2550 5096 Ilieronymiana
2596 5021 2906 5096 translatio,
2954 5021 3214 5080 Scholion
3263 5035 3393 5079 vero
3441 5022 3731 5096 integrum

2123 5090 2368 5175 additum
2388 5091 2560 5175 estin
2589 5095 2857 5175 margine,
2882 5104 3044 5175 prout
3093 5096 3183 5175 hic
3233 5096 3468 5166 positum
3520 5090 3737 5175 legitur-

2125 5164 2264 5216 intra
2293 5170 2496 5218 textum
2527 5164 2845 5236 Scriptum.
2877 5165 3081 5224 Confer
3117 5164 3297 5224 locum
3347 5164 3646 5239 utrumque
3680 5173 3734 5226 si

2122 5231 2364 5288 libuerit.
2393 5233 2571 5290 Mxn'r.

2109 5374 2112 5377 _
2195 5303 2222 5384 (ξ
2247 5303 2302 5360 Μ
2308 5304 2480 5384 ξεΙιεᾳε
2495 5315 2553 5362 et
2582 5305 2812 5384 Illic/iam
2832 5322 2996 5369 versu
3021 5311 3274 5384 sequenti
3299 5309 3462 5368 habet
3489 5309 3731 5382 Canon;

2123 5375 2219 5434 sed
2247 5377 2585 5433 emendatus.
2611 5380 2789 5435 ΜΑιιτ.

2189 5445 2601 5524 -τ-(Ζοιιειδιιιςι
2625 5450 2772 5524 idem
2796 5467 2899 5508 ms.
2925 5453 3133 5524 aspirat
3155 5451 3384 5510 Iliemla.
3419 5453 3538 5509 Mox
3573 5462 3739 5512 tacet

2117 5519 2343 5646 vterbum
2397 5521 2492 5576 ait.
2548 5522 2793 5594 Denique
2848 5519 3030 5582 minus
3085 5527 3224 5583 bene
3267 5527 3354 5580 isti
3396 5525 3567 5582 habet
3615 5543 3735 5598 pro

2117 5609 2210 5646 ια.

2114 5609 2210 5647 ua.

2189 5674 2213 5701 θ
2255 5663 2402 5722 Idem
2449 5681 2551 5724 ms.
2595 5667 2650 5723 in
2676 5683 2857 5724 manu.
2897 5669 3065 5726 IIebr.
3114 5679 3230 5732 τῇ.
3273 5668 3344 5726 Et
3388 5669 3559 5740 paqu
3590 5682 3738 5742 post

2111 5755 2492 5888 iz’t‘z‘tlutgcare,
2539 5776 2639 5835 pro
2669 5773 2725 5820 ut
2764 5772 2990 5822 vocaret.
3025 5763 3280 5823 Hebraic.
3311 5748 3496 5854 MPH,
3527 5763 3594 5819 ad
3628 5779 3738 5823 vo-
