3964 6344
231 302 317 361 7⁸21
1465 308 1670 366 LIBER
1710 308 1752 364 II
1792 307 2175 366 MALACIIIM.

3409 315 3519 373 722

226 419 286 475 Et
310 417 449 473 dixit
478 416 737 473 Dominus
775 419 854 493 [h.
883 432 992 474 non
1032 419 1215 495 habet]
1246 439 1261 477 :
1289 423 1565 493 Decipies,
1597 433 1651 480 et
1681 440 1815 495 prce-
1844 424 1900 485 Α
1923 424 2063 481 latus
2092 436 2173 481 est
2196 425 2529 495 Samariam,
2563 427 3002 503 sepeliet-umque
3029 446 3211 503 regem
3239 432 3291 488 in
3325 433 3519 490 Sama-

225 513 423 569 valebis
452 532 466 568 :
514 514 780 584 egredere
807 556 821 579 ,
859 524 915 570 et
942 514 1026 570 fac
1067 516 1158 570 ita.
1190 516 1339 572 Nunc
1380 517 1543 589 igitur
1569 534 1697 574 ecce
1722 518 1817 574 de-

227 606 295 661 dit
368 605 637 660 Dominus
688 604 937 675 spiritum
994 605 1260 662 mendacii
1314 607 1367 663 in
1421 623 1516 664 ore
1572 610 1813 664 omnium

230 697 612 770 prophetarum
659 707 904 764 tuorum,
935 699 1025 768 qui
1056 698 1144 755 hic
1170 708 1328 767 sunt,
1356 713 1408 756 et
1440 701 1700 756 Dominus
1732 702 1814 757 lo-

224 801 370 846 eutus
398 800 485 846 est
528 799 718 845 contra
743 799 795 846 te
826 790 1048 846 malum.
1084 792 1168 865 [Τ.
1202 793 1333 862 CIL]
1363 793 1607 849 Accessit
1635 804 1814 849 autem

224 883 475 940 Sedecias
530 885 672 939 Iilius
713 883 1001 951 Cltanana,
1032 895 1087 941 et
1134 890 1402 956 percussit
1447 888 1727 945 Micbmam
1761 892 1814 944 in

222 978 527 1046 maxillam,
562 988 619 1035 et
646 978 826 1033 dixit:
860 979 1013 1035 Mene
1061 994 1192 1051 ergo
1233 980 1435 1035 dimisit
1460 982 1678 1052 spiritus
1710 982 1816 1037 Do-

223 1074 378 1140 mini,
414 1082 470 1128 et
499 1072 714 1128 locutus
742 1082 825 1128 est
851 1072 983 1128 tibi?
1022 1072 1088 1127 Et
1131 1074 1208 1127 ait
1254 1072 1507 1129 Iliehreas
1542 1093 1554 1126 :
1590 1073 1813 1131 Visurus

221 1184 273 1224 es
302 1169 355 1223 in
387 1167 478 1223 die
530 1168 652 1236 illa,
692 1167 908 1234 quando
955 1166 1271 1237 ingredicris
1299 1168 1603 1222 cubiculum
1625 1209 1639 1232 ,
1672 1168 1813 1223 intra

220 1260 520 1315 cubiculum
555 1270 614 1314 ut
642 1258 1018 1315 abscondat-is.
1053 1260 1119 1315 Et
1141 1260 1216 1315 ait
1246 1275 1338 1315 rex
1378 1259 1542 1316 Israel
1570 1279 1582 1314 :
1612 1261 1813 1317 Tollite

219 1352 518 1415 Michaeam.
545 1363 601 1409 et
622 1363 837 1408 maneat
860 1353 1004 1424 apud
1031 1352 1207 1409 Anton
1238 1353 1531 1424 principem
1553 1354 1810 1422 civitatis,

220 1456 267 1501 et
292 1448 438 1513 apud
484 1447 614 1503 Joas
662 1447 832 1502 filium
882 1446 1175 1513 Amalech,
1226 1456 1281 1502 et
1325 1448 1491 1504 dicite
1527 1448 1649 1503 eis:
1687 1449 1813 1503 llmc

219 1540 344 1596 dicit
374 1555 473 1597 rex
506 1558 519 1594 :
554 1540 750 1597 Mittite
774 1542 941 1595 virum
973 1542 1051 1614 [h.
1078 1556 1182 1596 non
1208 1539 1389 1612 habet]
1418 1542 1581 1596 istum
1613 1542 1663 1595 in
1692 1556 1813 1596 car-

218 1650 414 1702 cerem,
445 1644 504 1690 et
531 1644 833 1691 sustentate
863 1652 986 1691 eum
1034 1650 1173 1706 pane
1204 1636 1566 1691 tribulationis
1597 1646 1650 1691 et
1674 1652 1812 1709 aqua

218 1728 513 1799 angustiae,
568 1728 742 1785 donec
791 1738 1033 1785 revertar
1080 1728 1208 1800 [Με.
1264 1728 1527 1799 revertor]
1561 1730 1612 1784 in
1654 1745 1808 1800 pace.

1920 520 2077 585 riam,
2110 530 2163 576 et
2189 521 2438 577 laverunt
2467 537 2686 577 currum
2714 532 2740 559 α
2763 523 2881 592 ejus
2909 526 2962 580 in
2996 525 3198 596 piscina
3223 526 3513 596 Samariae,

1918 622 1975 669 et
2025 613 2301 670 Iinxerunt
2330 629 2496 671 canes
2536 615 2852 685 sanguinem
2882 617 3000 688 ejus
3027 660 3043 686 ,
3082 627 3137 673 et
3166 618 3405 677 habenas
3435 621 3516 675 Ia-

1918 717 2147 771 veruut,
2170 708 2323 777 juxta
2352 708 2578 765 verbum
2620 710 2865 777 Domini,
2898 712 3041 783 quod
3070 712 3286 769 loeutus
3315 714 3513 770 fuerat.

1918 799 2145 871 Reliqua
2173 816 2303 855 vero
2329 816 2641 858 sermonum
2666 803 2841 872 Ahab,
2866 814 2921 858 et
2946 804 3195 860 universa
3216 821 3336 876 qua:
3364 805 3514 873 fecit,

1917 903 1973 950 et
1999 893 2195 950 domus
2222 894 2477 950 eburnea:
2524 911 2685 964 quam
2732 895 3056 963 aedificavit,
3088 908 3514 967 cunctarumque

1918 988 2136 1044 urbium
2166 1004 2301 1061 quas
2350 991 2650 1057 exstruxit,
2689 1005 2872 1047 nonne
2904 991 3020 1047 luce
3063 992 3264 1062 scripta
3301 1003 3428 1048 sunt
3458 995 3514 1047 in

1918 1080 2058 1136 libro
2090 1080 2116 1120 ιι
2153 1096 2469 1138 sermonum
2517 1082 2729 1139 dierum
2775 1100 2961 1154 regum
3010 1085 3214 1143 Israel?
3246 1086 3333 1158 [Τ.
3376 1087 3509 1142 CIV.

1917 1173 2191 1229 Dormivit
2218 1189 2349 1245 ergo
2380 1174 2537 1229 Ahab
2578 1190 2700 1230 cum
2742 1177 2982 1246 patribus
3012 1176 3124 1233 suis
3146 1219 3162 1243 ,
3191 1185 3247 1234 et
3274 1178 3519 1249 regnavit

1917 1264 2149 1321 Ohozias
2198 1264 2277 1338 [h.
2327 1266 2580 1338 Ahazias]
2618 1267 2759 1323 [ilius
2805 1268 2923 1338 ejus
2961 1284 3059 1339 pro
3106 1284 3193 1325 eo.
3244 1269 3329 1341 [T.
3376 1268 3513 1342 CV.]

1916 1357 2176 1427 Josaphat
2215 1373 2343 1414 vero
2372 1357 2515 1413 Illius
2542 1359 2648 1414 Asa
2688 1374 2915 1430 regnare
2943 1371 3185 1432 coeperat
3224 1377 3388 1433 super
3413 1361 3512 1417 Ju-

1914 1450 2039 1505 dam
2085 1466 2229 1506 anno
2266 1460 2459 1521 quarto
2496 1450 2650 1507 Ahab
2676 1451 2819 1523 regis
2850 1452 3034 1509 Israel.
3077 1454 3316 1524 Triginta
3357 1455 3517 1523 quin-

1916 1558 2024 1614 que
2059 1558 2324 1599 annorum
2348 1552 2467 1599 erat
2491 1560 2613 1599 cum
2656 1560 2885 1616 regnare
2910 1546 3195 1618 cmpisset,
3228 1555 3284 1601 et
3325 1547 3514 1618 viginti

1915 1636 2154 1706 quinque
2185 1636 2263 1707 [h.
2294 1636 2443 1707 a....]
2476 1637 2632 1693 annis
2665 1639 2908 1708 regnavit
2950 1640 3002 1694 in
3029 1638 3328 1695 Jerusalem
3368 1657 3381 1692 :
3417 1654 3515 1693 no-

1916 1745 2041 1785 men
2085 1731 2278 1785 matris
2308 1731 2426 1801 ejus
2450 1732 2635 1787 AZIIII‘J
2680 1732 2789 1787 filia
2833 1733 2978 1788 Salai
3023 1733 3152 1805 [Με.
3185 1733 3407 1805 Salaai].
3444 1733 3514 1788 Et

220 1821 465 1892 Dixitque
513 1821 768 1877 Mieliaeas
800 1839 813 1874 :
846 1821 904 1877 Si
949 1836 1197 1876 reversus
1224 1820 1389 1877 fueris
1418 1823 1469 1875 in
1503 1837 1634 1891 pace
1658 1863 1672 1887 ,
1704 1839 1813 1879 non
1843 1821 1891 1883 B
1920 1824 2219 1879 ambulavit
2250 1825 2303 1878 in
2327 1826 2476 1880 omni
2507 1827 2592 1880 via
2622 1826 2729 1881 Asa
2762 1829 2933 1896 patris
2979 1829 3060 1882 sui
3082 1870 3098 1896 ,
3126 1839 3179 1883 et
3210 1844 3317 1883 non
3346 1828 3519 1885 decli-

220 1926 292 1969 est
320 1915 538 1971 locutus
567 1914 827 1970 Dominus
871 1915 925 1968 in
974 1929 1080 1969 me.
1116 1914 1183 1969 Et
1219 1914 1333 1969 ait:
1366 1914 1564 1970 Audite
1586 1956 1600 1981 ,
1633 1913 1817 1986 populi

219 2023 425 2065 omnes.
468 2010 729 2066 Ascendit
769 2010 953 2079 itaque
979 2025 1075 2065 rex
1103 2008 1300 2075 Israel,
1333 2018 1389 2065 et
1432 2008 1691 2080 Josapltat
1719 2024 1816 2066 rex

219 2100 380 2167 Iuda,
410 2100 468 2156 in
500 2101 736 2157 Ramoth
780 2100 1007 2158 Galaad.
1043 2101 1187 2158 Dixit
1218 2102 1398 2173 itaque
1439 2116 1537 2158 rex
1567 2101 1727 2157 Israel
1749 2102 1817 2157 ad

219 2194 521 2267 Iosaphat:
568 2196 735 2254 Sume
779 2213 961 2264 arma,
1007 2207 1063 2254 et
1108 2196 1397 2269 ingredere
1443 2195 1718 2266 praalium,
1763 2204 1820 2251 et

220 2288 445 2344 induere
475 2288 719 2344 vestibus
766 2289 893 2345 tuis.
927 2290 1098 2345 Porro
1138 2304 1234 2344 rex
1265 2289 1430 2344 Israel
1460 2288 1689 2343 mutavit
1720 2287 1817 2343 ha-

222 2386 388 2442 biturn
415 2386 604 2459 [I’ulg.
636 2388 836 2442 addunt
865 2386 1065 2459 suum],
1100 2394 1158 2443 et
1187 2387 1462 2457 ingressus
1482 2393 1568 2441 est
1593 2384 1811 2441 bellum.

224 2478 331 2535 Rex
371 2489 557 2535 autem
586 2479 759 2551 Syria:
801 2485 1141 2550 praeceperat
1186 2477 1523 2549 principibus
1562 2491 1818 2532 curruum

227 2572 439 2643 triginta
466 2570 680 2627 duobus
701 2616 715 2641 ,
746 2571 932 2627 dicens
966 2590 979 2626 :
1009 2571 1129 2627 Non
1160 2570 1465 2642 pugnabitis
1495 2576 1683 2626 contra
1712 2568 1818 2623 mi-

227 2681 408 2722 norem
462 2675 517 2720 et
558 2664 815 2734 majorem
854 2665 1197 2736 quempiam,
1250 2663 1358 2720 nisi
1403 2672 1593 2719 contra
1636 2677 1820 2733 regem

230 2760 386 2816 Israel
413 2758 615 2815 solum.
648 2756 782 2813 Cum
812 2773 945 2830 ergo
968 2759 1233 2814 vidissent
1266 2757 1537 2829 principes
1563 2771 1818 2813 curruum

227 2852 487 2923 Josapbat
506 2894 523 2920 ,
558 2853 816 2924 suspicati
847 2862 972 2910 sunt
998 2852 1142 2925 quod
1174 2854 1290 2924 ipse
1320 2860 1465 2909 esset
1489 2867 1582 2907 rex
1613 2850 1775 2906 Israel
1800 2892 1817 2916 ,

226 2961 273 3005 et
299 2951 509 3020 impetu
548 2948 691 3005 facto
717 2949 1027 3020 pugnabant
1051 2957 1241 3005 contra
1266 2963 1389 3004 eum
1414 2990 1428 3015 ,
1460 2956 1517 3003 et
1553 2946 1822 3003 exclama-

225 3044 296 3099 vit
349 3044 638 3115 Josapliat.
689 3044 1185 3114 Intellexeruntque
1242 3041 1517 3113 principes
1563 3055 1821 3097 curruum

226 3136 362 3206 quod
409 3152 523 3193 non
562 3146 711 3193 esset
758 3152 857 3193 rex
900 3136 1103 3203 Israel,
1149 3145 1204 3191 et
1246 3143 1596 3191 cessaverunt
1632 3133 1704 3188 ab
1731 3148 1818 3189 eo.

1922 1917 2073 1971 navit
2103 1932 2168 1972 ex
2194 1932 2255 1972 ea
2286 1934 2300 1970 :
2332 1917 2569 1988 fecitque
2591 1918 2737 1988 quod
2768 1929 2974 1975 rectum
2997 1928 3115 1974 erat
3136 1920 3188 1974 in
3220 1928 3517 1989 conspectu

1921 2010 2135 2064 Domini
2163 2010 2239 2081 [h.
2274 2008 2327 2064 in
2353 2010 2566 2082 oculis].
2593 2010 2983 2068 Verumtamen
3012 2012 3227 2068 excelsa
3256 2028 3365 2068 non
3390 2014 3517 2069 alis-

1922 2105 2043 2160 tulit
2074 2124 2085 2158 :
2120 2105 2298 2162 adhuc
2328 2106 2473 2161 enim
2506 2107 2741 2177 populus
2767 2107 3137 2177 sacriﬁcabat,
3172 2116 3229 2163 et
3266 2107 3522 2162 adolebat

1919 2200 2205 2254 incensum
2229 2199 2281 2253 in
2300 2197 2553 2255 excelsis.
2576 2200 2880 2271 Pacemque
2895 2201 3083 2256 habuit
3102 2200 3367 2271 Josaphat
3393 2216 3520 2256 cum

1922 2309 2052 2365 rege
2090 2292 2278 2349 Israel.
2320 2293 2547 2364 Reliqua
2593 2304 2777 2350 autem
2811 2294 3104 2349 verborum
3135 2292 3395 2363 Josaphat
3418 2334 3434 2361 ,
3466 2302 3523 2350 et

1921 2403 2087 2458 opera
2119 2388 2273 2457 ejus,
2325 2402 2445 2457 quze
2491 2386 2692 2458 gessit,
2744 2397 2798 2443 et
2844 2387 3033 2457 prmlia
3064 2386 3143 2459 [h.
3196 2386 3517 2457 fortitudo],

1922 2496 2105 2537 nonne
2151 2481 2268 2535 hmc
2299 2481 2503 2549 scripta
2551 2490 2676 2536 sunt
2706 2480 2758 2535 in
2786 2479 2925 2535 libro
2963 2481 3257 2537 verborum
3306 2479 3518 2536 dierum

1925 2588 2113 2643 regum
2139 2572 2322 2639 Iuda?
2367 2572 2475 2628 Sed
2525 2581 2581 2627 et
2628 2570 2884 2642 reliquias
2922 2571 3392 2635 effeminatorum,
3424 2572 3518 2640 qui

1924 2674 2301 2721 remanserant
2347 2664 2401 2719 in
2433 2663 2627 2719 diebus
2656 2663 2763 2719 Asa
2798 2664 2969 2734 patris
3014 2663 3165 2734 ejus,
3196 2663 3422 2718 abstulit
3449 2662 3520 2717 de

1925 2767 2091 2814 terra.
2123 2757 2235 2827 Nec
2272 2765 2390 2812 erat
2419 2766 2543 2812 tunc
2585 2772 2677 2812 rex
2716 2757 3044 2812 constitutus
3080 2758 3134 2813 in
3177 2755 3374 2812 Edom.
3407 2754 3521 2809 Rea:

1924 2869 2043 2908 rero
2072 2850 2146 2923 [h.
2174 2866 2284 2905 non
2316 2848 2502 2921 habet]
2532 2848 2793 2920 Josapltat
2835 2847 3041 2908 fecerat
3069 2848 3275 2906 classes
3305 2849 3358 2903 in
3381 2846 3520 2902 mari

1926 2946 2002 3019 [h.
2045 2944 2324 3015 Tharsis],
2353 2959 2474 3014 quae
2502 2946 2820 3015 navigarent
2864 2946 2917 2999 in
2953 2942 3124 3015 Ophir
3165 2953 3385 3013 propter
3425 2957 3523 2995 an-

1924 3054 2045 3095 rum
2078 3057 2090 3091 :
2124 3045 2180 3093 et
2207 3036 2290 3092 ire
2319 3050 2426 3091 non
2469 3045 2795 3106 potuerunt,
2824 3036 2948 3106 quia
2990 3035 3285 3092 confracta:
3315 3044 3439 3090 sunt
3467 3033 3523 3087 in

1926 3131 2325 3189 Asion-Gaber.
2377 3129 2529 3185 Tunc
2567 3131 2642 3183 ait
2679 3130 2910 3185 Obozias
2956 3129 3034 3201 [h.
3078 3128 3330 3199 Ahazias]
3379 3128 3521 3182 filius

227 3229 305 3301 [T.
344 3229 507 3301 Clll.]
553 3230 702 3285 Unus
744 3229 932 3302 [Vulg.
962 3228 1064 3300 vir]
1108 3237 1287 3284 autem
1329 3226 1547 3299 quidam
1589 3225 1819 3282 tetendit
1848 3212 1895 3276 C
1928 3226 2084 3282 Ahab
2130 3224 2199 3280 ad
2243 3223 2503 3294 Josaphat
2532 3239 2546 3275 :
2574 3220 2787 3276 Vadant
2837 3222 2981 3277 servi
3028 3221 3135 3276 mei
3175 3236 3298 3275 cum
3346 3218 3525 3274 servis

228 3339 409 3378 arcum
432 3363 449 3389 ,
478 3322 533 3377 in
567 3322 833 3379 incertum
865 3322 1117 3393 sagittam
1147 3320 1385 3391 dirigens
1406 3360 1423 3387 ,
1455 3327 1512 3375 et
1538 3333 1667 3374 casu
1696 3333 1823 3388 per-

228 3416 391 3471 cussit
421 3430 605 3487 regem
646 3416 812 3471 Israel
852 3416 994 3471 inter
1038 3414 1351 3486 pulmonem
1378 3421 1435 3469 et
1477 3412 1814 3469 stomachum

230 3509 299 3579 ]h.
331 3510 481 3566 inter
529 3510 824 3581 scapulas].
858 3512 927 3565 At
964 3509 1055 3566 ille
1082 3509 1221 3564 dixit
1250 3509 1450 3579 auriga:
1478 3523 1577 3564 suo
1610 3526 1625 3564 :
1660 3508 1819 3565 Verte

228 3617 448 3657 manum
473 3610 620 3657 tuam
642 3644 659 3671 ,
693 3610 749 3658 et
774 3602 911 3672 ejice
932 3617 1019 3658 me
1038 3601 1105 3657 de
1126 3600 1401 3669 exercitu,
1433 3602 1554 3673 quia
1582 3604 1821 3671 graviter

227 3695 546 3751 vulneratus
592 3697 734 3750 sum.
769 3694 1130 3751 Commissum
1173 3703 1257 3751 est
1299 3710 1429 3764 ergo
1468 3694 1712 3766 praelium
1760 3695 1817 3750 in

226 3786 310 3841 die
335 3787 469 3854 illa,
514 3797 569 3841 et
613 3801 708 3842 rex
750 3785 917 3843 Israel
957 3786 1135 3842 stabat
1185 3785 1239 3841 in
1282 3800 1443 3840 curru
1487 3800 1587 3840 suo
1630 3794 1817 3842 contra

226 3878 391 3950 Syros
413 3924 429 3949 ,
475 3888 533 3934 et
560 3888 808 3935 mortuus
836 3888 921 3936 est
943 3878 1159 3950 veSperi
1190 3896 1203 3936 :
1238 3877 1438 3933 Iluebat
1466 3887 1647 3934 autem
1696 3894 1821 3935 san-

226 3975 342 4044 guis
372 3974 547 4045 plagre
579 3976 632 4030 in
660 3975 839 4031 sinum
884 3989 1078 4031 currus
1102 4016 1118 4043 ,
1166 3982 1222 4030 et
1250 3987 1430 4044 prreco
1460 3974 1737 4044 personuit
1766 3975 1819 4030 in

230 4067 486 4123 universo
508 4068 754 4123 exercitu
779 4076 1070 4137 antequam
1093 4066 1176 4123 sol
1199 4067 1569 4134 occumberet,
1595 4067 1782 4124 dicens
1807 4087 1817 4123 :

231 4158 613 4232 Unusquisque
663 4170 965 4217 revertatur
1004 4161 1058 4216 in
1103 4160 1378 4216 civitatem
1419 4175 1569 4217 suam
1613 4161 1741 4233 [Με.
1776 4173 1825 4217 et

233 4251 394 4326 Vulg.
429 4265 596 4308 tacent
623 4253 829 4326 suam],
861 4264 915 4310 et
943 4254 998 4310 in
1028 4261 1228 4311 terram
1259 4270 1412 4310 suam
1447 4255 1522 4328 [h.
1554 4254 1609 4310 in
1632 4255 1824 4311 castris

227 4345 351 4400 dum
378 4347 461 4401 sol
488 4348 873 4413 occumberet,
905 4348 1091 4403 dicens
1120 4365 1135 4403 :
1174 4346 1266 4401 Vir
1285 4348 1340 4401 in
1360 4349 1616 4403 civitatem
1644 4364 1819 4418 suam,

227 4449 282 4495 et
307 4440 365 4496 in
394 4449 587 4495 terram
628 4440 820 4512 suam].
851 4440 1093 4497 Mortuus
1122 4451 1208 4496 est
1235 4450 1415 4496 autem
1448 4456 1573 4509 rex,
1607 4449 1663 4497 et
1695 4457 1819 4513 per-

299 4615 327 4643 ιι
359 4605 457 4661 llic
481 4605 785 4662 Veronens.
812 4620 915 4662 ms.
944 4614 1085 4662 tacet
1104 4606 1233 4676 ejus,
1270 4605 1413 4678 quod
1440 4620 1615 4676 neque
1641 4603 1693 4658 in
1721 4603 1826 4659 Ile-

228 4679 381 4733 braeo
411 4687 649 4731 resonat.

298 4749 326 4788 ι’
356 4748 503 4805 Idem
553 4763 656 4804 ms.
702 4748 772 4803 In
820 4750 951 4805 libro
983 4750 1269 4805 Verborum
1312 4749 1551 4807 dierum:
1592 4747 1680 4818 qui
1710 4747 1827 4816 ejus

740 4917 1058 4930 —--_

1068 4918 1235 4927 ...ι-..-

234 4917 459 4933 φ’...ω

468 4919 720 4933 ...ψ-

1928 3320 2036 3377 tuis
2061 3320 2119 3374 in
2150 3317 2399 3373 navibus.
2441 3314 2512 3370 Et
2552 3313 2730 3369 noluit
2751 3313 3031 3384 Josapbat.
3062 3313 3148 3385 [T.
3179 3309 3339 3382 CVI.]
3390 3311 3527 3365 Dor-

1928 3412 2193 3482 mivitque
2227 3420 2248 3449 ο
2281 3407 2541 3478 Josapbat
2570 3421 2691 3461 cum
2726 3404 2966 3475 patribus
3008 3405 3155 3471 suis,
3182 3412 3237 3460 et
3272 3402 3520 3473 sepultus

1928 3511 2015 3560 est
2042 3518 2163 3559 cum
2188 3500 2267 3556 eis
2294 3500 2347 3555 in
2377 3496 2593 3553 civitate
2616 3496 2781 3552 David
2807 3497 2973 3567 patris
3003 3495 3090 3552 sui
3117 3514 3128 3550 :
3171 3495 3525 3565 regnavitquc

1929 3600 2112 3656 Joram
2149 3595 2290 3651 filius
2317 3593 2435 3664 ejus
2466 3608 2564 3663 pro
2590 3608 2676 3648 eo.
2710 3591 2942 3647 Ohozias
2975 3600 3158 3647 autem
3193 3591 3335 3646 [ilius
3364 3590 3522 3647 Ahab

1928 3705 2165 3764 regnare
2204 3695 2445 3759 cceperat
2472 3701 2634 3756 super
2665 3685 2746 3757 ]h.
2780 3694 3091 3756 regnaverat
3138 3683 3326 3756 super]
3358 3682 3529 3739 Israel

1931 3792 1985 3845 in
2039 3783 2315 3848 Samaria,
2347 3794 2492 3835 anno
2546 3777 2782 3848 septimo
2807 3777 3023 3833 decimo
3069 3776 3331 3847 Josaphat
3381 3775 3529 3845 regis

1928 3880 2103 3947 Juda,
2133 3874 2487 3947 regnavitque
2516 3886 2677 3941 super
2708 3869 2875 3925 Israel
2902 3869 3114 3925 duobus
3142 3869 3319 3924 annis.
3353 3869 3419 3923 Et
3450 3868 3529 3924 fe-

1930 3979 2005 4032 cit
2035 3972 2236 4029 malum
2265 3968 2317 4023 in
2347 3974 2642 4036 conspectu
2673 3963 2909 4029 Domini,
2941 3971 2996 4019 et
3026 3961 3325 4017 ambulavit
3352 3961 3406 4016 in
3437 3960 3524 4014 via

1930 4065 2105 4138 patris
2131 4060 2216 4119 sui
2242 4069 2294 4117 et
2326 4057 2516 4114 matris
2560 4071 2709 4121 sum,
2738 4064 2795 4111 et
2836 4055 2892 4110 in
2920 4055 3067 4111 viam
3094 4054 3387 4109 Jeroboam
3430 4051 3527 4106 filii

1928 4160 2123 4225 Nabal,
2145 4156 2235 4228 qui
2261 4166 2491 4225 peccare
2511 4150 2640 4207 fecit
2663 4149 2853 4206 Israel.
2871 4148 3105 4205 Servivit
3127 4161 3345 4219 quoque
3370 4145 3523 4211 Baal,

1929 4262 1985 4310 et
2014 4248 2259 4307 adoravit
2285 4261 2406 4302 eum
2428 4286 2443 4313 ,
2467 4254 2526 4299 et
2555 4244 2790 4299 irritavit
2815 4243 3101 4297 Dominum
3126 4240 3295 4296 Deum
3326 4238 3519 4303 Israel,

1926 4352 2081 4423 juxta
2110 4344 2291 4405 omnia
2317 4357 2437 4415 qua:
2467 4341 2673 4399 fecerat
2700 4346 2858 4411 pater
2885 4337 3025 4409 ejus.

1935 4610 2021 4659 est
2068 4598 2288 4670 proprie
2314 4594 2521 4670 titulus
2557 4588 2712 4657 libri,
2750 4599 2919 4670 supra
2959 4590 3204 4670 retengus
3248 4582 3528 4670 continuo.

2009 4655 2032 4712 ε
2070 4655 2275 4727 Nomen
2300 4655 2766 4735 Josaphat,qu0d
2796 4669 2975 4712 tamen
3006 4656 3061 4712 in
3092 4655 3325 4711 Hebraeo
3371 4668 3529 4724 repe-

1936 4746 2094 4812 ritur,
2126 4733 2563 4797 Veronens.'ms.
2597 4733 2684 4788 hic
2716 4738 2875 4785 tacet.

3158 4900 3527 4918 ἢ

1584 4920 1928 4931 --ι--ι

574 5160 577 5161 ,
637 5039 1554 5155 MALACHIM
1627 5042 1819 5154 LIi

1926 5039 2107 5150 ER
2184 5030 3126 5147 SECUNDUS“.

302 5383 375 5437 Τ.
404 5380 558 5451 CVII,
594 5380 725 5453 Cap.
753 5379 821 5452 1.]
852 5379 1245 5436 Praevaricatus
1268 5386 1353 5433 est
1394 5383 1575 5430 autem
1600 5373 1756 5429 Moab
1784 5371 1837 5427 in
1864 5371 1920 5433 D
1946 5369 2059 5425 zias
2092 5370 2167 5442 [h.
2196 5368 2451 5439 Altazias]
2484 5381 2578 5437 per
2622 5365 2897 5422 cancellos
2943 5361 3211 5423 caenaculi
3257 5362 3365 5428 sui,
3397 5358 3541 5433 quod

228 5475 427 5545 Israel,
446 5483 734 5546 postquam
760 5481 1006 5529 mortuus
1035 5480 1117 5527 est
1140 5470 1320 5527 Ahab.
1344 5466 1665 5537 Ceciditque
1688 5465 1834 5522 Oho-

309 5623 340 5652 ι
368 5610 662 5668 Continuat
696 5608 1037 5665 Veronensis
1078 5623 1183 5661 ms.
1220 5604 1581 5673 prmeedentis
1604 5602 1729 5657 libri
1755 5617 1841 5658 se-

234 5686 407 5749 riem,
447 5700 555 5739 non
590 5680 838 5751 apposita
865 5680 1090 5735 secundi
1140 5679 1302 5751 hujus
1348 5674 1725 5751 inscriptione,
1757 5683 1843 5751 nt-

688 5751 904 5826 ebraici
939 5750 1272 5826 exemplaris
1303 5760 1571 5826 normam,
1604 5745 1846 5826 singula-

241 5819 368 5884 rem
404 5819 529 5883 facit
557 5824 761 5883 librum
803 5819 1088 5880 Malacltim
1111 5860 1126 5889 ,
1157 5836 1264 5879 non
1303 5819 1355 5876 in
1396 5819 1533 5875 duos
1572 5819 1848 5889 partitur:

233 5766 380 5827 pote
410 5754 500 5827 qui
525 5752 595 5827 ad

1944 5465 2178 5520 habebat
2207 5464 2261 5519 in
2291 5462 2558 5529 Samaria,
2583 5469 2637 5518 et
2659 5459 2983 5531 mgrotavit:
3015 5458 3269 5528 misitque
3298 5455 3540 5521 nuntios,

1949 5599 2091 5672 quod
2126 5601 2294 5657 semel
2340 5608 2500 5672 atque
2532 5601 2729 5656 iterum
2762 5613 2924 5672 supra
2955 5586 3549 5672 antiptatu_m_est._}'i:

1947 5658 2093 5728 desis
2146 5683 2328 5728 tamen
2366 5658 2523 5741 |infra
2570 5684 2749 5727 netam
2794 5658 2847 5725 θ’
2875 5670 3001 5742 (col.
3055 5666 3160 5724 725
3206 5663 3319 5733 Ituj.
3373 5658 3544 5729 edit.)

1954 5743 2113 5803 initio
2157 5744 2381 5815 capituli
2426 5743 2828 5816 subsequentis.
