3964 6344
453 281 558 343 727

1455 280 1518 341 S.
1558 279 1945 341 HIERONYMI
1983 279 2217 342 DlVlNA
2257 280 2734 343 BIBLIOTHECA.

3617 291 3716 359 728

449 399 651 471 Edom,
695 406 754 459 et
796 401 1002 474 repleta
1048 408 1132 458 est
1167 409 1311 459 terra
1353 400 1531 472 aquis.
1575 400 1825 458 Universi
1863 409 2046 457 autem
2075 401 2130 462 Α
2154 415 2261 472 que
2288 400 2602 474 frequenter
2628 399 2755 457 inde
2785 397 3064 468 transiret,
3092 397 3396 460 divertebat
3425 404 3486 462 ad
3514 422 3715 478 eam,ui

452 498 725 568 Moabitae,
771 501 1051 558 audientes
1078 498 1223 571 quod
1253 498 1627 555 ascendissent
1655 513 1832 568 reges,
1868 508 1924 554 ut
1953 513 2055 568 pu-

449 603 684 666 gnarent
711 594 1002 650 adversum
1032 608 1149 661 eos,
1179 602 1619 649 convocaverunt
1644 606 1834 648 omnes
1856 591 1949 662 qui
1975 605 2059 648 ac-

449 685 623 742 cincti
647 695 806 742 erant
829 686 1006 742 balteo
1030 685 1288 756 desuper,
1321 693 1376 742 et
1403 692 1673 742 steterunt
1703 683 1758 741 in
1784 683 2052 741 terminis.

449 778 747 850 Primoque
773 793 933 835 mane
970 789 1278 848 surgentes,
1322 787 1378 835 et
1419 786 1542 835 orto
1561 779 1674 850 jam
1706 777 1822 835 sole
1865 793 1933 835 ex
1963 776 2058 833 ad-

450 887 615 930 verso
655 887 940 944 aquarum,
988 872 1242 929 viderunt
1290 872 1538 929 Moabita:
1573 887 1606 929 e
1649 881 1837 930 contra
1885 885 2056 944 aquas

449 965 648 1022 rubras
673 964 825 1036 quasi
865 965 1206 1037 sanguinem,
1247 964 1659 1037 dixeruntque:
1709 965 1943 1037 Sanguis
1971 973 2058 1021 est

449 1059 638 1131 gladii,
672 1069 1046 1130 pugnaverunt
1075 1074 1233 1131 reges
1262 1070 1442 1116 contra
1471 1077 1523 1116 se
1544 1060 1623 1133 [h.
1655 1074 1762 1116 non
1789 1057 1971 1130 habet]
2001 1067 2057 1114 et

449 1153 581 1209 caesi
605 1162 733 1209 sunt
754 1163 964 1226 mutuo,
990 1169 1136 1210 nunc
1157 1169 1323 1226 perge
1348 1155 1414 1210 ad
1438 1154 1694 1226 praedam,
1719 1153 1897 1210 Moab.
1921 1153 2055 1210 Per-

447 1256 818 1316 rexeruntque
858 1247 911 1302 in
940 1258 1119 1304 castra
1149 1247 1316 1305 Israel
1342 1266 1372 1316 ,ε
1409 1263 1574 1319 porro
1611 1243 1950 1319 Consurgens
1979 1245 2057 1302 ls-

449 1337 564 1393 rael
594 1337 867 1409 percussit
893 1339 1052 1396 Moab
1079 1357 1093 1395 :
1120 1349 1178 1396 at
1207 1339 1335 1413 [Με.
1366 1338 1445 1411 et]
1477 1339 1557 1395 illi
1586 1339 1838 1411 fugerunt
1867 1352 2053 1395 coram

449 1432 553 1488 eis.
598 1433 876 1490 Venerunt
915 1433 1079 1505 igitur
1115 1434 1208 1506 qui
1251 1434 1518 1504 vicerant,
1566 1443 1622 1490 et
1665 1440 2054 1504 percusserunt

450 1522 634 1592 Moab,
680 1533 736 1580 et
775 1527 1020 1582 civitates
1059 1526 1470 1594 destruxerunt,
1508 1534 1566 1583 et
1603 1541 1821 1582 omnem
1862 1539 2051 1597 agrum

448 1615 736 1685 optimum,
768 1617 1050 1675 mittentes
1079 1619 1277 1690 singuli
1307 1619 1516 1689 lapides
1537 1661 1553 1687 ,
1588 1618 1958 1688 repleverunt,
1998 1628 2054 1675 et

2157 494 2469 552 comederet
2494 509 2713 567 panem.
2745 493 2875 562 Qua:
2905 492 3043 549 dixit
3074 493 3143 549 ad
3173 493 3344 550 virum
3365 510 3514 556 suum
3541 518 3556 558 :
3597 503 3714 562 Aui-

2157 587 2436 643 madverto
2463 586 2608 658 quod
2637 586 2724 641 vir
2750 584 2851 641 Dei
2880 592 3106 642 sanctus
3135 593 3220 641 est
3263 585 3386 654 iste,
3431 591 3520 660 qui
3548 597 3718 654 trausit

2157 697 2254 753 per
2280 695 2380 738 nos
2409 681 2743 753 frequenter.
2776 678 3062 735 Faciamus
3090 692 3222 751 ergo
3250 683 3577 741 cmuaculum
3604 703 3718 758 par.

2155 789 2304 842 vum,
2337 783 2395 831 et
2421 787 2686 845 ponamus
2715 773 2766 830 ei
2793 773 2849 829 in
2878 787 2945 830 eo
2975 772 3259 840 lectulum,
3299 783 3356 831 et
3383 791 3632 849 mensam,
3675 793 3722 839 et

2156 870 2372 938 sellam,
2401 879 2457 927 et
2480 867 2892 938 candelabrum,
2925 877 2985 924 ut
3010 883 3134 925 cum
3160 870 3372 926 venerit
3393 871 3458 927 ad
3485 888 3598 943 nos,
3624 892 3722 934 ma-

2157 971 2284 1019 neat
2326 962 2421 1019 ibi.
2464 961 2630 1018 Facta
2654 971 2741 1018 est
2783 961 2950 1033 igitur
2976 959 3094 1016 dies
3130 961 3399 1030 qutedam,
3445 974 3498 1021 et
3521 967 3725 1028 veniens

2155 1057 2376 1114 divertit
2405 1058 2462 1112 in
2491 1057 2854 1124 cmnaculum,
2886 1064 2942 1112 et
2974 1055 3240 1128 requievit
3278 1057 3374 1113 ibi.
3407 1059 3643 1133 Dixitque
3667 1066 3726 1121 ad

2156 1151 2286 1209 Cezi
2318 1166 2542 1222 puerum
2563 1167 2722 1207 suum
2749 1168 2763 1206 :
2797 1150 2943 1206 Voca
2965 1149 3282 1207 Sunamiten
3303 1152 3480 1208 istam.
3503 1153 3726 1222 Quicum

2156 1253 2408 1301 vocasset
2444 1259 2586 1311 eam,
2629 1254 2684 1300 et
2725 1243 2816 1298 illa
2858 1243 3103 1300 stetisset
3139 1258 3324 1300 coram
3377 1259 3463 1312 eo,
3503 1246 3630 1304 dixit
3669 1251 3728 1306 ad

2157 1354 2387 1411 puerum
2425 1352 2583 1394 suum
2630 1338 2761 1410 (Ms.
2807 1348 2940 1394 tacet
2971 1338 3193 1412 suum):
3229 1340 3475 1411 Loquere
3501 1343 3565 1399 ad
3587 1360 3728 1401 eam:

2157 1431 2324 1500 Ecce,
2358 1431 2547 1488 sedqu
2573 1432 2640 1502 ,in
2671 1432 2920 1489 omnibus
2954 1433 3275 1490 ministrasti
3313 1435 3489 1502 nobis,
3515 1437 3636 1508 quid
3661 1440 3731 1494 vis

2156 1532 2217 1581 ut
2257 1524 2450 1581 faciam
2482 1524 2615 1582 tibi?
2654 1526 2915 1598 numquid
2957 1525 3127 1583 habes
3168 1527 3471 1598 negotium,
3501 1537 3556 1584 et
3577 1530 3652 1585 vis
3688 1542 3738 1586 ut

2155 1620 2349 1691 loquar
2378 1621 2516 1692 regi,
2559 1620 2676 1677 sive
2714 1621 2949 1692 principi
2989 1621 3241 1678 militize?
3273 1622 3409 1691 Qua:
3437 1625 3735 1695 respondit:

451 1706 736 1762 universos
783 1707 962 1764 fontes
1007 1725 1270 1779 aquarum
1318 1711 1733 1774 obturaverunt,
1776 1718 1831 1764 et
1868 1709 2051 1766 omnia
2080 1784 2123 1788 _
2154 1712 2214 1769 in
2245 1712 2424 1769 medio
2455 1714 2644 1783 populi
2673 1713 2783 1770 mei
2811 1713 3020 1770 habito.
3054 1714 3119 1769 Et
3158 1713 3238 1770 ait
3268 1731 3284 1770 :
3317 1714 3458 1782 Quid
3485 1731 3613 1788 ergo
3642 1717 3744 1772 vult

443 1798 592 1870 ligna
621 1797 898 1856 fructifera
927 1801 1296 1869 succiderunt,
1321 1802 1396 1856 ita
1417 1809 1476 1856 ut
1503 1801 1646 1857 muri
1679 1810 1890 1858 tantum
1916 1801 2055 1857 ﬁcti—
2079 1784 2131 1844 Β
2158 1814 2218 1862 ut
2240 1804 2434 1860 faciam
2451 1805 2541 1861 ei?
2565 1805 2818 1876 Dixitque
2839 1805 2990 1861 Ciezi
3012 1820 3028 1862 :
3048 1804 3126 1861 Ne
3147 1820 3367 1876 quieras
3389 1823 3404 1860 :
3426 1784 3588 1862 ﬁlium
3611 1808 3739 1864 enini

446 1889 533 1946 les
560 1900 926 1959 remanerent,
954 1902 1008 1948 et
1041 1892 1375 1948 circumdata
1417 1901 1502 1949 est
1527 1893 1719 1949 civitas
1745 1907 1775 1948 a
1804 1892 2056 1948 fundibu-

447 1980 626 2050 lariis,
658 1991 713 2039 et
738 1997 932 2054 magna
964 1999 1031 2040 ex
1057 1992 1213 2053 parte
1245 1998 1528 2056 percussa.
1553 1984 1710 2052 Quod
1740 2001 1862 2041 cum
1887 1985 2058 2057 vidis-

451 2083 536 2130 set
557 2089 654 2132 rex
676 2075 857 2142 Moab,
883 2076 1232 2147 praevaluisse
1251 2077 1460 2134 scilicet
1485 2076 1692 2144 hostes,
1723 2077 1847 2134 tulit
1869 2092 2056 2134 secum

449 2166 831 2239 septingentos
849 2169 996 2224 viros
1015 2168 1312 2226 educentes
1329 2168 1590 2240 gladium,
1616 2178 1674 2225 ut
1692 2169 2059 2240 irrumperent

453 2257 584 2329 (Ms.
616 2258 977 2332 inrumperet)
1005 2261 1073 2318 ad
1093 2276 1278 2332 regem
1300 2261 1495 2328 Edom,
1524 2270 1581 2318 et
1606 2278 1712 2318 non
1737 2271 2057 2334 potuerunt.

453 2347 847 2423 Arripiensque
876 2351 1046 2408 ﬁlium
1082 2368 1240 2410 suum
1267 2353 1708 2427 primogenitum,
1738 2356 1828 2427 qui
1861 2371 2057 2426 regna-

450 2449 607 2500 turus
629 2453 748 2500 erat
773 2459 872 2515 pro
892 2459 980 2511 eo,
1007 2445 1207 2503 obtulit
1231 2448 1607 2503 holocaustum
1627 2462 1794 2519 super
1818 2462 2054 2516 murum,

452 2541 513 2592 et
555 2534 696 2593 facta
729 2547 815 2594 est
853 2537 1151 2609 indignatio
1189 2554 1382 2612 magna
1425 2541 1483 2596 in
1524 2541 1716 2608 Israel,
1763 2541 2060 2613 statimque

449 2641 803 2688 recesserunt
836 2633 907 2689 ab
941 2648 1029 2702 eo,
1071 2642 1127 2691 et
1164 2638 1370 2692 reversi
1407 2644 1536 2692 sunt
1575 2635 1632 2692 in
1670 2643 1870 2693 terram
1909 2653 2059 2693 suam

455 2721 538 2794 (h.
574 2738 683 2780 non
714 2724 923 2795 habet).

526 2815 686 2887 (Cap.
717 2816 832 2889 ιν.)
857 2818 1050 2874 Mulier
1069 2828 1247 2876 autem
1276 2821 1525 2890 quaedam
1551 2823 1619 2879 de
1641 2824 1902 2880 uxoribus
1926 2840 2058 2896 pro-

451 2905 742 2977 phetarum
769 2909 1040 2966 clamabat
1063 2913 1132 2967 ad
1156 2912 1436 2979 Elisaium,
1455 2914 1643 2971 dicens
1671 2934 1685 2971 :
1712 2915 1917 2974 Servus
1937 2926 2061 2975 tuus

453 2999 545 3055 vir
582 3014 738 3056 meus
766 3011 1014 3058 mortuus
1046 2991 1153 3074 est,
1193 3012 1248 3061 et
1280 3015 1336 3061 tu
1365 3005 1509 3063 nosti
1537 3009 1664 3079 quia
1701 3023 1895 3066 servus
1937 3017 2061 3067 tuus

453 3087 560 3146 fuit
589 3091 787 3148 timens
819 3093 1128 3166 Dominum,
1156 3105 1211 3153 et
1240 3110 1372 3153 ecce
1396 3095 1635 3154 creditor
1663 3100 1831 3171 venit,
1864 3112 1923 3156 ut
1953 3102 2060 3158 tol-

2156 1912 2268 1955 non
2299 1897 2482 1963 habet,
2508 1905 2564 1954 et
2584 1898 2669 1953 vir
2696 1897 2815 1968 ejus
2845 1912 3014 1954 senex
3041 1906 3145 1954 est.
3175 1898 3453 1970 Praecepit
3477 1901 3669 1970 itaque,
3694 1910 3746 1956 ut

2158 1998 2382 2047 vocaret
2409 2004 2529 2046 eam
2557 2008 2571 2045 :
2600 2006 2722 2061 quae
2743 2004 2866 2046 cum
2893 1999 3082 2047 vocata
3111 1992 3326 2058 fuisset,
3355 2001 3412 2048 et
3433 1995 3666 2049 stetisset
3684 1992 3742 2046 ad

2160 2083 2345 2158 (Vulg.
2378 2084 2527 2155 ante)
2567 2085 2791 2152 ostium,
2829 2084 2968 2140 dixit
2996 2084 3063 2140 ad
3100 2099 3223 2141 eam
3257 2102 3275 2144 :
3311 2084 3402 2157 (Τ.
3448 2083 3672 2156 CXXII.)
3696 2086 3746 2141 lu

2159 2187 2408 2248 tempore
2437 2176 2581 2246 isto,"
2600 2187 2656 2234 et
2687 2177 2742 2231 in
2771 2176 2873 2232 hac
2901 2176 3090 2233 eadem
3119 2176 3278 2244 hora,
3307 2175 3337 2216 δ
3366 2177 3413 2232 si
3443 2177 3550 2233 vita
3583 2191 3749 2232 eomes

2158 2269 2322 2326 fuerit
2350 2269 2426 2343 [h.
2459 2271 2745 2325 secundant
2778 2279 2980 2342 tempus
3000 2270 3158 2344 vim],
3183 2270 3424 2327 habebis
3448 2271 3501 2326 in
3527 2279 3674 2327 utero
3694 2271 3750 2325 li-

2159 2365 2316 2421 lium.
2348 2365 2420 2421 At
2440 2365 2530 2421 illa
2557 2365 2882 2436 reSpoudit:
2910 2364 3058 2436 Noli,
3089 2379 3303 2436 quaeso,
3327 2365 3548 2422 domine
3570 2365 3658 2432 mi,
3680 2365 3753 2419 vir

2160 2461 2279 2529 Dei,
2305 2461 2417 2516 noli
2443 2460 2666 2518 mentiri
2693 2461 2908 2516 ancillae
2940 2472 3070 2516 tute.
3097 2460 3165 2516 Et
3189 2460 3454 2532 concepit
3481 2459 3687 2528 mulier,
3709 2467 3757 2515 et

2160 2554 2372 2626 peperit
2403 2553 2598 2620 filium,
2633 2554 2688 2610 in
2721 2566 2988 2627 tempore,
3018 2562 3075 2610 et
3109 2554 3162 2609 in
3193 2553 3333 2609 hora
3364 2553 3580 2620 eadem,
3616 2564 3637 2592 ο
3663 2568 3755 2623 qua

2161 2646 2374 2704 dixerat
2399 2648 2451 2703 ei
2478 2646 2724 2702 Elisaeus.
2756 2647 2946 2702 Crevit
2974 2655 3157 2702 autem
3188 2661 3335 2716 puer
3357 2645 3438 2719 [h.
3479 2643 3756 2717 parvulus].

2161 2743 2380 2800 Etcum
2407 2748 2556 2798 esset
2584 2740 2830 2812 quaedam
2863 2740 3001 2809 dies,
3034 2749 3088 2796 et
3117 2755 3382 2811 egressus
3415 2741 3547 2802 isset
3586 2738 3650 2794 ad
3677 2753 3764 2807 pa-

2162 2845 2302 2894 trem
2331 2849 2513 2903 suum,
2535 2833 2603 2890 ad
2627 2848 2920 2901 messores,
2945 2834 3022 2890 ait
3044 2832 3186 2905 patri
3206 2848 3311 2890 suo
3336 2849 3352 2889 :
3378 2831 3556 2904 Caput
3572 2845 3764 2897 meum,

2162 2925 2190 2967 ί¹
2218 2937 2382 2998 caput
2422 2943 2624 2984 meum.
2667 2927 2740 2983 At
2773 2927 2868 2984 ille
2909 2925 3044 2982 dixit
3084 2941 3258 2996 puero
3296 2944 3312 2982 :
3349 2925 3533 2993 Tolle,
3577 2933 3632 2980 et
3671 2924 3765 2978 duc

2163 3035 2288 3077 eum
2319 3019 2388 3075 ad
2419 3029 2650 3076 matrem
2688 3033 2864 3074 suam.
2903 3017 2990 3091 [T.
3017 3016 3283 3092 CXXIll.]
3315 3018 3424 3086 Qui
3461 3032 3588 3074 cum
3631 3017 3770 3072 tulis-

2164 3121 2269 3181 set,
2301 3120 2358 3170 et
2376 3111 2702 3169 adduxisset
2728 3126 2852 3167 eum
2882 3111 2953 3168 ad
2977 3119 3205 3168 matrem
3232 3126 3423 3179 suam,
3456 3109 3638 3182 posuit
3657 3123 3767 3164 eum

454 3182 534 3238 lat
565 3184 706 3242 duos
734 3185 876 3243 alios
914 3203 1069 3246 meos
1105 3190 1175 3245 ad
1219 3191 1572 3248 serviendum
1621 3193 1744 3250 sibi.
1775 3166 1878 3250 cui
1925 3194 2063 3252 dixit
2089 3166 2137 3233 C
2165 3166 2780 3277 iii;.;,.;"g.'.;u..u.
2811 3166 2986 3276 usque
3015 3203 3085 3260 ad
3109 3166 3430 3274 meridiem,
3459 3166 3519 3260 ὶι
3544 3209 3773 3258 mortuus

456 3276 691 3334 Elismus
717 3295 730 3333 :
755 3278 895 3346 Quid
924 3281 1006 3338 vis
1036 3290 1096 3339 ut
1119 3281 1314 3340 faciam
1347 3285 1482 3340 tibi?
1508 3286 1606 3343 Dic
1633 3286 1789 3354 mihi,
1812 3289 1943 3360 quid
1973 3289 2070 3346 ha-

458 3370 558 3428 bes
581 3372 636 3428 iu
667 3373 833 3429 domo
865 3376 992 3431 tua?
1021 3376 1092 3434 At
1122 3377 1221 3435 illa
1248 3379 1534 3449 respondit
1564 3397 1579 3435 :
1608 3381 1726 3437 Non
1767 3382 1943 3439 habeo
1971 3398 2070 3440 an-

459 3464 588 3522 cilia
632 3475 723 3523 tua
763 3469 1057 3542 quidquam
1101 3472 1160 3528 in
1196 3471 1360 3530 domo
1397 3489 1542 3542 mea,
1582 3477 1686 3531 nisi
1720 3492 1908 3548 parum
1957 3480 2068 3536 olei

460 3557 548 3627 (h.
587 3559 691 3615 nisi
716 3560 947 3631 lecytltus
981 3563 1130 3635 olei),
1150 3580 1258 3638 quo
1287 3581 1478 3638 ungat.
1506 3568 1595 3640 (T.
1617 3569 1809 3644 CXX.)
1831 3569 1927 3628 Cui
1950 3575 2026 3630 ait
2049 3595 2064 3630 :

463 3648 617 3705 Vade
671 3659 725 3706 et
773 3652 915 3721 (Ms.
959 3663 1009 3708 et
1051 3653 1210 3729 Vulg.
1252 3666 1423 3714 tacent
1461 3659 1547 3731 et)
1587 3670 1711 3732 pete
1764 3674 1956 3720 mutuo
2000 3667 2069 3723 ab

463 3742 722 3800 omnibus
758 3745 951 3800 vicinis
984 3747 1088 3803 tuis
1116 3763 1246 3806 vasa
1287 3766 1458 3808 vacua
1502 3769 1612 3811 non
1652 3770 1843 3826 pauca.
1876 3759 1945 3815 Et
1978 3759 2066 3814 in-

462 3833 712 3904 gredere,
756 3846 808 3892 et
837 3837 1025 3895 claude
1064 3842 1267 3897 ostium
1297 3853 1324 3881 ἰ
1356 3855 1528 3911 tuum,
1571 3863 1695 3904 cum
1742 3848 2068 3908 intrinsecus

463 3926 634 3982 fueris
675 3935 752 3994 tu,
791 3939 846 3984 et
887 3929 986 3987 filii
1015 3930 1114 3999 tui,
1157 3942 1209 3989 et
1250 3935 1407 3993 mitte
1445 3938 1572 3994 inde
1609 3939 1665 3995 in
1713 3941 1898 3998 omnia
1938 3958 2066 3999 vasa

464 4018 610 4086 haec,
639 4029 835 4078 etcum
861 4023 1020 4094 plena
1045 4024 1271 4094 fuerint,
1302 4029 1482 4085 tolles.
1511 4029 1610 4087 lvit
1635 4033 1818 4104 itaque
1846 4035 2064 4103 mulier,

469 4120 526 4168 et
558 4113 756 4171 clausit
780 4119 978 4173 ostium
1015 4133 1180 4190 super
1218 4135 1280 4176 se
1313 4131 1368 4177 et
1406 4138 1573 4194 super
1606 4126 1747 4183 lilios
1787 4143 1915 4184 suos
1944 4148 1956 4184 :
1987 4129 2066 4185 illi

467 4203 772 4264 oiferebant
808 4225 956 4277 vasa,
998 4221 1054 4267 et
1095 4213 1186 4270 illa
1224 4215 1562 4276 infundebat.
1613 4219 1862 4294 Cumque
1904 4224 2065 4295 plena

463 4299 701 4360 fuissent
726 4319 875 4373 vasa,
896 4305 1034 4364 dixit
1057 4308 1125 4364 ad
1151 4309 1319 4366 lilium
1337 4327 1494 4369 suum
1519 4331 1535 4373 :
1563 4314 1710 4372 Ali‘er
1730 4316 1862 4372 mihi
1887 4318 2066 4374 adhuc

464 4407 586 4450 vas.
616 4395 685 4452 Et
717 4398 806 4453 ille
834 4401 1118 4472 respondit
1145 4419 1160 4463 ς
1191 4404 1305 4462 Non
1335 4407 1531 4466 habeo.
1562 4409 1832 4482 Stetitque
1861 4411 2060 4468 oleum.

467 4487 632 4545 Venit
665 4500 846 4547 autem
876 4492 988 4562 illa,
1021 4506 1077 4552 et
1107 4497 1364 4556 indicavit
1406 4501 1613 4559 homini
1643 4504 1724 4577 (h.
1768 4505 1910 4580 viro)
1942 4508 2058 4566 Dei.

470 4581 541 4637 Et
575 4582 687 4651 ille,
721 4583 890 4656 Vade,
933 4587 1127 4658 inquit,
1161 4590 1292 4666 (Ms.
1331 4593 1420 4649 ad.
1459 4593 1535 4668 et)
1565 4597 1741 4654 vende
1767 4599 1967 4666 oleum,
2011 4611 2066 4658 et

469 4675 642 4733 redde
667 4677 924 4734 creditori
953 4689 1086 4741 tuo:
1127 4692 1183 4740 tu
1215 4694 1418 4755 autem,
1449 4697 1506 4745 et
1535 4689 1635 4745 lilii
1679 4692 1756 4746 tui
1794 4692 1958 4750 vivite
1997 4694 2066 4751 de

471 4768 683 4840 reliquo
714 4770 801 4840 (T.
824 4769 1043 4843 CXXI.)
1070 4775 1233 4832 Facta
1261 4786 1346 4834 est
1373 4789 1552 4837 autem
1576 4783 1825 4852 quaedam
1849 4785 1987 4852 dies,
2012 4796 2068 4842 et

471 4859 735 4914 transibat
759 4861 991 4919 Elisaaus
1021 4880 1116 4934 per
1144 4867 1350 4925 Sunam
1376 4888 1389 4925 :
1413 4881 1528 4927 erat
1560 4884 1740 4931 autem
1765 4875 1840 4932 ibi
1869 4879 2066 4934 mulier

473 4964 690 5021 magna,
723 4969 845 5023 quae
875 4958 1045 5014 tenuit
1070 4973 1217 5029 eum,
1248 4970 1308 5018 ut
1327 4965 1644 5022 comederet
1665 4982 1882 5040 panem,
1913 4983 2066 5025 cum-

542 5164 571 5193 ι
593 5154 767 5238 Vacat
789 5166 933 5212 tuum
963 5161 1343 5238 in__Veronensi
1374 5182 1478 5224 ms.
1509 5168 1576 5224 ad
1600 5168 1848 5227 iiebraici
1873 5183 2057 5228 exem-

469 5225 641 5300 plaris
666 5227 1002 5300 aliarumque
1028 5232 1290 5290 librorum
1319 5254 1586 5294 normam.

546 5296 580 5387 ξι.
599 5296 765 5387 Forte
794 5296 1050 5387 scriptum
1080 5304 1383 5387 habebatur
1411 5312 1463 5364 iu
1493 5313 1698 5368 scliolio
1725 5313 1830 5387 isto
1858 5315 2054 5387 margi-

469 5369 615 5456 nali,
651 5369 705 5456 in
729 5381 964 5456 tempore
982 5374 1096 5456 vitm
1126 5392 1158 5456 ς.
1191 5379 1437 5456 eamdem
1469 5387 1612 5456 enim
1656 5369 2053 5456 scripturaeiluo-

471 5446 746 5523 cntionem
805 5446 1279 5523 annotationibus
1317 5452 1430 5523 suis
1487 5446 1784 5510 illustrans‘
1832 5466 2051 5514 sanctus

466 5512 1012 5597 yier'onymusd‘ihro
1039 5516 1150 5584 QQ.
1187 5520 1866 5597 Hebraicarumtrecitato
1897 5512 2050 5597 juxta

463 5581 636 5665 axx,
651 5583 922 5665 versufio‘,
935 5581 1234 5665 cap.’x'vnt_,
1262 5591 1381 5647 haec
1400 5594 1553 5652 addit
1572 5581 1881 5662 :'Prohora,
1897 5581 2051 5654 ὒὲέάἦὲ

465 5652 685 5734 legimus
724 5654 778 5707 in
808 5652 1062 5734 Hebrive,
1103 5669 1160 5714 ut
1185 5652 1250 5715 sit
1278 5665 1405 5719 ordo
1440 5667 1522 5722 vel
1545 5685 1721 5724 sensus
1759 5685 1779 5724 :
1810 5652 2054 5726 Revertar

563 5728 687 5815 tein
705 5736 941 5815 tempore
965 5728 1086 5815 niue
1110 5746 1129 5783 :
1154 5734 1304 5802 quasi
1340 5737 1550 5812 dixerit,
1581 5743 1628 5797 si
1649 5743 1844 5812 vixero,
1874 5742 1918 5798 si
1942 5745 2054 5815 fuc-

471 5796 541 5850 να
566 5796 666 5851 vita
692 5796 1176 5860 comitiumMutL'
1207 5843 1271 5882 ⁵η

2171 3307 2276 3357 est.
2307 3297 2566 3355 Ascendit
2603 3305 2784 3354 autem
2809 3337 2826 3365 ,
2867 3305 2924 3353 et
2959 3296 3254 3353 collocavit
3291 3311 3422 3353 eum
3469 3309 3634 3366 super
3669 3293 3772 3348 lec-

2172 3390 2344 3448 tulum
2383 3391 2617 3447 hominis
2645 3389 2737 3464 [[h.
2780 3388 2904 3462 viri]
2947 3389 3082 3458 Dei,
3121 3396 3178 3445 et
3213 3389 3426 3445 clausit
3462 3387 3683 3455 ostium,
3725 3391 3774 3440 et

2172 3501 2391 3558 egressa
2419 3486 2639 3544 vocavit
2678 3487 2856 3541 virum
2898 3500 3080 3554 suum,
3112 3491 3170 3541 et
3206 3484 3290 3540 ait
3319 3500 3334 3538 :
3365 3483 3526 3540 Mitte
3553 3495 3773 3543 mecum,

2172 3577 2422 3645 obsecro,
2471 3593 2639 3635 unum
2683 3577 2754 3634 de
2798 3578 3006 3648 pueris,
3045 3585 3100 3633 et
3141 3577 3366 3632 asinam
3399 3584 3463 3631 ut
3503 3586 3778 3632 excurram

2172 3686 2342 3744 usque
2371 3670 2439 3727 ad
2476 3670 2752 3727 hominem
2785 3670 2862 3742 [h.
2893 3669 3092 3741 virum]
3123 3669 3245 3735 Dei,
3295 3677 3357 3726 et
3390 3677 3657 3724 revertar.
3688 3665 3782 3733 Qui

2170 3764 2248 3820 ait
2277 3763 2406 3836 [Μδ.
2435 3779 2553 3818 cum
2589 3762 2744 3836 Vulg.
2777 3762 2868 3818 ad.
2899 3761 3001 3834 illi]
3027 3779 3041 3815 :
3069 3761 3244 3830 Quam
3282 3763 3358 3817 ob
3383 3775 3610 3818 causam
3644 3756 3784 3813 vadis

2170 3857 2238 3912 ad
2271 3856 2437 3912 eum?
2466 3855 2628 3912 hodie
2651 3871 2760 3910 non
2791 3865 2917 3910 sunt
2948 3854 3212 3920 kalendis,
3254 3869 3446 3925 neque
3482 3853 3782 3909 sabbatum.

2170 3949 2301 4017 Quae
2323 3948 2600 4019 respondit
2635 3964 2650 4004 :
2687 3957 2710 3986 ε
2737 3947 2872 4002 Pax.
2913 3947 3227 4018 Stravitque
3268 3947 3494 4002 asinam
3523 3986 3539 4012 ,
3572 3953 3630 4000 et
3654 3956 3785 4014 prae-

2169 4042 2316 4113 cepit
2334 4055 2538 4112 puero:
2567 4038 2734 4107 Mina,
2761 4048 2815 4095 et
2837 4053 3093 4109 propera,
3118 4052 3186 4094 ne
3210 4037 3356 4093 mihi
3383 4051 3606 4092 moram
3633 4033 3789 4089 facias

2170 4136 2225 4192 in
2248 4134 2448 4201 eundo,
2477 4141 2534 4190 et
2561 4133 2668 4189 hoc
2693 4147 2794 4203 age
2815 4132 2959 4203 quod
2985 4131 3239 4203 praecipio
3271 4131 3404 4189 tibi.
3441 4129 3693 4187 Profecta
3713 4135 3792 4183 est

2169 4228 2363 4299 igitur,
2392 4235 2448 4282 et
2471 4227 2623 4282 venit
2657 4224 2725 4280 ad
2772 4226 2949 4280 virum
2984 4225 3077 4281 Dei
3116 4223 3170 4279 in
3205 4233 3469 4280 montem
3517 4219 3750 4278 Carmeli
3778 4235 3790 4271 :

2168 4335 2400 4392 cumque
2425 4319 2652 4376 vidisset
2681 4331 2801 4374 eam
2827 4318 2910 4373 vir
2933 4317 3032 4374 Dei
3061 4317 3131 4373 de
3154 4325 3360 4373 contra
3385 4358 3401 4381 ,
3429 4316 3512 4371 ait
3553 4315 3623 4370 ad
3653 4310 3792 4370 Ciezi

2169 4430 2398 4486 puerum
2437 4428 2597 4470 suum
2629 4429 2644 4472 :
2677 4412 2822 4468 Ecce
2864 4410 3161 4468 Sunainitis
3203 4408 3330 4466 illa.
3365 4409 3530 4467 Vade
3573 4421 3703 4478 ergo
3743 4403 3794 4458 in

2171 4519 2454 4563 occursum
2490 4505 2631 4576 ejus,
2659 4512 2714 4560 et
2732 4503 2821 4560 dic
2842 4503 2894 4559 ei
2921 4519 2936 4558 :
2970 4505 3209 4558 Rectene
3232 4503 3432 4574 agitur
3459 4501 3613 4557 circa
3648 4508 3721 4565 te,
3749 4503 3802 4552 et

2169 4599 2316 4655 circa
2358 4598 2535 4653 virum
2589 4607 2762 4663 tuum,
2810 4604 2866 4651 et
2918 4595 3065 4650 circa
3114 4593 3297 4650 ﬁlium
3350 4593 3436 4667 [h.
3491 4587 3798 4664 parvulum]

2168 4690 2354 4747 tuum?
2385 4691 2513 4759 Quis
2544 4688 2830 4760 respondit
2862 4704 2878 4746 :
2911 4687 3081 4743 Recte
3111 4686 3188 4760 [h.
3223 4685 3399 4759 Pax].
3434 4684 3694 4757 Cumque
3710 4696 3800 4737 ve-

2169 4784 2340 4840 uisset
2361 4782 2430 4837 ad
2459 4783 2632 4838 virum
2666 4780 2764 4836 Dei
2801 4779 2853 4834 in
2897 4786 3162 4847 montem,
3203 4778 3606 4849 apprehendit
3646 4774 3803 4847 pedes

2168 4877 2308 4948 ejus,
2333 4885 2388 4933 et
2414 4873 2834 4941 accessitGiezi,
2859 4881 2919 4928 ut
2940 4880 3222 4930 amoveret
3247 4887 3412 4929 eam.
3440 4873 3514 4929 Et
3541 4871 3623 4927 ait
3648 4870 3803 4925 homo

2168 4970 2266 5028 Dei
2287 4969 2364 5043 [h.
2393 4968 2481 5026 vir
2509 4966 2669 5041 Dei]:
2701 4965 2926 5024 Dimitte
2961 4965 3134 5034 illam,
3165 4964 3369 5022 anima
3395 4965 3557 5024 enim
3597 4964 3718 5036 ejus
3751 4961 3804 5017 in

2237 5186 2259 5213 ο
2282 5173 2379 5230 Ms.
2399 5174 2700 5246 Veronens‘.
2724 5190 2878 5246 quam
2899 5173 3103 5246 diaerat
3129 5171 3399 5246 Eiiswus,
3424 5169 3806 5246 praetermisso

2162 5260 2286 5302 cum
2316 5246 2564 5315 Vulgatis
2594 5247 2639 5302 ei
2680 5241 3026 5310 iutermedio,
3055 5242 3199 5315 quod
3226 5241 3289 5297 in
3328 5244 3588 5300 Hebrmo
3621 5251 3806 5315 tamen

2161 5325 2338 5373 sonat.
2382 5314 2601 5400 Rectius
2641 5325 3033 5400 aute'm_mox,
3077 5314 3466 5400 egressushfst
3522 5314 3680 5386 legit,
3714 5327 3809 5385 pro

2161 5405 2394 5460 egressus
2415 5390 2555 5455 isset,
2579 5387 2732 5459 juxta
2762 5387 3048 5443 Hebraeum
3078 5394 3292 5441 textum
3326 5396 3493 5446 rem.

2194 5531 2199 5532 ί
2231 5457 2259 5532 4
2290 5459 2448 5532 Vulg,
2473 5460 2592 5531 plus
2613 5459 2832 5526 habent,
2859 5456 3024 5530 Caput
3044 5472 3211 5513 meum
3237 5457 3440 5528 doleo,
3465 5469 3630 5531 caput
3647 5473 3810 5514 meum

2166 5531 2436 5659 dosfelodem
2462 5617 2565 5659 ms.
2598 5601 2745 5670 Vale,
2776 5591 2872 5670 p'ro
2903 5599 3042 5656 Pax.
3074 5599 3143 5654 Et
3170 5581 3344 5660 αι’-ππ
3366 5601 3630 5670 quidem.
3662 5599 3804 5664 (ιιιοά

2160 5682 2245 5730 est
2271 5675 2325 5729 in
2354 5674 2520 5730 llebr.
2552 5673 2725 5730 Arabs
2761 5687 2979 5742 quoque
3009 5671 3294 5742 lnterpres
3330 5671 3614 5737 reddidit,
3659 5671 3809 5729 Vale.

2160 5745 2334 5800 Minus
2373 5754 2555 5802 autem
2588 5745 2726 5804 bene
2766 5740 3006 5816 Vulgati,
3061 5740 3274 5798 Vadam
3330 5759 3444 5814 pro
3515 5743 3673 5814 Vale,
3719 5748 3812 5797 aut

2166 5814 2284 5872 Pax
2306 5815 2514 5888 legunt.
3513 5884 3521 5888 _
3749 5881 3752 5884 .
