  <div class='ocr_page' id='page_1' title='image "/cluster/home/n/w/nwhite01/storage/ocr_20150623/28/hvd.32044015471410/370.png"; bbox 0 0 4114 6364; ppageno 0'>
   <div class='ocr_carea' id='block_1_1' title="bbox 405 248 511 307">
    <p class='ocr_par' dir='ltr' id='par_1_1' title="bbox 405 248 511 307">
     <span class='ocr_line' id='line_1_1' title="bbox 405 248 511 307; baseline 0 -1"><span class='ocrx_word' id='word_1_1' title='bbox 405 248 511 307; x_wconf 74' lang='lat'><strong>729</strong></span> 
     </span>
    </p>
   </div>
   <div class='ocr_carea' id='block_1_2' title="bbox 1704 250 2511 312">
    <p class='ocr_par' dir='ltr' id='par_1_2' title="bbox 1704 250 2511 312">
     <span class='ocr_line' id='line_1_2' title="bbox 1704 250 2511 312; baseline 0.002 -2"><span class='ocrx_word' id='word_1_2' title='bbox 1704 251 1916 311; x_wconf 80' lang='lat' dir='ltr'><strong>LIBER</strong></span> <span class='ocrx_word' id='word_1_3' title='bbox 1953 251 1997 311; x_wconf 88' lang='lat' dir='ltr'><strong>II</strong></span> <span class='ocrx_word' id='word_1_4' title='bbox 2036 250 2422 312; x_wconf 81' lang='lat' dir='ltr'><strong>MALACIIIM.</strong></span> <span class='ocrx_word' id='word_1_5' title='bbox 2510 254 2511 257; x_wconf 52' lang='grc'><em>“</em></span> 
     </span>
    </p>
   </div>
   <div class='ocr_carea' id='block_1_3' title="bbox 3599 261 3709 322">
    <p class='ocr_par' dir='ltr' id='par_1_3' title="bbox 3599 261 3709 322">
     <span class='ocr_line' id='line_1_3' title="bbox 3599 261 3709 322; baseline 0.009 -1"><span class='ocrx_word' id='word_1_6' title='bbox 3599 261 3709 322; x_wconf 77' lang='grc'><strong>750</strong></span> 
     </span>
    </p>
   </div>
   <div class='ocr_carea' id='block_1_4' title="bbox 400 361 3707 449">
    <p class='ocr_par' dir='ltr' id='par_1_4' title="bbox 400 361 3707 449">
     <span class='ocr_line' id='line_1_4' title="bbox 400 361 3707 449; baseline 0.005 -28"><span class='ocrx_word' id='word_1_7' title='bbox 400 361 766 421; x_wconf 80' lang='lat' dir='ltr'><strong>amaritudine</strong></span> <span class='ocrx_word' id='word_1_8' title='bbox 785 371 887 432; x_wconf 90' lang='lat' dir='ltr'><strong>est,</strong></span> <span class='ocrx_word' id='word_1_9' title='bbox 914 372 967 419; x_wconf 90' lang='lat' dir='ltr'><strong>et</strong></span> <span class='ocrx_word' id='word_1_10' title='bbox 990 363 1251 421; x_wconf 85' lang='lat' dir='ltr'><strong>Dominus</strong></span> <span class='ocrx_word' id='word_1_11' title='bbox 1276 363 1478 422; x_wconf 92' lang='lat' dir='ltr'><strong>celavit</strong></span> <span class='ocrx_word' id='word_1_12' title='bbox 1499 379 1587 422; x_wconf 89' lang='lat' dir='ltr'><strong>me</strong></span> <span class='ocrx_word' id='word_1_13' title='bbox 1610 364 1795 440; x_wconf 85' lang='lat' dir='ltr'><strong>[Vulg.</strong></span> <span class='ocrx_word' id='word_1_14' title='bbox 1820 384 1850 423; x_wconf 90' lang='lat' dir='ltr'><strong>a</strong></span> <span class='ocrx_word' id='word_1_15' title='bbox 1870 366 1999 440; x_wconf 85' lang='lat' dir='ltr'><strong>me].</strong></span> <span class='ocrx_word' id='word_1_16' title='bbox 2029 369 2080 431; x_wconf 83' lang='lat' dir='ltr'><strong>A</strong></span> <span class='ocrx_word' id='word_1_17' title='bbox 2178 367 2328 442; x_wconf 84' lang='lat' dir='ltr'><strong>[Cap.</strong></span> <span class='ocrx_word' id='word_1_18' title='bbox 2357 368 2446 441; x_wconf 88' lang='lat' dir='ltr'><strong>V.]</strong></span> <span class='ocrx_word' id='word_1_19' title='bbox 2493 368 2733 426; x_wconf 87' lang='lat' dir='ltr'><strong>Naaman</strong></span> <span class='ocrx_word' id='word_1_20' title='bbox 2770 367 2995 440; x_wconf 69' lang='lat' dir='ltr'><strong>autem,</strong></span> <span class='ocrx_word' id='word_1_21' title='bbox 3016 368 3277 444; x_wconf 85' lang='lat' dir='ltr'><strong>princeps</strong></span> <span class='ocrx_word' id='word_1_22' title='bbox 3307 372 3515 430; x_wconf 65' lang='lat' dir='ltr'><strong>militiae</strong></span> <span class='ocrx_word' id='word_1_23' title='bbox 3559 376 3707 449; x_wconf 86' lang='lat' dir='ltr'><strong>regis</strong></span> 
     </span>
    </p>
   </div>
   <div class='ocr_carea' id='block_1_5' title="bbox 400 458 2003 535">
    <p class='ocr_par' dir='ltr' id='par_1_5' title="bbox 400 458 2003 535">
     <span class='ocr_line' id='line_1_5' title="bbox 400 458 2003 535; baseline 0.002 -19"><span class='ocrx_word' id='word_1_24' title='bbox 400 468 455 516; x_wconf 91' lang='lat' dir='ltr'><strong>et</strong></span> <span class='ocrx_word' id='word_1_25' title='bbox 477 476 583 515; x_wconf 91' lang='lat' dir='ltr'><strong>non</strong></span> <span class='ocrx_word' id='word_1_26' title='bbox 607 458 872 515; x_wconf 84' lang='lat' dir='ltr'><strong>indicavit</strong></span> <span class='ocrx_word' id='word_1_27' title='bbox 902 459 1054 515; x_wconf 88' lang='lat' dir='ltr'><strong>mihi.</strong></span> <span class='ocrx_word' id='word_1_28' title='bbox 1080 460 1210 530; x_wconf 85' lang='lat' dir='ltr'><strong>Quae</strong></span> <span class='ocrx_word' id='word_1_29' title='bbox 1235 460 1373 517; x_wconf 82' lang='lat' dir='ltr'><strong>dixit</strong></span> <span class='ocrx_word' id='word_1_30' title='bbox 1399 461 1475 517; x_wconf 87' lang='lat' dir='ltr'><strong>illi</strong></span> <span class='ocrx_word' id='word_1_31' title='bbox 1501 479 1516 518; x_wconf 88' lang='lat'>:</span> <span class='ocrx_word' id='word_1_32' title='bbox 1540 460 1811 534; x_wconf 83' lang='lat' dir='ltr'><strong>Numquid</strong></span> <span class='ocrx_word' id='word_1_33' title='bbox 1836 462 2003 535; x_wconf 83' lang='lat' dir='ltr'><strong>petivi</strong></span> 
     </span>
    </p>
   </div>
   <div class='ocr_carea' id='block_1_6' title="bbox 400 552 2003 623">
    <p class='ocr_par' dir='ltr' id='par_1_6' title="bbox 400 552 2003 623">
     <span class='ocr_line' id='line_1_6' title="bbox 400 552 2003 623; baseline 0.002 -14"><span class='ocrx_word' id='word_1_34' title='bbox 400 553 569 609; x_wconf 86' lang='lat' dir='ltr'><strong>ﬁlium</strong></span> <span class='ocrx_word' id='word_1_35' title='bbox 602 569 631 608; x_wconf 91' lang='lat' dir='ltr'><strong>a</strong></span> <span class='ocrx_word' id='word_1_36' title='bbox 659 552 885 609; x_wconf 89' lang='lat' dir='ltr'><strong>domino</strong></span> <span class='ocrx_word' id='word_1_37' title='bbox 914 554 1076 609; x_wconf 86' lang='lat' dir='ltr'><strong>meo?</strong></span> <span class='ocrx_word' id='word_1_38' title='bbox 1107 554 1366 623; x_wconf 86' lang='lat' dir='ltr'><strong>numquid</strong></span> <span class='ocrx_word' id='word_1_39' title='bbox 1391 570 1500 612; x_wconf 89' lang='lat' dir='ltr'><strong>non</strong></span> <span class='ocrx_word' id='word_1_40' title='bbox 1530 554 1639 612; x_wconf 84' lang='lat' dir='ltr'><strong>dixi</strong></span> <span class='ocrx_word' id='word_1_41' title='bbox 1671 557 1767 613; x_wconf 85' lang='lat' dir='ltr'><strong>tibi</strong></span> <span class='ocrx_word' id='word_1_42' title='bbox 1797 574 1810 610; x_wconf 88' lang='lat'><strong>:</strong></span> <span class='ocrx_word' id='word_1_43' title='bbox 1837 556 1917 612; x_wconf 90' lang='lat' dir='ltr'><strong>Ne</strong></span> <span class='ocrx_word' id='word_1_44' title='bbox 1940 557 2003 613; x_wconf 92' lang='lat' dir='ltr'><strong>il-</strong></span> 
     </span>
    </p>
   </div>
   <div class='ocr_carea' id='block_1_7' title="bbox 398 648 2002 725">
    <p class='ocr_par' dir='ltr' id='par_1_7' title="bbox 398 648 2002 725">
     <span class='ocr_line' id='line_1_7' title="bbox 398 648 2002 725; baseline 0.002 -19"><span class='ocrx_word' id='word_1_45' title='bbox 398 650 555 706; x_wconf 89' lang='lat' dir='ltr'><strong>ludas</strong></span> <span class='ocrx_word' id='word_1_46' title='bbox 583 649 704 705; x_wconf 82' lang='lat' dir='ltr'><strong>me?</strong></span> <span class='ocrx_word' id='word_1_47' title='bbox 731 648 814 722; x_wconf 84' lang='grc' dir='ltr'><strong>[Τ.</strong></span> <span class='ocrx_word' id='word_1_48' title='bbox 842 648 1102 723; x_wconf 79' lang='lat' dir='ltr'><strong>CXXIV.]</strong></span> <span class='ocrx_word' id='word_1_49' title='bbox 1130 650 1197 705; x_wconf 90' lang='lat' dir='ltr'><strong>Et</strong></span> <span class='ocrx_word' id='word_1_50' title='bbox 1225 650 1316 706; x_wconf 90' lang='lat' dir='ltr'><strong>ille</strong></span> <span class='ocrx_word' id='word_1_51' title='bbox 1337 653 1414 706; x_wconf 91' lang='lat' dir='ltr'><strong>ait</strong></span> <span class='ocrx_word' id='word_1_52' title='bbox 1436 651 1506 707; x_wconf 88' lang='lat' dir='ltr'><strong>ad</strong></span> <span class='ocrx_word' id='word_1_53' title='bbox 1537 651 1692 709; x_wconf 86' lang='lat' dir='ltr'><strong>Giezi</strong></span> <span class='ocrx_word' id='word_1_54' title='bbox 1724 669 1740 710; x_wconf 86' lang='lat'><strong>:</strong></span> <span class='ocrx_word' id='word_1_55' title='bbox 1767 650 2002 725; x_wconf 84' lang='lat' dir='ltr'><strong>Accinge</strong></span> 
     </span>
    </p>
   </div>
   <div class='ocr_carea' id='block_1_8' title="bbox 397 742 1993 815">
    <p class='ocr_par' dir='ltr' id='par_1_8' title="bbox 397 742 1993 815">
     <span class='ocr_line' id='line_1_8' title="bbox 397 742 1993 815; baseline 0.002 -17"><span class='ocrx_word' id='word_1_56' title='bbox 397 743 616 799; x_wconf 86' lang='lat' dir='ltr'><strong>lumbos</strong></span> <span class='ocrx_word' id='word_1_57' title='bbox 643 752 785 813; x_wconf 92' lang='lat' dir='ltr'><strong>tuos,</strong></span> <span class='ocrx_word' id='word_1_58' title='bbox 818 751 875 799; x_wconf 92' lang='lat' dir='ltr'><strong>et</strong></span> <span class='ocrx_word' id='word_1_59' title='bbox 900 743 1036 799; x_wconf 90' lang='lat' dir='ltr'><strong>tolle</strong></span> <span class='ocrx_word' id='word_1_60' title='bbox 1062 742 1315 800; x_wconf 89' lang='lat' dir='ltr'><strong>baculum</strong></span> <span class='ocrx_word' id='word_1_61' title='bbox 1352 759 1533 801; x_wconf 92' lang='lat' dir='ltr'><strong>meum</strong></span> <span class='ocrx_word' id='word_1_62' title='bbox 1572 745 1625 801; x_wconf 90' lang='lat' dir='ltr'><strong>in</strong></span> <span class='ocrx_word' id='word_1_63' title='bbox 1670 759 1835 802; x_wconf 91' lang='lat' dir='ltr'><strong>manu</strong></span> <span class='ocrx_word' id='word_1_64' title='bbox 1873 752 1993 815; x_wconf 90' lang='lat' dir='ltr'><strong>tua,</strong></span> 
     </span>
    </p>
   </div>
   <div class='ocr_carea' id='block_1_9' title="bbox 397 837 2001 912">
    <p class='ocr_par' dir='ltr' id='par_1_9' title="bbox 397 837 2001 912">
     <span class='ocr_line' id='line_1_9' title="bbox 397 837 2001 912; baseline 0 -16"><span class='ocrx_word' id='word_1_65' title='bbox 397 848 451 896; x_wconf 86' lang='lat' dir='ltr'><strong>et</strong></span> <span class='ocrx_word' id='word_1_66' title='bbox 480 837 639 894; x_wconf 84' lang='lat' dir='ltr'><strong>vade.</strong></span> <span class='ocrx_word' id='word_1_67' title='bbox 676 838 732 896; x_wconf 89' lang='lat' dir='ltr'><strong>Si</strong></span> <span class='ocrx_word' id='word_1_68' title='bbox 755 838 1058 894; x_wconf 88' lang='lat' dir='ltr'><strong>occurrerit</strong></span> <span class='ocrx_word' id='word_1_69' title='bbox 1082 839 1176 894; x_wconf 86' lang='lat' dir='ltr'><strong>tibi</strong></span> <span class='ocrx_word' id='word_1_70' title='bbox 1204 839 1367 895; x_wconf 90' lang='lat' dir='ltr'><strong>homo</strong></span> <span class='ocrx_word' id='word_1_71' title='bbox 1390 839 1469 912; x_wconf 68' lang='grc' dir='ltr'><strong>[ιι.</strong></span> <span class='ocrx_word' id='word_1_72' title='bbox 1500 839 1626 912; x_wconf 92' lang='lat' dir='ltr'><strong>vir],</strong></span> <span class='ocrx_word' id='word_1_73' title='bbox 1657 855 1766 895; x_wconf 92' lang='lat' dir='ltr'><strong>non</strong></span> <span class='ocrx_word' id='word_1_74' title='bbox 1792 839 2001 897; x_wconf 82' lang='lat' dir='ltr'><strong>salutes</strong></span> 
     </span>
    </p>
   </div>
   <div class='ocr_carea' id='block_1_10' title="bbox 395 933 2002 1006">
    <p class='ocr_par' dir='ltr' id='par_1_10' title="bbox 395 933 2002 1006">
     <span class='ocr_line' id='line_1_10' title="bbox 395 933 2002 1006; baseline 0.001 -15"><span class='ocrx_word' id='word_1_75' title='bbox 395 950 543 1003; x_wconf 91' lang='lat' dir='ltr'><strong>eum,</strong></span> <span class='ocrx_word' id='word_1_76' title='bbox 571 942 626 991; x_wconf 89' lang='lat' dir='ltr'><strong>et</strong></span> <span class='ocrx_word' id='word_1_77' title='bbox 654 934 700 990; x_wconf 89' lang='lat' dir='ltr'><strong>si</strong></span> <span class='ocrx_word' id='word_1_78' title='bbox 741 933 1064 991; x_wconf 83' lang='lat' dir='ltr'><strong>salutaverit</strong></span> <span class='ocrx_word' id='word_1_79' title='bbox 1094 942 1147 991; x_wconf 93' lang='lat' dir='ltr'><strong>te</strong></span> <span class='ocrx_word' id='word_1_80' title='bbox 1175 934 1444 1006; x_wconf 79' lang='lat' dir='ltr'><strong>quispiam</strong></span> <span class='ocrx_word' id='word_1_81' title='bbox 1471 981 1487 1005; x_wconf 91' lang='lat'><strong>,</strong></span> <span class='ocrx_word' id='word_1_82' title='bbox 1529 950 1637 991; x_wconf 89' lang='lat' dir='ltr'><strong>non</strong></span> <span class='ocrx_word' id='word_1_83' title='bbox 1668 934 2002 1006; x_wconf 88' lang='lat' dir='ltr'><strong>respondeas</strong></span> 
     </span>
    </p>
   </div>
   <div class='ocr_carea' id='block_1_11' title="bbox 395 1027 2001 1100">
    <p class='ocr_par' dir='ltr' id='par_1_11' title="bbox 395 1027 2001 1100">
     <span class='ocr_line' id='line_1_11' title="bbox 395 1027 2001 1100; baseline 0.001 -17"><span class='ocrx_word' id='word_1_84' title='bbox 395 1027 495 1096; x_wconf 88' lang='lat' dir='ltr'><strong>illi,</strong></span> <span class='ocrx_word' id='word_1_85' title='bbox 535 1038 590 1083; x_wconf 92' lang='lat' dir='ltr'><strong>et</strong></span> <span class='ocrx_word' id='word_1_86' title='bbox 632 1042 802 1098; x_wconf 89' lang='lat' dir='ltr'><strong>pones</strong></span> <span class='ocrx_word' id='word_1_87' title='bbox 843 1028 1096 1083; x_wconf 88' lang='lat' dir='ltr'><strong>baculum</strong></span> <span class='ocrx_word' id='word_1_88' title='bbox 1143 1044 1323 1084; x_wconf 90' lang='lat' dir='ltr'><strong>meum</strong></span> <span class='ocrx_word' id='word_1_89' title='bbox 1362 1043 1528 1100; x_wconf 88' lang='lat' dir='ltr'><strong>super</strong></span> <span class='ocrx_word' id='word_1_90' title='bbox 1572 1028 1765 1085; x_wconf 90' lang='lat' dir='ltr'><strong>faciem</strong></span> <span class='ocrx_word' id='word_1_91' title='bbox 1824 1029 2001 1099; x_wconf 91' lang='lat' dir='ltr'><strong>pueri.</strong></span> 
     </span>
    </p>
   </div>
   <div class='ocr_carea' id='block_1_12' title="bbox 393 1120 2002 1193">
    <p class='ocr_par' dir='ltr' id='par_1_12' title="bbox 393 1120 2002 1193">
     <span class='ocr_line' id='line_1_12' title="bbox 393 1120 2002 1193; baseline 0.001 -16"><span class='ocrx_word' id='word_1_92' title='bbox 393 1120 566 1177; x_wconf 87' lang='lat' dir='ltr'><strong>Porro</strong></span> <span class='ocrx_word' id='word_1_93' title='bbox 586 1133 761 1177; x_wconf 85' lang='lat' dir='ltr'><strong>mater</strong></span> <span class='ocrx_word' id='word_1_94' title='bbox 784 1122 938 1193; x_wconf 88' lang='lat' dir='ltr'><strong>pueri</strong></span> <span class='ocrx_word' id='word_1_95' title='bbox 965 1122 1043 1178; x_wconf 88' lang='lat' dir='ltr'><strong>ait</strong></span> <span class='ocrx_word' id='word_1_96' title='bbox 1066 1139 1078 1177; x_wconf 95' lang='lat'>:</span> <span class='ocrx_word' id='word_1_97' title='bbox 1106 1121 1254 1178; x_wconf 82' lang='lat' dir='ltr'><strong>Vivit</strong></span> <span class='ocrx_word' id='word_1_98' title='bbox 1280 1122 1564 1187; x_wconf 87' lang='lat' dir='ltr'><strong>Dominus,</strong></span> <span class='ocrx_word' id='word_1_99' title='bbox 1588 1132 1644 1179; x_wconf 91' lang='lat' dir='ltr'><strong>et</strong></span> <span class='ocrx_word' id='word_1_100' title='bbox 1664 1122 1795 1179; x_wconf 84' lang='lat' dir='ltr'><strong>vivit</strong></span> <span class='ocrx_word' id='word_1_101' title='bbox 1821 1123 2002 1178; x_wconf 90' lang='lat' dir='ltr'><strong>anima</strong></span> 
     </span>
    </p>
   </div>
   <div class='ocr_carea' id='block_1_13' title="bbox 393 1214 2003 1289">
    <p class='ocr_par' dir='ltr' id='par_1_13' title="bbox 393 1214 2003 1289">
     <span class='ocr_line' id='line_1_13' title="bbox 393 1214 2003 1289; baseline 0.002 -20"><span class='ocrx_word' id='word_1_102' title='bbox 393 1222 507 1281; x_wconf 92' lang='lat' dir='ltr'><strong>tua,</strong></span> <span class='ocrx_word' id='word_1_103' title='bbox 538 1230 647 1270; x_wconf 91' lang='lat' dir='ltr'><strong>non</strong></span> <span class='ocrx_word' id='word_1_104' title='bbox 692 1215 960 1271; x_wconf 89' lang='lat' dir='ltr'><strong>dimittam</strong></span> <span class='ocrx_word' id='word_1_105' title='bbox 990 1226 1064 1273; x_wconf 92' lang='lat' dir='ltr'><strong>te.</strong></span> <span class='ocrx_word' id='word_1_106' title='bbox 1101 1214 1352 1275; x_wconf 85' lang='lat' dir='ltr'><strong>Surrexit</strong></span> <span class='ocrx_word' id='word_1_107' title='bbox 1381 1234 1533 1289; x_wconf 88' lang='lat' dir='ltr'><strong>ergo,</strong></span> <span class='ocrx_word' id='word_1_108' title='bbox 1571 1228 1627 1273; x_wconf 91' lang='lat' dir='ltr'><strong>et</strong></span> <span class='ocrx_word' id='word_1_109' title='bbox 1663 1228 1887 1274; x_wconf 88' lang='lat' dir='ltr'><strong>secutus</strong></span> <span class='ocrx_word' id='word_1_110' title='bbox 1918 1225 2003 1274; x_wconf 93' lang='lat' dir='ltr'><strong>est</strong></span> 
     </span>
    </p>
   </div>
   <div class='ocr_carea' id='block_1_14' title="bbox 390 1309 1997 1386">
    <p class='ocr_par' dir='ltr' id='par_1_14' title="bbox 390 1309 1997 1386">
     <span class='ocr_line' id='line_1_14' title="bbox 390 1309 1997 1386; baseline -0.001 -19"><span class='ocrx_word' id='word_1_111' title='bbox 390 1323 537 1367; x_wconf 89' lang='lat' dir='ltr'><strong>eam.</strong></span> <span class='ocrx_word' id='word_1_112' title='bbox 569 1309 723 1367; x_wconf 87' lang='lat' dir='ltr'><strong>Giezi</strong></span> <span class='ocrx_word' id='word_1_113' title='bbox 750 1318 932 1366; x_wconf 85' lang='lat' dir='ltr'><strong>autem</strong></span> <span class='ocrx_word' id='word_1_114' title='bbox 964 1319 1322 1381; x_wconf 78' lang='lat' dir='ltr'><strong>praecesserat</strong></span> <span class='ocrx_word' id='word_1_115' title='bbox 1349 1326 1446 1368; x_wconf 90' lang='lat' dir='ltr'><strong>cos</strong></span> <span class='ocrx_word' id='word_1_116' title='bbox 1470 1312 1659 1386; x_wconf 65' lang='grc' dir='ltr'><strong>[ναις.</strong></span> <span class='ocrx_word' id='word_1_117' title='bbox 1692 1320 1818 1367; x_wconf 87' lang='lat' dir='ltr'><strong>ante</strong></span> <span class='ocrx_word' id='word_1_118' title='bbox 1859 1309 1997 1383; x_wconf 92' lang='lat' dir='ltr'><strong>eos],</strong></span> 
     </span>
    </p>
   </div>
   <div class='ocr_carea' id='block_1_15' title="bbox 388 1402 1999 1474">
    <p class='ocr_par' dir='ltr' id='par_1_15' title="bbox 388 1402 1999 1474">
     <span class='ocr_line' id='line_1_15' title="bbox 388 1402 1999 1474; baseline 0.004 -17"><span class='ocrx_word' id='word_1_119' title='bbox 388 1411 445 1457; x_wconf 92' lang='lat' dir='ltr'><strong>et</strong></span> <span class='ocrx_word' id='word_1_120' title='bbox 476 1411 736 1471; x_wconf 87' lang='lat' dir='ltr'><strong>posuerat</strong></span> <span class='ocrx_word' id='word_1_121' title='bbox 757 1402 1006 1458; x_wconf 88' lang='lat' dir='ltr'><strong>baculum</strong></span> <span class='ocrx_word' id='word_1_122' title='bbox 1031 1417 1197 1473; x_wconf 89' lang='lat' dir='ltr'><strong>super</strong></span> <span class='ocrx_word' id='word_1_123' title='bbox 1222 1402 1417 1460; x_wconf 89' lang='lat' dir='ltr'><strong>faciem</strong></span> <span class='ocrx_word' id='word_1_124' title='bbox 1446 1404 1616 1474; x_wconf 91' lang='lat' dir='ltr'><strong>pueri,</strong></span> <span class='ocrx_word' id='word_1_125' title='bbox 1650 1413 1707 1460; x_wconf 91' lang='lat' dir='ltr'><strong>et</strong></span> <span class='ocrx_word' id='word_1_126' title='bbox 1743 1420 1852 1461; x_wconf 93' lang='lat' dir='ltr'><strong>non</strong></span> <span class='ocrx_word' id='word_1_127' title='bbox 1882 1414 1999 1463; x_wconf 89' lang='lat' dir='ltr'><strong>erat</strong></span> 
     </span>
    </p>
   </div>
   <div class='ocr_carea' id='block_1_16' title="bbox 387 1498 1997 1567">
    <p class='ocr_par' dir='ltr' id='par_1_16' title="bbox 387 1498 1997 1567">
     <span class='ocr_line' id='line_1_16' title="bbox 387 1498 1997 1567; baseline 0.002 -16"><span class='ocrx_word' id='word_1_128' title='bbox 387 1510 515 1561; x_wconf 85' lang='lat' dir='ltr'><strong>vox,</strong></span> <span class='ocrx_word' id='word_1_129' title='bbox 566 1510 741 1566; x_wconf 88' lang='lat' dir='ltr'><strong>neque</strong></span> <span class='ocrx_word' id='word_1_130' title='bbox 787 1510 981 1552; x_wconf 90' lang='lat' dir='ltr'><strong>sensus</strong></span> <span class='ocrx_word' id='word_1_131' title='bbox 1015 1513 1026 1549; x_wconf 91' lang='lat'><strong>:</strong></span> <span class='ocrx_word' id='word_1_132' title='bbox 1060 1510 1431 1567; x_wconf 82' lang='lat' dir='ltr'><strong>reversusque</strong></span> <span class='ocrx_word' id='word_1_133' title='bbox 1469 1504 1554 1553; x_wconf 86' lang='lat' dir='ltr'><strong>est</strong></span> <span class='ocrx_word' id='word_1_134' title='bbox 1605 1498 1661 1553; x_wconf 90' lang='lat' dir='ltr'><strong>in</strong></span> <span class='ocrx_word' id='word_1_135' title='bbox 1712 1512 1997 1554; x_wconf 90' lang='lat' dir='ltr'><strong>occursum</strong></span> 
     </span>
    </p>
   </div>
   <div class='ocr_carea' id='block_1_17' title="bbox 384 1587 2001 1661">
    <p class='ocr_par' dir='ltr' id='par_1_17' title="bbox 384 1587 2001 1661">
     <span class='ocr_line' id='line_1_17' title="bbox 384 1587 2001 1661; baseline 0.004 -20"><span class='ocrx_word' id='word_1_136' title='bbox 384 1587 524 1657; x_wconf 82' lang='lat' dir='ltr'><strong>ejus,</strong></span> <span class='ocrx_word' id='word_1_137' title='bbox 559 1595 614 1643; x_wconf 88' lang='lat' dir='ltr'><strong>et</strong></span> <span class='ocrx_word' id='word_1_138' title='bbox 643 1588 914 1644; x_wconf 87' lang='lat' dir='ltr'><strong>nuntiavit</strong></span> <span class='ocrx_word' id='word_1_139' title='bbox 940 1587 1014 1656; x_wconf 90' lang='lat' dir='ltr'><strong>ei,</strong></span> <span class='ocrx_word' id='word_1_140' title='bbox 1043 1588 1232 1645; x_wconf 91' lang='lat' dir='ltr'><strong>dicens</strong></span> <span class='ocrx_word' id='word_1_141' title='bbox 1261 1606 1274 1643; x_wconf 90' lang='lat'><strong>:</strong></span> <span class='ocrx_word' id='word_1_142' title='bbox 1309 1588 1428 1645; x_wconf 88' lang='lat' dir='ltr'><strong>Non</strong></span> <span class='ocrx_word' id='word_1_143' title='bbox 1456 1591 1697 1647; x_wconf 80' lang='lat' dir='ltr'><strong>surrexit</strong></span> <span class='ocrx_word' id='word_1_144' title='bbox 1722 1606 1876 1661; x_wconf 88' lang='lat' dir='ltr'><strong>puer.</strong></span> <span class='ocrx_word' id='word_1_145' title='bbox 1912 1591 2001 1648; x_wconf 91' lang='lat' dir='ltr'><strong>In-</strong></span> 
     </span>
    </p>
   </div>
   <div class='ocr_carea' id='block_1_18' title="bbox 384 1680 2000 1754">
    <p class='ocr_par' dir='ltr' id='par_1_18' title="bbox 384 1680 2000 1754">
     <span class='ocr_line' id='line_1_18' title="bbox 384 1680 2000 1754; baseline 0.002 -18"><span class='ocrx_word' id='word_1_146' title='bbox 384 1695 603 1752; x_wconf 77' lang='lat' dir='ltr'><strong>gressus</strong></span> <span class='ocrx_word' id='word_1_147' title='bbox 628 1688 716 1736; x_wconf 90' lang='lat' dir='ltr'><strong>est</strong></span> <span class='ocrx_word' id='word_1_148' title='bbox 740 1695 873 1752; x_wconf 91' lang='lat' dir='ltr'><strong>ergo</strong></span> <span class='ocrx_word' id='word_1_149' title='bbox 906 1680 1136 1737; x_wconf 85' lang='lat' dir='ltr'><strong>Elisaeus</strong></span> <span class='ocrx_word' id='word_1_150' title='bbox 1160 1681 1409 1751; x_wconf 90' lang='lat' dir='ltr'><strong>domum,</strong></span> <span class='ocrx_word' id='word_1_151' title='bbox 1433 1689 1490 1739; x_wconf 91' lang='lat' dir='ltr'><strong>et</strong></span> <span class='ocrx_word' id='word_1_152' title='bbox 1521 1694 1651 1739; x_wconf 90' lang='lat' dir='ltr'><strong>ecce</strong></span> <span class='ocrx_word' id='word_1_153' title='bbox 1687 1698 1822 1754; x_wconf 90' lang='lat' dir='ltr'><strong>puer</strong></span> <span class='ocrx_word' id='word_1_154' title='bbox 1852 1699 2000 1739; x_wconf 92' lang='lat' dir='ltr'><strong>mor-</strong></span> 
     </span>
    </p>
   </div>
   <div class='ocr_carea' id='block_1_19' title="bbox 2104 461 3707 543">
    <p class='ocr_par' dir='ltr' id='par_1_19' title="bbox 2104 461 3707 543">
     <span class='ocr_line' id='line_1_19' title="bbox 2104 461 3707 543; baseline 0.005 -25"><span class='ocrx_word' id='word_1_155' title='bbox 2104 461 2312 534; x_wconf 85' lang='lat' dir='ltr'><strong>Syriae,</strong></span> <span class='ocrx_word' id='word_1_156' title='bbox 2360 470 2477 518; x_wconf 90' lang='lat' dir='ltr'><strong>erat</strong></span> <span class='ocrx_word' id='word_1_157' title='bbox 2508 464 2591 518; x_wconf 87' lang='lat' dir='ltr'><strong>vir</strong></span> <span class='ocrx_word' id='word_1_158' title='bbox 2621 478 2848 535; x_wconf 83' lang='lat' dir='ltr'><strong>magnus</strong></span> <span class='ocrx_word' id='word_1_159' title='bbox 2894 464 3035 534; x_wconf 90' lang='lat' dir='ltr'><strong>apud</strong></span> <span class='ocrx_word' id='word_1_160' title='bbox 3077 463 3357 543; x_wconf 87' lang='lat' dir='ltr'><strong>dominum</strong></span> <span class='ocrx_word' id='word_1_161' title='bbox 3407 482 3565 524; x_wconf 91' lang='lat' dir='ltr'><strong>suum</strong></span> <span class='ocrx_word' id='word_1_162' title='bbox 3591 510 3606 539; x_wconf 93' lang='lat'><strong>,</strong></span> <span class='ocrx_word' id='word_1_163' title='bbox 3650 476 3707 526; x_wconf 87' lang='lat' dir='ltr'><strong>et</strong></span> 
     </span>
    </p>
   </div>
   <div class='ocr_carea' id='block_1_20' title="bbox 2106 554 3702 627">
    <p class='ocr_par' dir='ltr' id='par_1_20' title="bbox 2106 554 3702 627">
     <span class='ocr_line' id='line_1_20' title="bbox 2106 554 3702 627; baseline 0.006 -18"><span class='ocrx_word' id='word_1_164' title='bbox 2106 554 2403 612; x_wconf 89' lang='lat' dir='ltr'><strong>honoratus</strong></span> <span class='ocrx_word' id='word_1_165' title='bbox 2435 573 2447 610; x_wconf 88' lang='lat'><strong>:</strong></span> <span class='ocrx_word' id='word_1_166' title='bbox 2480 572 2571 627; x_wconf 85' lang='lat' dir='ltr'><strong>per</strong></span> <span class='ocrx_word' id='word_1_167' title='bbox 2604 554 2755 611; x_wconf 90' lang='lat' dir='ltr'><strong>illum</strong></span> <span class='ocrx_word' id='word_1_168' title='bbox 2801 556 2945 613; x_wconf 90' lang='lat' dir='ltr'><strong>enim</strong></span> <span class='ocrx_word' id='word_1_169' title='bbox 2976 557 3126 614; x_wconf 85' lang='lat' dir='ltr'><strong>dedit</strong></span> <span class='ocrx_word' id='word_1_170' title='bbox 3158 558 3425 617; x_wconf 86' lang='lat' dir='ltr'><strong>Dominus</strong></span> <span class='ocrx_word' id='word_1_171' title='bbox 3470 562 3702 619; x_wconf 86' lang='lat' dir='ltr'><strong>salutem</strong></span> 
     </span>
    </p>
   </div>
   <div class='ocr_carea' id='block_1_21' title="bbox 2105 646 3704 726">
    <p class='ocr_par' dir='ltr' id='par_1_21' title="bbox 2105 646 3704 726">
     <span class='ocr_line' id='line_1_21' title="bbox 2105 646 3704 726; baseline 0.006 -24"><span class='ocrx_word' id='word_1_172' title='bbox 2105 646 2281 719; x_wconf 80' lang='lat' dir='ltr'><strong>Syriae</strong></span> <span class='ocrx_word' id='word_1_173' title='bbox 2315 666 2326 702; x_wconf 93' lang='lat'><strong>:</strong></span> <span class='ocrx_word' id='word_1_174' title='bbox 2357 658 2475 705; x_wconf 88' lang='lat' dir='ltr'><strong>erat</strong></span> <span class='ocrx_word' id='word_1_175' title='bbox 2505 656 2684 704; x_wconf 89' lang='lat' dir='ltr'><strong>autem</strong></span> <span class='ocrx_word' id='word_1_176' title='bbox 2715 648 2800 704; x_wconf 91' lang='lat' dir='ltr'><strong>vir</strong></span> <span class='ocrx_word' id='word_1_177' title='bbox 2830 648 2987 705; x_wconf 91' lang='lat' dir='ltr'><strong>fortis</strong></span> <span class='ocrx_word' id='word_1_178' title='bbox 3031 659 3085 706; x_wconf 92' lang='lat' dir='ltr'><strong>et</strong></span> <span class='ocrx_word' id='word_1_179' title='bbox 3110 649 3299 719; x_wconf 83' lang='lat' dir='ltr'><strong>dives,</strong></span> <span class='ocrx_word' id='word_1_180' title='bbox 3342 652 3432 709; x_wconf 83' lang='lat' dir='ltr'><strong>sed</strong></span> <span class='ocrx_word' id='word_1_181' title='bbox 3475 652 3552 726; x_wconf 84' lang='lat' dir='ltr'><strong>[lt.</strong></span> <span class='ocrx_word' id='word_1_182' title='bbox 3593 669 3704 712; x_wconf 88' lang='lat' dir='ltr'><strong>non</strong></span> 
     </span>
    </p>
   </div>
   <div class='ocr_carea' id='block_1_22' title="bbox 2106 739 3705 814">
    <p class='ocr_par' dir='ltr' id='par_1_22' title="bbox 2106 739 3705 814">
     <span class='ocr_line' id='line_1_22' title="bbox 2106 739 3705 814; baseline 0.006 -20"><span class='ocrx_word' id='word_1_183' title='bbox 2106 739 2287 812; x_wconf 82' lang='lat' dir='ltr'><strong>habet]</strong></span> <span class='ocrx_word' id='word_1_184' title='bbox 2321 740 2591 812; x_wconf 90' lang='lat' dir='ltr'><strong>leprosus.</strong></span> <span class='ocrx_word' id='word_1_185' title='bbox 2640 740 2810 796; x_wconf 87' lang='lat' dir='ltr'><strong>Porro</strong></span> <span class='ocrx_word' id='word_1_186' title='bbox 2840 740 2910 798; x_wconf 90' lang='lat' dir='ltr'><strong>de</strong></span> <span class='ocrx_word' id='word_1_187' title='bbox 2936 740 3099 814; x_wconf 89' lang='lat' dir='ltr'><strong>Syria</strong></span> <span class='ocrx_word' id='word_1_188' title='bbox 3144 742 3352 814; x_wconf 82' lang='lat' dir='ltr'><strong>egressi</strong></span> <span class='ocrx_word' id='word_1_189' title='bbox 3384 743 3597 801; x_wconf 82' lang='lat' dir='ltr'><strong>fuerant</strong></span> <span class='ocrx_word' id='word_1_190' title='bbox 3624 746 3705 803; x_wconf 89' lang='lat' dir='ltr'><strong>la-</strong></span> 
     </span>
    </p>
   </div>
   <div class='ocr_carea' id='block_1_23' title="bbox 2106 834 3709 911">
    <p class='ocr_par' dir='ltr' id='par_1_23' title="bbox 2106 834 3709 911">
     <span class='ocr_line' id='line_1_23' title="bbox 2106 834 3709 911; baseline 0.006 -24"><span class='ocrx_word' id='word_1_191' title='bbox 2106 834 2380 899; x_wconf 90' lang='lat' dir='ltr'><strong>trunculi,</strong></span> <span class='ocrx_word' id='word_1_192' title='bbox 2411 843 2467 890; x_wconf 88' lang='lat' dir='ltr'><strong>et</strong></span> <span class='ocrx_word' id='word_1_193' title='bbox 2492 834 2762 905; x_wconf 89' lang='lat' dir='ltr'><strong>captivam</strong></span> <span class='ocrx_word' id='word_1_194' title='bbox 2792 834 3061 891; x_wconf 88' lang='lat' dir='ltr'><strong>duxerant</strong></span> <span class='ocrx_word' id='word_1_195' title='bbox 3090 836 3159 892; x_wconf 93' lang='lat' dir='ltr'><strong>de</strong></span> <span class='ocrx_word' id='word_1_196' title='bbox 3187 845 3329 893; x_wconf 84' lang='lat' dir='ltr'><strong>terra</strong></span> <span class='ocrx_word' id='word_1_197' title='bbox 3357 836 3525 895; x_wconf 90' lang='lat' dir='ltr'><strong>Israel</strong></span> <span class='ocrx_word' id='word_1_198' title='bbox 3554 840 3709 911; x_wconf 88' lang='lat' dir='ltr'><strong>puel-</strong></span> 
     </span>
    </p>
   </div>
   <div class='ocr_carea' id='block_1_24' title="bbox 2104 925 3701 1002">
    <p class='ocr_par' dir='ltr' id='par_1_24' title="bbox 2104 925 3701 1002">
     <span class='ocr_line' id='line_1_24' title="bbox 2104 925 3701 1002; baseline 0.005 -21"><span class='ocrx_word' id='word_1_199' title='bbox 2104 925 2210 981; x_wconf 90' lang='lat' dir='ltr'><strong>lam</strong></span> <span class='ocrx_word' id='word_1_200' title='bbox 2233 927 2537 997; x_wconf 87' lang='lat' dir='ltr'><strong>parvulam,</strong></span> <span class='ocrx_word' id='word_1_201' title='bbox 2563 942 2683 999; x_wconf 84' lang='lat' dir='ltr'><strong>quae</strong></span> <span class='ocrx_word' id='word_1_202' title='bbox 2706 935 2824 983; x_wconf 88' lang='lat' dir='ltr'><strong>erat</strong></span> <span class='ocrx_word' id='word_1_203' title='bbox 2851 928 2905 983; x_wconf 91' lang='lat' dir='ltr'><strong>in</strong></span> <span class='ocrx_word' id='word_1_204' title='bbox 2936 928 3411 1000; x_wconf 23' lang='lat' dir='ltr'><strong>obsequioguxoris</strong></span> <span class='ocrx_word' id='word_1_205' title='bbox 3436 930 3701 1002; x_wconf 89' lang='lat' dir='ltr'><strong>Naaman,</strong></span> 
     </span>
    </p>
   </div>
   <div class='ocr_carea' id='block_1_25' title="bbox 2104 1020 3705 1093">
    <p class='ocr_par' dir='ltr' id='par_1_25' title="bbox 2104 1020 3705 1093">
     <span class='ocr_line' id='line_1_25' title="bbox 2104 1020 3705 1093; baseline 0.002 -16"><span class='ocrx_word' id='word_1_206' title='bbox 2104 1036 2227 1093; x_wconf 78' lang='lat' dir='ltr'><strong>quae</strong></span> <span class='ocrx_word' id='word_1_207' title='bbox 2252 1022 2329 1076; x_wconf 88' lang='lat' dir='ltr'><strong>ait</strong></span> <span class='ocrx_word' id='word_1_208' title='bbox 2357 1020 2427 1078; x_wconf 88' lang='lat' dir='ltr'><strong>ad</strong></span> <span class='ocrx_word' id='word_1_209' title='bbox 2449 1020 2725 1077; x_wconf 89' lang='lat' dir='ltr'><strong>dominam</strong></span> <span class='ocrx_word' id='word_1_210' title='bbox 2758 1037 2912 1078; x_wconf 92' lang='lat' dir='ltr'><strong>suam</strong></span> <span class='ocrx_word' id='word_1_211' title='bbox 2940 1040 2952 1078; x_wconf 87' lang='lat'><strong>:</strong></span> <span class='ocrx_word' id='word_1_212' title='bbox 2981 1022 3200 1080; x_wconf 90' lang='lat' dir='ltr'><strong>Utinam</strong></span> <span class='ocrx_word' id='word_1_213' title='bbox 3234 1021 3423 1080; x_wconf 79' lang='lat' dir='ltr'><strong>fuisset</strong></span> <span class='ocrx_word' id='word_1_214' title='bbox 3451 1024 3705 1083; x_wconf 89' lang='lat' dir='ltr'><strong>dominus</strong></span> 
     </span>
    </p>
   </div>
   <div class='ocr_carea' id='block_1_26' title="bbox 2106 1113 3704 1188">
    <p class='ocr_par' dir='ltr' id='par_1_26' title="bbox 2106 1113 3704 1188">
     <span class='ocr_line' id='line_1_26' title="bbox 2106 1113 3704 1188; baseline 0.004 -20"><span class='ocrx_word' id='word_1_215' title='bbox 2106 1129 2259 1170; x_wconf 88' lang='lat' dir='ltr'><strong>meus</strong></span> <span class='ocrx_word' id='word_1_216' title='bbox 2287 1113 2354 1170; x_wconf 91' lang='lat' dir='ltr'><strong>ad</strong></span> <span class='ocrx_word' id='word_1_217' title='bbox 2384 1113 2709 1185; x_wconf 89' lang='lat' dir='ltr'><strong>prophetam</strong></span> <span class='ocrx_word' id='word_1_218' title='bbox 2732 1157 2747 1183; x_wconf 92' lang='lat'><strong>,</strong></span> <span class='ocrx_word' id='word_1_219' title='bbox 2788 1114 2879 1185; x_wconf 91' lang='lat' dir='ltr'><strong>qui</strong></span> <span class='ocrx_word' id='word_1_220' title='bbox 2920 1125 3005 1170; x_wconf 92' lang='lat' dir='ltr'><strong>est</strong></span> <span class='ocrx_word' id='word_1_221' title='bbox 3040 1117 3095 1171; x_wconf 93' lang='lat' dir='ltr'><strong>in</strong></span> <span class='ocrx_word' id='word_1_222' title='bbox 3140 1115 3387 1172; x_wconf 87' lang='lat' dir='ltr'><strong>Samaria</strong></span> <span class='ocrx_word' id='word_1_223' title='bbox 3418 1134 3431 1170; x_wconf 90' lang='lat'>:</span> <span class='ocrx_word' id='word_1_224' title='bbox 3460 1117 3704 1188; x_wconf 86' lang='lat' dir='ltr'><strong>profecto</strong></span> 
     </span>
    </p>
   </div>
   <div class='ocr_carea' id='block_1_27' title="bbox 2104 1208 3698 1281">
    <p class='ocr_par' dir='ltr' id='par_1_27' title="bbox 2104 1208 3698 1281">
     <span class='ocr_line' id='line_1_27' title="bbox 2104 1208 3698 1281; baseline 0.002 -18"><span class='ocrx_word' id='word_1_225' title='bbox 2104 1217 2352 1264; x_wconf 88' lang='lat' dir='ltr'><strong>curasset</strong></span> <span class='ocrx_word' id='word_1_226' title='bbox 2376 1223 2498 1263; x_wconf 89' lang='lat' dir='ltr'><strong>eum</strong></span> <span class='ocrx_word' id='word_1_227' title='bbox 2524 1224 2554 1263; x_wconf 84' lang='lat' dir='ltr'><strong>a</strong></span> <span class='ocrx_word' id='word_1_228' title='bbox 2582 1208 2753 1279; x_wconf 88' lang='lat' dir='ltr'><strong>lepra,</strong></span> <span class='ocrx_word' id='word_1_229' title='bbox 2781 1223 2943 1279; x_wconf 87' lang='lat' dir='ltr'><strong>quam</strong></span> <span class='ocrx_word' id='word_1_230' title='bbox 2962 1208 3145 1265; x_wconf 86' lang='lat' dir='ltr'><strong>habet.</strong></span> <span class='ocrx_word' id='word_1_231' title='bbox 3178 1208 3462 1281; x_wconf 91' lang='lat' dir='ltr'><strong>Ingressus</strong></span> <span class='ocrx_word' id='word_1_232' title='bbox 3487 1220 3573 1267; x_wconf 93' lang='lat' dir='ltr'><strong>est</strong></span> <span class='ocrx_word' id='word_1_233' title='bbox 3597 1211 3698 1267; x_wconf 91' lang='lat' dir='ltr'><strong>ita-</strong></span> 
     </span>
    </p>
   </div>
   <div class='ocr_carea' id='block_1_28' title="bbox 2104 1301 3704 1373">
    <p class='ocr_par' dir='ltr' id='par_1_28' title="bbox 2104 1301 3704 1373">
     <span class='ocr_line' id='line_1_28' title="bbox 2104 1301 3704 1373; baseline 0 -16"><span class='ocrx_word' id='word_1_234' title='bbox 2104 1317 2208 1373; x_wconf 86' lang='lat' dir='ltr'><strong>que</strong></span> <span class='ocrx_word' id='word_1_235' title='bbox 2236 1301 2477 1357; x_wconf 89' lang='lat' dir='ltr'><strong>Naaman</strong></span> <span class='ocrx_word' id='word_1_236' title='bbox 2505 1301 2573 1357; x_wconf 90' lang='lat' dir='ltr'><strong>ad</strong></span> <span class='ocrx_word' id='word_1_237' title='bbox 2604 1302 2883 1356; x_wconf 89' lang='lat' dir='ltr'><strong>dominum</strong></span> <span class='ocrx_word' id='word_1_238' title='bbox 2913 1318 3097 1369; x_wconf 90' lang='lat' dir='ltr'><strong>suum,</strong></span> <span class='ocrx_word' id='word_1_239' title='bbox 3130 1312 3185 1360; x_wconf 90' lang='lat' dir='ltr'><strong>et</strong></span> <span class='ocrx_word' id='word_1_240' title='bbox 3214 1303 3481 1359; x_wconf 88' lang='lat' dir='ltr'><strong>nuntiavit</strong></span> <span class='ocrx_word' id='word_1_241' title='bbox 3509 1305 3582 1370; x_wconf 90' lang='lat' dir='ltr'><strong>ei,</strong></span> <span class='ocrx_word' id='word_1_242' title='bbox 3615 1303 3704 1358; x_wconf 85' lang='lat' dir='ltr'><strong>di-</strong></span> 
     </span>
    </p>
   </div>
   <div class='ocr_carea' id='block_1_29' title="bbox 2103 1395 3703 1468">
    <p class='ocr_par' dir='ltr' id='par_1_29' title="bbox 2103 1395 3703 1468">
     <span class='ocr_line' id='line_1_29' title="bbox 2103 1395 3703 1468; baseline 0.004 -18"><span class='ocrx_word' id='word_1_243' title='bbox 2103 1412 2233 1453; x_wconf 90' lang='lat' dir='ltr'><strong>cens</strong></span> <span class='ocrx_word' id='word_1_244' title='bbox 2266 1414 2279 1453; x_wconf 88' lang='lat'><strong>:</strong></span> <span class='ocrx_word' id='word_1_245' title='bbox 2311 1396 2404 1453; x_wconf 87' lang='lat' dir='ltr'><strong>Sic</strong></span> <span class='ocrx_word' id='word_1_246' title='bbox 2443 1406 2499 1452; x_wconf 91' lang='lat' dir='ltr'><strong>et</strong></span> <span class='ocrx_word' id='word_1_247' title='bbox 2525 1395 2607 1452; x_wconf 88' lang='lat' dir='ltr'><strong>sic</strong></span> <span class='ocrx_word' id='word_1_248' title='bbox 2650 1397 2830 1451; x_wconf 91' lang='lat' dir='ltr'><strong>locuta</strong></span> <span class='ocrx_word' id='word_1_249' title='bbox 2875 1406 2959 1453; x_wconf 92' lang='lat' dir='ltr'><strong>est</strong></span> <span class='ocrx_word' id='word_1_250' title='bbox 3003 1397 3182 1468; x_wconf 85' lang='lat' dir='ltr'><strong>puella</strong></span> <span class='ocrx_word' id='word_1_251' title='bbox 3211 1396 3280 1454; x_wconf 91' lang='lat' dir='ltr'><strong>de</strong></span> <span class='ocrx_word' id='word_1_252' title='bbox 3323 1407 3464 1453; x_wconf 90' lang='lat' dir='ltr'><strong>terra</strong></span> <span class='ocrx_word' id='word_1_253' title='bbox 3510 1396 3703 1457; x_wconf 60' lang='lat' dir='ltr'><strong>Israel.</strong></span> 
     </span>
    </p>
   </div>
   <div class='ocr_carea' id='block_1_30' title="bbox 2103 1489 3702 1564">
    <p class='ocr_par' dir='ltr' id='par_1_30' title="bbox 2103 1489 3702 1564">
     <span class='ocr_line' id='line_1_30' title="bbox 2103 1489 3702 1564; baseline 0.002 -18"><span class='ocrx_word' id='word_1_254' title='bbox 2103 1491 2357 1562; x_wconf 83' lang='lat' dir='ltr'><strong>Dixitque</strong></span> <span class='ocrx_word' id='word_1_255' title='bbox 2397 1491 2449 1546; x_wconf 88' lang='lat' dir='ltr'><strong>ei</strong></span> <span class='ocrx_word' id='word_1_256' title='bbox 2493 1508 2595 1547; x_wconf 87' lang='lat' dir='ltr'><strong>rex</strong></span> <span class='ocrx_word' id='word_1_257' title='bbox 2641 1491 2814 1564; x_wconf 76' lang='lat' dir='ltr'><strong>Syria:</strong></span> <span class='ocrx_word' id='word_1_258' title='bbox 2845 1510 2856 1546; x_wconf 92' lang='lat'>:</span> <span class='ocrx_word' id='word_1_259' title='bbox 2890 1489 3080 1560; x_wconf 83' lang='lat' dir='ltr'><strong>Vade,</strong></span> <span class='ocrx_word' id='word_1_260' title='bbox 3133 1499 3191 1548; x_wconf 93' lang='lat' dir='ltr'><strong>et</strong></span> <span class='ocrx_word' id='word_1_261' title='bbox 3236 1492 3442 1548; x_wconf 84' lang='lat' dir='ltr'><strong>mittam</strong></span> <span class='ocrx_word' id='word_1_262' title='bbox 3492 1492 3702 1550; x_wconf 56' lang='lat' dir='ltr'><strong>litteras</strong></span> 
     </span>
    </p>
   </div>
   <div class='ocr_carea' id='block_1_31' title="bbox 2102 1584 3704 1658">
    <p class='ocr_par' dir='ltr' id='par_1_31' title="bbox 2102 1584 3704 1658">
     <span class='ocr_line' id='line_1_31' title="bbox 2102 1584 3704 1658; baseline 0.002 -20"><span class='ocrx_word' id='word_1_263' title='bbox 2102 1585 2181 1658; x_wconf 89' lang='lat' dir='ltr'><strong>[h.</strong></span> <span class='ocrx_word' id='word_1_264' title='bbox 2212 1584 2432 1657; x_wconf 83' lang='lat' dir='ltr'><strong>librum]</strong></span> <span class='ocrx_word' id='word_1_265' title='bbox 2464 1586 2532 1641; x_wconf 89' lang='lat' dir='ltr'><strong>ad</strong></span> <span class='ocrx_word' id='word_1_266' title='bbox 2560 1601 2745 1656; x_wconf 80' lang='lat' dir='ltr'><strong>regem</strong></span> <span class='ocrx_word' id='word_1_267' title='bbox 2774 1586 2963 1642; x_wconf 90' lang='lat' dir='ltr'><strong>Israel.</strong></span> <span class='ocrx_word' id='word_1_268' title='bbox 2999 1586 3102 1655; x_wconf 87' lang='lat' dir='ltr'><strong>Qui</strong></span> <span class='ocrx_word' id='word_1_269' title='bbox 3127 1603 3245 1642; x_wconf 91' lang='lat' dir='ltr'><strong>cum</strong></span> <span class='ocrx_word' id='word_1_270' title='bbox 3273 1586 3550 1658; x_wconf 88' lang='lat' dir='ltr'><strong>profectus</strong></span> <span class='ocrx_word' id='word_1_271' title='bbox 3573 1586 3704 1642; x_wconf 85' lang='lat' dir='ltr'><strong>fuis-</strong></span> 
     </span>
    </p>
   </div>
   <div class='ocr_carea' id='block_1_32' title="bbox 2101 1680 3701 1754">
    <p class='ocr_par' dir='ltr' id='par_1_32' title="bbox 2101 1680 3701 1754">
     <span class='ocr_line' id='line_1_32' title="bbox 2101 1680 3701 1754; baseline 0.003 -20"><span class='ocrx_word' id='word_1_272' title='bbox 2101 1688 2205 1747; x_wconf 88' lang='lat' dir='ltr'><strong>set,</strong></span> <span class='ocrx_word' id='word_1_273' title='bbox 2238 1689 2293 1736; x_wconf 91' lang='lat' dir='ltr'><strong>et</strong></span> <span class='ocrx_word' id='word_1_274' title='bbox 2327 1680 2536 1736; x_wconf 89' lang='lat' dir='ltr'><strong>tulisset</strong></span> <span class='ocrx_word' id='word_1_275' title='bbox 2567 1696 2751 1737; x_wconf 92' lang='lat' dir='ltr'><strong>secum</strong></span> <span class='ocrx_word' id='word_1_276' title='bbox 2781 1680 2968 1739; x_wconf 89' lang='lat' dir='ltr'><strong>decem</strong></span> <span class='ocrx_word' id='word_1_277' title='bbox 3005 1682 3213 1739; x_wconf 88' lang='lat' dir='ltr'><strong>talenta</strong></span> <span class='ocrx_word' id='word_1_278' title='bbox 3245 1684 3488 1754; x_wconf 87' lang='lat' dir='ltr'><strong>argenti,</strong></span> <span class='ocrx_word' id='word_1_279' title='bbox 3520 1692 3574 1740; x_wconf 90' lang='lat' dir='ltr'><strong>et</strong></span> <span class='ocrx_word' id='word_1_280' title='bbox 3604 1699 3701 1739; x_wconf 79' lang='lat' dir='ltr'><strong>sex</strong></span> 
     </span>
    </p>
   </div>
   <div class='ocr_carea' id='block_1_33' title="bbox 386 1771 3696 1849">
    <p class='ocr_par' dir='ltr' id='par_1_33' title="bbox 386 1771 3696 1849">
     <span class='ocr_line' id='line_1_33' title="bbox 386 1771 3696 1849; baseline 0 -17"><span class='ocrx_word' id='word_1_281' title='bbox 386 1785 508 1831; x_wconf 88' lang='lat' dir='ltr'><strong>tuus</strong></span> <span class='ocrx_word' id='word_1_282' title='bbox 531 1774 748 1845; x_wconf 79' lang='lat' dir='ltr'><strong>iacebat</strong></span> <span class='ocrx_word' id='word_1_283' title='bbox 779 1775 832 1831; x_wconf 92' lang='lat' dir='ltr'><strong>in</strong></span> <span class='ocrx_word' id='word_1_284' title='bbox 857 1776 1056 1833; x_wconf 90' lang='lat' dir='ltr'><strong>lectulo</strong></span> <span class='ocrx_word' id='word_1_285' title='bbox 1085 1776 1204 1847; x_wconf 89' lang='lat' dir='ltr'><strong>ejus</strong></span> <span class='ocrx_word' id='word_1_286' title='bbox 1229 1793 1245 1832; x_wconf 85' lang='lat'>:</span> <span class='ocrx_word' id='word_1_287' title='bbox 1275 1777 1665 1849; x_wconf 83' lang='lat' dir='ltr'><strong>ingressusque</strong></span> <span class='ocrx_word' id='word_1_288' title='bbox 1686 1776 1882 1834; x_wconf 90' lang='lat' dir='ltr'><strong>clausit</strong></span> <span class='ocrx_word' id='word_1_289' title='bbox 1902 1792 1989 1834; x_wconf 88' lang='lat' dir='ltr'><strong>os-</strong></span> <span class='ocrx_word' id='word_1_290' title='bbox 2019 1771 2067 1833; x_wconf 91' lang='lat' dir='ltr'><strong>B</strong></span> <span class='ocrx_word' id='word_1_291' title='bbox 2095 1773 2265 1828; x_wconf 87' lang='lat' dir='ltr'><strong>millia</strong></span> <span class='ocrx_word' id='word_1_292' title='bbox 2306 1788 2503 1830; x_wconf 89' lang='lat' dir='ltr'><strong>aureos</strong></span> <span class='ocrx_word' id='word_1_293' title='bbox 2522 1814 2538 1841; x_wconf 90' lang='lat'><strong>,</strong></span> <span class='ocrx_word' id='word_1_294' title='bbox 2570 1784 2626 1831; x_wconf 92' lang='lat' dir='ltr'><strong>et</strong></span> <span class='ocrx_word' id='word_1_295' title='bbox 2652 1774 2843 1830; x_wconf 90' lang='lat' dir='ltr'><strong>decem</strong></span> <span class='ocrx_word' id='word_1_296' title='bbox 2888 1777 3177 1831; x_wconf 87' lang='lat' dir='ltr'><strong>mutatoria</strong></span> <span class='ocrx_word' id='word_1_297' title='bbox 3212 1778 3658 1832; x_wconf 86' lang='lat' dir='ltr'><strong>vestimentorum</strong></span> <span class='ocrx_word' id='word_1_298' title='bbox 3680 1820 3696 1844; x_wconf 94' lang='lat'><strong>,</strong></span> 
     </span>
    </p>
   </div>
   <div class='ocr_carea' id='block_1_34' title="bbox 386 1868 1989 1943">
    <p class='ocr_par' dir='ltr' id='par_1_34' title="bbox 386 1868 1989 1943">
     <span class='ocr_line' id='line_1_34' title="bbox 386 1868 1989 1943; baseline 0.003 -20"><span class='ocrx_word' id='word_1_299' title='bbox 386 1868 519 1923; x_wconf 87' lang='lat' dir='ltr'><strong>tium</strong></span> <span class='ocrx_word' id='word_1_300' title='bbox 549 1882 714 1938; x_wconf 90' lang='lat' dir='ltr'><strong>super</strong></span> <span class='ocrx_word' id='word_1_301' title='bbox 741 1882 824 1934; x_wconf 89' lang='lat' dir='ltr'><strong>se,</strong></span> <span class='ocrx_word' id='word_1_302' title='bbox 853 1878 907 1924; x_wconf 89' lang='lat' dir='ltr'><strong>et</strong></span> <span class='ocrx_word' id='word_1_303' title='bbox 933 1868 1124 1942; x_wconf 64' lang='grc' dir='ltr'><strong>[ναις.</strong></span> <span class='ocrx_word' id='word_1_304' title='bbox 1160 1878 1216 1925; x_wconf 90' lang='lat' dir='ltr'><strong>et</strong></span> <span class='ocrx_word' id='word_1_305' title='bbox 1238 1869 1421 1943; x_wconf 73' lang='lat' dir='ltr'><strong>super]</strong></span> <span class='ocrx_word' id='word_1_306' title='bbox 1445 1885 1696 1941; x_wconf 89' lang='lat' dir='ltr'><strong>puerum,</strong></span> <span class='ocrx_word' id='word_1_307' title='bbox 1729 1879 1784 1926; x_wconf 89' lang='lat' dir='ltr'><strong>et</strong></span> <span class='ocrx_word' id='word_1_308' title='bbox 1812 1870 1989 1928; x_wconf 90' lang='lat' dir='ltr'><strong>oravit</strong></span> 
     </span>
    </p>
   </div>
   <div class='ocr_carea' id='block_1_35' title="bbox 382 1962 1986 2037">
    <p class='ocr_par' dir='ltr' id='par_1_35' title="bbox 382 1962 1986 2037">
     <span class='ocr_line' id='line_1_35' title="bbox 382 1962 1986 2037; baseline 0.004 -21"><span class='ocrx_word' id='word_1_309' title='bbox 382 1962 449 2017; x_wconf 90' lang='lat' dir='ltr'><strong>ad</strong></span> <span class='ocrx_word' id='word_1_310' title='bbox 473 1962 763 2019; x_wconf 91' lang='lat' dir='ltr'><strong>Dominum</strong></span> <span class='ocrx_word' id='word_1_311' title='bbox 792 1979 807 2017; x_wconf 91' lang='lat'><strong>:</strong></span> <span class='ocrx_word' id='word_1_312' title='bbox 837 1963 907 2018; x_wconf 85' lang='lat' dir='ltr'><strong>Et</strong></span> <span class='ocrx_word' id='word_1_313' title='bbox 928 1963 1194 2032; x_wconf 90' lang='lat' dir='ltr'><strong>ascendit,</strong></span> <span class='ocrx_word' id='word_1_314' title='bbox 1222 1972 1277 2020; x_wconf 91' lang='lat' dir='ltr'><strong>et</strong></span> <span class='ocrx_word' id='word_1_315' title='bbox 1306 1965 1550 2021; x_wconf 91' lang='lat' dir='ltr'><strong>incubuit</strong></span> <span class='ocrx_word' id='word_1_316' title='bbox 1571 1979 1736 2037; x_wconf 87' lang='lat' dir='ltr'><strong>super</strong></span> <span class='ocrx_word' id='word_1_317' title='bbox 1758 1980 1986 2037; x_wconf 89' lang='lat' dir='ltr'><strong>puerum</strong></span> 
     </span>
    </p>
   </div>
   <div class='ocr_carea' id='block_1_36' title="bbox 383 2055 1990 2130">
    <p class='ocr_par' dir='ltr' id='par_1_36' title="bbox 383 2055 1990 2130">
     <span class='ocr_line' id='line_1_36' title="bbox 383 2055 1990 2130; baseline 0.004 -20"><span class='ocrx_word' id='word_1_318' title='bbox 383 2055 512 2129; x_wconf 80' lang='lat' dir='ltr'><strong>(Ms.</strong></span> <span class='ocrx_word' id='word_1_319' title='bbox 538 2056 713 2128; x_wconf 93' lang='lat' dir='ltr'><strong>eum),</strong></span> <span class='ocrx_word' id='word_1_320' title='bbox 749 2057 1039 2129; x_wconf 90' lang='lat' dir='ltr'><strong>posuitque</strong></span> <span class='ocrx_word' id='word_1_321' title='bbox 1064 2072 1127 2114; x_wconf 94' lang='lat' dir='ltr'><strong>os</strong></span> <span class='ocrx_word' id='word_1_322' title='bbox 1156 2073 1317 2115; x_wconf 89' lang='lat' dir='ltr'><strong>suum</strong></span> <span class='ocrx_word' id='word_1_323' title='bbox 1347 2073 1511 2130; x_wconf 89' lang='lat' dir='ltr'><strong>super</strong></span> <span class='ocrx_word' id='word_1_324' title='bbox 1533 2074 1594 2115; x_wconf 91' lang='lat' dir='ltr'><strong>os</strong></span> <span class='ocrx_word' id='word_1_325' title='bbox 1614 2059 1754 2130; x_wconf 87' lang='lat' dir='ltr'><strong>ejus,</strong></span> <span class='ocrx_word' id='word_1_326' title='bbox 1779 2067 1835 2116; x_wconf 92' lang='lat' dir='ltr'><strong>et</strong></span> <span class='ocrx_word' id='word_1_327' title='bbox 1859 2075 1990 2116; x_wconf 88' lang='lat' dir='ltr'><strong>ocu-</strong></span> 
     </span>
    </p>
   </div>
   <div class='ocr_carea' id='block_1_37' title="bbox 381 2148 1987 2222">
    <p class='ocr_par' dir='ltr' id='par_1_37' title="bbox 381 2148 1987 2222">
     <span class='ocr_line' id='line_1_37' title="bbox 381 2148 1987 2222; baseline 0.004 -19"><span class='ocrx_word' id='word_1_328' title='bbox 381 2148 465 2204; x_wconf 91' lang='lat' dir='ltr'><strong>los</strong></span> <span class='ocrx_word' id='word_1_329' title='bbox 492 2163 620 2204; x_wconf 87' lang='lat' dir='ltr'><strong>suos</strong></span> <span class='ocrx_word' id='word_1_330' title='bbox 650 2164 812 2220; x_wconf 86' lang='lat' dir='ltr'><strong>super</strong></span> <span class='ocrx_word' id='word_1_331' title='bbox 837 2151 1027 2205; x_wconf 92' lang='lat' dir='ltr'><strong>oculos</strong></span> <span class='ocrx_word' id='word_1_332' title='bbox 1057 2151 1198 2221; x_wconf 85' lang='lat' dir='ltr'><strong>ejus,</strong></span> <span class='ocrx_word' id='word_1_333' title='bbox 1228 2158 1282 2206; x_wconf 91' lang='lat' dir='ltr'><strong>et</strong></span> <span class='ocrx_word' id='word_1_334' title='bbox 1309 2165 1502 2207; x_wconf 91' lang='lat' dir='ltr'><strong>manus</strong></span> <span class='ocrx_word' id='word_1_335' title='bbox 1523 2168 1650 2209; x_wconf 90' lang='lat' dir='ltr'><strong>suas</strong></span> <span class='ocrx_word' id='word_1_336' title='bbox 1675 2167 1839 2222; x_wconf 88' lang='lat' dir='ltr'><strong>super</strong></span> <span class='ocrx_word' id='word_1_337' title='bbox 1869 2168 1987 2209; x_wconf 85' lang='lat' dir='ltr'><strong>ma-</strong></span> 
     </span>
    </p>
   </div>
   <div class='ocr_carea' id='block_1_38' title="bbox 381 2240 1991 2315">
    <p class='ocr_par' dir='ltr' id='par_1_38' title="bbox 381 2240 1991 2315">
     <span class='ocr_line' id='line_1_38' title="bbox 381 2240 1991 2315; baseline 0.006 -20"><span class='ocrx_word' id='word_1_338' title='bbox 381 2256 484 2297; x_wconf 91' lang='lat' dir='ltr'><strong>nus</strong></span> <span class='ocrx_word' id='word_1_339' title='bbox 509 2240 649 2311; x_wconf 87' lang='lat' dir='ltr'><strong>ejus,</strong></span> <span class='ocrx_word' id='word_1_340' title='bbox 680 2251 734 2298; x_wconf 91' lang='lat' dir='ltr'><strong>et</strong></span> <span class='ocrx_word' id='word_1_341' title='bbox 758 2242 1059 2299; x_wconf 89' lang='lat' dir='ltr'><strong>incurvavit</strong></span> <span class='ocrx_word' id='word_1_342' title='bbox 1087 2258 1147 2298; x_wconf 90' lang='lat' dir='ltr'><strong>se</strong></span> <span class='ocrx_word' id='word_1_343' title='bbox 1175 2259 1340 2315; x_wconf 91' lang='lat' dir='ltr'><strong>super</strong></span> <span class='ocrx_word' id='word_1_344' title='bbox 1365 2260 1512 2315; x_wconf 87' lang='lat' dir='ltr'><strong>eum,</strong></span> <span class='ocrx_word' id='word_1_345' title='bbox 1541 2255 1597 2302; x_wconf 92' lang='lat' dir='ltr'><strong>et</strong></span> <span class='ocrx_word' id='word_1_346' title='bbox 1622 2246 1884 2304; x_wconf 87' lang='lat' dir='ltr'><strong>calefacta</strong></span> <span class='ocrx_word' id='word_1_347' title='bbox 1907 2254 1991 2304; x_wconf 90' lang='lat' dir='ltr'><strong>est</strong></span> 
     </span>
    </p>
   </div>
   <div class='ocr_carea' id='block_1_39' title="bbox 380 2332 1985 2409">
    <p class='ocr_par' dir='ltr' id='par_1_39' title="bbox 380 2332 1985 2409">
     <span class='ocr_line' id='line_1_39' title="bbox 380 2332 1985 2409; baseline 0.005 -22"><span class='ocrx_word' id='word_1_348' title='bbox 380 2346 510 2387; x_wconf 86' lang='lat' dir='ltr'><strong>caro</strong></span> <span class='ocrx_word' id='word_1_349' title='bbox 541 2333 715 2402; x_wconf 87' lang='lat' dir='ltr'><strong>pueri.</strong></span> <span class='ocrx_word' id='word_1_350' title='bbox 748 2332 819 2388; x_wconf 87' lang='lat' dir='ltr'><strong>At</strong></span> <span class='ocrx_word' id='word_1_351' title='bbox 860 2333 950 2389; x_wconf 89' lang='lat' dir='ltr'><strong>ille</strong></span> <span class='ocrx_word' id='word_1_352' title='bbox 991 2350 1265 2403; x_wconf 86' lang='lat' dir='ltr'><strong>reversus,</strong></span> <span class='ocrx_word' id='word_1_353' title='bbox 1298 2335 1667 2394; x_wconf 87' lang='lat' dir='ltr'><strong>deambulavit</strong></span> <span class='ocrx_word' id='word_1_354' title='bbox 1706 2338 1760 2394; x_wconf 90' lang='lat' dir='ltr'><strong>in</strong></span> <span class='ocrx_word' id='word_1_355' title='bbox 1801 2338 1985 2409; x_wconf 90' lang='lat' dir='ltr'><strong>domo,</strong></span> 
     </span>
    </p>
   </div>
   <div class='ocr_carea' id='block_1_40' title="bbox 380 2424 1991 2502">
    <p class='ocr_par' dir='ltr' id='par_1_40' title="bbox 380 2424 1991 2502">
     <span class='ocr_line' id='line_1_40' title="bbox 380 2424 1991 2502; baseline 0.006 -23"><span class='ocrx_word' id='word_1_356' title='bbox 380 2424 550 2481; x_wconf 89' lang='lat' dir='ltr'><strong>semel</strong></span> <span class='ocrx_word' id='word_1_357' title='bbox 597 2424 705 2481; x_wconf 91' lang='lat' dir='ltr'><strong>huc</strong></span> <span class='ocrx_word' id='word_1_358' title='bbox 742 2434 798 2481; x_wconf 91' lang='lat' dir='ltr'><strong>et</strong></span> <span class='ocrx_word' id='word_1_359' title='bbox 848 2425 999 2491; x_wconf 92' lang='lat' dir='ltr'><strong>illuc,</strong></span> <span class='ocrx_word' id='word_1_360' title='bbox 1033 2436 1085 2483; x_wconf 89' lang='lat' dir='ltr'><strong>et</strong></span> <span class='ocrx_word' id='word_1_361' title='bbox 1126 2427 1393 2497; x_wconf 88' lang='lat' dir='ltr'><strong>ascendit,</strong></span> <span class='ocrx_word' id='word_1_362' title='bbox 1434 2437 1490 2485; x_wconf 91' lang='lat' dir='ltr'><strong>et</strong></span> <span class='ocrx_word' id='word_1_363' title='bbox 1538 2427 1784 2485; x_wconf 88' lang='lat' dir='ltr'><strong>incubuit</strong></span> <span class='ocrx_word' id='word_1_364' title='bbox 1829 2446 1991 2502; x_wconf 90' lang='lat' dir='ltr'><strong>super</strong></span> 
     </span>
    </p>
   </div>
   <div class='ocr_carea' id='block_1_41' title="bbox 380 2519 1987 2594">
    <p class='ocr_par' dir='ltr' id='par_1_41' title="bbox 380 2519 1987 2594">
     <span class='ocr_line' id='line_1_41' title="bbox 380 2519 1987 2594; baseline 0.004 -21"><span class='ocrx_word' id='word_1_365' title='bbox 380 2531 537 2579; x_wconf 87' lang='lat' dir='ltr'><strong>eum,</strong></span> <span class='ocrx_word' id='word_1_366' title='bbox 568 2528 619 2573; x_wconf 92' lang='lat' dir='ltr'><strong>et</strong></span> <span class='ocrx_word' id='word_1_367' title='bbox 652 2519 902 2574; x_wconf 79' lang='lat' dir='ltr'><strong>oscitavit</strong></span> <span class='ocrx_word' id='word_1_368' title='bbox 936 2535 1071 2590; x_wconf 90' lang='lat' dir='ltr'><strong>puer</strong></span> <span class='ocrx_word' id='word_1_369' title='bbox 1100 2523 1332 2591; x_wconf 86' lang='lat' dir='ltr'><strong>septies,</strong></span> <span class='ocrx_word' id='word_1_370' title='bbox 1362 2522 1683 2594; x_wconf 90' lang='lat' dir='ltr'><strong>aperuitque</strong></span> <span class='ocrx_word' id='word_1_371' title='bbox 1713 2523 1903 2579; x_wconf 91' lang='lat' dir='ltr'><strong>oculos</strong></span> <span class='ocrx_word' id='word_1_372' title='bbox 1937 2534 1987 2580; x_wconf 74' lang='grc' dir='ltr'><strong>ει.</strong></span> 
     </span>
    </p>
   </div>
   <div class='ocr_carea' id='block_1_42' title="bbox 382 2609 1989 2683">
    <p class='ocr_par' dir='ltr' id='par_1_42' title="bbox 382 2609 1989 2683">
     <span class='ocr_line' id='line_1_42' title="bbox 382 2609 1989 2683; baseline 0.007 -18"><span class='ocrx_word' id='word_1_373' title='bbox 382 2609 471 2682; x_wconf 89' lang='grc' dir='ltr'><strong>(Τ.</strong></span> <span class='ocrx_word' id='word_1_374' title='bbox 502 2609 743 2683; x_wconf 79' lang='lat' dir='ltr'><strong>CXXV.)</strong></span> <span class='ocrx_word' id='word_1_375' title='bbox 768 2611 836 2667; x_wconf 86' lang='lat' dir='ltr'><strong>At</strong></span> <span class='ocrx_word' id='word_1_376' title='bbox 874 2614 964 2670; x_wconf 88' lang='lat' dir='ltr'><strong>ille</strong></span> <span class='ocrx_word' id='word_1_377' title='bbox 992 2616 1203 2671; x_wconf 91' lang='lat' dir='ltr'><strong>vocavit</strong></span> <span class='ocrx_word' id='word_1_378' title='bbox 1232 2616 1413 2683; x_wconf 85' lang='lat' dir='ltr'><strong>Giezi,</strong></span> <span class='ocrx_word' id='word_1_379' title='bbox 1447 2627 1501 2674; x_wconf 89' lang='lat' dir='ltr'><strong>et</strong></span> <span class='ocrx_word' id='word_1_380' title='bbox 1540 2618 1680 2674; x_wconf 83' lang='lat' dir='ltr'><strong>dixit</strong></span> <span class='ocrx_word' id='word_1_381' title='bbox 1717 2619 1767 2675; x_wconf 90' lang='lat' dir='ltr'><strong>ei</strong></span> <span class='ocrx_word' id='word_1_382' title='bbox 1800 2637 1815 2676; x_wconf 90' lang='lat'><strong>:</strong></span> <span class='ocrx_word' id='word_1_383' title='bbox 1844 2621 1989 2677; x_wconf 88' lang='lat' dir='ltr'><strong>Voca</strong></span> 
     </span>
    </p>
   </div>
   <div class='ocr_carea' id='block_1_43' title="bbox 384 2703 1987 2782">
    <p class='ocr_par' dir='ltr' id='par_1_43' title="bbox 384 2703 1987 2782">
     <span class='ocr_line' id='line_1_43' title="bbox 384 2703 1987 2782; baseline 0.006 -23"><span class='ocrx_word' id='word_1_384' title='bbox 384 2703 702 2760; x_wconf 90' lang='lat' dir='ltr'><strong>Sunatniten</strong></span> <span class='ocrx_word' id='word_1_385' title='bbox 739 2705 898 2762; x_wconf 90' lang='lat' dir='ltr'><strong>hanc.</strong></span> <span class='ocrx_word' id='word_1_386' title='bbox 930 2707 1065 2775; x_wconf 85' lang='lat' dir='ltr'><strong>Quae</strong></span> <span class='ocrx_word' id='word_1_387' title='bbox 1095 2717 1309 2777; x_wconf 88' lang='lat' dir='ltr'><strong>vocata,</strong></span> <span class='ocrx_word' id='word_1_388' title='bbox 1342 2709 1586 2782; x_wconf 85' lang='lat' dir='ltr'><strong>ingressa</strong></span> <span class='ocrx_word' id='word_1_389' title='bbox 1616 2719 1701 2767; x_wconf 90' lang='lat' dir='ltr'><strong>est</strong></span> <span class='ocrx_word' id='word_1_390' title='bbox 1742 2712 1810 2767; x_wconf 88' lang='lat' dir='ltr'><strong>ad</strong></span> <span class='ocrx_word' id='word_1_391' title='bbox 1840 2727 1987 2769; x_wconf 90' lang='lat' dir='ltr'><strong>eum.</strong></span> 
     </span>
    </p>
   </div>
   <div class='ocr_carea' id='block_1_44' title="bbox 382 2797 1989 2871">
    <p class='ocr_par' dir='ltr' id='par_1_44' title="bbox 382 2797 1989 2871">
     <span class='ocr_line' id='line_1_44' title="bbox 382 2797 1989 2871; baseline 0.006 -20"><span class='ocrx_word' id='word_1_392' title='bbox 382 2797 485 2865; x_wconf 86' lang='lat' dir='ltr'><strong>Qui</strong></span> <span class='ocrx_word' id='word_1_393' title='bbox 515 2799 590 2853; x_wconf 91' lang='lat' dir='ltr'><strong>ait</strong></span> <span class='ocrx_word' id='word_1_394' title='bbox 624 2817 637 2852; x_wconf 93' lang='lat'><strong>:</strong></span> <span class='ocrx_word' id='word_1_395' title='bbox 672 2799 826 2856; x_wconf 91' lang='lat' dir='ltr'><strong>Tolle</strong></span> <span class='ocrx_word' id='word_1_396' title='bbox 857 2800 1025 2857; x_wconf 87' lang='lat' dir='ltr'><strong>filium</strong></span> <span class='ocrx_word' id='word_1_397' title='bbox 1059 2811 1231 2859; x_wconf 92' lang='lat' dir='ltr'><strong>tuum.</strong></span> <span class='ocrx_word' id='word_1_398' title='bbox 1267 2803 1429 2860; x_wconf 90' lang='lat' dir='ltr'><strong>Venit</strong></span> <span class='ocrx_word' id='word_1_399' title='bbox 1457 2804 1569 2871; x_wconf 89' lang='lat' dir='ltr'><strong>illa,</strong></span> <span class='ocrx_word' id='word_1_400' title='bbox 1600 2812 1655 2862; x_wconf 87' lang='lat' dir='ltr'><strong>et</strong></span> <span class='ocrx_word' id='word_1_401' title='bbox 1682 2806 1887 2862; x_wconf 91' lang='lat' dir='ltr'><strong>corruit</strong></span> <span class='ocrx_word' id='word_1_402' title='bbox 1921 2806 1989 2862; x_wconf 90' lang='lat' dir='ltr'><strong>ad</strong></span> 
     </span>
    </p>
   </div>
   <div class='ocr_carea' id='block_1_45' title="bbox 382 2891 1989 2970">
    <p class='ocr_par' dir='ltr' id='par_1_45' title="bbox 382 2891 1989 2970">
     <span class='ocr_line' id='line_1_45' title="bbox 382 2891 1989 2970; baseline 0.004 -22"><span class='ocrx_word' id='word_1_403' title='bbox 382 2891 551 2962; x_wconf 89' lang='lat' dir='ltr'><strong>pedes</strong></span> <span class='ocrx_word' id='word_1_404' title='bbox 575 2892 714 2963; x_wconf 89' lang='lat' dir='ltr'><strong>ejus,</strong></span> <span class='ocrx_word' id='word_1_405' title='bbox 745 2903 802 2951; x_wconf 89' lang='lat' dir='ltr'><strong>et</strong></span> <span class='ocrx_word' id='word_1_406' title='bbox 830 2894 1076 2953; x_wconf 89' lang='lat' dir='ltr'><strong>adoravit</strong></span> <span class='ocrx_word' id='word_1_407' title='bbox 1101 2912 1263 2967; x_wconf 87' lang='lat' dir='ltr'><strong>super</strong></span> <span class='ocrx_word' id='word_1_408' title='bbox 1298 2906 1523 2968; x_wconf 86' lang='lat' dir='ltr'><strong>terram,</strong></span> <span class='ocrx_word' id='word_1_409' title='bbox 1558 2898 1784 2970; x_wconf 89' lang='lat' dir='ltr'><strong>tulitque</strong></span> <span class='ocrx_word' id='word_1_410' title='bbox 1818 2899 1989 2955; x_wconf 83' lang='lat' dir='ltr'><strong>ﬁlium</strong></span> 
     </span>
    </p>
   </div>
   <div class='ocr_carea' id='block_1_46' title="bbox 387 2990 1991 3058">
    <p class='ocr_par' dir='ltr' id='par_1_46' title="bbox 387 2990 1991 3058">
     <span class='ocr_line' id='line_1_46' title="bbox 387 2990 1991 3058; baseline 0.005 -19"><span class='ocrx_word' id='word_1_411' title='bbox 387 3001 570 3051; x_wconf 90' lang='lat' dir='ltr'><strong>suum,</strong></span> <span class='ocrx_word' id='word_1_412' title='bbox 599 2998 651 3041; x_wconf 88' lang='lat' dir='ltr'><strong>et</strong></span> <span class='ocrx_word' id='word_1_413' title='bbox 681 3002 904 3058; x_wconf 88' lang='lat' dir='ltr'><strong>egressa</strong></span> <span class='ocrx_word' id='word_1_414' title='bbox 931 2998 1033 3055; x_wconf 90' lang='lat' dir='ltr'><strong>est,</strong></span> <span class='ocrx_word' id='word_1_415' title='bbox 1058 2997 1115 3046; x_wconf 86' lang='lat' dir='ltr'><strong>et</strong></span> <span class='ocrx_word' id='word_1_416' title='bbox 1137 2990 1367 3047; x_wconf 76' lang='lat' dir='ltr'><strong>Eliszeus</strong></span> <span class='ocrx_word' id='word_1_417' title='bbox 1396 3005 1649 3048; x_wconf 87' lang='lat' dir='ltr'><strong>reversus</strong></span> <span class='ocrx_word' id='word_1_418' title='bbox 1675 3003 1758 3048; x_wconf 90' lang='lat' dir='ltr'><strong>est</strong></span> <span class='ocrx_word' id='word_1_419' title='bbox 1786 2991 1839 3047; x_wconf 90' lang='lat' dir='ltr'><strong>in</strong></span> <span class='ocrx_word' id='word_1_420' title='bbox 1862 2992 1991 3048; x_wconf 88' lang='lat' dir='ltr'><strong>Gal-</strong></span> 
     </span>
    </p>
   </div>
   <div class='ocr_carea' id='block_1_47' title="bbox 381 3078 1984 3155">
    <p class='ocr_par' dir='ltr' id='par_1_47' title="bbox 381 3078 1984 3155">
     <span class='ocr_line' id='line_1_47' title="bbox 381 3078 1984 3155; baseline 0.005 -23"><span class='ocrx_word' id='word_1_421' title='bbox 381 3079 522 3148; x_wconf 85' lang='lat' dir='ltr'><strong>gala.</strong></span> <span class='ocrx_word' id='word_1_422' title='bbox 554 3078 686 3134; x_wconf 89' lang='lat' dir='ltr'><strong>Erat</strong></span> <span class='ocrx_word' id='word_1_423' title='bbox 713 3089 893 3137; x_wconf 92' lang='lat' dir='ltr'><strong>autem</strong></span> <span class='ocrx_word' id='word_1_424' title='bbox 920 3082 1095 3139; x_wconf 90' lang='lat' dir='ltr'><strong>fames</strong></span> <span class='ocrx_word' id='word_1_425' title='bbox 1119 3083 1173 3139; x_wconf 92' lang='lat' dir='ltr'><strong>in</strong></span> <span class='ocrx_word' id='word_1_426' title='bbox 1193 3090 1361 3152; x_wconf 89' lang='lat' dir='ltr'><strong>terra,</strong></span> <span class='ocrx_word' id='word_1_427' title='bbox 1392 3092 1449 3139; x_wconf 90' lang='lat' dir='ltr'><strong>et</strong></span> <span class='ocrx_word' id='word_1_428' title='bbox 1470 3083 1564 3139; x_wconf 84' lang='lat' dir='ltr'><strong>filii</strong></span> <span class='ocrx_word' id='word_1_429' title='bbox 1595 3085 1984 3155; x_wconf 90' lang='lat' dir='ltr'><strong>prophetarum</strong></span> 
     </span>
    </p>
   </div>
   <div class='ocr_carea' id='block_1_48' title="bbox 2092 1866 3697 1939">
    <p class='ocr_par' dir='ltr' id='par_1_48' title="bbox 2092 1866 3697 1939">
     <span class='ocr_line' id='line_1_48' title="bbox 2092 1866 3697 1939; baseline 0.002 -18"><span class='ocrx_word' id='word_1_430' title='bbox 2092 1866 2284 1922; x_wconf 87' lang='lat' dir='ltr'><strong>detulit</strong></span> <span class='ocrx_word' id='word_1_431' title='bbox 2312 1866 2520 1922; x_wconf 88' lang='lat' dir='ltr'><strong>litteras</strong></span> <span class='ocrx_word' id='word_1_432' title='bbox 2550 1866 2629 1939; x_wconf 85' lang='lat' dir='ltr'><strong>[h.</strong></span> <span class='ocrx_word' id='word_1_433' title='bbox 2665 1866 2883 1938; x_wconf 88' lang='lat' dir='ltr'><strong>librum]</strong></span> <span class='ocrx_word' id='word_1_434' title='bbox 2926 1866 2995 1922; x_wconf 89' lang='lat' dir='ltr'><strong>ad</strong></span> <span class='ocrx_word' id='word_1_435' title='bbox 3034 1882 3217 1939; x_wconf 82' lang='lat' dir='ltr'><strong>regem</strong></span> <span class='ocrx_word' id='word_1_436' title='bbox 3250 1868 3461 1937; x_wconf 87' lang='lat' dir='ltr'><strong>Israel,</strong></span> <span class='ocrx_word' id='word_1_437' title='bbox 3496 1868 3550 1923; x_wconf 90' lang='lat' dir='ltr'><strong>in</strong></span> <span class='ocrx_word' id='word_1_438' title='bbox 3579 1869 3697 1925; x_wconf 87' lang='lat' dir='ltr'><strong>haec</strong></span> 
     </span>
    </p>
   </div>
   <div class='ocr_carea' id='block_1_49' title="bbox 2093 1956 3699 2029">
    <p class='ocr_par' dir='ltr' id='par_1_49' title="bbox 2093 1956 3699 2029">
     <span class='ocr_line' id='line_1_49' title="bbox 2093 1956 3699 2029; baseline 0.001 -15"><span class='ocrx_word' id='word_1_439' title='bbox 2093 1957 2256 2014; x_wconf 89' lang='lat' dir='ltr'><strong>verba</strong></span> <span class='ocrx_word' id='word_1_440' title='bbox 2288 1976 2300 2011; x_wconf 92' lang='lat'>:</span> <span class='ocrx_word' id='word_1_441' title='bbox 2333 1956 2466 2013; x_wconf 91' lang='lat' dir='ltr'><strong>Cum</strong></span> <span class='ocrx_word' id='word_1_442' title='bbox 2513 1958 2799 2028; x_wconf 89' lang='lat' dir='ltr'><strong>acceperis</strong></span> <span class='ocrx_word' id='word_1_443' title='bbox 2842 1959 3133 2029; x_wconf 87' lang='lat' dir='ltr'><strong>epistolam</strong></span> <span class='ocrx_word' id='word_1_444' title='bbox 3180 1960 3319 2014; x_wconf 89' lang='lat' dir='ltr'><strong>hanc</strong></span> <span class='ocrx_word' id='word_1_445' title='bbox 3341 2002 3355 2026; x_wconf 95' lang='lat'><strong>,</strong></span> <span class='ocrx_word' id='word_1_446' title='bbox 3386 1959 3525 2016; x_wconf 86' lang='lat' dir='ltr'><strong>scito</strong></span> <span class='ocrx_word' id='word_1_447' title='bbox 3553 1961 3699 2028; x_wconf 84' lang='lat' dir='ltr'><strong>quod</strong></span> 
     </span>
    </p>
   </div>
   <div class='ocr_carea' id='block_1_50' title="bbox 2091 2050 3698 2121">
    <p class='ocr_par' dir='ltr' id='par_1_50' title="bbox 2091 2050 3698 2121">
     <span class='ocr_line' id='line_1_50' title="bbox 2091 2050 3698 2121; baseline 0.003 -14"><span class='ocrx_word' id='word_1_448' title='bbox 2091 2052 2340 2108; x_wconf 92' lang='lat' dir='ltr'><strong>miserim</strong></span> <span class='ocrx_word' id='word_1_449' title='bbox 2367 2050 2433 2107; x_wconf 91' lang='lat' dir='ltr'><strong>ad</strong></span> <span class='ocrx_word' id='word_1_450' title='bbox 2460 2060 2513 2107; x_wconf 90' lang='lat' dir='ltr'><strong>te</strong></span> <span class='ocrx_word' id='word_1_451' title='bbox 2542 2050 2782 2107; x_wconf 88' lang='lat' dir='ltr'><strong>Naaman</strong></span> <span class='ocrx_word' id='word_1_452' title='bbox 2814 2067 3036 2109; x_wconf 87' lang='lat' dir='ltr'><strong>servum</strong></span> <span class='ocrx_word' id='word_1_453' title='bbox 3069 2069 3276 2121; x_wconf 89' lang='lat' dir='ltr'><strong>meum,</strong></span> <span class='ocrx_word' id='word_1_454' title='bbox 3301 2063 3361 2110; x_wconf 92' lang='lat' dir='ltr'><strong>ut</strong></span> <span class='ocrx_word' id='word_1_455' title='bbox 3384 2070 3547 2111; x_wconf 92' lang='lat' dir='ltr'><strong>cures</strong></span> <span class='ocrx_word' id='word_1_456' title='bbox 3573 2070 3698 2112; x_wconf 88' lang='lat' dir='ltr'><strong>eum</strong></span> 
     </span>
    </p>
   </div>
   <div class='ocr_carea' id='block_1_51' title="bbox 2091 2143 3699 2218">
    <p class='ocr_par' dir='ltr' id='par_1_51' title="bbox 2091 2143 3699 2218">
     <span class='ocr_line' id='line_1_51' title="bbox 2091 2143 3699 2218; baseline 0.005 -20"><span class='ocrx_word' id='word_1_457' title='bbox 2091 2159 2121 2198; x_wconf 92' lang='lat' dir='ltr'><strong>a</strong></span> <span class='ocrx_word' id='word_1_458' title='bbox 2153 2144 2305 2214; x_wconf 88' lang='lat' dir='ltr'><strong>lepra</strong></span> <span class='ocrx_word' id='word_1_459' title='bbox 2356 2160 2477 2200; x_wconf 90' lang='lat' dir='ltr'><strong>sua.</strong></span> <span class='ocrx_word' id='word_1_460' title='bbox 2531 2145 2776 2215; x_wconf 85' lang='lat' dir='ltr'><strong>Cumque</strong></span> <span class='ocrx_word' id='word_1_461' title='bbox 2825 2147 3046 2218; x_wconf 82' lang='lat' dir='ltr'><strong>legisset</strong></span> <span class='ocrx_word' id='word_1_462' title='bbox 3092 2163 3187 2203; x_wconf 84' lang='lat' dir='ltr'><strong>rex</strong></span> <span class='ocrx_word' id='word_1_463' title='bbox 3215 2143 3242 2184; x_wconf 74' lang='grc' dir='ltr'><em>ά</em></span> <span class='ocrx_word' id='word_1_464' title='bbox 3273 2147 3436 2205; x_wconf 89' lang='lat' dir='ltr'><strong>Israel</strong></span> <span class='ocrx_word' id='word_1_465' title='bbox 3485 2148 3699 2206; x_wconf 86' lang='lat' dir='ltr'><strong>litteras</strong></span> 
     </span>
    </p>
   </div>
   <div class='ocr_carea' id='block_1_52' title="bbox 2093 2238 3697 2317">
    <p class='ocr_par' dir='ltr' id='par_1_52' title="bbox 2093 2238 3697 2317">
     <span class='ocr_line' id='line_1_52' title="bbox 2093 2238 3697 2317; baseline 0.005 -24"><span class='ocrx_word' id='word_1_466' title='bbox 2093 2239 2171 2312; x_wconf 88' lang='lat' dir='ltr'><strong>[h.</strong></span> <span class='ocrx_word' id='word_1_467' title='bbox 2205 2239 2454 2311; x_wconf 89' lang='lat' dir='ltr'><strong>librum],</strong></span> <span class='ocrx_word' id='word_1_468' title='bbox 2487 2238 2649 2296; x_wconf 90' lang='lat' dir='ltr'><strong>scidit</strong></span> <span class='ocrx_word' id='word_1_469' title='bbox 2683 2242 3008 2298; x_wconf 89' lang='lat' dir='ltr'><strong>vestimenta</strong></span> <span class='ocrx_word' id='word_1_470' title='bbox 3042 2258 3160 2309; x_wconf 89' lang='lat' dir='ltr'><strong>sua,</strong></span> <span class='ocrx_word' id='word_1_471' title='bbox 3190 2252 3245 2299; x_wconf 92' lang='lat' dir='ltr'><strong>et</strong></span> <span class='ocrx_word' id='word_1_472' title='bbox 3270 2241 3349 2299; x_wconf 86' lang='lat' dir='ltr'><strong>ait</strong></span> <span class='ocrx_word' id='word_1_473' title='bbox 3380 2262 3394 2299; x_wconf 88' lang='lat'><strong>:</strong></span> <span class='ocrx_word' id='word_1_474' title='bbox 3426 2243 3697 2317; x_wconf 86' lang='lat' dir='ltr'><strong>Numquid</strong></span> 
     </span>
    </p>
   </div>
   <div class='ocr_carea' id='block_1_53' title="bbox 2092 2330 3692 2409">
    <p class='ocr_par' dir='ltr' id='par_1_53' title="bbox 2092 2330 3692 2409">
     <span class='ocr_line' id='line_1_53' title="bbox 2092 2330 3692 2409; baseline 0.006 -25"><span class='ocrx_word' id='word_1_475' title='bbox 2092 2330 2237 2387; x_wconf 91' lang='lat' dir='ltr'><strong>Deus</strong></span> <span class='ocrx_word' id='word_1_476' title='bbox 2280 2346 2381 2402; x_wconf 90' lang='lat' dir='ltr'><strong>ego</strong></span> <span class='ocrx_word' id='word_1_477' title='bbox 2408 2348 2522 2388; x_wconf 73' lang='lat' dir='ltr'><strong>sum</strong></span> <span class='ocrx_word' id='word_1_478' title='bbox 2554 2332 2631 2406; x_wconf 88' lang='lat' dir='ltr'><strong>[h.</strong></span> <span class='ocrx_word' id='word_1_479' title='bbox 2662 2349 2769 2389; x_wconf 93' lang='lat' dir='ltr'><strong>non</strong></span> <span class='ocrx_word' id='word_1_480' title='bbox 2803 2333 3018 2407; x_wconf 85' lang='lat' dir='ltr'><strong>habet],</strong></span> <span class='ocrx_word' id='word_1_481' title='bbox 3051 2346 3109 2390; x_wconf 90' lang='lat' dir='ltr'><strong>ut</strong></span> <span class='ocrx_word' id='word_1_482' title='bbox 3149 2335 3404 2393; x_wconf 87' lang='lat' dir='ltr'><strong>occidere</strong></span> <span class='ocrx_word' id='word_1_483' title='bbox 3449 2339 3692 2409; x_wconf 90' lang='lat' dir='ltr'><strong>possim,</strong></span> 
     </span>
    </p>
   </div>
   <div class='ocr_carea' id='block_1_54' title="bbox 2092 2425 3700 2497">
    <p class='ocr_par' dir='ltr' id='par_1_54' title="bbox 2092 2425 3700 2497">
     <span class='ocr_line' id='line_1_54' title="bbox 2092 2425 3700 2497; baseline 0.004 -16"><span class='ocrx_word' id='word_1_484' title='bbox 2092 2434 2147 2481; x_wconf 91' lang='lat' dir='ltr'><strong>et</strong></span> <span class='ocrx_word' id='word_1_485' title='bbox 2177 2425 2478 2493; x_wconf 83' lang='lat' dir='ltr'><strong>vivificare,</strong></span> <span class='ocrx_word' id='word_1_486' title='bbox 2509 2426 2635 2497; x_wconf 90' lang='lat' dir='ltr'><strong>quia</strong></span> <span class='ocrx_word' id='word_1_487' title='bbox 2665 2426 2768 2482; x_wconf 91' lang='lat' dir='ltr'><strong>iste</strong></span> <span class='ocrx_word' id='word_1_488' title='bbox 2800 2426 2947 2483; x_wconf 87' lang='lat' dir='ltr'><strong>misit</strong></span> <span class='ocrx_word' id='word_1_489' title='bbox 2975 2427 3044 2484; x_wconf 89' lang='lat' dir='ltr'><strong>ad</strong></span> <span class='ocrx_word' id='word_1_490' title='bbox 3073 2444 3182 2497; x_wconf 91' lang='lat' dir='ltr'><strong>me,</strong></span> <span class='ocrx_word' id='word_1_491' title='bbox 3212 2438 3273 2485; x_wconf 90' lang='lat' dir='ltr'><strong>ut</strong></span> <span class='ocrx_word' id='word_1_492' title='bbox 3299 2444 3491 2487; x_wconf 90' lang='lat' dir='ltr'><strong>curem</strong></span> <span class='ocrx_word' id='word_1_493' title='bbox 3521 2429 3700 2487; x_wconf 87' lang='lat' dir='ltr'><strong>homi-</strong></span> 
     </span>
    </p>
   </div>
   <div class='ocr_carea' id='block_1_55' title="bbox 2091 2518 3696 2593">
    <p class='ocr_par' dir='ltr' id='par_1_55' title="bbox 2091 2518 3696 2593">
     <span class='ocr_line' id='line_1_55' title="bbox 2091 2518 3696 2593; baseline 0.004 -19"><span class='ocrx_word' id='word_1_494' title='bbox 2091 2534 2217 2575; x_wconf 88' lang='lat' dir='ltr'><strong>nem</strong></span> <span class='ocrx_word' id='word_1_495' title='bbox 2241 2518 2318 2592; x_wconf 91' lang='lat' dir='ltr'><strong>[h.</strong></span> <span class='ocrx_word' id='word_1_496' title='bbox 2345 2518 2542 2593; x_wconf 92' lang='lat' dir='ltr'><strong>virum]</strong></span> <span class='ocrx_word' id='word_1_497' title='bbox 2570 2535 2601 2576; x_wconf 90' lang='lat' dir='ltr'><strong>a</strong></span> <span class='ocrx_word' id='word_1_498' title='bbox 2626 2520 2779 2590; x_wconf 91' lang='lat' dir='ltr'><strong>lepra</strong></span> <span class='ocrx_word' id='word_1_499' title='bbox 2807 2522 2941 2576; x_wconf 86' lang='lat' dir='ltr'><strong>sua?</strong></span> <span class='ocrx_word' id='word_1_500' title='bbox 2963 2521 3409 2590; x_wconf 87' lang='lat' dir='ltr'><strong>animadvertite,</strong></span> <span class='ocrx_word' id='word_1_501' title='bbox 3432 2533 3489 2580; x_wconf 89' lang='lat' dir='ltr'><strong>et</strong></span> <span class='ocrx_word' id='word_1_502' title='bbox 3514 2524 3696 2582; x_wconf 82' lang='lat' dir='ltr'><strong>videte</strong></span> 
     </span>
    </p>
   </div>
   <div class='ocr_carea' id='block_1_56' title="bbox 2092 2612 3694 2685">
    <p class='ocr_par' dir='ltr' id='par_1_56' title="bbox 2092 2612 3694 2685">
     <span class='ocr_line' id='line_1_56' title="bbox 2092 2612 3694 2685; baseline 0.003 -17"><span class='ocrx_word' id='word_1_503' title='bbox 2092 2612 2237 2684; x_wconf 88' lang='lat' dir='ltr'><strong>quod</strong></span> <span class='ocrx_word' id='word_1_504' title='bbox 2271 2613 2592 2670; x_wconf 83' lang='lat' dir='ltr'><strong>occasiones</strong></span> <span class='ocrx_word' id='word_1_505' title='bbox 2616 2624 2828 2685; x_wconf 59' lang='lat' dir='ltr'><strong>quaerat</strong></span> <span class='ocrx_word' id='word_1_506' title='bbox 2877 2614 3170 2671; x_wconf 90' lang='lat' dir='ltr'><strong>adversum</strong></span> <span class='ocrx_word' id='word_1_507' title='bbox 3213 2630 3321 2672; x_wconf 91' lang='lat' dir='ltr'><strong>me.</strong></span> <span class='ocrx_word' id='word_1_508' title='bbox 3367 2615 3525 2685; x_wconf 89' lang='lat' dir='ltr'><strong>Quod</strong></span> <span class='ocrx_word' id='word_1_509' title='bbox 3569 2632 3694 2673; x_wconf 88' lang='lat' dir='ltr'><strong>eum</strong></span> 
     </span>
    </p>
   </div>
   <div class='ocr_carea' id='block_1_57' title="bbox 2091 2705 3690 2779">
    <p class='ocr_par' dir='ltr' id='par_1_57' title="bbox 2091 2705 3690 2779">
     <span class='ocr_line' id='line_1_57' title="bbox 2091 2705 3690 2779; baseline 0.003 -18"><span class='ocrx_word' id='word_1_510' title='bbox 2091 2705 2339 2762; x_wconf 89' lang='lat' dir='ltr'><strong>audisset</strong></span> <span class='ocrx_word' id='word_1_511' title='bbox 2378 2706 2610 2763; x_wconf 73' lang='lat' dir='ltr'><strong>Eliszeus</strong></span> <span class='ocrx_word' id='word_1_512' title='bbox 2645 2709 2731 2762; x_wconf 89' lang='lat' dir='ltr'><strong>vir</strong></span> <span class='ocrx_word' id='word_1_513' title='bbox 2760 2706 2889 2775; x_wconf 88' lang='lat' dir='ltr'><strong>Dei,</strong></span> <span class='ocrx_word' id='word_1_514' title='bbox 2923 2707 3155 2765; x_wconf 86' lang='lat' dir='ltr'><strong>scidisse</strong></span> <span class='ocrx_word' id='word_1_515' title='bbox 3203 2707 3459 2765; x_wconf 89' lang='lat' dir='ltr'><strong>videlicet</strong></span> <span class='ocrx_word' id='word_1_516' title='bbox 3505 2723 3690 2779; x_wconf 87' lang='lat' dir='ltr'><strong>regem</strong></span> 
     </span>
    </p>
   </div>
   <div class='ocr_carea' id='block_1_58' title="bbox 2090 2797 3693 2869">
    <p class='ocr_par' dir='ltr' id='par_1_58' title="bbox 2090 2797 3693 2869">
     <span class='ocr_line' id='line_1_58' title="bbox 2090 2797 3693 2869; baseline 0.002 -14"><span class='ocrx_word' id='word_1_517' title='bbox 2090 2799 2257 2856; x_wconf 89' lang='lat' dir='ltr'><strong>Israel</strong></span> <span class='ocrx_word' id='word_1_518' title='bbox 2280 2797 2605 2856; x_wconf 89' lang='lat' dir='ltr'><strong>vestimenta</strong></span> <span class='ocrx_word' id='word_1_519' title='bbox 2636 2815 2755 2865; x_wconf 89' lang='lat' dir='ltr'><strong>sua,</strong></span> <span class='ocrx_word' id='word_1_520' title='bbox 2790 2799 2936 2855; x_wconf 91' lang='lat' dir='ltr'><strong>misit</strong></span> <span class='ocrx_word' id='word_1_521' title='bbox 2961 2799 3028 2855; x_wconf 91' lang='lat' dir='ltr'><strong>ad</strong></span> <span class='ocrx_word' id='word_1_522' title='bbox 3062 2816 3211 2869; x_wconf 86' lang='lat' dir='ltr'><strong>eum,</strong></span> <span class='ocrx_word' id='word_1_523' title='bbox 3239 2799 3429 2857; x_wconf 90' lang='lat' dir='ltr'><strong>dicens</strong></span> <span class='ocrx_word' id='word_1_524' title='bbox 3465 2822 3479 2858; x_wconf 87' lang='lat'><strong>:</strong></span> <span class='ocrx_word' id='word_1_525' title='bbox 3511 2802 3693 2868; x_wconf 85' lang='lat' dir='ltr'><strong>Quare</strong></span> 
     </span>
    </p>
   </div>
   <div class='ocr_carea' id='block_1_59' title="bbox 2092 2893 3694 2962">
    <p class='ocr_par' dir='ltr' id='par_1_59' title="bbox 2092 2893 3694 2962">
     <span class='ocr_line' id='line_1_59' title="bbox 2092 2893 3694 2962; baseline 0.002 -13"><span class='ocrx_word' id='word_1_526' title='bbox 2092 2893 2306 2950; x_wconf 87' lang='lat' dir='ltr'><strong>scidisti</strong></span> <span class='ocrx_word' id='word_1_527' title='bbox 2333 2894 2661 2951; x_wconf 91' lang='lat' dir='ltr'><strong>vestimenta</strong></span> <span class='ocrx_word' id='word_1_528' title='bbox 2691 2895 2818 2949; x_wconf 84' lang='lat' dir='ltr'><strong>tua?</strong></span> <span class='ocrx_word' id='word_1_529' title='bbox 2852 2896 3031 2950; x_wconf 69' lang='lat' dir='ltr'><strong>veniat</strong></span> <span class='ocrx_word' id='word_1_530' title='bbox 3067 2894 3133 2951; x_wconf 89' lang='lat' dir='ltr'><strong>ad</strong></span> <span class='ocrx_word' id='word_1_531' title='bbox 3164 2910 3280 2962; x_wconf 90' lang='lat' dir='ltr'><strong>me,</strong></span> <span class='ocrx_word' id='word_1_532' title='bbox 3315 2904 3368 2950; x_wconf 92' lang='lat' dir='ltr'><strong>et</strong></span> <span class='ocrx_word' id='word_1_533' title='bbox 3398 2896 3537 2951; x_wconf 91' lang='lat' dir='ltr'><strong>sciat</strong></span> <span class='ocrx_word' id='word_1_534' title='bbox 3568 2910 3694 2952; x_wconf 89' lang='lat' dir='ltr'><strong>esse</strong></span> 
     </span>
    </p>
   </div>
   <div class='ocr_carea' id='block_1_60' title="bbox 2090 2987 3694 3061">
    <p class='ocr_par' dir='ltr' id='par_1_60' title="bbox 2090 2987 3694 3061">
     <span class='ocr_line' id='line_1_60' title="bbox 2090 2987 3694 3061; baseline 0.001 -18"><span class='ocrx_word' id='word_1_535' title='bbox 2090 2987 2419 3059; x_wconf 88' lang='lat' dir='ltr'><strong>prophetam</strong></span> <span class='ocrx_word' id='word_1_536' title='bbox 2445 2988 2499 3044; x_wconf 91' lang='lat' dir='ltr'><strong>in</strong></span> <span class='ocrx_word' id='word_1_537' title='bbox 2527 2987 2716 3045; x_wconf 89' lang='lat' dir='ltr'><strong>Israel.</strong></span> <span class='ocrx_word' id='word_1_538' title='bbox 2769 2987 2854 3061; x_wconf 94' lang='lat' dir='ltr'><strong>[T.</strong></span> <span class='ocrx_word' id='word_1_539' title='bbox 2887 2987 3174 3060; x_wconf 78' lang='lat' dir='ltr'><strong>CXXVII.]</strong></span> <span class='ocrx_word' id='word_1_540' title='bbox 3212 2987 3369 3045; x_wconf 88' lang='lat' dir='ltr'><strong>Venit</strong></span> <span class='ocrx_word' id='word_1_541' title='bbox 3397 3004 3527 3060; x_wconf 91' lang='lat' dir='ltr'><strong>ergo</strong></span> <span class='ocrx_word' id='word_1_542' title='bbox 3554 2989 3694 3045; x_wconf 87' lang='lat' dir='ltr'><strong>Naa-</strong></span> 
     </span>
    </p>
   </div>
   <div class='ocr_carea' id='block_1_61' title="bbox 2092 3080 3694 3154">
    <p class='ocr_par' dir='ltr' id='par_1_61' title="bbox 2092 3080 3694 3154">
     <span class='ocr_line' id='line_1_61' title="bbox 2092 3080 3694 3154; baseline 0.001 -17"><span class='ocrx_word' id='word_1_543' title='bbox 2092 3096 2221 3137; x_wconf 92' lang='lat' dir='ltr'><strong>man</strong></span> <span class='ocrx_word' id='word_1_544' title='bbox 2248 3096 2372 3138; x_wconf 92' lang='lat' dir='ltr'><strong>cum</strong></span> <span class='ocrx_word' id='word_1_545' title='bbox 2406 3082 2564 3151; x_wconf 90' lang='lat' dir='ltr'><strong>equis</strong></span> <span class='ocrx_word' id='word_1_546' title='bbox 2590 3090 2646 3138; x_wconf 92' lang='lat' dir='ltr'><strong>et</strong></span> <span class='ocrx_word' id='word_1_547' title='bbox 2675 3082 2927 3137; x_wconf 87' lang='lat' dir='ltr'><strong>curribus</strong></span> <span class='ocrx_word' id='word_1_548' title='bbox 2959 3081 3037 3153; x_wconf 82' lang='grc' dir='ltr'><strong>[Ιι.</strong></span> <span class='ocrx_word' id='word_1_549' title='bbox 3068 3096 3235 3137; x_wconf 89' lang='lat' dir='ltr'><strong>curru</strong></span> <span class='ocrx_word' id='word_1_550' title='bbox 3269 3080 3429 3154; x_wconf 91' lang='lat' dir='ltr'><strong>suo],</strong></span> <span class='ocrx_word' id='word_1_551' title='bbox 3458 3090 3514 3138; x_wconf 91' lang='lat' dir='ltr'><strong>et</strong></span> <span class='ocrx_word' id='word_1_552' title='bbox 3540 3084 3694 3139; x_wconf 82' lang='lat' dir='ltr'><strong>stetit</strong></span> 
     </span>
    </p>
   </div>
   <div class='ocr_carea' id='block_1_62' title="bbox 380 3156 3692 3249">
    <p class='ocr_par' dir='ltr' id='par_1_62' title="bbox 380 3156 3692 3249">
     <span class='ocr_line' id='line_1_62' title="bbox 380 3156 3692 3249; baseline 0.001 -23"><span class='ocrx_word' id='word_1_553' title='bbox 380 3169 703 3228; x_wconf 86' lang='lat' dir='ltr'><strong>habitabant</strong></span> <span class='ocrx_word' id='word_1_554' title='bbox 725 3187 910 3229; x_wconf 91' lang='lat' dir='ltr'><strong>coram</strong></span> <span class='ocrx_word' id='word_1_555' title='bbox 938 3189 1025 3231; x_wconf 91' lang='lat' dir='ltr'><strong>eo.</strong></span> <span class='ocrx_word' id='word_1_556' title='bbox 1058 3173 1308 3247; x_wconf 84' lang='lat' dir='ltr'><strong>Dixitque</strong></span> <span class='ocrx_word' id='word_1_557' title='bbox 1339 3176 1429 3232; x_wconf 90' lang='lat' dir='ltr'><strong>uni</strong></span> <span class='ocrx_word' id='word_1_558' title='bbox 1459 3176 1529 3233; x_wconf 90' lang='lat' dir='ltr'><strong>de</strong></span> <span class='ocrx_word' id='word_1_559' title='bbox 1556 3179 1742 3246; x_wconf 89' lang='lat' dir='ltr'><strong>pueris</strong></span> <span class='ocrx_word' id='word_1_560' title='bbox 1768 3178 1881 3233; x_wconf 88' lang='lat' dir='ltr'><strong>suis</strong></span> <span class='ocrx_word' id='word_1_561' title='bbox 1902 3176 1981 3249; x_wconf 91' lang='lat' dir='ltr'><strong>(h.</strong></span> <span class='ocrx_word' id='word_1_562' title='bbox 2012 3156 2056 3220; x_wconf 63' lang='grc' dir='ltr'><strong>(ἶ</strong></span> <span class='ocrx_word' id='word_1_563' title='bbox 2090 3174 2159 3230; x_wconf 88' lang='lat' dir='ltr'><strong>ad</strong></span> <span class='ocrx_word' id='word_1_564' title='bbox 2190 3176 2390 3231; x_wconf 89' lang='lat' dir='ltr'><strong>ostium</strong></span> <span class='ocrx_word' id='word_1_565' title='bbox 2414 3174 2611 3231; x_wconf 92' lang='lat' dir='ltr'><strong>domus</strong></span> <span class='ocrx_word' id='word_1_566' title='bbox 2641 3173 2827 3231; x_wconf 73' lang='lat' dir='ltr'><strong>Eliszei</strong></span> <span class='ocrx_word' id='word_1_567' title='bbox 2857 3191 2871 3230; x_wconf 90' lang='lat'><strong>:</strong></span> <span class='ocrx_word' id='word_1_568' title='bbox 2905 3174 3162 3246; x_wconf 91' lang='lat' dir='ltr'><strong>misitque</strong></span> <span class='ocrx_word' id='word_1_569' title='bbox 3192 3174 3259 3230; x_wconf 92' lang='lat' dir='ltr'><strong>ad</strong></span> <span class='ocrx_word' id='word_1_570' title='bbox 3296 3189 3422 3230; x_wconf 90' lang='lat' dir='ltr'><strong>eum</strong></span> <span class='ocrx_word' id='word_1_571' title='bbox 3459 3174 3692 3232; x_wconf 73' lang='lat' dir='ltr'><strong>Eliszeus</strong></span> 
     </span>
    </p>
   </div>
   <div class='ocr_carea' id='block_1_63' title="bbox 380 3249 1982 3342">
    <p class='ocr_par' dir='ltr' id='par_1_63' title="bbox 380 3249 1982 3342">
     <span class='ocr_line' id='line_1_63' title="bbox 380 3249 1982 3342; baseline 0.003 -20"><span class='ocrx_word' id='word_1_572' title='bbox 380 3249 637 3339; x_wconf 79' lang='lat' dir='ltr'><strong>Dixitque</strong></span> <span class='ocrx_word' id='word_1_573' title='bbox 664 3283 830 3337; x_wconf 85' lang='lat' dir='ltr'><strong>puero</strong></span> <span class='ocrx_word' id='word_1_574' title='bbox 854 3269 977 3342; x_wconf 91' lang='lat' dir='ltr'><strong>suo)</strong></span> <span class='ocrx_word' id='word_1_575' title='bbox 1004 3287 1015 3324; x_wconf 95' lang='lat'>:</span> <span class='ocrx_word' id='word_1_576' title='bbox 1046 3268 1196 3327; x_wconf 91' lang='lat' dir='ltr'><strong>Pone</strong></span> <span class='ocrx_word' id='word_1_577' title='bbox 1223 3270 1387 3326; x_wconf 90' lang='lat' dir='ltr'><strong>ollam</strong></span> <span class='ocrx_word' id='word_1_578' title='bbox 1410 3269 1693 3342; x_wconf 90' lang='lat' dir='ltr'><strong>grandem,</strong></span> <span class='ocrx_word' id='word_1_579' title='bbox 1728 3280 1782 3327; x_wconf 91' lang='lat' dir='ltr'><strong>et</strong></span> <span class='ocrx_word' id='word_1_580' title='bbox 1808 3285 1982 3341; x_wconf 90' lang='lat' dir='ltr'><strong>coque</strong></span> 
     </span>
    </p>
   </div>
   <div class='ocr_carea' id='block_1_64' title="bbox 383 3359 1985 3444">
    <p class='ocr_par' dir='ltr' id='par_1_64' title="bbox 383 3359 1985 3444">
     <span class='ocr_line' id='line_1_64' title="bbox 383 3359 1985 3444; baseline 0.001 -29"><span class='ocrx_word' id='word_1_581' title='bbox 383 3359 720 3431; x_wconf 90' lang='lat' dir='ltr'><strong>pulmentum</strong></span> <span class='ocrx_word' id='word_1_582' title='bbox 742 3360 866 3418; x_wconf 85' lang='lat' dir='ltr'><strong>filiis</strong></span> <span class='ocrx_word' id='word_1_583' title='bbox 890 3360 1302 3432; x_wconf 89' lang='lat' dir='ltr'><strong>prophetarum.</strong></span> <span class='ocrx_word' id='word_1_584' title='bbox 1318 3361 1405 3434; x_wconf 90' lang='lat' dir='ltr'><strong>(T.</strong></span> <span class='ocrx_word' id='word_1_585' title='bbox 1424 3361 1688 3434; x_wconf 79' lang='lat' dir='ltr'><strong>CXXVI.)</strong></span> <span class='ocrx_word' id='word_1_586' title='bbox 1712 3363 1778 3419; x_wconf 88' lang='lat' dir='ltr'><strong>Et</strong></span> <span class='ocrx_word' id='word_1_587' title='bbox 1800 3378 1985 3444; x_wconf 65' lang='lat' dir='ltr'><strong>egres-</strong></span> 
     </span>
    </p>
   </div>
   <div class='ocr_carea' id='block_1_65' title="bbox 381 3436 1980 3526">
    <p class='ocr_par' dir='ltr' id='par_1_65' title="bbox 381 3436 1980 3526">
     <span class='ocr_line' id='line_1_65' title="bbox 381 3436 1980 3526; baseline 0.004 -21"><span class='ocrx_word' id='word_1_588' title='bbox 381 3466 477 3506; x_wconf 92' lang='lat' dir='ltr'><strong>sus</strong></span> <span class='ocrx_word' id='word_1_589' title='bbox 495 3460 580 3507; x_wconf 94' lang='lat' dir='ltr'><strong>est</strong></span> <span class='ocrx_word' id='word_1_590' title='bbox 602 3467 745 3507; x_wconf 92' lang='lat' dir='ltr'><strong>unus</strong></span> <span class='ocrx_word' id='word_1_591' title='bbox 773 3452 828 3508; x_wconf 93' lang='lat' dir='ltr'><strong>in</strong></span> <span class='ocrx_word' id='word_1_592' title='bbox 857 3468 1070 3524; x_wconf 89' lang='lat' dir='ltr'><strong>agrum,</strong></span> <span class='ocrx_word' id='word_1_593' title='bbox 1094 3463 1154 3511; x_wconf 90' lang='lat' dir='ltr'><strong>ut</strong></span> <span class='ocrx_word' id='word_1_594' title='bbox 1176 3454 1459 3526; x_wconf 86' lang='lat' dir='ltr'><strong>colligeret</strong></span> <span class='ocrx_word' id='word_1_595' title='bbox 1482 3455 1679 3512; x_wconf 88' lang='lat' dir='ltr'><strong>herbas</strong></span> <span class='ocrx_word' id='word_1_596' title='bbox 1702 3436 1980 3526; x_wconf 30' lang='lat' dir='ltr'><strong>agrestes}:</strong></span> 
     </span>
    </p>
   </div>
   <div class='ocr_carea' id='block_1_66' title="bbox 381 3544 1980 3621">
    <p class='ocr_par' dir='ltr' id='par_1_66' title="bbox 381 3544 1980 3621">
     <span class='ocr_line' id='line_1_66' title="bbox 381 3544 1980 3621; baseline 0.004 -21"><span class='ocrx_word' id='word_1_597' title='bbox 381 3544 691 3617; x_wconf 89' lang='lat' dir='ltr'><strong>invenitque</strong></span> <span class='ocrx_word' id='word_1_598' title='bbox 720 3546 874 3617; x_wconf 90' lang='lat' dir='ltr'><strong>quasi</strong></span> <span class='ocrx_word' id='word_1_599' title='bbox 906 3546 1071 3603; x_wconf 89' lang='lat' dir='ltr'><strong>vitem</strong></span> <span class='ocrx_word' id='word_1_600' title='bbox 1102 3548 1410 3605; x_wconf 87' lang='lat' dir='ltr'><strong>silvestrem</strong></span> <span class='ocrx_word' id='word_1_601' title='bbox 1438 3548 1518 3621; x_wconf 74' lang='grc' dir='ltr'><strong>[ει.</strong></span> <span class='ocrx_word' id='word_1_602' title='bbox 1554 3549 1791 3616; x_wconf 82' lang='lat' dir='ltr'><strong>malvas,</strong></span> <span class='ocrx_word' id='word_1_603' title='bbox 1823 3550 1980 3607; x_wconf 85' lang='lat' dir='ltr'><strong>inve-</strong></span> 
     </span>
    </p>
   </div>
   <div class='ocr_carea' id='block_1_67' title="bbox 382 3639 1984 3717">
    <p class='ocr_par' dir='ltr' id='par_1_67' title="bbox 382 3639 1984 3717">
     <span class='ocr_line' id='line_1_67' title="bbox 382 3639 1984 3717; baseline 0.004 -24"><span class='ocrx_word' id='word_1_604' title='bbox 382 3639 567 3710; x_wconf 90' lang='lat' dir='ltr'><strong>nitque</strong></span> <span class='ocrx_word' id='word_1_605' title='bbox 596 3639 764 3695; x_wconf 91' lang='lat' dir='ltr'><strong>vitem</strong></span> <span class='ocrx_word' id='word_1_606' title='bbox 791 3641 1108 3713; x_wconf 88' lang='lat' dir='ltr'><strong>agrestem],</strong></span> <span class='ocrx_word' id='word_1_607' title='bbox 1138 3649 1193 3698; x_wconf 91' lang='lat' dir='ltr'><strong>et</strong></span> <span class='ocrx_word' id='word_1_608' title='bbox 1213 3642 1437 3713; x_wconf 85' lang='lat' dir='ltr'><strong>collegit</strong></span> <span class='ocrx_word' id='word_1_609' title='bbox 1466 3658 1533 3699; x_wconf 90' lang='lat' dir='ltr'><strong>ex</strong></span> <span class='ocrx_word' id='word_1_610' title='bbox 1557 3657 1619 3699; x_wconf 89' lang='lat' dir='ltr'><strong>ea</strong></span> <span class='ocrx_word' id='word_1_611' title='bbox 1644 3642 1984 3717; x_wconf 83' lang='lat' dir='ltr'><strong>colocynthi-</strong></span> 
     </span>
    </p>
   </div>
   <div class='ocr_carea' id='block_1_68' title="bbox 382 3731 1981 3805">
    <p class='ocr_par' dir='ltr' id='par_1_68' title="bbox 382 3731 1981 3805">
     <span class='ocr_line' id='line_1_68' title="bbox 382 3731 1981 3805; baseline 0.006 -20"><span class='ocrx_word' id='word_1_612' title='bbox 382 3731 481 3785; x_wconf 90' lang='lat' dir='ltr'><strong>das</strong></span> <span class='ocrx_word' id='word_1_613' title='bbox 505 3732 641 3802; x_wconf 86' lang='lat' dir='ltr'><strong>agri,</strong></span> <span class='ocrx_word' id='word_1_614' title='bbox 673 3740 728 3787; x_wconf 93' lang='lat' dir='ltr'><strong>et</strong></span> <span class='ocrx_word' id='word_1_615' title='bbox 754 3732 1000 3804; x_wconf 79' lang='lat' dir='ltr'><strong>implevit</strong></span> <span class='ocrx_word' id='word_1_616' title='bbox 1032 3733 1254 3805; x_wconf 82' lang='lat' dir='ltr'><strong>pallium</strong></span> <span class='ocrx_word' id='word_1_617' title='bbox 1285 3749 1463 3803; x_wconf 92' lang='lat' dir='ltr'><strong>suum,</strong></span> <span class='ocrx_word' id='word_1_618' title='bbox 1489 3744 1541 3791; x_wconf 91' lang='lat' dir='ltr'><strong>et</strong></span> <span class='ocrx_word' id='word_1_619' title='bbox 1570 3751 1822 3792; x_wconf 89' lang='lat' dir='ltr'><strong>reversus</strong></span> <span class='ocrx_word' id='word_1_620' title='bbox 1850 3752 1981 3794; x_wconf 86' lang='lat' dir='ltr'><strong>con-</strong></span> 
     </span>
    </p>
   </div>
   <div class='ocr_carea' id='block_1_69' title="bbox 382 3826 1980 3902">
    <p class='ocr_par' dir='ltr' id='par_1_69' title="bbox 382 3826 1980 3902">
     <span class='ocr_line' id='line_1_69' title="bbox 382 3826 1980 3902; baseline 0.004 -21"><span class='ocrx_word' id='word_1_621' title='bbox 382 3827 515 3881; x_wconf 85' lang='lat' dir='ltr'><strong>cidit</strong></span> <span class='ocrx_word' id='word_1_622' title='bbox 544 3828 598 3882; x_wconf 94' lang='lat' dir='ltr'><strong>in</strong></span> <span class='ocrx_word' id='word_1_623' title='bbox 628 3826 793 3883; x_wconf 87' lang='lat' dir='ltr'><strong>ollam</strong></span> <span class='ocrx_word' id='word_1_624' title='bbox 824 3829 1087 3899; x_wconf 90' lang='lat' dir='ltr'><strong>pulmenti</strong></span> <span class='ocrx_word' id='word_1_625' title='bbox 1111 3869 1127 3897; x_wconf 87' lang='lat'><strong>,</strong></span> <span class='ocrx_word' id='word_1_626' title='bbox 1162 3829 1441 3886; x_wconf 89' lang='lat' dir='ltr'><strong>nesciebat</strong></span> <span class='ocrx_word' id='word_1_627' title='bbox 1468 3830 1615 3886; x_wconf 89' lang='lat' dir='ltr'><strong>enim</strong></span> <span class='ocrx_word' id='word_1_628' title='bbox 1652 3831 1783 3902; x_wconf 90' lang='lat' dir='ltr'><strong>quid</strong></span> <span class='ocrx_word' id='word_1_629' title='bbox 1813 3842 1980 3889; x_wconf 86' lang='lat' dir='ltr'><strong>esset.</strong></span> 
     </span>
    </p>
   </div>
   <div class='ocr_carea' id='block_1_70' title="bbox 382 3919 1979 3996">
    <p class='ocr_par' dir='ltr' id='par_1_70' title="bbox 382 3919 1979 3996">
     <span class='ocr_line' id='line_1_70' title="bbox 382 3919 1979 3996; baseline 0.004 -22"><span class='ocrx_word' id='word_1_630' title='bbox 382 3919 711 3977; x_wconf 90' lang='lat' dir='ltr'><strong>Infuderunt</strong></span> <span class='ocrx_word' id='word_1_631' title='bbox 736 3936 867 3993; x_wconf 88' lang='lat' dir='ltr'><strong>ergo</strong></span> <span class='ocrx_word' id='word_1_632' title='bbox 897 3922 1084 3987; x_wconf 89' lang='lat' dir='ltr'><strong>sociis,</strong></span> <span class='ocrx_word' id='word_1_633' title='bbox 1114 3930 1174 3977; x_wconf 93' lang='lat' dir='ltr'><strong>ut</strong></span> <span class='ocrx_word' id='word_1_634' title='bbox 1200 3922 1552 3979; x_wconf 90' lang='lat' dir='ltr'><strong>comederent</strong></span> <span class='ocrx_word' id='word_1_635' title='bbox 1580 3941 1593 3976; x_wconf 91' lang='lat'><strong>:</strong></span> <span class='ocrx_word' id='word_1_636' title='bbox 1624 3938 1858 3995; x_wconf 90' lang='lat' dir='ltr'><strong>cumque</strong></span> <span class='ocrx_word' id='word_1_637' title='bbox 1881 3941 1979 3996; x_wconf 84' lang='lat' dir='ltr'><strong>gu-</strong></span> 
     </span>
    </p>
   </div>
   <div class='ocr_carea' id='block_1_71' title="bbox 382 4013 1984 4084">
    <p class='ocr_par' dir='ltr' id='par_1_71' title="bbox 382 4013 1984 4084">
     <span class='ocr_line' id='line_1_71' title="bbox 382 4013 1984 4084; baseline 0.004 -17"><span class='ocrx_word' id='word_1_638' title='bbox 382 4022 619 4069; x_wconf 89' lang='lat' dir='ltr'><strong>stassent</strong></span> <span class='ocrx_word' id='word_1_639' title='bbox 642 4013 711 4070; x_wconf 91' lang='lat' dir='ltr'><strong>de</strong></span> <span class='ocrx_word' id='word_1_640' title='bbox 733 4014 1009 4084; x_wconf 90' lang='lat' dir='ltr'><strong>coctione,</strong></span> <span class='ocrx_word' id='word_1_641' title='bbox 1033 4014 1505 4084; x_wconf 80' lang='lat' dir='ltr'><strong>exclamaverunt,</strong></span> <span class='ocrx_word' id='word_1_642' title='bbox 1530 4016 1775 4072; x_wconf 89' lang='lat' dir='ltr'><strong>dicentes</strong></span> <span class='ocrx_word' id='word_1_643' title='bbox 1801 4034 1814 4069; x_wconf 90' lang='lat'><strong>:</strong></span> <span class='ocrx_word' id='word_1_644' title='bbox 1838 4016 1984 4074; x_wconf 86' lang='lat' dir='ltr'><strong>Mors</strong></span> 
     </span>
    </p>
   </div>
   <div class='ocr_carea' id='block_1_72' title="bbox 382 4107 1980 4180">
    <p class='ocr_par' dir='ltr' id='par_1_72' title="bbox 382 4107 1980 4180">
     <span class='ocr_line' id='line_1_72' title="bbox 382 4107 1980 4180; baseline 0.004 -18"><span class='ocrx_word' id='word_1_645' title='bbox 382 4107 436 4162; x_wconf 92' lang='lat' dir='ltr'><strong>in</strong></span> <span class='ocrx_word' id='word_1_646' title='bbox 468 4107 571 4163; x_wconf 89' lang='lat' dir='ltr'><strong>olla</strong></span> <span class='ocrx_word' id='word_1_647' title='bbox 602 4108 686 4163; x_wconf 90' lang='lat' dir='ltr'><strong>vir</strong></span> <span class='ocrx_word' id='word_1_648' title='bbox 706 4108 825 4165; x_wconf 89' lang='lat' dir='ltr'><strong>Dei.</strong></span> <span class='ocrx_word' id='word_1_649' title='bbox 855 4108 922 4163; x_wconf 88' lang='lat' dir='ltr'><strong>Et</strong></span> <span class='ocrx_word' id='word_1_650' title='bbox 951 4122 1058 4163; x_wconf 88' lang='lat' dir='ltr'><strong>non</strong></span> <span class='ocrx_word' id='word_1_651' title='bbox 1087 4116 1383 4180; x_wconf 90' lang='lat' dir='ltr'><strong>potuerunt</strong></span> <span class='ocrx_word' id='word_1_652' title='bbox 1410 4109 1720 4166; x_wconf 89' lang='lat' dir='ltr'><strong>comedere.</strong></span> <span class='ocrx_word' id='word_1_653' title='bbox 1754 4112 1822 4165; x_wconf 88' lang='lat' dir='ltr'><strong>At</strong></span> <span class='ocrx_word' id='word_1_654' title='bbox 1848 4111 1940 4167; x_wconf 90' lang='lat' dir='ltr'><strong>ille</strong></span> <span class='ocrx_word' id='word_1_655' title='bbox 1966 4130 1980 4168; x_wconf 92' lang='lat'><strong>:</strong></span> 
     </span>
    </p>
   </div>
   <div class='ocr_carea' id='block_1_73' title="bbox 383 4198 1980 4271">
    <p class='ocr_par' dir='ltr' id='par_1_73' title="bbox 383 4198 1980 4271">
     <span class='ocr_line' id='line_1_73' title="bbox 383 4198 1980 4271; baseline 0.004 -16"><span class='ocrx_word' id='word_1_656' title='bbox 383 4198 614 4268; x_wconf 76' lang='lat' dir='ltr'><strong>Alferte,</strong></span> <span class='ocrx_word' id='word_1_657' title='bbox 644 4199 837 4271; x_wconf 90' lang='lat' dir='ltr'><strong>inquit,</strong></span> <span class='ocrx_word' id='word_1_658' title='bbox 871 4198 1124 4257; x_wconf 84' lang='lat' dir='ltr'><strong>farinam.</strong></span> <span class='ocrx_word' id='word_1_659' title='bbox 1158 4198 1186 4238; x_wconf 75' lang='grc' dir='ltr'><strong>ι)</strong></span> <span class='ocrx_word' id='word_1_660' title='bbox 1216 4200 1283 4257; x_wconf 88' lang='lat' dir='ltr'><strong>Et</strong></span> <span class='ocrx_word' id='word_1_661' title='bbox 1310 4201 1458 4257; x_wconf 90' lang='lat' dir='ltr'><strong>misit</strong></span> <span class='ocrx_word' id='word_1_662' title='bbox 1487 4201 1540 4257; x_wconf 91' lang='lat' dir='ltr'><strong>in</strong></span> <span class='ocrx_word' id='word_1_663' title='bbox 1564 4202 1750 4269; x_wconf 88' lang='lat' dir='ltr'><strong>ollam,</strong></span> <span class='ocrx_word' id='word_1_664' title='bbox 1784 4210 1838 4258; x_wconf 92' lang='lat' dir='ltr'><strong>et</strong></span> <span class='ocrx_word' id='word_1_665' title='bbox 1862 4204 1938 4259; x_wconf 89' lang='lat' dir='ltr'><strong>ait</strong></span> <span class='ocrx_word' id='word_1_666' title='bbox 1964 4219 1980 4261; x_wconf 88' lang='lat'><strong>:</strong></span> 
     </span>
    </p>
   </div>
   <div class='ocr_carea' id='block_1_74' title="bbox 384 4289 1984 4365">
    <p class='ocr_par' dir='ltr' id='par_1_74' title="bbox 384 4289 1984 4365">
     <span class='ocr_line' id='line_1_74' title="bbox 384 4289 1984 4365; baseline 0.005 -21"><span class='ocrx_word' id='word_1_667' title='bbox 384 4289 610 4347; x_wconf 89' lang='lat' dir='ltr'><strong>Infunde</strong></span> <span class='ocrx_word' id='word_1_668' title='bbox 651 4292 825 4348; x_wconf 66' lang='lat' dir='ltr'><strong>turbae</strong></span> <span class='ocrx_word' id='word_1_669' title='bbox 866 4292 945 4365; x_wconf 83' lang='grc' dir='ltr'><strong>[ιι.</strong></span> <span class='ocrx_word' id='word_1_670' title='bbox 986 4291 1212 4365; x_wconf 90' lang='lat' dir='ltr'><strong>populo]</strong></span> <span class='ocrx_word' id='word_1_671' title='bbox 1245 4300 1303 4348; x_wconf 89' lang='lat' dir='ltr'><strong>ut</strong></span> <span class='ocrx_word' id='word_1_672' title='bbox 1334 4292 1462 4365; x_wconf 73' lang='grc' dir='ltr'><strong>[Με.</strong></span> <span class='ocrx_word' id='word_1_673' title='bbox 1496 4292 1573 4365; x_wconf 90' lang='lat' dir='ltr'><strong>et]</strong></span> <span class='ocrx_word' id='word_1_674' title='bbox 1613 4294 1881 4351; x_wconf 88' lang='lat' dir='ltr'><strong>comedat.</strong></span> <span class='ocrx_word' id='word_1_675' title='bbox 1916 4296 1984 4352; x_wconf 80' lang='lat' dir='ltr'><strong>Et</strong></span> 
     </span>
    </p>
   </div>
   <div class='ocr_carea' id='block_1_75' title="bbox 384 4383 1982 4459">
    <p class='ocr_par' dir='ltr' id='par_1_75' title="bbox 384 4383 1982 4459">
     <span class='ocr_line' id='line_1_75' title="bbox 384 4383 1982 4459; baseline 0.003 -21"><span class='ocrx_word' id='word_1_676' title='bbox 384 4399 490 4439; x_wconf 90' lang='lat' dir='ltr'><strong>non</strong></span> <span class='ocrx_word' id='word_1_677' title='bbox 519 4383 618 4440; x_wconf 89' lang='lat' dir='ltr'><strong>fuit</strong></span> <span class='ocrx_word' id='word_1_678' title='bbox 648 4384 883 4456; x_wconf 87' lang='lat' dir='ltr'><strong>amplius</strong></span> <span class='ocrx_word' id='word_1_679' title='bbox 905 4384 1201 4456; x_wconf 89' lang='lat' dir='ltr'><strong>quidquam</strong></span> <span class='ocrx_word' id='word_1_680' title='bbox 1232 4384 1608 4443; x_wconf 89' lang='lat' dir='ltr'><strong>amaritudinis</strong></span> <span class='ocrx_word' id='word_1_681' title='bbox 1635 4386 1713 4459; x_wconf 85' lang='lat' dir='ltr'><strong>[It.</strong></span> <span class='ocrx_word' id='word_1_682' title='bbox 1744 4387 1894 4459; x_wconf 83' lang='lat' dir='ltr'><strong>mali]</strong></span> <span class='ocrx_word' id='word_1_683' title='bbox 1927 4388 1982 4444; x_wconf 94' lang='lat' dir='ltr'><strong>in</strong></span> 
     </span>
    </p>
   </div>
   <div class='ocr_carea' id='block_1_76' title="bbox 383 4474 1982 4550">
    <p class='ocr_par' dir='ltr' id='par_1_76' title="bbox 383 4474 1982 4550">
     <span class='ocr_line' id='line_1_76' title="bbox 383 4474 1982 4550; baseline 0.003 -19"><span class='ocrx_word' id='word_1_684' title='bbox 383 4475 513 4531; x_wconf 91' lang='lat' dir='ltr'><strong>olla.</strong></span> <span class='ocrx_word' id='word_1_685' title='bbox 538 4474 631 4532; x_wconf 81' lang='lat' dir='ltr'><strong>Vir</strong></span> <span class='ocrx_word' id='word_1_686' title='bbox 648 4484 830 4533; x_wconf 91' lang='lat' dir='ltr'><strong>autem</strong></span> <span class='ocrx_word' id='word_1_687' title='bbox 852 4476 1074 4548; x_wconf 90' lang='lat' dir='ltr'><strong>quidam</strong></span> <span class='ocrx_word' id='word_1_688' title='bbox 1100 4477 1250 4533; x_wconf 90' lang='lat' dir='ltr'><strong>venit</strong></span> <span class='ocrx_word' id='word_1_689' title='bbox 1270 4477 1339 4534; x_wconf 89' lang='lat' dir='ltr'><strong>de</strong></span> <span class='ocrx_word' id='word_1_690' title='bbox 1360 4477 1616 4534; x_wconf 89' lang='lat' dir='ltr'><strong>Balsalisa</strong></span> <span class='ocrx_word' id='word_1_691' title='bbox 1642 4478 1770 4550; x_wconf 75' lang='grc' dir='ltr'><strong>[Μδ.</strong></span> <span class='ocrx_word' id='word_1_692' title='bbox 1797 4480 1982 4535; x_wconf 87' lang='lat' dir='ltr'><strong>Balsa-</strong></span> 
     </span>
    </p>
   </div>
   <div class='ocr_carea' id='block_1_77' title="bbox 384 4546 2059 4645">
    <p class='ocr_par' dir='ltr' id='par_1_77' title="bbox 384 4546 2059 4645">
     <span class='ocr_line' id='line_1_77' title="bbox 384 4546 2059 4645; baseline 0.004 -22"><span class='ocrx_word' id='word_1_693' title='bbox 384 4567 490 4639; x_wconf 87' lang='lat' dir='ltr'><strong>Isa]</strong></span> <span class='ocrx_word' id='word_1_694' title='bbox 508 4566 759 4625; x_wconf 87' lang='lat' dir='ltr'><strong>deferens</strong></span> <span class='ocrx_word' id='word_1_695' title='bbox 783 4546 901 4624; x_wconf 82' lang='lat' dir='ltr'><strong>viro</strong></span> <span class='ocrx_word' id='word_1_696' title='bbox 928 4570 1021 4625; x_wconf 91' lang='lat' dir='ltr'><strong>Dei</strong></span> <span class='ocrx_word' id='word_1_697' title='bbox 1052 4584 1220 4640; x_wconf 91' lang='lat' dir='ltr'><strong>panes</strong></span> <span class='ocrx_word' id='word_1_698' title='bbox 1248 4570 1609 4640; x_wconf 88' lang='lat' dir='ltr'><strong>primitiarum</strong></span> <span class='ocrx_word' id='word_1_699' title='bbox 1639 4546 1872 4645; x_wconf 69' lang='lat' dir='ltr'><strong>[Ma.ad.</strong></span> <span class='ocrx_word' id='word_1_700' title='bbox 1904 4573 1978 4645; x_wconf 89' lang='lat' dir='ltr'><strong>et]</strong></span> <span class='ocrx_word' id='word_1_701' title='bbox 2005 4546 2059 4606; x_wconf 80' lang='grc' dir='ltr'><strong>Ῑ)</strong></span> 
     </span>
    </p>
   </div>
   <div class='ocr_carea' id='block_1_78' title="bbox 381 4659 1983 4729">
    <p class='ocr_par' dir='ltr' id='par_1_78' title="bbox 381 4659 1983 4729">
     <span class='ocr_line' id='line_1_78' title="bbox 381 4659 1983 4729; baseline 0.005 -15"><span class='ocrx_word' id='word_1_702' title='bbox 381 4659 572 4728; x_wconf 88' lang='lat' dir='ltr'><strong>viginti</strong></span> <span class='ocrx_word' id='word_1_703' title='bbox 615 4673 783 4729; x_wconf 89' lang='lat' dir='ltr'><strong>panes</strong></span> <span class='ocrx_word' id='word_1_704' title='bbox 823 4660 1180 4729; x_wconf 89' lang='lat' dir='ltr'><strong>hordeaceos,</strong></span> <span class='ocrx_word' id='word_1_705' title='bbox 1210 4670 1265 4718; x_wconf 90' lang='lat' dir='ltr'><strong>et</strong></span> <span class='ocrx_word' id='word_1_706' title='bbox 1302 4663 1637 4720; x_wconf 85' lang='lat' dir='ltr'><strong>frumentum</strong></span> <span class='ocrx_word' id='word_1_707' title='bbox 1689 4681 1889 4722; x_wconf 90' lang='lat' dir='ltr'><strong>novum</strong></span> <span class='ocrx_word' id='word_1_708' title='bbox 1927 4668 1983 4723; x_wconf 91' lang='lat' dir='ltr'><strong>in</strong></span> 
     </span>
    </p>
   </div>
   <div class='ocr_carea' id='block_1_79' title="bbox 385 4750 1983 4830">
    <p class='ocr_par' dir='ltr' id='par_1_79' title="bbox 385 4750 1983 4830">
     <span class='ocr_line' id='line_1_79' title="bbox 385 4750 1983 4830; baseline 0.008 -26"><span class='ocrx_word' id='word_1_709' title='bbox 385 4764 518 4820; x_wconf 89' lang='lat' dir='ltr'><strong>pera</strong></span> <span class='ocrx_word' id='word_1_710' title='bbox 566 4764 668 4806; x_wconf 90' lang='lat' dir='ltr'><strong>sua</strong></span> <span class='ocrx_word' id='word_1_711' title='bbox 717 4750 796 4823; x_wconf 92' lang='lat' dir='ltr'><strong>[h.</strong></span> <span class='ocrx_word' id='word_1_712' title='bbox 848 4760 904 4808; x_wconf 91' lang='lat' dir='ltr'><strong>et</strong></span> <span class='ocrx_word' id='word_1_713' title='bbox 944 4767 1111 4823; x_wconf 86' lang='lat' dir='ltr'><strong>grana</strong></span> <span class='ocrx_word' id='word_1_714' title='bbox 1156 4754 1430 4825; x_wconf 75' lang='lat' dir='ltr'><strong>apicarum</strong></span> <span class='ocrx_word' id='word_1_715' title='bbox 1479 4757 1727 4830; x_wconf 90' lang='lat' dir='ltr'><strong>torrida].</strong></span> <span class='ocrx_word' id='word_1_716' title='bbox 1770 4761 1842 4815; x_wconf 84' lang='lat' dir='ltr'><strong>At</strong></span> <span class='ocrx_word' id='word_1_717' title='bbox 1889 4759 1983 4817; x_wconf 90' lang='lat' dir='ltr'><strong>ille</strong></span> 
     </span>
    </p>
   </div>
   <div class='ocr_carea' id='block_1_80' title="bbox 382 4844 1983 4924">
    <p class='ocr_par' dir='ltr' id='par_1_80' title="bbox 382 4844 1983 4924">
     <span class='ocr_line' id='line_1_80' title="bbox 382 4844 1983 4924; baseline 0.006 -23"><span class='ocrx_word' id='word_1_718' title='bbox 382 4844 568 4901; x_wconf 89' lang='lat' dir='ltr'><strong>dixit:</strong></span> <span class='ocrx_word' id='word_1_719' title='bbox 609 4845 685 4901; x_wconf 89' lang='lat' dir='ltr'><strong>Da</strong></span> <span class='ocrx_word' id='word_1_720' title='bbox 722 4847 945 4917; x_wconf 89' lang='lat' dir='ltr'><strong>populo,</strong></span> <span class='ocrx_word' id='word_1_721' title='bbox 991 4854 1047 4902; x_wconf 94' lang='lat' dir='ltr'><strong>ut</strong></span> <span class='ocrx_word' id='word_1_722' title='bbox 1088 4850 1365 4905; x_wconf 86' lang='lat' dir='ltr'><strong>comedat.</strong></span> <span class='ocrx_word' id='word_1_723' title='bbox 1416 4851 1823 4924; x_wconf 80' lang='lat' dir='ltr'><strong>Responditque</strong></span> <span class='ocrx_word' id='word_1_724' title='bbox 1867 4863 1890 4893; x_wconf 76' lang='grc' dir='ltr'><strong><em>ο</em></strong></span> <span class='ocrx_word' id='word_1_725' title='bbox 1930 4853 1983 4911; x_wconf 87' lang='lat' dir='ltr'><strong>ei</strong></span> 
     </span>
    </p>
   </div>
   <div class='ocr_carea' id='block_1_81' title="bbox 382 4937 1981 5017">
    <p class='ocr_par' dir='ltr' id='par_1_81' title="bbox 382 4937 1981 5017">
     <span class='ocr_line' id='line_1_81' title="bbox 382 4937 1981 5017; baseline 0.007 -23"><span class='ocrx_word' id='word_1_726' title='bbox 382 4937 633 4994; x_wconf 88' lang='lat' dir='ltr'><strong>minister</strong></span> <span class='ocrx_word' id='word_1_727' title='bbox 662 4937 781 5009; x_wconf 91' lang='lat' dir='ltr'><strong>ejus</strong></span> <span class='ocrx_word' id='word_1_728' title='bbox 808 4956 823 4995; x_wconf 91' lang='lat'>:</span> <span class='ocrx_word' id='word_1_729' title='bbox 852 4939 1127 5007; x_wconf 91' lang='lat' dir='ltr'><strong>Quantum</strong></span> <span class='ocrx_word' id='word_1_730' title='bbox 1153 4942 1383 5013; x_wconf 91' lang='lat' dir='ltr'><strong>esthoc,</strong></span> <span class='ocrx_word' id='word_1_731' title='bbox 1417 4954 1476 4999; x_wconf 92' lang='lat' dir='ltr'><strong>ut</strong></span> <span class='ocrx_word' id='word_1_732' title='bbox 1500 4960 1769 5017; x_wconf 88' lang='lat' dir='ltr'><strong>apponam</strong></span> <span class='ocrx_word' id='word_1_733' title='bbox 1796 4961 1981 5004; x_wconf 89' lang='lat' dir='ltr'><strong>coram</strong></span> 
     </span>
    </p>
   </div>
   <div class='ocr_carea' id='block_1_82' title="bbox 382 5029 1978 5110">
    <p class='ocr_par' dir='ltr' id='par_1_82' title="bbox 382 5029 1978 5110">
     <span class='ocr_line' id='line_1_82' title="bbox 382 5029 1978 5110; baseline 0.008 -26"><span class='ocrx_word' id='word_1_734' title='bbox 382 5029 572 5103; x_wconf 69' lang='grc' dir='ltr'><strong>[ναις.</strong></span> <span class='ocrx_word' id='word_1_735' title='bbox 609 5040 742 5087; x_wconf 87' lang='lat' dir='ltr'><strong>tacet</strong></span> <span class='ocrx_word' id='word_1_736' title='bbox 770 5031 977 5104; x_wconf 89' lang='lat' dir='ltr'><strong>coram]</strong></span> <span class='ocrx_word' id='word_1_737' title='bbox 1008 5042 1227 5091; x_wconf 88' lang='lat' dir='ltr'><strong>centum</strong></span> <span class='ocrx_word' id='word_1_738' title='bbox 1257 5035 1422 5091; x_wconf 82' lang='lat' dir='ltr'><strong>viris?</strong></span> <span class='ocrx_word' id='word_1_739' title='bbox 1452 5038 1685 5096; x_wconf 82' lang='lat' dir='ltr'><strong>Rursum</strong></span> <span class='ocrx_word' id='word_1_740' title='bbox 1718 5040 1847 5096; x_wconf 90' lang='lat' dir='ltr'><strong>ille:</strong></span> <span class='ocrx_word' id='word_1_741' title='bbox 1877 5041 1978 5110; x_wconf 92' lang='lat' dir='ltr'><strong>Da,</strong></span> 
     </span>
    </p>
   </div>
   <div class='ocr_carea' id='block_1_83' title="bbox 382 5126 1982 5198">
    <p class='ocr_par' dir='ltr' id='par_1_83' title="bbox 382 5126 1982 5198">
     <span class='ocr_line' id='line_1_83' title="bbox 382 5126 1982 5198; baseline 0.006 -16"><span class='ocrx_word' id='word_1_742' title='bbox 382 5126 478 5195; x_wconf 87' lang='lat' dir='ltr'><strong>ait,</strong></span> <span class='ocrx_word' id='word_1_743' title='bbox 510 5127 733 5198; x_wconf 85' lang='lat' dir='ltr'><strong>pupulo,</strong></span> <span class='ocrx_word' id='word_1_744' title='bbox 779 5135 839 5184; x_wconf 92' lang='lat' dir='ltr'><strong>ut</strong></span> <span class='ocrx_word' id='word_1_745' title='bbox 865 5128 1158 5186; x_wconf 87' lang='lat' dir='ltr'><strong>comedat:</strong></span> <span class='ocrx_word' id='word_1_746' title='bbox 1189 5128 1308 5185; x_wconf 65' lang='lat' dir='ltr'><strong>haec</strong></span> <span class='ocrx_word' id='word_1_747' title='bbox 1336 5131 1481 5187; x_wconf 91' lang='lat' dir='ltr'><strong>enim</strong></span> <span class='ocrx_word' id='word_1_748' title='bbox 1513 5132 1647 5189; x_wconf 88' lang='lat' dir='ltr'><strong>dicit</strong></span> <span class='ocrx_word' id='word_1_749' title='bbox 1681 5134 1982 5193; x_wconf 88' lang='lat' dir='ltr'><strong>Dominus:</strong></span> 
     </span>
    </p>
   </div>
   <div class='ocr_carea' id='block_1_84' title="bbox 383 5214 1980 5297">
    <p class='ocr_par' dir='ltr' id='par_1_84' title="bbox 383 5214 1980 5297">
     <span class='ocr_line' id='line_1_84' title="bbox 383 5214 1980 5297; baseline 0.006 -21"><span class='ocrx_word' id='word_1_750' title='bbox 383 5220 703 5288; x_wconf 88' lang='lat' dir='ltr'><strong>Comedent,</strong></span> <span class='ocrx_word' id='word_1_751' title='bbox 750 5232 805 5279; x_wconf 91' lang='lat' dir='ltr'><strong>et</strong></span> <span class='ocrx_word' id='word_1_752' title='bbox 847 5214 1140 5294; x_wconf 89' lang='lat' dir='ltr'><strong>supererit.</strong></span> <span class='ocrx_word' id='word_1_753' title='bbox 1190 5222 1380 5279; x_wconf 89' lang='lat' dir='ltr'><strong>Posuit</strong></span> <span class='ocrx_word' id='word_1_754' title='bbox 1426 5225 1606 5297; x_wconf 89' lang='lat' dir='ltr'><strong>itaque</strong></span> <span class='ocrx_word' id='word_1_755' title='bbox 1643 5243 1825 5284; x_wconf 89' lang='lat' dir='ltr'><strong>coram</strong></span> <span class='ocrx_word' id='word_1_756' title='bbox 1857 5230 1980 5285; x_wconf 88' lang='lat' dir='ltr'><strong>eis:</strong></span> 
     </span>
    </p>
   </div>
   <div class='ocr_carea' id='block_1_85' title="bbox 383 5315 1980 5390">
    <p class='ocr_par' dir='ltr' id='par_1_85' title="bbox 383 5315 1980 5390">
     <span class='ocr_line' id='line_1_85' title="bbox 383 5315 1980 5390; baseline 0.004 -18"><span class='ocrx_word' id='word_1_757' title='bbox 383 5315 474 5388; x_wconf 91' lang='lat' dir='ltr'><strong>qui</strong></span> <span class='ocrx_word' id='word_1_758' title='bbox 510 5317 886 5388; x_wconf 89' lang='lat' dir='ltr'><strong>comederunt,</strong></span> <span class='ocrx_word' id='word_1_759' title='bbox 920 5325 976 5374; x_wconf 88' lang='lat' dir='ltr'><strong>et</strong></span> <span class='ocrx_word' id='word_1_760' title='bbox 1002 5316 1269 5390; x_wconf 88' lang='lat' dir='ltr'><strong>superfuit</strong></span> <span class='ocrx_word' id='word_1_761' title='bbox 1293 5317 1454 5390; x_wconf 81' lang='lat' dir='ltr'><strong>juxta</strong></span> <span class='ocrx_word' id='word_1_762' title='bbox 1486 5320 1711 5378; x_wconf 85' lang='lat' dir='ltr'><strong>verbum</strong></span> <span class='ocrx_word' id='word_1_763' title='bbox 1743 5322 1980 5382; x_wconf 87' lang='lat' dir='ltr'><strong>Domini.</strong></span> 
     </span>
    </p>
   </div>
   <div class='ocr_carea' id='block_1_86' title="bbox 458 5502 1987 5575">
    <p class='ocr_par' dir='ltr' id='par_1_86' title="bbox 458 5502 1987 5575">
     <span class='ocr_line' id='line_1_86' title="bbox 458 5502 1987 5575; baseline 0.01 -18"><span class='ocrx_word' id='word_1_764' title='bbox 458 5512 485 5540; x_wconf 75' lang='grc' dir='ltr'><strong>ιι</strong></span> <span class='ocrx_word' id='word_1_765' title='bbox 516 5502 679 5559; x_wconf 86' lang='lat' dir='ltr'><strong>Addit</strong></span> <span class='ocrx_word' id='word_1_766' title='bbox 715 5503 857 5561; x_wconf 91' lang='lat' dir='ltr'><strong>idem</strong></span> <span class='ocrx_word' id='word_1_767' title='bbox 892 5518 994 5561; x_wconf 89' lang='lat' dir='ltr'><strong>ms.</strong></span> <span class='ocrx_word' id='word_1_768' title='bbox 1033 5522 1175 5575; x_wconf 78' lang='lat' dir='ltr'><strong>suos,</strong></span> <span class='ocrx_word' id='word_1_769' title='bbox 1204 5506 1408 5575; x_wconf 92' lang='lat' dir='ltr'><strong>optime</strong></span> <span class='ocrx_word' id='word_1_770' title='bbox 1443 5507 1511 5564; x_wconf 91' lang='lat' dir='ltr'><strong>ad</strong></span> <span class='ocrx_word' id='word_1_771' title='bbox 1542 5507 1830 5568; x_wconf 68' lang='lat' dir='ltr'><strong>Hebraeum</strong></span> <span class='ocrx_word' id='word_1_772' title='bbox 1870 5520 1987 5571; x_wconf 82' lang='lat' dir='ltr'><strong>tex-</strong></span> 
     </span>
    </p>
   </div>
   <div class='ocr_carea' id='block_1_87' title="bbox 380 5575 1473 5647">
    <p class='ocr_par' dir='ltr' id='par_1_87' title="bbox 380 5575 1473 5647">
     <span class='ocr_line' id='line_1_87' title="bbox 380 5575 1473 5647; baseline 0.002 -16"><span class='ocrx_word' id='word_1_773' title='bbox 380 5580 501 5647; x_wconf 84' lang='lat' dir='ltr'><strong>tum</strong></span> <span class='ocrx_word' id='word_1_774' title='bbox 520 5582 678 5647; x_wconf 60' lang='lat' dir='ltr'><strong>jllty.</strong></span> <span class='ocrx_word' id='word_1_775' title='bbox 709 5575 845 5647; x_wconf 89' lang='lat' dir='ltr'><strong>Tum</strong></span> <span class='ocrx_word' id='word_1_776' title='bbox 880 5575 942 5629; x_wconf 87' lang='lat' dir='ltr'><strong>Et</strong></span> <span class='ocrx_word' id='word_1_777' title='bbox 973 5576 1081 5645; x_wconf 83' lang='lat' dir='ltr'><strong>ille,</strong></span> <span class='ocrx_word' id='word_1_778' title='bbox 1117 5593 1215 5647; x_wconf 87' lang='lat' dir='ltr'><strong>pro</strong></span> <span class='ocrx_word' id='word_1_779' title='bbox 1242 5578 1331 5646; x_wconf 83' lang='grc' dir='ltr'><strong>Αι,</strong></span> <span class='ocrx_word' id='word_1_780' title='bbox 1366 5588 1473 5635; x_wconf 90' lang='lat' dir='ltr'><strong>etc.</strong></span> 
     </span>
    </p>
   </div>
   <div class='ocr_carea' id='block_1_88' title="bbox 456 5645 1976 5726">
    <p class='ocr_par' dir='ltr' id='par_1_88' title="bbox 456 5645 1976 5726">
     <span class='ocr_line' id='line_1_88' title="bbox 456 5645 1976 5726; baseline 0.009 -27"><span class='ocrx_word' id='word_1_781' title='bbox 456 5645 493 5726; x_wconf 76' lang='lat' dir='ltr'><strong>b_</strong></span> <span class='ocrx_word' id='word_1_782' title='bbox 516 5646 643 5726; x_wconf 78' lang='lat' dir='ltr'><strong>Plus</strong></span> <span class='ocrx_word' id='word_1_783' title='bbox 672 5646 875 5704; x_wconf 86' lang='lat' dir='ltr'><strong>habent</strong></span> <span class='ocrx_word' id='word_1_784' title='bbox 900 5645 1569 5724; x_wconf 11' lang='lat' dir='ltr'><strong>Vulgatiﬁlibri,Cumque</strong></span> <span class='ocrx_word' id='word_1_785' title='bbox 1611 5654 1846 5726; x_wconf 75' lang='lat' dir='ltr'><strong>tulisset,</strong></span> <span class='ocrx_word' id='word_1_786' title='bbox 1879 5659 1976 5713; x_wconf 80' lang='lat' dir='ltr'><strong>mi-</strong></span> 
     </span>
    </p>
   </div>
   <div class='ocr_carea' id='block_1_89' title="bbox 383 5717 743 5774">
    <p class='ocr_par' dir='ltr' id='par_1_89' title="bbox 383 5717 743 5774">
     <span class='ocr_line' id='line_1_89' title="bbox 383 5717 743 5774; baseline -0.003 0"><span class='ocrx_word' id='word_1_787' title='bbox 383 5717 452 5774; x_wconf 70' lang='lat' dir='ltr'><strong>sit</strong></span> <span class='ocrx_word' id='word_1_788' title='bbox 478 5719 529 5771; x_wconf 88' lang='lat' dir='ltr'><strong>in</strong></span> <span class='ocrx_word' id='word_1_789' title='bbox 563 5718 743 5773; x_wconf 83' lang='lat' dir='ltr'><strong>ollam.</strong></span> 
     </span>
    </p>
   </div>
   <div class='ocr_carea' id='block_1_90' title="bbox 462 5787 1855 5860">
    <p class='ocr_par' dir='ltr' id='par_1_90' title="bbox 462 5787 1855 5860">
     <span class='ocr_line' id='line_1_90' title="bbox 462 5787 1855 5860; baseline 0.01 -17"><span class='ocrx_word' id='word_1_790' title='bbox 462 5800 483 5828; x_wconf 89' lang='grc' dir='ltr'><strong><em>ο</em></strong></span> <span class='ocrx_word' id='word_1_791' title='bbox 516 5787 717 5845; x_wconf 83' lang='lat' dir='ltr'><strong>lterum</strong></span> <span class='ocrx_word' id='word_1_792' title='bbox 744 5788 896 5860; x_wconf 83' lang='lat' dir='ltr'><strong>juxta</strong></span> <span class='ocrx_word' id='word_1_793' title='bbox 934 5791 1104 5851; x_wconf 88' lang='lat' dir='ltr'><strong>Hebr.</strong></span> <span class='ocrx_word' id='word_1_794' title='bbox 1138 5800 1279 5853; x_wconf 90' lang='lat' dir='ltr'><strong>tacet</strong></span> <span class='ocrx_word' id='word_1_795' title='bbox 1311 5793 1618 5857; x_wconf 80' lang='lat' dir='ltr'><strong>Veronens.</strong></span> <span class='ocrx_word' id='word_1_796' title='bbox 1650 5815 1755 5859; x_wconf 84' lang='lat' dir='ltr'><strong>ms.</strong></span> <span class='ocrx_word' id='word_1_797' title='bbox 1786 5801 1855 5858; x_wconf 75' lang='grc' dir='ltr'><strong>εί.</strong></span> 
     </span>
    </p>
   </div>
   <div class='ocr_carea' id='block_1_91' title="bbox 2087 3266 3693 3339">
    <p class='ocr_par' dir='ltr' id='par_1_91' title="bbox 2087 3266 3693 3339">
     <span class='ocr_line' id='line_1_91' title="bbox 2087 3266 3693 3339; baseline -0.001 -14"><span class='ocrx_word' id='word_1_798' title='bbox 2087 3267 2339 3325; x_wconf 87' lang='lat' dir='ltr'><strong>nuntium</strong></span> <span class='ocrx_word' id='word_1_799' title='bbox 2364 3311 2381 3337; x_wconf 92' lang='lat'><strong>,</strong></span> <span class='ocrx_word' id='word_1_800' title='bbox 2418 3268 2650 3325; x_wconf 90' lang='lat' dir='ltr'><strong>dicens:</strong></span> <span class='ocrx_word' id='word_1_801' title='bbox 2677 3266 2829 3323; x_wconf 88' lang='lat' dir='ltr'><strong>Vade</strong></span> <span class='ocrx_word' id='word_1_802' title='bbox 2856 3310 2871 3335; x_wconf 94' lang='lat'><strong>,</strong></span> <span class='ocrx_word' id='word_1_803' title='bbox 2913 3276 2971 3323; x_wconf 90' lang='lat' dir='ltr'><strong>et</strong></span> <span class='ocrx_word' id='word_1_804' title='bbox 3003 3268 3189 3324; x_wconf 88' lang='lat' dir='ltr'><strong>lavare</strong></span> <span class='ocrx_word' id='word_1_805' title='bbox 3235 3269 3441 3339; x_wconf 87' lang='lat' dir='ltr'><strong>septies</strong></span> <span class='ocrx_word' id='word_1_806' title='bbox 3478 3267 3532 3323; x_wconf 94' lang='lat' dir='ltr'><strong>in</strong></span> <span class='ocrx_word' id='word_1_807' title='bbox 3570 3269 3693 3324; x_wconf 85' lang='lat' dir='ltr'><strong>Jor-</strong></span> 
     </span>
    </p>
   </div>
   <div class='ocr_carea' id='block_1_92' title="bbox 2087 3360 3693 3431">
    <p class='ocr_par' dir='ltr' id='par_1_92' title="bbox 2087 3360 3693 3431">
     <span class='ocr_line' id='line_1_92' title="bbox 2087 3360 3693 3431; baseline 0 -14"><span class='ocrx_word' id='word_1_808' title='bbox 2087 3361 2251 3429; x_wconf 90' lang='lat' dir='ltr'><strong>dane,</strong></span> <span class='ocrx_word' id='word_1_809' title='bbox 2280 3369 2337 3417; x_wconf 89' lang='lat' dir='ltr'><strong>et</strong></span> <span class='ocrx_word' id='word_1_810' title='bbox 2366 3361 2598 3431; x_wconf 90' lang='lat' dir='ltr'><strong>recipiet</strong></span> <span class='ocrx_word' id='word_1_811' title='bbox 2629 3360 2918 3416; x_wconf 89' lang='lat' dir='ltr'><strong>sanitatem</strong></span> <span class='ocrx_word' id='word_1_812' title='bbox 2947 3375 3076 3416; x_wconf 88' lang='lat' dir='ltr'><strong>caro</strong></span> <span class='ocrx_word' id='word_1_813' title='bbox 3106 3368 3196 3416; x_wconf 89' lang='lat' dir='ltr'><strong>tua</strong></span> <span class='ocrx_word' id='word_1_814' title='bbox 3217 3402 3231 3426; x_wconf 96' lang='lat'><strong>,</strong></span> <span class='ocrx_word' id='word_1_815' title='bbox 3263 3370 3427 3430; x_wconf 86' lang='lat' dir='ltr'><strong>atque</strong></span> <span class='ocrx_word' id='word_1_816' title='bbox 3463 3360 3693 3417; x_wconf 86' lang='lat' dir='ltr'><strong>munda-</strong></span> 
     </span>
    </p>
   </div>
   <div class='ocr_carea' id='block_1_93' title="bbox 2087 3452 3688 3522">
    <p class='ocr_par' dir='ltr' id='par_1_93' title="bbox 2087 3452 3688 3522">
     <span class='ocr_line' id='line_1_93' title="bbox 2087 3452 3688 3522; baseline 0.001 -13"><span class='ocrx_word' id='word_1_817' title='bbox 2087 3452 2257 3511; x_wconf 84' lang='lat' dir='ltr'><strong>beris.</strong></span> <span class='ocrx_word' id='word_1_818' title='bbox 2288 3454 2467 3509; x_wconf 87' lang='lat' dir='ltr'><strong>Iratus</strong></span> <span class='ocrx_word' id='word_1_819' title='bbox 2492 3453 2735 3509; x_wconf 89' lang='lat' dir='ltr'><strong>Naaman</strong></span> <span class='ocrx_word' id='word_1_820' title='bbox 2784 3452 3079 3509; x_wconf 88' lang='lat' dir='ltr'><strong>recedebat</strong></span> <span class='ocrx_word' id='word_1_821' title='bbox 3107 3497 3122 3522; x_wconf 93' lang='lat'><strong>,</strong></span> <span class='ocrx_word' id='word_1_822' title='bbox 3152 3453 3341 3509; x_wconf 90' lang='lat' dir='ltr'><strong>dicens</strong></span> <span class='ocrx_word' id='word_1_823' title='bbox 3374 3469 3388 3508; x_wconf 91' lang='lat'>:</span> <span class='ocrx_word' id='word_1_824' title='bbox 3422 3453 3688 3510; x_wconf 90' lang='lat' dir='ltr'><strong>Putabam</strong></span> 
     </span>
    </p>
   </div>
   <div class='ocr_carea' id='block_1_94' title="bbox 2087 3543 3689 3615">
    <p class='ocr_par' dir='ltr' id='par_1_94' title="bbox 2087 3543 3689 3615">
     <span class='ocr_line' id='line_1_94' title="bbox 2087 3543 3689 3615; baseline 0.002 -15"><span class='ocrx_word' id='word_1_825' title='bbox 2087 3543 2235 3613; x_wconf 85' lang='lat' dir='ltr'><strong>quod</strong></span> <span class='ocrx_word' id='word_1_826' title='bbox 2264 3544 2618 3615; x_wconf 87' lang='lat' dir='ltr'><strong>egrederetur</strong></span> <span class='ocrx_word' id='word_1_827' title='bbox 2649 3545 2717 3601; x_wconf 89' lang='lat' dir='ltr'><strong>ad</strong></span> <span class='ocrx_word' id='word_1_828' title='bbox 2747 3560 2834 3601; x_wconf 90' lang='lat' dir='ltr'><strong>me</strong></span> <span class='ocrx_word' id='word_1_829' title='bbox 2860 3584 2876 3613; x_wconf 96' lang='lat'><strong>,</strong></span> <span class='ocrx_word' id='word_1_830' title='bbox 2906 3553 2962 3602; x_wconf 88' lang='lat' dir='ltr'><strong>et</strong></span> <span class='ocrx_word' id='word_1_831' title='bbox 2990 3555 3141 3601; x_wconf 90' lang='lat' dir='ltr'><strong>stans</strong></span> <span class='ocrx_word' id='word_1_832' title='bbox 3182 3544 3464 3601; x_wconf 89' lang='lat' dir='ltr'><strong>invocaret</strong></span> <span class='ocrx_word' id='word_1_833' title='bbox 3490 3560 3689 3602; x_wconf 85' lang='lat' dir='ltr'><strong>nomen</strong></span> 
     </span>
    </p>
   </div>
   <div class='ocr_carea' id='block_1_95' title="bbox 2088 3640 3689 3713">
    <p class='ocr_par' dir='ltr' id='par_1_95' title="bbox 2088 3640 3689 3713">
     <span class='ocr_line' id='line_1_95' title="bbox 2088 3640 3689 3713; baseline 0.001 -17"><span class='ocrx_word' id='word_1_834' title='bbox 2088 3640 2304 3697; x_wconf 90' lang='lat' dir='ltr'><strong>Domini</strong></span> <span class='ocrx_word' id='word_1_835' title='bbox 2337 3642 2433 3698; x_wconf 92' lang='lat' dir='ltr'><strong>Dei</strong></span> <span class='ocrx_word' id='word_1_836' title='bbox 2464 3642 2571 3706; x_wconf 90' lang='lat' dir='ltr'><strong>sui,</strong></span> <span class='ocrx_word' id='word_1_837' title='bbox 2605 3650 2661 3698; x_wconf 90' lang='lat' dir='ltr'><strong>et</strong></span> <span class='ocrx_word' id='word_1_838' title='bbox 2692 3650 2940 3712; x_wconf 76' lang='lat' dir='ltr'><strong>tangeret</strong></span> <span class='ocrx_word' id='word_1_839' title='bbox 2966 3657 3130 3698; x_wconf 89' lang='lat' dir='ltr'><strong>manu</strong></span> <span class='ocrx_word' id='word_1_840' title='bbox 3160 3657 3254 3698; x_wconf 89' lang='lat' dir='ltr'><strong>sua</strong></span> <span class='ocrx_word' id='word_1_841' title='bbox 3286 3643 3464 3699; x_wconf 88' lang='lat' dir='ltr'><strong>locum</strong></span> <span class='ocrx_word' id='word_1_842' title='bbox 3498 3643 3689 3713; x_wconf 87' lang='lat' dir='ltr'><strong>leprae,</strong></span> 
     </span>
    </p>
   </div>
   <div class='ocr_carea' id='block_1_96' title="bbox 2087 3733 3692 3806">
    <p class='ocr_par' dir='ltr' id='par_1_96' title="bbox 2087 3733 3692 3806">
     <span class='ocr_line' id='line_1_96' title="bbox 2087 3733 3692 3806; baseline 0.002 -18"><span class='ocrx_word' id='word_1_843' title='bbox 2087 3744 2142 3788; x_wconf 92' lang='lat' dir='ltr'><strong>et</strong></span> <span class='ocrx_word' id='word_1_844' title='bbox 2168 3742 2385 3790; x_wconf 89' lang='lat' dir='ltr'><strong>curaret</strong></span> <span class='ocrx_word' id='word_1_845' title='bbox 2412 3749 2519 3791; x_wconf 91' lang='lat' dir='ltr'><strong>mc.</strong></span> <span class='ocrx_word' id='word_1_846' title='bbox 2543 3733 2821 3806; x_wconf 87' lang='lat' dir='ltr'><strong>Numquid</strong></span> <span class='ocrx_word' id='word_1_847' title='bbox 2846 3750 2955 3791; x_wconf 90' lang='lat' dir='ltr'><strong>non</strong></span> <span class='ocrx_word' id='word_1_848' title='bbox 2986 3735 3244 3791; x_wconf 89' lang='lat' dir='ltr'><strong>meliores</strong></span> <span class='ocrx_word' id='word_1_849' title='bbox 3267 3743 3396 3790; x_wconf 88' lang='lat' dir='ltr'><strong>sunt</strong></span> <span class='ocrx_word' id='word_1_850' title='bbox 3417 3734 3602 3790; x_wconf 83' lang='lat' dir='ltr'><strong>Ahana</strong></span> <span class='ocrx_word' id='word_1_851' title='bbox 3635 3745 3692 3791; x_wconf 89' lang='lat' dir='ltr'><strong>et</strong></span> 
     </span>
    </p>
   </div>
   <div class='ocr_carea' id='block_1_97' title="bbox 2085 3828 3691 3902">
    <p class='ocr_par' dir='ltr' id='par_1_97' title="bbox 2085 3828 3691 3902">
     <span class='ocr_line' id='line_1_97' title="bbox 2085 3828 3691 3902; baseline -0.001 -17"><span class='ocrx_word' id='word_1_852' title='bbox 2085 3828 2393 3900; x_wconf 84' lang='lat' dir='ltr'><strong>Pharphar,</strong></span> <span class='ocrx_word' id='word_1_853' title='bbox 2428 3829 2579 3885; x_wconf 85' lang='lat' dir='ltr'><strong>ﬂuvii</strong></span> <span class='ocrx_word' id='word_1_854' title='bbox 2612 3830 2862 3886; x_wconf 89' lang='lat' dir='ltr'><strong>Damasci</strong></span> <span class='ocrx_word' id='word_1_855' title='bbox 2890 3871 2906 3896; x_wconf 93' lang='lat'><strong>,</strong></span> <span class='ocrx_word' id='word_1_856' title='bbox 2953 3829 3208 3885; x_wconf 91' lang='lat' dir='ltr'><strong>omnibus</strong></span> <span class='ocrx_word' id='word_1_857' title='bbox 3240 3839 3263 3867; x_wconf 79' lang='grc' dir='ltr'>ε</span> <span class='ocrx_word' id='word_1_858' title='bbox 3290 3830 3447 3902; x_wconf 90' lang='lat' dir='ltr'><strong>aquis</strong></span> <span class='ocrx_word' id='word_1_859' title='bbox 3476 3828 3648 3885; x_wconf 89' lang='lat' dir='ltr'><strong>Israel</strong></span> <span class='ocrx_word' id='word_1_860' title='bbox 3673 3868 3691 3895; x_wconf 88' lang='lat'><strong>,</strong></span> 
     </span>
    </p>
   </div>
   <div class='ocr_carea' id='block_1_98' title="bbox 2087 3922 3694 3995">
    <p class='ocr_par' dir='ltr' id='par_1_98' title="bbox 2087 3922 3694 3995">
     <span class='ocr_line' id='line_1_98' title="bbox 2087 3922 3694 3995; baseline 0 -18"><span class='ocrx_word' id='word_1_861' title='bbox 2087 3931 2146 3978; x_wconf 90' lang='lat' dir='ltr'><strong>ut</strong></span> <span class='ocrx_word' id='word_1_862' title='bbox 2175 3923 2327 3979; x_wconf 89' lang='lat' dir='ltr'><strong>laver</strong></span> <span class='ocrx_word' id='word_1_863' title='bbox 2358 3924 2414 3978; x_wconf 89' lang='lat' dir='ltr'><strong>in</strong></span> <span class='ocrx_word' id='word_1_864' title='bbox 2440 3923 2518 3979; x_wconf 90' lang='lat' dir='ltr'><strong>eis</strong></span> <span class='ocrx_word' id='word_1_865' title='bbox 2538 3963 2553 3989; x_wconf 91' lang='lat'><strong>,</strong></span> <span class='ocrx_word' id='word_1_866' title='bbox 2580 3932 2634 3979; x_wconf 90' lang='lat' dir='ltr'><strong>et</strong></span> <span class='ocrx_word' id='word_1_867' title='bbox 2673 3922 2947 3980; x_wconf 81' lang='lat' dir='ltr'><strong>munder?</strong></span> <span class='ocrx_word' id='word_1_868' title='bbox 2973 3922 3108 3979; x_wconf 89' lang='lat' dir='ltr'><strong>Cum</strong></span> <span class='ocrx_word' id='word_1_869' title='bbox 3148 3939 3283 3995; x_wconf 88' lang='lat' dir='ltr'><strong>ergo</strong></span> <span class='ocrx_word' id='word_1_870' title='bbox 3314 3924 3566 3980; x_wconf 86' lang='lat' dir='ltr'><strong>vertisset</strong></span> <span class='ocrx_word' id='word_1_871' title='bbox 3599 3938 3655 3978; x_wconf 91' lang='lat' dir='ltr'><strong>se</strong></span> <span class='ocrx_word' id='word_1_872' title='bbox 3676 3962 3694 3989; x_wconf 94' lang='lat'><strong>,</strong></span> 
     </span>
    </p>
   </div>
   <div class='ocr_carea' id='block_1_99' title="bbox 2086 4016 3686 4089">
    <p class='ocr_par' dir='ltr' id='par_1_99' title="bbox 2086 4016 3686 4089">
     <span class='ocr_line' id='line_1_99' title="bbox 2086 4016 3686 4089; baseline -0.003 -16"><span class='ocrx_word' id='word_1_873' title='bbox 2086 4026 2145 4073; x_wconf 88' lang='lat' dir='ltr'><strong>et</strong></span> <span class='ocrx_word' id='word_1_874' title='bbox 2173 4017 2349 4074; x_wconf 88' lang='lat' dir='ltr'><strong>abiret</strong></span> <span class='ocrx_word' id='word_1_875' title='bbox 2371 4017 2702 4089; x_wconf 50' lang='lat' dir='ltr'><strong>indignans,</strong></span> <span class='ocrx_word' id='word_1_876' title='bbox 2740 4026 3093 4074; x_wconf 86' lang='lat' dir='ltr'><strong>accesserunt</strong></span> <span class='ocrx_word' id='word_1_877' title='bbox 3123 4018 3189 4073; x_wconf 90' lang='lat' dir='ltr'><strong>ad</strong></span> <span class='ocrx_word' id='word_1_878' title='bbox 3222 4032 3346 4073; x_wconf 86' lang='lat' dir='ltr'><strong>eum</strong></span> <span class='ocrx_word' id='word_1_879' title='bbox 3377 4016 3523 4073; x_wconf 87' lang='lat' dir='ltr'><strong>servi</strong></span> <span class='ocrx_word' id='word_1_880' title='bbox 3563 4016 3686 4084; x_wconf 89' lang='lat' dir='ltr'><strong>sui,</strong></span> 
     </span>
    </p>
   </div>
   <div class='ocr_carea' id='block_1_100' title="bbox 2084 4109 3685 4183">
    <p class='ocr_par' dir='ltr' id='par_1_100' title="bbox 2084 4109 3685 4183">
     <span class='ocr_line' id='line_1_100' title="bbox 2084 4109 3685 4183; baseline -0.002 -17"><span class='ocrx_word' id='word_1_881' title='bbox 2084 4119 2141 4167; x_wconf 88' lang='lat' dir='ltr'><strong>et</strong></span> <span class='ocrx_word' id='word_1_882' title='bbox 2169 4110 2338 4167; x_wconf 88' lang='lat' dir='ltr'><strong>locuti</strong></span> <span class='ocrx_word' id='word_1_883' title='bbox 2365 4122 2491 4167; x_wconf 91' lang='lat' dir='ltr'><strong>sunt</strong></span> <span class='ocrx_word' id='word_1_884' title='bbox 2518 4112 2565 4168; x_wconf 93' lang='lat' dir='ltr'><strong>ei</strong></span> <span class='ocrx_word' id='word_1_885' title='bbox 2604 4112 2808 4182; x_wconf 34' lang='lat' dir='ltr'><strong>:jPater</strong></span> <span class='ocrx_word' id='word_1_886' title='bbox 2835 4111 2915 4183; x_wconf 79' lang='grc' dir='ltr'><strong>[Ιι.</strong></span> <span class='ocrx_word' id='word_1_887' title='bbox 2948 4120 3103 4182; x_wconf 88' lang='lat' dir='ltr'><strong>pater</strong></span> <span class='ocrx_word' id='word_1_888' title='bbox 3133 4109 3265 4182; x_wconf 90' lang='lat' dir='ltr'><strong>mi],</strong></span> <span class='ocrx_word' id='word_1_889' title='bbox 3298 4113 3345 4164; x_wconf 90' lang='lat' dir='ltr'><strong>si</strong></span> <span class='ocrx_word' id='word_1_890' title='bbox 3378 4124 3490 4164; x_wconf 88' lang='lat' dir='ltr'><strong>rem</strong></span> <span class='ocrx_word' id='word_1_891' title='bbox 3523 4124 3685 4178; x_wconf 83' lang='lat' dir='ltr'><strong>gran-</strong></span> 
     </span>
    </p>
   </div>
   <div class='ocr_carea' id='block_1_101' title="bbox 2087 4203 3680 4274">
    <p class='ocr_par' dir='ltr' id='par_1_101' title="bbox 2087 4203 3680 4274">
     <span class='ocr_line' id='line_1_101' title="bbox 2087 4203 3680 4274; baseline -0.004 -13"><span class='ocrx_word' id='word_1_892' title='bbox 2087 4205 2213 4261; x_wconf 91' lang='lat' dir='ltr'><strong>dem</strong></span> <span class='ocrx_word' id='word_1_893' title='bbox 2243 4205 2478 4263; x_wconf 85' lang='lat' dir='ltr'><strong>dixisset</strong></span> <span class='ocrx_word' id='word_1_894' title='bbox 2504 4205 2596 4261; x_wconf 90' lang='lat' dir='ltr'><strong>tibi</strong></span> <span class='ocrx_word' id='word_1_895' title='bbox 2627 4205 2891 4274; x_wconf 75' lang='lat' dir='ltr'><strong>prOpheta</strong></span> <span class='ocrx_word' id='word_1_896' title='bbox 2911 4246 2925 4270; x_wconf 95' lang='lat'><strong>,</strong></span> <span class='ocrx_word' id='word_1_897' title='bbox 2955 4215 3111 4260; x_wconf 88' lang='lat' dir='ltr'><strong>certe</strong></span> <span class='ocrx_word' id='word_1_898' title='bbox 3153 4203 3334 4259; x_wconf 86' lang='lat' dir='ltr'><strong>facere</strong></span> <span class='ocrx_word' id='word_1_899' title='bbox 3360 4203 3631 4259; x_wconf 86' lang='lat' dir='ltr'><strong>debueras</strong></span> <span class='ocrx_word' id='word_1_900' title='bbox 3667 4219 3680 4253; x_wconf 89' lang='lat'>:</span> 
     </span>
    </p>
   </div>
   <div class='ocr_carea' id='block_1_102' title="bbox 2083 4294 3678 4368">
    <p class='ocr_par' dir='ltr' id='par_1_102' title="bbox 2083 4294 3678 4368">
     <span class='ocr_line' id='line_1_102' title="bbox 2083 4294 3678 4368; baseline -0.004 -16"><span class='ocrx_word' id='word_1_901' title='bbox 2083 4307 2290 4367; x_wconf 89' lang='lat' dir='ltr'><strong>quanto</strong></span> <span class='ocrx_word' id='word_1_902' title='bbox 2317 4298 2488 4368; x_wconf 88' lang='lat' dir='ltr'><strong>magis</strong></span> <span class='ocrx_word' id='word_1_903' title='bbox 2512 4298 2636 4365; x_wconf 89' lang='lat' dir='ltr'><strong>quia</strong></span> <span class='ocrx_word' id='word_1_904' title='bbox 2666 4312 2807 4351; x_wconf 89' lang='lat' dir='ltr'><strong>nunc</strong></span> <span class='ocrx_word' id='word_1_905' title='bbox 2833 4295 2971 4351; x_wconf 88' lang='lat' dir='ltr'><strong>dixit</strong></span> <span class='ocrx_word' id='word_1_906' title='bbox 3005 4294 3099 4350; x_wconf 91' lang='lat' dir='ltr'><strong>tibi</strong></span> <span class='ocrx_word' id='word_1_907' title='bbox 3129 4311 3143 4352; x_wconf 89' lang='lat'><strong>:</strong></span> <span class='ocrx_word' id='word_1_908' title='bbox 3174 4294 3405 4356; x_wconf 89' lang='lat' dir='ltr'><strong>Lavarc,</strong></span> <span class='ocrx_word' id='word_1_909' title='bbox 3436 4302 3491 4349; x_wconf 93' lang='lat' dir='ltr'><strong>et</strong></span> <span class='ocrx_word' id='word_1_910' title='bbox 3522 4308 3678 4347; x_wconf 81' lang='lat' dir='ltr'><strong>utun-</strong></span> 
     </span>
    </p>
   </div>
   <div class='ocr_carea' id='block_1_103' title="bbox 2062 4384 3751 4461">
    <p class='ocr_par' dir='ltr' id='par_1_103' title="bbox 2062 4384 3751 4461">
     <span class='ocr_line' id='line_1_103' title="bbox 2062 4384 3751 4461; baseline -0.004 -16"><span class='ocrx_word' id='word_1_911' title='bbox 2062 4390 2341 4457; x_wconf 84' lang='lat' dir='ltr'><strong>daberis!</strong></span> <span class='ocrx_word' id='word_1_912' title='bbox 2376 4387 2702 4461; x_wconf 80' lang='lat' dir='ltr'><strong>[CXXVIIL]</strong></span> <span class='ocrx_word' id='word_1_913' title='bbox 2735 4388 3071 4457; x_wconf 91' lang='lat' dir='ltr'><strong>Descendit,</strong></span> <span class='ocrx_word' id='word_1_914' title='bbox 3095 4395 3151 4443; x_wconf 90' lang='lat' dir='ltr'><strong>et</strong></span> <span class='ocrx_word' id='word_1_915' title='bbox 3191 4386 3323 4442; x_wconf 66' lang='lat' dir='ltr'><strong>lavit</strong></span> <span class='ocrx_word' id='word_1_916' title='bbox 3366 4385 3421 4441; x_wconf 91' lang='lat' dir='ltr'><strong>in</strong></span> <span class='ocrx_word' id='word_1_917' title='bbox 3447 4384 3690 4441; x_wconf 85' lang='lat' dir='ltr'><strong>.lordauc</strong></span> <span class='ocrx_word' id='word_1_918' title='bbox 3748 4384 3751 4385; x_wconf 60' lang='grc'><strong><em>⁷</em></strong></span> 
     </span>
    </p>
   </div>
   <div class='ocr_carea' id='block_1_104' title="bbox 2087 4481 3692 4555">
    <p class='ocr_par' dir='ltr' id='par_1_104' title="bbox 2087 4481 3692 4555">
     <span class='ocr_line' id='line_1_104' title="bbox 2087 4481 3692 4555; baseline -0.003 -15"><span class='ocrx_word' id='word_1_919' title='bbox 2087 4485 2294 4555; x_wconf 91' lang='lat' dir='ltr'><strong>septies</strong></span> <span class='ocrx_word' id='word_1_920' title='bbox 2335 4484 2489 4554; x_wconf 83' lang='lat' dir='ltr'><strong>juxta</strong></span> <span class='ocrx_word' id='word_1_921' title='bbox 2523 4498 2834 4539; x_wconf 90' lang='lat' dir='ltr'><strong>sermonem</strong></span> <span class='ocrx_word' id='word_1_922' title='bbox 2865 4483 2968 4537; x_wconf 92' lang='lat' dir='ltr'><strong>viri</strong></span> <span class='ocrx_word' id='word_1_923' title='bbox 3012 4481 3111 4537; x_wconf 89' lang='lat' dir='ltr'><strong>Dei</strong></span> <span class='ocrx_word' id='word_1_924' title='bbox 3139 4521 3155 4548; x_wconf 96' lang='lat'><strong>,</strong></span> <span class='ocrx_word' id='word_1_925' title='bbox 3205 4490 3261 4537; x_wconf 91' lang='lat' dir='ltr'><strong>et</strong></span> <span class='ocrx_word' id='word_1_926' title='bbox 3303 4481 3557 4536; x_wconf 90' lang='lat' dir='ltr'><strong>restituta</strong></span> <span class='ocrx_word' id='word_1_927' title='bbox 3605 4488 3692 4535; x_wconf 91' lang='lat' dir='ltr'><strong>est</strong></span> 
     </span>
    </p>
   </div>
   <div class='ocr_carea' id='block_1_105' title="bbox 2087 4572 3684 4647">
    <p class='ocr_par' dir='ltr' id='par_1_105' title="bbox 2087 4572 3684 4647">
     <span class='ocr_line' id='line_1_105' title="bbox 2087 4572 3684 4647; baseline -0.002 -14"><span class='ocrx_word' id='word_1_928' title='bbox 2087 4593 2215 4633; x_wconf 90' lang='lat' dir='ltr'><strong>caro</strong></span> <span class='ocrx_word' id='word_1_929' title='bbox 2237 4576 2375 4647; x_wconf 89' lang='lat' dir='ltr'><strong>ejus,</strong></span> <span class='ocrx_word' id='word_1_930' title='bbox 2398 4575 2541 4632; x_wconf 91' lang='lat' dir='ltr'><strong>sicut</strong></span> <span class='ocrx_word' id='word_1_931' title='bbox 2569 4591 2701 4632; x_wconf 89' lang='lat' dir='ltr'><strong>caro</strong></span> <span class='ocrx_word' id='word_1_932' title='bbox 2730 4575 2885 4646; x_wconf 91' lang='lat' dir='ltr'><strong>pueri</strong></span> <span class='ocrx_word' id='word_1_933' title='bbox 2916 4573 3149 4645; x_wconf 88' lang='lat' dir='ltr'><strong>parvuli,</strong></span> <span class='ocrx_word' id='word_1_934' title='bbox 3174 4582 3232 4629; x_wconf 91' lang='lat' dir='ltr'><strong>et</strong></span> <span class='ocrx_word' id='word_1_935' title='bbox 3255 4572 3547 4629; x_wconf 90' lang='lat' dir='ltr'><strong>mundatus</strong></span> <span class='ocrx_word' id='word_1_936' title='bbox 3575 4582 3684 4630; x_wconf 90' lang='lat' dir='ltr'><strong>est.</strong></span> 
     </span>
    </p>
   </div>
   <div class='ocr_carea' id='block_1_106' title="bbox 2088 4667 3690 4741">
    <p class='ocr_par' dir='ltr' id='par_1_106' title="bbox 2088 4667 3690 4741">
     <span class='ocr_line' id='line_1_106' title="bbox 2088 4667 3690 4741; baseline -0.002 -16"><span class='ocrx_word' id='word_1_937' title='bbox 2088 4669 2474 4741; x_wconf 84' lang='lat' dir='ltr'><strong>Reversusque</strong></span> <span class='ocrx_word' id='word_1_938' title='bbox 2516 4668 2584 4724; x_wconf 91' lang='lat' dir='ltr'><strong>ad</strong></span> <span class='ocrx_word' id='word_1_939' title='bbox 2611 4667 2790 4724; x_wconf 89' lang='lat' dir='ltr'><strong>virum</strong></span> <span class='ocrx_word' id='word_1_940' title='bbox 2841 4667 2939 4723; x_wconf 91' lang='lat' dir='ltr'><strong>Dei</strong></span> <span class='ocrx_word' id='word_1_941' title='bbox 2982 4683 3107 4723; x_wconf 90' lang='lat' dir='ltr'><strong>cum</strong></span> <span class='ocrx_word' id='word_1_942' title='bbox 3140 4668 3396 4724; x_wconf 89' lang='lat' dir='ltr'><strong>universo</strong></span> <span class='ocrx_word' id='word_1_943' title='bbox 3427 4667 3690 4722; x_wconf 88' lang='lat' dir='ltr'><strong>comitatu</strong></span> 
     </span>
    </p>
   </div>
   <div class='ocr_carea' id='block_1_107' title="bbox 2088 4758 3689 4831">
    <p class='ocr_par' dir='ltr' id='par_1_107' title="bbox 2088 4758 3689 4831">
     <span class='ocr_line' id='line_1_107' title="bbox 2088 4758 3689 4831; baseline -0.002 -13"><span class='ocrx_word' id='word_1_944' title='bbox 2088 4777 2222 4830; x_wconf 92' lang='lat' dir='ltr'><strong>suo,</strong></span> <span class='ocrx_word' id='word_1_945' title='bbox 2258 4762 2437 4829; x_wconf 90' lang='lat' dir='ltr'><strong>venit,</strong></span> <span class='ocrx_word' id='word_1_946' title='bbox 2483 4771 2539 4817; x_wconf 91' lang='lat' dir='ltr'><strong>et</strong></span> <span class='ocrx_word' id='word_1_947' title='bbox 2570 4762 2720 4818; x_wconf 89' lang='lat' dir='ltr'><strong>stetit</strong></span> <span class='ocrx_word' id='word_1_948' title='bbox 2748 4776 2935 4818; x_wconf 86' lang='lat' dir='ltr'><strong>coram</strong></span> <span class='ocrx_word' id='word_1_949' title='bbox 2973 4775 3041 4816; x_wconf 89' lang='lat' dir='ltr'><strong>eo</strong></span> <span class='ocrx_word' id='word_1_950' title='bbox 3065 4804 3081 4831; x_wconf 91' lang='lat'><strong>,</strong></span> <span class='ocrx_word' id='word_1_951' title='bbox 3129 4769 3183 4816; x_wconf 90' lang='lat' dir='ltr'><strong>et</strong></span> <span class='ocrx_word' id='word_1_952' title='bbox 3234 4760 3309 4815; x_wconf 91' lang='lat' dir='ltr'><strong>ait</strong></span> <span class='ocrx_word' id='word_1_953' title='bbox 3340 4776 3354 4814; x_wconf 90' lang='lat'><strong>:</strong></span> <span class='ocrx_word' id='word_1_954' title='bbox 3388 4759 3531 4816; x_wconf 88' lang='lat' dir='ltr'><strong>Vere</strong></span> <span class='ocrx_word' id='word_1_955' title='bbox 3573 4758 3689 4815; x_wconf 89' lang='lat' dir='ltr'><strong>scio</strong></span> 
     </span>
    </p>
   </div>
   <div class='ocr_carea' id='block_1_108' title="bbox 2087 4851 3686 4927">
    <p class='ocr_par' dir='ltr' id='par_1_108' title="bbox 2087 4851 3686 4927">
     <span class='ocr_line' id='line_1_108' title="bbox 2087 4851 3686 4927; baseline -0.001 -17"><span class='ocrx_word' id='word_1_956' title='bbox 2087 4854 2233 4927; x_wconf 89' lang='lat' dir='ltr'><strong>quod</strong></span> <span class='ocrx_word' id='word_1_957' title='bbox 2275 4869 2384 4910; x_wconf 92' lang='lat' dir='ltr'><strong>non</strong></span> <span class='ocrx_word' id='word_1_958' title='bbox 2415 4855 2487 4910; x_wconf 92' lang='lat' dir='ltr'><strong>sit</strong></span> <span class='ocrx_word' id='word_1_959' title='bbox 2516 4853 2890 4927; x_wconf 64' lang='lat' dir='ltr'><strong>Deusleulg.</strong></span> <span class='ocrx_word' id='word_1_960' title='bbox 2935 4853 3075 4908; x_wconf 92' lang='lat' dir='ltr'><strong>alius</strong></span> <span class='ocrx_word' id='word_1_961' title='bbox 3124 4851 3293 4924; x_wconf 87' lang='lat' dir='ltr'><strong>Deus]</strong></span> <span class='ocrx_word' id='word_1_962' title='bbox 3341 4852 3395 4908; x_wconf 93' lang='lat' dir='ltr'><strong>in</strong></span> <span class='ocrx_word' id='word_1_963' title='bbox 3426 4852 3686 4908; x_wconf 81' lang='lat' dir='ltr'><strong>universa</strong></span> 
     </span>
    </p>
   </div>
   <div class='ocr_carea' id='block_1_109' title="bbox 2093 4944 3686 5019">
    <p class='ocr_par' dir='ltr' id='par_1_109' title="bbox 2093 4944 3686 5019">
     <span class='ocr_line' id='line_1_109' title="bbox 2093 4944 3686 5019; baseline -0.001 -15"><span class='ocrx_word' id='word_1_964' title='bbox 2093 4956 2243 5004; x_wconf 88' lang='lat' dir='ltr'><strong>terra</strong></span> <span class='ocrx_word' id='word_1_965' title='bbox 2267 4988 2283 5016; x_wconf 90' lang='lat'><strong>,</strong></span> <span class='ocrx_word' id='word_1_966' title='bbox 2317 4947 2425 5005; x_wconf 88' lang='lat' dir='ltr'><strong>nisi</strong></span> <span class='ocrx_word' id='word_1_967' title='bbox 2463 4954 2673 5003; x_wconf 80' lang='lat' dir='ltr'><strong>tantum</strong></span> <span class='ocrx_word' id='word_1_968' title='bbox 2707 4947 2759 5002; x_wconf 92' lang='lat' dir='ltr'><strong>in</strong></span> <span class='ocrx_word' id='word_1_969' title='bbox 2792 4947 2978 5002; x_wconf 75' lang='lat' dir='ltr'><strong>Israel.</strong></span> <span class='ocrx_word' id='word_1_970' title='bbox 3014 4945 3102 5019; x_wconf 73' lang='lat' dir='ltr'><strong>[T.</strong></span> <span class='ocrx_word' id='word_1_971' title='bbox 3142 4944 3412 5018; x_wconf 60' lang='lat' dir='ltr'><strong>CXXIX]</strong></span> <span class='ocrx_word' id='word_1_972' title='bbox 3443 4945 3686 5002; x_wconf 88' lang='lat' dir='ltr'><strong>Obsecro</strong></span> 
     </span>
    </p>
   </div>
   <div class='ocr_carea' id='block_1_110' title="bbox 2093 5039 3692 5114">
    <p class='ocr_par' dir='ltr' id='par_1_110' title="bbox 2093 5039 3692 5114">
     <span class='ocr_line' id='line_1_110' title="bbox 2093 5039 3692 5114; baseline -0.003 -16"><span class='ocrx_word' id='word_1_973' title='bbox 2093 5043 2280 5114; x_wconf 90' lang='lat' dir='ltr'><strong>itaque</strong></span> <span class='ocrx_word' id='word_1_974' title='bbox 2304 5084 2318 5111; x_wconf 91' lang='lat'><strong>,</strong></span> <span class='ocrx_word' id='word_1_975' title='bbox 2348 5050 2409 5098; x_wconf 92' lang='lat' dir='ltr'><strong>ut</strong></span> <span class='ocrx_word' id='word_1_976' title='bbox 2433 5040 2675 5113; x_wconf 85' lang='lat' dir='ltr'><strong>accipias</strong></span> <span class='ocrx_word' id='word_1_977' title='bbox 2714 5039 3156 5097; x_wconf 87' lang='lat' dir='ltr'><strong>benedictionem</strong></span> <span class='ocrx_word' id='word_1_978' title='bbox 3188 5055 3220 5094; x_wconf 90' lang='lat' dir='ltr'><strong>a</strong></span> <span class='ocrx_word' id='word_1_979' title='bbox 3249 5053 3411 5094; x_wconf 90' lang='lat' dir='ltr'><strong>servo</strong></span> <span class='ocrx_word' id='word_1_980' title='bbox 3437 5046 3535 5094; x_wconf 91' lang='lat' dir='ltr'><strong>tuo</strong></span> <span class='ocrx_word' id='word_1_981' title='bbox 3568 5056 3579 5090; x_wconf 93' lang='lat'><strong>:</strong></span> <span class='ocrx_word' id='word_1_982' title='bbox 3618 5039 3692 5094; x_wconf 79' lang='lat' dir='ltr'><strong>At</strong></span> 
     </span>
    </p>
   </div>
   <div class='ocr_carea' id='block_1_111' title="bbox 2089 5133 3678 5208">
    <p class='ocr_par' dir='ltr' id='par_1_111' title="bbox 2089 5133 3678 5208">
     <span class='ocr_line' id='line_1_111' title="bbox 2089 5133 3678 5208; baseline -0.002 -17"><span class='ocrx_word' id='word_1_983' title='bbox 2089 5136 2184 5193; x_wconf 89' lang='lat' dir='ltr'><strong>ille</strong></span> <span class='ocrx_word' id='word_1_984' title='bbox 2215 5135 2498 5208; x_wconf 87' lang='lat' dir='ltr'><strong>respondit</strong></span> <span class='ocrx_word' id='word_1_985' title='bbox 2534 5153 2547 5189; x_wconf 90' lang='lat'><strong>:</strong></span> <span class='ocrx_word' id='word_1_986' title='bbox 2581 5135 2728 5191; x_wconf 86' lang='lat' dir='ltr'><strong>Vivit</strong></span> <span class='ocrx_word' id='word_1_987' title='bbox 2770 5133 3037 5191; x_wconf 90' lang='lat' dir='ltr'><strong>Dominus</strong></span> <span class='ocrx_word' id='word_1_988' title='bbox 3062 5175 3079 5202; x_wconf 89' lang='lat'><strong>,</strong></span> <span class='ocrx_word' id='word_1_989' title='bbox 3111 5142 3240 5190; x_wconf 89' lang='lat' dir='ltr'><strong>ante</strong></span> <span class='ocrx_word' id='word_1_990' title='bbox 3276 5148 3437 5205; x_wconf 92' lang='lat' dir='ltr'><strong>quem</strong></span> <span class='ocrx_word' id='word_1_991' title='bbox 3483 5142 3570 5190; x_wconf 91' lang='lat' dir='ltr'><strong>sto</strong></span> <span class='ocrx_word' id='word_1_992' title='bbox 3601 5133 3678 5205; x_wconf 75' lang='lat'><strong>{11.</strong></span> 
     </span>
    </p>
   </div>
   <div class='ocr_carea' id='block_1_112' title="bbox 2088 5225 3688 5304">
    <p class='ocr_par' dir='ltr' id='par_1_112' title="bbox 2088 5225 3688 5304">
     <span class='ocr_line' id='line_1_112' title="bbox 2088 5225 3688 5304; baseline -0.001 -17"><span class='ocrx_word' id='word_1_993' title='bbox 2088 5230 2257 5304; x_wconf 90' lang='lat' dir='ltr'><strong>steti],</strong></span> <span class='ocrx_word' id='word_1_994' title='bbox 2291 5232 2413 5302; x_wconf 91' lang='lat' dir='ltr'><strong>quia</strong></span> <span class='ocrx_word' id='word_1_995' title='bbox 2446 5246 2557 5287; x_wconf 94' lang='lat' dir='ltr'><strong>non</strong></span> <span class='ocrx_word' id='word_1_996' title='bbox 2587 5229 2876 5298; x_wconf 83' lang='lat' dir='ltr'><strong>accipiam.</strong></span> <span class='ocrx_word' id='word_1_997' title='bbox 2911 5228 3156 5300; x_wconf 89' lang='lat' dir='ltr'><strong>Cumque</strong></span> <span class='ocrx_word' id='word_1_998' title='bbox 3185 5228 3297 5283; x_wconf 93' lang='lat' dir='ltr'><strong>vim</strong></span> <span class='ocrx_word' id='word_1_999' title='bbox 3329 5225 3559 5297; x_wconf 90' lang='lat' dir='ltr'><strong>faceret,</strong></span> <span class='ocrx_word' id='word_1_1000' title='bbox 3590 5243 3688 5300; x_wconf 88' lang='lat' dir='ltr'><strong>pe-</strong></span> 
     </span>
    </p>
   </div>
   <div class='ocr_carea' id='block_1_113' title="bbox 2087 5321 3683 5397">
    <p class='ocr_par' dir='ltr' id='par_1_113' title="bbox 2087 5321 3683 5397">
     <span class='ocr_line' id='line_1_113' title="bbox 2087 5321 3683 5397; baseline -0.001 -16"><span class='ocrx_word' id='word_1_1001' title='bbox 2087 5325 2232 5381; x_wconf 88' lang='lat' dir='ltr'><strong>nitus</strong></span> <span class='ocrx_word' id='word_1_1002' title='bbox 2262 5339 2370 5382; x_wconf 92' lang='lat' dir='ltr'><strong>non</strong></span> <span class='ocrx_word' id='word_1_1003' title='bbox 2411 5323 2700 5397; x_wconf 86' lang='lat' dir='ltr'><strong>acquievit.</strong></span> <span class='ocrx_word' id='word_1_1004' title='bbox 2732 5322 2984 5395; x_wconf 85' lang='lat' dir='ltr'><strong>Dixitque</strong></span> <span class='ocrx_word' id='word_1_1005' title='bbox 3021 5321 3263 5379; x_wconf 90' lang='lat' dir='ltr'><strong>Naaman</strong></span> <span class='ocrx_word' id='word_1_1006' title='bbox 3292 5338 3308 5379; x_wconf 86' lang='lat'><strong>:</strong></span> <span class='ocrx_word' id='word_1_1007' title='bbox 3343 5322 3412 5381; x_wconf 88' lang='lat' dir='ltr'><strong>Ut</strong></span> <span class='ocrx_word' id='word_1_1008' title='bbox 3443 5323 3556 5392; x_wconf 89' lang='lat' dir='ltr'><strong>vis,</strong></span> <span class='ocrx_word' id='word_1_1009' title='bbox 3587 5321 3683 5381; x_wconf 90' lang='lat' dir='ltr'><strong>sed</strong></span> 
     </span>
    </p>
   </div>
   <div class='ocr_carea' id='block_1_114' title="bbox 2167 5516 3688 5593">
    <p class='ocr_par' dir='ltr' id='par_1_114' title="bbox 2167 5516 3688 5593">
     <span class='ocr_line' id='line_1_114' title="bbox 2167 5516 3688 5593; baseline -0.001 -18"><span class='ocrx_word' id='word_1_1010' title='bbox 2167 5516 2194 5556; x_wconf 75' lang='grc' dir='ltr'>ἀ</span> <span class='ocrx_word' id='word_1_1011' title='bbox 2225 5518 2325 5575; x_wconf 78' lang='lat' dir='ltr'><strong>llic</strong></span> <span class='ocrx_word' id='word_1_1012' title='bbox 2350 5535 2483 5576; x_wconf 92' lang='lat' dir='ltr'><strong>vero</strong></span> <span class='ocrx_word' id='word_1_1013' title='bbox 2524 5521 2734 5577; x_wconf 89' lang='lat' dir='ltr'><strong>abludit</strong></span> <span class='ocrx_word' id='word_1_1014' title='bbox 2780 5520 2849 5577; x_wconf 91' lang='lat' dir='ltr'><strong>ab</strong></span> <span class='ocrx_word' id='word_1_1015' title='bbox 2890 5519 3191 5593; x_wconf 85' lang='lat' dir='ltr'><strong>archetypo</strong></span> <span class='ocrx_word' id='word_1_1016' title='bbox 3236 5519 3473 5593; x_wconf 61' lang='lat' dir='ltr'><strong>Hebraeo</strong></span> <span class='ocrx_word' id='word_1_1017' title='bbox 3512 5517 3688 5573; x_wconf 86' lang='lat' dir='ltr'><strong>Vero-</strong></span> 
     </span>
    </p>
   </div>
   <div class='ocr_carea' id='block_1_115' title="bbox 2091 5591 3681 5662">
    <p class='ocr_par' dir='ltr' id='par_1_115' title="bbox 2091 5591 3681 5662">
     <span class='ocr_line' id='line_1_115' title="bbox 2091 5591 3681 5662; baseline -0.001 -17"><span class='ocrx_word' id='word_1_1018' title='bbox 2091 5604 2250 5647; x_wconf 84' lang='lat' dir='ltr'><strong>nens.</strong></span> <span class='ocrx_word' id='word_1_1019' title='bbox 2286 5606 2390 5647; x_wconf 90' lang='lat' dir='ltr'><strong>ms.</strong></span> <span class='ocrx_word' id='word_1_1020' title='bbox 2426 5600 2611 5648; x_wconf 88' lang='lat' dir='ltr'><strong>tacens</strong></span> <span class='ocrx_word' id='word_1_1021' title='bbox 2650 5608 2851 5649; x_wconf 90' lang='lat' dir='ltr'><strong>nomen</strong></span> <span class='ocrx_word' id='word_1_1022' title='bbox 2881 5591 3098 5658; x_wconf 73' lang='lat' dir='ltr'><strong>Israel,</strong></span> <span class='ocrx_word' id='word_1_1023' title='bbox 3123 5601 3179 5647; x_wconf 90' lang='lat' dir='ltr'><strong>et</strong></span> <span class='ocrx_word' id='word_1_1024' title='bbox 3218 5591 3383 5662; x_wconf 90' lang='lat' dir='ltr'><strong>paulo</strong></span> <span class='ocrx_word' id='word_1_1025' title='bbox 3406 5599 3537 5662; x_wconf 78' lang='lat' dir='ltr'><strong>post</strong></span> <span class='ocrx_word' id='word_1_1026' title='bbox 3560 5606 3681 5662; x_wconf 68' lang='lat' dir='ltr'><strong>ego.</strong></span> 
     </span>
    </p>
   </div>
   <div class='ocr_carea' id='block_1_116' title="bbox 2163 5660 3685 5733">
    <p class='ocr_par' dir='ltr' id='par_1_116' title="bbox 2163 5660 3685 5733">
     <span class='ocr_line' id='line_1_116' title="bbox 2163 5660 3685 5733; baseline -0.001 -16"><span class='ocrx_word' id='word_1_1027' title='bbox 2163 5674 2187 5700; x_wconf 67' lang='grc' dir='ltr'><strong>ι’</strong></span> <span class='ocrx_word' id='word_1_1028' title='bbox 2219 5662 2365 5719; x_wconf 84' lang='lat' dir='ltr'><strong>Idem</strong></span> <span class='ocrx_word' id='word_1_1029' title='bbox 2390 5679 2494 5719; x_wconf 92' lang='lat' dir='ltr'><strong>ms.</strong></span> <span class='ocrx_word' id='word_1_1030' title='bbox 2519 5666 2753 5719; x_wconf 80' lang='lat' dir='ltr'><strong>omnibus</strong></span> <span class='ocrx_word' id='word_1_1031' title='bbox 2774 5666 2863 5733; x_wconf 85' lang='lat' dir='ltr'><strong>qui</strong></span> <span class='ocrx_word' id='word_1_1032' title='bbox 2888 5665 3087 5719; x_wconf 78' lang='lat' dir='ltr'><strong>suntin</strong></span> <span class='ocrx_word' id='word_1_1033' title='bbox 3114 5660 3305 5728; x_wconf 72' lang='lat' dir='ltr'><strong>lu‘del,</strong></span> <span class='ocrx_word' id='word_1_1034' title='bbox 3334 5660 3685 5733; x_wconf 79' lang='lat' dir='ltr'><strong>subintellige</strong></span> 
     </span>
    </p>
   </div>
   <div class='ocr_carea' id='block_1_117' title="bbox 2083 5731 3678 5803">
    <p class='ocr_par' dir='ltr' id='par_1_117' title="bbox 2083 5731 3678 5803">
     <span class='ocr_line' id='line_1_117' title="bbox 2083 5731 3678 5803; baseline -0.001 -15"><span class='ocrx_word' id='word_1_1035' title='bbox 2083 5734 2290 5803; x_wconf 77' lang='lat' dir='ltr'><strong>ﬂuviis,</strong></span> <span class='ocrx_word' id='word_1_1036' title='bbox 2324 5743 2388 5791; x_wconf 91' lang='lat' dir='ltr'><strong>ut</strong></span> <span class='ocrx_word' id='word_1_1037' title='bbox 2420 5748 2571 5791; x_wconf 89' lang='lat' dir='ltr'><strong>recte</strong></span> <span class='ocrx_word' id='word_1_1038' title='bbox 2614 5731 2811 5795; x_wconf 85' lang='lat' dir='ltr'><strong>habeat</strong></span> <span class='ocrx_word' id='word_1_1039' title='bbox 2842 5753 2855 5792; x_wconf 91' lang='lat'><strong>:</strong></span> <span class='ocrx_word' id='word_1_1040' title='bbox 2886 5735 3101 5794; x_wconf 85' lang='lat' dir='ltr'><strong>tametsi</strong></span> <span class='ocrx_word' id='word_1_1041' title='bbox 3148 5733 3378 5793; x_wconf 89' lang='lat' dir='ltr'><strong>incurrit</strong></span> <span class='ocrx_word' id='word_1_1042' title='bbox 3404 5733 3461 5791; x_wconf 91' lang='lat' dir='ltr'><strong>in</strong></span> <span class='ocrx_word' id='word_1_1043' title='bbox 3488 5731 3678 5790; x_wconf 68' lang='lat' dir='ltr'><strong>oculos</strong></span> 
     </span>
    </p>
   </div>
   <div class='ocr_carea' id='block_1_118' title="bbox 2080 5805 2642 5883">
    <p class='ocr_par' dir='ltr' id='par_1_118' title="bbox 2080 5805 2642 5883">
     <span class='ocr_line' id='line_1_118' title="bbox 2080 5805 2642 5883; baseline 0.007 -22"><span class='ocrx_word' id='word_1_1044' title='bbox 2080 5805 2375 5878; x_wconf 86' lang='lat' dir='ltr'><strong>antiquarii</strong></span> <span class='ocrx_word' id='word_1_1045' title='bbox 2404 5807 2610 5879; x_wconf 88' lang='lat' dir='ltr'><strong>lapsus.</strong></span> <span class='ocrx_word' id='word_1_1046' title='bbox 2639 5876 2642 5883; x_wconf 25' lang='grc' dir='ltr'>δ</span> 
     </span>
    </p>
   </div>
  </div>
