3964 6344
401 244 501 308 ’131
1384 243 1447 304 S.
1491 241 1878 303 HIERONYMI
1921 240 2162 302 DIVINA
2199 241 2685 302 BIBLIOTIIECA.
3600 241 3706 302 752

403 366 677 436 obsecro,
720 362 967 422 concede
1011 361 1148 420 mihi
1195 375 1356 419 servo
1387 368 1499 429 tuo,
1546 371 1604 418 ut
1644 361 1833 418 tollam
1861 376 1999 419 onus
2025 361 2390 427 Amateriam
2438 363 2804 434 succidisset,
2854 362 3082 421 caderet
3128 362 3328 421 ferrum
3388 369 3602 423 securis
3651 367 3706 423 in

410 461 645 516 duorum
717 459 1026 514 hurdonum
1075 456 1156 530 [h.
1202 453 1499 528 mulorum]
1547 454 1616 512 de
1659 461 1808 512 terra
1844 472 1858 510 :
1897 469 2008 513 non
2109 471 2304 528 aquam
2340 476 2353 514 :
2383 460 2818 530 exclamavitque
2847 461 2964 525 ille,
2992 468 3046 515 et
3072 459 3149 515 ait
3178 478 3191 514 :
3224 470 3246 500 ο
3277 459 3450 528 Eheu,
3481 460 3707 518 domine

420 557 567 613 enim
602 555 764 611 faciet
805 555 947 611 ultra
995 567 1187 608 servus
1217 562 1339 606 tuus
1383 550 1760 606 holocaustum
1799 558 1894 607 aut
1926 549 2012 605 vi-
2111 552 2216 618 mi,
2242 551 2428 609 ethoc
2460 553 2638 624 ipsum
2688 561 2882 608 mutuo
2931 567 3272 622 acceperam.
3329 554 3477 610 Dixit
3523 567 3707 611 autem

421 649 638 704 etimam
675 647 780 704 diis
811 646 1028 713 alienis,
1055 643 1160 701 nisi
1185 643 1434 701 Domino.
1477 642 1593 700 Hoc
1618 652 1798 700 autem
1831 643 2011 700 solum
2108 645 2275 702 homo
2315 647 2409 703 Dei
2460 645 2540 719 [h.
2572 646 2658 719 vir
2680 646 2800 718 Dei]
2840 664 2852 700 :
2887 646 2989 704 Ubi
3033 646 3273 704 cecidit?
3303 648 3374 704 At
3415 649 3504 704 ille
3550 663 3710 704 mon-

422 751 506 799 est
531 786 545 811 ,
578 741 646 796 de
675 754 783 810 quo
816 737 1133 810 depreceris
1185 736 1471 792 Dominum
1523 753 1623 808 pro
1666 752 1828 794 servo
1871 746 1966 793 tuo
1992 777 2008 804 ,
2111 740 2369 797 stravitei
2393 717 2593 796 locum.
2619 717 2703 813 ['I‘.
2727 739 3012 815 CXXXII]
3045 741 3444 813 Prmciditergo
3469 742 3701 812 lignum,

427 834 648 907 quando
681 833 1017 905 ingredietur
1059 831 1187 906 [Ms.
1229 831 1549 905 ingreditur]
1577 830 1828 888 dominus
1857 845 2011 887 meus
2117 839 2175 888 et
2224 834 2374 889 misit
2423 831 2501 907 [h.
2543 842 2600 890 et
2636 833 2788 906 jecit]
2818 833 2946 890 illuc
2978 852 2992 888 :
3026 836 3344 907 natavitque
3374 837 3577 892 ferrum
3610 882 3623 907 ,
3656 845 3715 894 et

424 929 686 998 templum
716 927 1002 994 Rcmmon,
1028 937 1088 983 ut
1113 925 1327 994 adoret,
1355 935 1411 983 et
1440 927 1537 983 illo
1561 926 1828 982 innitente
1848 940 2014 996 super
2112 926 2190 982 ait
2215 943 2228 980 :
2253 926 2427 982 Tolle.
2478 925 2580 995 Qui
2604 927 2856 984 extendit
2904 944 3123 984 manum
3151 974 3164 998 ,
3197 939 3252 986 et
3293 930 3414 986 tulit
3445 930 3575 1004 [315.
3618 932 3718 988 ad-

427 1039 646 1079 manum
684 1037 862 1078 meam
891 1065 906 1088 ,
939 1023 983 1078 si
1013 1021 1317 1079 adoravero
1356 1023 1408 1077 in
1449 1021 1653 1092 templo
1697 1020 1968 1077 Remmon
1996 1059 2012 1085 ,
2115 1019 2262 1092 tulit]
2291 1019 2442 1076 illud.
2468 1019 2583 1077 Rex
2606 1029 2789 1078 autem
2811 1021 2985 1095 Syria:
3014 1023 3288 1095 pugnabat
3309 1034 3494 1080 contra
3522 1025 3718 1092 Israel,

427 1114 687 1172 adorante
713 1130 779 1170 eo
810 1113 939 1188 [.ils.
971 1123 1102 1169 tacet
1130 1114 1220 1187 eo]
1256 1114 1311 1170 in
1342 1112 1540 1170 eodem
1585 1113 1706 1168 loco
1728 1154 1743 1179 ,
1774 1119 1831 1167 ut
1867 1111 2019 1182 igno-
2118 1113 2516 1186 consiliumque
2545 1114 2660 1170 iniit
2687 1129 2808 1170 cum
2839 1116 3013 1172 servis
3053 1116 3194 1182 suis,
3228 1115 3422 1171 dicens
3460 1135 3473 1170 :
3505 1117 3562 1172 In
3593 1119 3720 1172 loco

425 1219 546 1266 scat
593 1208 726 1265 mihi
773 1205 1036 1263 Dominus
1062 1222 1222 1263 servo
1252 1217 1345 1262 tuo
1376 1203 1503 1280 [Μδ.
1533 1203 1653 1278 suo]
1679 1219 1778 1276 pro
1814 1203 1917 1259 hac
1958 1216 2018 1258 re
2115 1208 2210 1266 illo
2255 1218 2312 1266 et
2354 1207 2446 1264 illo
2492 1224 2760 1279 ponamus
2805 1210 3050 1266 insidias.
3096 1209 3184 1282 [Τ.
3217 1208 3534 1283 CXXXIII.]
3564 1210 3722 1265 Misit

425 1303 504 1377 [h.
538 1302 642 1358 nisi
673 1301 927 1357 Domino.
957 1299 1026 1357 Et
1056 1317 1153 1372 pro
1184 1301 1285 1356 hac
1316 1315 1376 1356 re
1404 1301 1646 1371 ignoscet
1671 1297 1804 1353 mihi
1835 1295 2019 1351 Domi-
2119 1302 2304 1373 itaque
2333 1301 2418 1358 vir
2443 1303 2543 1359 Dei
2583 1302 2652 1357 ad
2702 1319 2886 1374 regem
2935 1301 3102 1360 Israel
3130 1350 3144 1373 ,
3176 1303 3365 1360 dicens
3395 1321 3409 1359 :
3435 1302 3616 1369 Cave',
3651 1317 3725 1360 ne

417 1403 533 1450 ‘nus
580 1409 743 1450 servo
789 1403 882 1450 tuo
910 1439 925 1462 ,
959 1393 1175 1464 quando
1221 1392 1500 1464 ingressus
1542 1390 1708 1446 fuerit
1755 1387 2020 1444 Dominus
2120 1402 2370 1451 transeas
2415 1395 2468 1449 in
2515 1393 2694 1451 locum
2737 1395 2886 1451 illum
2925 1395 3094 1465 :quia
3138 1395 3214 1450 ibi
3244 1395 3367 1468 Syri
3416 1397 3470 1451 in
3512 1395 3725 1451 insidiis

424 1501 577 1542 meus
612 1486 835 1542 domum
881 1486 1150 1542 Remmon
1181 1528 1196 1554 ,
1235 1497 1294 1542 ut
1333 1486 1531 1541 adoret
1561 1483 1678 1550 ibi,
1718 1492 1774 1540 et
1813 1482 2022 1538 innisus
2123 1495 2268 1542 sunt.
2317 1485 2464 1542 Misit
2511 1489 2696 1558 itaque
2747 1485 2874 1559 [Μδ.
2906 1496 3039 1542 tacet
3068 1487 3275 1558 itaque]
3307 1503 3401 1541 rex
3441 1485 3610 1542 Israel
3657 1485 3725 1540 ad

427 1579 592 1635 fuerit
629 1595 792 1650 super
825 1595 1042 1635 manum
1090 1595 1268 1636 meam
1296 1621 1311 1646 ,
1355 1579 1401 1634 si
1440 1579 1746 1634 adoravero
1777 1577 1830 1632 in
1859 1577 2022 1632 domo
2124 1578 2302 1633 locum
2322 1592 2483 1646 quem
2504 1577 2716 1633 dixerat
2739 1577 2789 1632 ei
2813 1577 2896 1632 vir
2919 1577 3038 1641 Dei,
3061 1586 3118 1633 et
3142 1579 3543 1649 praeocwpavit
3571 1576 3651 1650 [h.
3673 1585 3730 1632 et

426 1676 722 1743 Remmon,
747 1675 1012 1730 adorante
1035 1690 1121 1729 me
1145 1674 1199 1730 in
1221 1674 1413 1730 eodem
1440 1674 1583 1739 loco,
1615 1674 1861 1744 ignoscet
1891 1672 2022 1726 mihi
2123 1669 2334 1744 rapuit]
2367 1687 2489 1727 eum
2517 1713 2533 1740 ,
2564 1680 2619 1728 et
2643 1672 2962 1729 observavit
3000 1688 3060 1728 se
3091 1673 3163 1728 ibi
3209 1687 3316 1728 non
3348 1675 3515 1729 semel
3553 1689 3730 1743 neque

432 1769 695 1824 Dominus
723 1783 884 1824 servo
915 1779 1006 1824 tuo
1035 1785 1135 1840 pro
1165 1770 1265 1824 hac
1291 1766 1395 1840 re].
1429 1766 1533 1835 Qui
1562 1767 1699 1823 dixit
1731 1766 1782 1823 ei
1815 1782 1830 1821 :
1871 1765 2020 1822 Vade
2051 1758 2098 1820 Β
2126 1765 2231 1822 bis.
2259 1765 2764 1838 Conturbatumque
2793 1779 2876 1822 est
2907 1782 3003 1824 cor
3024 1769 3167 1839 regis
3188 1767 3360 1840 Syrire
3385 1784 3481 1838 pro
3504 1784 3565 1824 re
3587 1768 3691 1824 huc
3716 1788 3726 1822 :

429 1863 482 1917 in
535 1875 692 1933 pace.
743 1861 892 1918 Abiit
933 1877 1065 1932 ergo
1090 1863 1158 1917 ab
1196 1878 1264 1919 eo
1313 1862 1492 1919 electo
1539 1873 1698 1918 terrae
1749 1870 2017 1932 tempore.

433 1956 519 2030 [Τ.
553 1954 794 2029 CXXX]
827 1956 1076 2028 Dixitque
1119 1956 1267 2013 Giezi
1301 1972 1434 2026 puer
1460 1955 1562 2010 viri
1597 1954 1694 2009 Dei
1727 1971 1739 2010 :
1771 1953 2020 2024 Pepercit

431 2049 687 2106 dominus
728 2065 882 2106 meus
924 2049 1162 2105 Naaman
1195 2049 1336 2122 Syro
1366 2048 1454 2106 isti
1481 2090 1494 2116 ,
1525 2057 1584 2104 ut
1613 2063 1721 2104 non
1749 2047 2029 2118 acciperet

434 2146 504 2201 ab
535 2161 601 2202 eo
625 2162 747 2217 quae
774 2145 954 2201 attulit
981 2162 995 2200 :
1028 2145 1156 2201 vivit
1183 2145 1469 2208 Dominus,
1499 2144 1628 2212 quia
1654 2158 1873 2200 curram
1905 2151 2028 2213 post

437 2255 584 2308 eum,
610 2248 665 2294 et
688 2238 947 2310 accipiam
976 2237 1045 2293 ab
1071 2253 1140 2294 eo
1170 2236 1398 2308 aliquid.
1428 2237 1496 2292 Et
1521 2243 1742 2292 secutus
1770 2245 1854 2291 est
1879 2232 2030 2290 Ciezi

438 2341 559 2401 post
603 2341 811 2401 tergum
855 2329 1096 2386 Naaman
1127 2347 1140 2384 :
1167 2345 1329 2397 quem
1380 2345 1503 2386 cum
1546 2328 1772 2384 vidisset
1826 2337 1852 2365 α
1907 2343 2033 2382 cur-

435 2431 642 2478 rentem
673 2422 738 2477 ad
763 2437 846 2491 se,
877 2422 1081 2478 desiliit
1109 2422 1177 2478 de
1208 2437 1372 2477 curru
1402 2422 1454 2476 in
1484 2435 1774 2477 occursum
1805 2420 1943 2492 ejus,
1979 2429 2035 2475 et

433 2517 511 2570 ait
549 2534 562 2570 :
595 2516 841 2573 ﬂeeteue
891 2525 1020 2572 sunt
1068 2516 1248 2571 omnia
1295 2515 1372 2589 [h.
1407 2514 1599 2571 Nonne
1630 2530 1737 2586 pax
1786 2513 1935 2588 est]?
1969 2514 2036 2570 Et

440 2611 531 2665 ille
563 2611 640 2665 ait
675 2627 688 2665 :
719 2611 912 2667 Recte.
958 2610 1221 2666 Dominus
1265 2625 1419 2666 meus
1464 2609 1615 2665 misit
1656 2607 1792 2664 meb
1824 2610 1890 2662 ad
1941 2618 1994 2664 te
2018 2652 2032 2674 ,

436 2705 624 2758 dicens
656 2719 670 2757 :
701 2701 862 2758 Modo
910 2713 1180 2758 venerunt
1231 2701 1298 2755 ad
1347 2716 1435 2757 me
1487 2700 1596 2755 duo
1646 2699 2039 2756 adolescentes

439 2799 516 2872 [h.
548 2797 727 2870 pueri]
757 2799 825 2853 de
869 2809 1058 2853 monte
1103 2796 1363 2866 Ephraim
1392 2837 1407 2863 ,
1451 2811 1520 2851 ex
1562 2794 1688 2851 filiis
1743 2796 2037 2865 propheta-

439 2907 557 2947 rmn
591 2908 604 2944 :
632 2891 700 2946 da
731 2891 810 2946 eis
837 2890 1106 2945 talentum
1138 2889 1392 2960 argenti,
1421 2896 1477 2944 et
1499 2896 1681 2943 vestes
1711 2885 2037 2942 mutator-ias

440 2987 710 3057 duplices.
757 2985 1015 3055 Dixitque
1056 2983 1298 3038 Naaman
1331 2999 1345 3038 :
1379 2981 1569 3038 Melius
1600 2990 1685 3037 est
1715 2990 1774 3036 ut
1803 2980 2040 3051 accipias

442 3082 552 3136 duo
584 3080 807 3136 talenta.
859 3081 929 3138 Et
954 3080 1135 3151 coegit
1174 3094 1298 3134 eum
1327 3125 1340 3148 ,
1375 3077 1669 3148 ligavitquc
1696 3077 1805 3133 duo
1836 3076 2040 3132 talenta

2129 1865 2185 1914 et
2213 1861 2529 1914 convocatis
2561 1859 2739 1914 servis
2782 1860 2896 1916 suis
2923 1904 2938 1930 ,
2971 1861 3048 1915 ait
3080 1876 3095 1917 :
3128 1861 3306 1928 Quare
3339 1877 3444 1916 non
3479 1862 3732 1917 indicatis

2130 1949 2259 2025 [Με.
2293 1952 2595 2024 indicastis]
2625 1952 2759 2008 mihi
2786 1954 2909 2025 quis
2948 1955 3197 2025 proditor
3228 1957 3333 2010 mei
3365 1957 3436 2010 sit
3475 1956 3620 2026 apud
3650 1972 3736 2011 re-

2129 2050 2251 2117 gem
2287 2045 2489 2101 Israel?
2519 2046 2773 2118 Dixitque
2823 2064 2963 2103 unus
3013 2063 3298 2104 servorum
3330 2049 3448 2117 ejus
3477 2067 3488 2101 :
3515 2049 3734 2119 Nequa-

2132 2153 2316 2209 quam,
2342 2138 2565 2194 domine
2591 2139 2661 2194 mi
2691 2154 2811 2207 rex,
2843 2141 2937 2196 sed
2963 2140 3196 2197 Elisaaus
3220 2141 3508 2212 prOpheta,
3534 2142 3624 2211 qui
3654 2149 3739 2196 est

2133 2230 2186 2286 in
2220 2231 2422 2300 Israel,
2456 2233 2658 2288 indicat
2686 2234 2802 2305 regi
2839 2233 3008 2291 Israel
3051 2237 3231 2290 omnia
3266 2238 3430 2291 verba
3459 2251 3736 2308 quaecum-

2132 2341 2241 2397 que
2273 2327 2483 2382 locutus
2507 2326 2674 2383 fueris
2706 2329 2760 2382 in
2789 2328 3037 2384 conclavi
3067 2339 3180 2385 tuo.
3215 2328 3470 2399 Dixitque
3499 2329 3582 2384 eis
3621 2346 3631 2378 :
3661 2327 3741 2383 Ite

2138 2433 2193 2480 et
2217 2424 2396 2480 videte
2416 2424 2503 2480 ubi
2532 2425 2638 2480 sit:
2669 2432 2726 2480 ut
2752 2425 2985 2490 mittam,
3011 2432 3066 2480 et
3090 2426 3303 2496 capiam
3330 2441 3476 2480 cum.
3509 2424 3741 2479 Annua.

2139 2517 2520 2588 tiaveruutque
2566 2518 2616 2574 ei
2667 2516 2795 2590 [Ms.
2846 2528 2978 2573 tacet
3025 2519 3096 2591 ei]
3137 2518 3386 2574 dicentes
3433 2538 3444 2571 :
3491 2517 3630 2574 Ecce
3687 2517 3738 2572 in

2139 2609 2374 2664 Duthan‘.
2403 2609 2543 2665 Misit
2565 2625 2695 2680 ergo
2719 2609 2847 2665 illuc
2870 2626 3040 2680 equos
3067 2619 3119 2666 et
3145 2626 3335 2666 currus
3365 2609 3442 2683 [h.
3466 2610 3741 2681 currum].

2141 2711 2196 2757 et
2237 2703 2404 2756 robur
2441 2704 2713 2758 exercitus
2743 2721 2754 2756 :
2785 2703 2877 2773 qui
2907 2718 3030 2758 cum
3059 2704 3337 2759 venissent
3379 2715 3539 2759 nocte
3566 2746 3582 2768 ,
3623 2705 3743 2758 cir-

2143 2794 2539 2850 cumdederunt
2565 2796 2862 2851 civitatem.
2903 2795 3258 2867 Consurgeus
3289 2807 3469 2851 autem
3499 2795 3745 2850 diluculo

2146 2887 2398 2943 minister
2428 2888 2531 2941 viri
2562 2887 2691 2952 Dei,
2723 2901 2974 2959 egressus
3005 2898 3129 2957 est,
3160 2887 3402 2959 viditque
3435 2888 3744 2944 exercitum

2147 2978 2200 3032 in
2231 2979 2460 3033 circuitu
2483 2978 2745 3044 civitatis,
2772 2989 2827 3034 et
2850 2994 3019 3050 equos
3046 2987 3102 3035 et
3125 2994 3320 3035 currus
3351 2979 3428 3052 [h.
3453 2977 3703 3050 currum]
3730 2996 3744 3033 :

2148 3073 2533 3146 nuntiavitque
2581 3074 2632 3129 ei
2674 3073 2801 3146 [Με.
2834 3082 2966 3129 Iacet
3005 3073 3116 3146 ei],
3146 3075 3333 3130 dicens
3369 3092 3382 3128 :
3419 3073 3614 3136 Eheu,
3650 3074 3749 3128 do-

441 3174 652 3245 argenti
686 3174 739 3229 in
773 3174 989 3230 duobus
1019 3173 1219 3242 saccis,
1255 3180 1310 3227 et
1337 3171 1574 3242 duplicia
1605 3171 1950 3236 vestimenta,
1987 3179 2042 3225 et
2070 3161 2116 3226 C
2149 3168 2294 3224 mine
2324 3169 2434 3237 mi,
2461 3167 2588 3239 quid
2620 3167 2919 3223 faciemus?
2946 3168 3133 3224 Atille
3162 3166 3443 3238 respondit
3473 3184 3486 3220 :
3520 3163 3646 3221 Noli
3678 3165 3745 3220 ti—

445 3268 705 3338 imposuit
729 3267 946 3322 duobus
976 3265 1162 3336 pueris
1192 3265 1327 3328 suis,
1359 3265 1452 3334 qui
1484 3273 1537 3318 et
1568 3271 1923 3334 portaverunt
1951 3275 2044 3317 co-

448 3376 563 3415 ram
595 3376 681 3416 eo.
724 3359 973 3430 Cumque
1002 3358 1244 3414 venisset
1271 3356 1384 3427 jam
1415 3355 1544 3428 [Ms.
1577 3354 1762 3428 etiam]
1794 3352 2043 3422 veSperi,

447 3453 574 3507 tulit
605 3451 673 3508 de
704 3467 869 3507 manu
902 3466 1115 3518 eorum,
1144 3457 1200 3506 et
1230 3448 1477 3518 reposuit
1503 3446 1560 3503 in
1587 3447 1771 3514 domo,
1803 3445 2046 3502 dimisit-

447 3562 551 3613 quc
582 3544 755 3612 viros,
788 3554 843 3602 et
872 3544 1146 3600 abierunt.
1179 3543 1303 3612 Ipse
1327 3551 1509 3597 autem
1551 3540 1828 3612 ingressus
1850 3579 1864 3603 ,
1899 3538 2050 3594 stetit

449 3653 633 3692 coram
668 3636 893 3693 domino
935 3651 1060 3692 suo.
1102 3631 1475 3709 [T.CXXXI.]
1509 3633 1576 3688 Et
1607 3631 1743 3687 dixit
1771 3631 2000 3686 Elisazus
2032 3646 2046 3685 :

451 3730 605 3786 l'nde
653 3731 794 3784 venis
836 3729 914 3802 [h.
941 3746 1049 3786 non
1095 3726 1318 3798 habet],
1349 3725 1550 3783 Giezi?
1591 3725 1695 3792 Qui
1722 3724 2050 3794 respondit:

452 3825 569 3880 Non
608 3823 713 3878 ivit
752 3837 944 3880 servus
984 3834 1109 3878 tuus
1146 3837 1416 3894 quoquam
1468 3819 1599 3894 [Με.
1632 3818 1948 3892 quaquam].
1985 3821 2054 3873 At

460 3917 549 3971 illc
579 3936 592 3972 :
621 3915 836 3981 Nonne,
857 3916 953 3982 ait,
980 3930 1078 3970 cor
1105 3916 1352 3970 incumin
1378 3915 1634 3985 praesenti
1661 3921 1801 3981 erat,
1828 3911 2047 3981 quando

458 4023 712 4064 reversus
743 4017 827 4063 est
873 4009 1036 4062 homo
1068 4007 1147 4078 [h.
1181 4007 1282 4080 vir]
1313 4007 1382 4063 de
1425 4022 1586 4062 curru
1619 4021 1718 4062 suo
1759 4005 1812 4060 in
1853 4018 2048 4060 occur-

458 4117 580 4156 sum
604 4100 718 4156 tui?
739 4099 894 4155 Nunc
917 4099 1082 4172 igitur
1105 4100 1362 4170 accepisti
1386 4111 1689 4169 argentum,
1714 4106 1768 4153 et
1790 4095 2053 4166 accepisti

459 4205 644 4249 chtes
668 4233 684 4260 ,
716 4203 769 4248 ut
804 4207 957 4248 emas
986 4191 1188 4248 oliveta
1215 4201 1271 4247 et
1297 4192 1478 4246 vineta
1511 4189 1698 4262 [γαίῃ.
1732 4187 1971 4258 vineas],
2000 4197 2056 4243 et

461 4303 613 4354 oves,
645 4297 700 4344 et
733 4286 938 4352 boves,
969 4293 1024 4341 et
1055 4300 1266 4354 servos,
1300 4295 1354 4339 et
1383 4283 1627 4339 ancillas.
1676 4283 1786 4340 Sed
1820 4294 1874 4338 et
1906 4283 2054 4354 lepra

460 4381 702 4436 Naaman
731 4379 1036 4434 adlimrcbit
1076 4376 1204 4450 [Με.
1237 4375 1434 4446 aderit]
1469 4373 1566 4430 tibi
1594 4416 1608 4440 ,
1650 4383 1705 4430 et
1735 4374 1931 4430 semini
1965 4384 2056 4430 tuo

463 4475 514 4529 in
567 4474 984 4544 sempiternum.
1039 4472 1109 4528 Et
1153 4485 1409 4542 egressus
1456 4480 1542 4527 est
1588 4468 1658 4524 ab
1688 4483 1753 4524 eo
1799 4468 2056 4540 leprosus

463 4569 618 4640 quasi
652 4567 766 4622 uix.

531 4663 682 4735 lCap.
719 4661 829 4734 VL]
861 4663 1133 4717 Dixerunt
1180 4669 1362 4717 autem
1409 4659 1506 4715 ﬁlii
1553 4658 1940 4732 prophetarum
1985 4657 2054 4713 ad

465 4755 725 4812 Eliszeum
763 4772 776 4812 :
813 4755 952 4812 Ecce
997 4755 1151 4810 locus
1200 4753 1254 4808 in
1286 4769 1394 4825 quo
1439 4753 1747 4810 habitamus
1787 4767 1972 4807 coram
2007 4758 2060 4807 te

469 4859 728 4922 angustus
755 4857 839 4906 est
863 4847 1041 4906 nobis.
1091 4848 1293 4904 Eamus
1333 4862 1502 4919 usque
1532 4846 1598 4902 ad
1633 4846 1930 4903 Iordanem
1961 4887 1974 4911 ,
2005 4858 2061 4903 et

467 4944 722 4999 tollamus
751 4944 882 5018 [Μδ.
911 4952 959 4998 et
1000 4941 1152 5016 Vulg.
1188 4940 1396 5012 tollam]
1427 4940 1630 5010 singuli
1660 4941 1728 4995 de
1770 4940 1911 4995 silva
1943 4951 2061 4995 ma-

469 5037 634 5092 terias
662 5036 941 5105 singulas,
985 5046 1042 5090 ut
1078 5035 1410 5091 mdilicemus
1447 5034 1605 5089 nobis
1647 5033 1725 5088 ibi
1767 5033 1946 5090 locum
1989 5033 2058 5088 ad

470 5127 848 5183 habitandum.
892 5129 993 5196 Qui
1017 5127 1156 5183 dixit
1188 5144 1202 5181 :
1235 5127 1333 5182 Ite.
1378 5125 1448 5182 Et
1489 5126 1567 5180 ait
1612 5141 1752 5181 unus
1792 5141 1858 5181 ex
1901 5123 2056 5180 illis:

467 5222 605 5277 Veni
635 5236 769 5293 ergo
808 5231 863 5276 et
910 5233 964 5276 tu
995 5236 1119 5276 cum
1165 5222 1344 5277 servis
1391 5220 1522 5276 tuis.
1569 5217 1917 5290 Respondit:
1949 5217 2062 5289 Ego

468 5317 706 5372 veniam.
738 5315 806 5370 Et
827 5316 960 5370 abiit
981 5331 1103 5370 cum
1130 5317 1229 5373 eis.
1263 5316 1509 5386 Cumque
1534 5315 1816 5371 venissent
1844 5313 1912 5369 ad
1942 5314 2066 5369 Jor-

465 5410 690 5479 dauem,
721 5407 1008 5466 caedebant
1029 5409 1190 5481 ligna.
1216 5409 1432 5468 Accidit
1455 5420 1667 5477 autem,
1691 5416 1749 5464 ut
1771 5421 1895 5482 cum
1924 5420 2068 5464 unus

536 5586 560 5616 η
593 5576 809 5634 Sufficit
849 5573 1161 5631 Veronens.
1205 5591 1311 5630 ms.
1356 5591 1476 5631 cum
1510 5573 1757 5642 Vulgatis
1793 5569 1906 5626 ille.
1951 5569 2059 5627 He-

462 5652 652 5709 bra‘us
685 5651 864 5718 ipsum
900 5655 1099 5716 repetit
1131 5662 1328 5702 nomen
1364 5646 1668 5718 Nahamutt.

540 5722 568 5760 δ
601 5715 838 5777 γυόιιιεις
887 5715 1075 5781 ad'te,
1120 5734 1239 5790 qua;
1280 5734 1456 5790 neque
1487 5718 1544 5777 in
1589 5715 1820 5776 Hebraeo
1867 5722 2067 5776 sonant

470 5792 786 5852 Veronens.
818 5808 922 5852 ms.
957 5789 1352 5868 praetermittit.
1372 5789 1390 5864 ί

2150 3277 2300 3319 mere
2329 3281 2341 3316 :
2376 3263 2559 3334 plures
2589 3265 2736 3319 enim
2781 3264 3065 3319 nobiscum
3111 3271 3424 3332 suntquam
3455 3277 3584 3316 cum
3621 3260 3748 3314 illis.

2150 3357 2397 3428 Cumque
2423 3367 2635 3413 orasset
2663 3357 2916 3422 Elisaeus,
2949 3358 3027 3411 ait
3055 3375 3067 3409 :
3095 3356 3345 3420 Domine,
3375 3355 3524 3425 aperi
3559 3355 3752 3410 oculos

2153 3452 2312 3522 hujus
2335 3493 2350 3517 ,
2385 3460 2445 3506 ut
2471 3450 2670 3506 videat.
2702 3450 2773 3506 Et
2801 3451 3013 3522 aperuit
3043 3451 3306 3506 Dominus
3331 3450 3522 3504 oculos
3551 3447 3749 3520 pueri,

2152 3555 2204 3600 et
2228 3544 2363 3599 vidit
2387 3562 2400 3598 :
2427 3553 2631 3600 eteecc
2658 3560 2816 3600 mons
2848 3545 3040 3615 plenus
3072 3558 3368 3615 equorum,
3401 3550 3457 3598 et
3486 3557 3749 3599 curruum

2154 3638 2438 3706 igueorum
2465 3679 2481 3705 ,
2516 3639 2569 3692 in
2601 3638 2838 3693 circuitu
2870 3637 3075 3693 Elismi.
3119 3635 3317 3692 Hostes
3348 3652 3477 3691 vero
3512 3635 3754 3691 descen-

2153 3732 2351 3788 derunt
2376 3733 2454 3805 [h.
2483 3749 2588 3788 non
2613 3731 2778 3786 habet
2802 3731 2989 3787 hostes
3011 3745 3164 3802 vero,
3188 3729 3301 3799 sed,
3324 3727 3754 3799 descenderunt]

2153 3824 2220 3879 ad
2253 3839 2421 3880 cum:
2462 3821 2544 3896 [’I‘.
2587 3821 2900 3895 CXXXIV.]
2947 3822 3121 3878 Porro
3174 3823 3402 3878 Eliszeus
3453 3824 3639 3877 oravit
3689 3821 3757 3875 ad

2157 3918 2284 3994 [Ms.
2320 3928 2452 3974 tacet
2484 3918 2572 3992 ad]
2603 3920 2912 3984 Dominum,
2943 3919 3134 3975 dicens
3161 3937 3172 3973 :
3204 3918 3459 3982 Percute,
3494 3917 3756 3982 obsecro,

2156 4022 2372 4083 gentem
2409 4012 2548 4068 hanc
2574 4013 2842 4069 czecitate.
2895 4012 3280 4082 Percussitque
3311 4026 3407 4066 eos
3445 4009 3718 4064 Dominus
3740 4051 3755 4073 ,

2159 4119 2229 4159 ne
2256 4103 2543 4174 viderent,
2575 4104 2729 4174 juxta
2775 4104 3006 4160 verbum
3045 4103 3248 4159 Elisa'i.
3295 4102 3442 4157 Dixit
3471 4108 3660 4156 autem
3694 4099 3760 4154 ad

2159 4212 2254 4253 eos
2282 4197 2511 4252 Elisaaus
2543 4217 2557 4254 :
2591 4199 2706 4253 Non
2736 4209 2823 4254 est
2854 4198 2968 4253 haec
2999 4197 3110 4262 via,
3147 4212 3247 4252 nec
3272 4198 3376 4251 ista
3404 4202 3490 4251 est
3513 4195 3712 4250 civitas
3746 4211 3758 4246 :

2161 4289 2454 4359 sequimini
2483 4305 2591 4361 mc,
2623 4297 2680 4345 et
2708 4289 2990 4346 ostendam
3025 4290 3180 4345 vobis
3212 4290 3393 4359 virum.
3414 4304 3579 4358 quem
3614 4301 3765 4356 quae-

2162 4382 2304 4438 ritis.
2339 4381 2500 4438 Duxit
2527 4396 2658 4451 ergo
2685 4397 2779 4438 eos
2811 4382 2865 4437 in
2890 4381 3195 4438 Samariam
3227 4399 3237 4435 :
3264 4395 3495 4451 cumque
3524 4377 3766 4450 ingressi

2164 4473 2390 4530 fuissent
2418 4474 2473 4530 in
2503 4474 2832 4542 Samariam,
2867 4475 3002 4530 dixit
3031 4474 3258 4530 Eliszcus
3286 4491 3301 4529 :
3329 4472 3588 4540 Domine,
3613 4471 3766 4542 aperi

2085 4563 2353 4624 Doculos
2399 4566 2627 4622 istorum
2655 4609 2671 4634 ,
2720 4575 2781 4621 ut
2832 4565 3071 4622 videant.
3105 4565 3444 4637 Aperuitque
3490 4561 3769 4618 Dominus

2164 4661 2352 4718 oculos
2375 4675 2586 4726 eorum,
2608 4671 2662 4716 et
2681 4661 2936 4717 viderunt
2959 4675 3083 4716 esse
3102 4675 3161 4716 se
3184 4661 3236 4715 iu
3262 4659 3442 4713 medio
3466 4656 3766 4713 Samariaa.

2166 4755 2420 4826 Dixitque
2450 4771 2547 4810 rex
2576 4754 2741 4812 Israel
2778 4755 2844 4810 ad
2879 4755 3135 4810 Elisaaum
3157 4795 3171 4819 ,
3202 4768 3324 4808 cum
3353 4749 3589 4805 vidisset
3618 4762 3718 4804 eos
3750 4763 3765 4801 :

2167 4845 2438 4917 Numquid
2466 4847 2764 4917 percutiam
2796 4861 2914 4914 eos,
2942 4856 3097 4917 pater
3127 4845 3237 4899 mi?
3263 4842 3334 4897 At
3365 4842 3456 4896 ille
3485 4841 3564 4895 ait
3601 4857 3618 4895 :
3651 4840 3770 4894 Non

2169 4941 2443 5011 percuties
2477 4955 2492 4996 :
2522 4954 2698 5011 neque
2747 4939 2894 4997 enim
2943 4937 3137 5008 cepisti
3183 4951 3278 4993 eos
3327 4933 3509 5007 gladio
3543 4943 3601 4989 et
3633 4947 3771 4988 areu

2171 5041 2294 5100 tuo,
2327 5041 2386 5088 ut
2412 5033 2686 5103 percutias
2712 5048 2728 5087 :
2765 5047 2909 5104 pone
2938 5031 3126 5105 [Vulg.
3156 5029 3252 5087 sed
3284 5027 3448 5100 pone]
3479 5042 3687 5098 panem
3719 5033 3774 5081 et

2167 5139 2362 5196 aquam
2393 5139 2580 5181 coram
2609 5125 2713 5192 eis,
2744 5133 2803 5181 ut
2829 5123 3120 5182 comedant
3148 5132 3206 5180 et
3233 5122 3444 5187 bibant,
3475 5129 3532 5176 et
3554 5119 3772 5175 vadant

2168 5219 2235 5273 ad
2267 5218 2549 5274 dominum
2587 5233 2771 5274 suum.
2816 5218 3193 5290 Appositaque
3241 5225 3326 5273 est
3376 5215 3457 5271 eis
3507 5213 3771 5270 ciborum

2166 5325 2359 5382 magna
2389 5310 2718 5382 praeparatio
2748 5351 2763 5378 ,
2800 5320 2857 5367 et
2899 5309 3260 5367 comederunt
3287 5313 3343 5364 et
3381 5305 3648 5362 biberunt
3674 5349 3690 5373 ,
3718 5311 3776 5360 et

2171 5405 2379 5462 dimisit
2402 5421 2498 5464 eos
2529 5406 2606 5482 [h.
2637 5406 2788 5464 misit
2814 5405 2932 5479 eos]
2958 5449 2972 5474 ,
2999 5403 3365 5474 abieruntque
3391 5400 3460 5458 ad
3482 5399 3776 5456 dominum

2243 5582 2265 5610 ε
2297 5571 2406 5628 Ter
2434 5573 2576 5644 eheu
2616 5585 2741 5627 cum
2784 5568 3029 5644 Vulgatis
3075 5565 3298 5644 repetit
3326 5562 3432 5644 hic_
3463 5563 3613 5644 idem
3670 5575 3776 5644 ms.

2172 5653 2334 5773 itaque
2365 5643 2596 5703 inferius
2627 5644 2712 5702 bis
2739 5683 2756 5713 ,
2786 5635 2932 5715 quod
2959 5639 3133 5698 semel
3163 5641 3370 5697 rectius
3402 5635 3471 5710 in
3515 5635 3649 5692 aliis
3695 5643 3780 5691 est

2194 5731 2210 5773 ι
2252 5731 2349 5775 rts.
