4114 6364
309 347 420 410 755

1601 339 1809 398 LIBER
1847 337 1896 398 ΙΙ
1933 337 2317 399 MALACIIIM.

3506 327 3616 390 734

311 482 504 535 suum,
545 472 601 523 et
630 465 771 521 ultra
803 475 912 519 non
939 468 1207 519 venerunt
1235 459 1479 518 latrones
1509 455 1684 532 Syria:
1713 457 1765 513 in
1795 465 1909 512 ter-
1937 461 1992 520 Α
2017 455 2152 520 erit,
2185 461 2239 510 et
2269 451 2376 507 duo
2409 448 2574 506 modii
2619 447 2807 505 hordei
2848 455 3054 504 statere
3085 445 3164 522 [h.
3195 445 3354 520 siclo]
3385 461 3526 513 uno,
3559 447 3615 505 in

312 578 431 620 ram
463 559 656 617 Israel.
688 557 914 615 Factum
945 563 1033 612 est
1062 565 1243 610 autem
1273 563 1394 627 post
1421 553 1536 608 haec
1565 596 1580 621 ,
1611 566 1908 622 congrega-

313 659 395 715 vit.
415 655 692 721 Benadad,
723 668 819 709 rex
846 651 1041 726 Syriae,
1061 650 1376 706 universum
1401 647 1705 705 exercitum
1725 662 1906 714 suum,

314 763 371 811 et
400 751 672 818 ascendit,
717 757 775 805 et
812 746 1105 803 obsidebat
1151 744 1475 802 Samariam.
1517 741 1790 812 Factaque
1828 747 1912 796 est.

314 848 488 905 fames
522 855 549 884 ’ί
586 859 781 915 magna
813 844 867 899 in
896 841 1140 900 Samaria
1174 857 1190 895 :
1223 849 1276 896 et
1306 838 1514 895 tamdiu
1540 837 1761 894 obseSsa
1794 845 1906 904 εει,

314 942 493 997 donec
517 937 931 994 venundaretur
957 943 1126 1008 caput
1145 932 1283 990 asini
1307 933 1583 1004 octoginta
1613 928 1906 1002 argenteis,

314 1043 373 1090 et
395 1041 584 1104 quarta
620 1046 745 1100 pars
775 1029 896 1084 cabi
947 1025 1214 1084 stercoris
1261 1024 1632 1081 columbarum
1673 1023 1911 1095 quinque

313 1127 606 1198 argenteis.
634 1122 719 1195 ['1‘.
743 1119 1032 1191 CXXXV]
1053 1119 1298 1191 Cumque
1329 1133 1424 1174 rex
1455 1115 1621 1172 Israel
1653 1115 1913 1169 transiret

313 1233 415 1291 per
443 1233 683 1281 murum,
717 1215 916 1272 mulier
951 1213 1138 1287 [γαίῃ.
1165 1213 1259 1270 αά.
1279 1210 1550 1284 φιωάαιη]
1579 1207 1912 1266 exclamavit

313 1310 380 1366 ad
411 1326 561 1377 eum,
600 1309 791 1366 dicens
836 1323 850 1365 :
883 1307 1046 1364 Salva
1076 1323 1155 1362 me
1186 1305 1263 1378 [h.
1303 1320 1414 1360 non
1449 1300 1660 1375 habet],
1693 1299 1912 1356 domine

312 1403 388 1460 mi
438 1417 555 1458 rex.
591 1401 690 1471 Qui
733 1400 810 1456 ait
838 1418 852 1455 :
882 1399 1000 1455 Non
1034 1407 1085 1456 te
1117 1399 1294 1453 salvat
1333 1397 1595 1452 Dominus
1624 1412 1639 1451 :
1672 1394 1816 1450 unde
1859 1402 1912 1450 te

316 1511 542 1568 possum
567 1494 827 1550 salvare?
855 1493 924 1550 de
952 1509 1099 1558 area,
1129 1508 1198 1548 an
1232 1491 1299 1547 de
1330 1489 1626 1546 torculari?
1653 1489 1913 1559 Dixitque

317 1590 387 1646 ad
419 1605 538 1646 eam
571 1605 688 1644 rex.
723 1587 861 1655 Quid
897 1586 994 1642 tibi
1022 1585 1152 1642 vis?
1198 1587 1330 1656 Quae
1359 1585 1639 1657 reSpondit
1671 1600 1686 1640 :
1719 1583 1913 1640 Mulier

310 1683 410 1738 ista
436 1681 574 1736 dixit
597 1681 728 1736 mihi
757 1697 773 1736 :
804 1680 877 1736 Da
903 1678 1068 1734 ﬁlium
1095 1687 1242 1734 tuum
1264 1720 1279 1745 ,
1306 1687 1366 1733 ut
1386 1677 1740 1733 comedamus
1777 1692 1903 1733 cum

313 1775 478 1832 hodie
502 1817 518 1843 ,
563 1783 619 1831 et
660 1775 828 1830 [ilium
862 1773 1430 1852 meumrcomedemus
1457 1786 1601 1830 cras.
1646 1771 1910 1827 Coximus

2014 557 2170 620 porta
2221 545 2500 603 Samarizc.
2563 543 2922 613 Respondens
2971 557 3110 598 unus
3150 541 3218 596 de
3256 540 3485 596 ducibus
3527 539 3612 613 [h.

2013 640 2350 712 reSpondens
2392 637 2530 711 dux]
2565 653 2730 710 super
2757 637 2913 707 cujus
2947 651 3168 691 manum
3206 651 3304 691 rex
3331 635 3615 690 incumbe-

2013 735 2123 804 bat,
2163 733 2365 790 homiui
2394 731 2490 788 Dei
2516 732 2593 804 [h.
2621 732 2746 786 viro
2769 729 2912 803 Dei],
2939 730 3018 787 ait
3047 745 3062 784 :
3095 729 3151 786 Si
3187 727 3448 784 Dominus
3473 726 3619 783 fece-

2015 830 2086 884 rit
2115 827 2280 883 etiam
2312 834 2616 883 cataractas
2647 823 2705 879 in
2744 821 2917 888 coelo,
2962 818 3225 891 numquid
3259 817 3462 892 poterit
3492 833 3618 876 esse

2015 923 2158 995 quod
2190 920 2217 960 ἀ
2249 923 2486 992 loqueris
2519 919 2597 995 [h.
2631 919 2775 975 Ecce
2811 917 3069 974 Dominus
3106 916 3272 972 faciet
3311 925 3618 972 cataractas

2014 1020 2068 1074 in
2109 1018 2270 1076 coelo.
2312 1013 2587 1087 Numquid
2626 1013 2826 1087 poterit
2865 1027 2988 1068 esse
3023 1010 3168 1084 quod
3205 1008 3472 1082 loquor]?
3514 1007 3617 1076 Qui

2015 1116 2090 1170 ait
2118 1133 2131 1170 :
2163 1111 2389 1170 Videbis
2419 1110 2595 1167 oculis
2629 1109 2771 1180 tuis,
2805 1115 2861 1165 et
2898 1107 3024 1163 inde
3060 1121 3172 1162 non
3213 1102 3494 1161 comedes.
3527 1101 3618 1177 [Τ.

2013 1203 2354 1279 CXXXVII]
2384 1203 2630 1274 Quatuor
2652 1216 2782 1273 ergo
2812 1199 2914 1255 viri
2942 1208 3098 1256 erant
3128 1197 3332 1270 leprosi
3355 1195 3507 1268 juxta
3537 1196 3623 1250 in-

2017 1302 2235 1357 troitum
2269 1310 2480 1372 portm,
2513 1298 2602 1369 qui
2637 1295 2894 1352 dixerunt
2929 1292 2995 1348 ad
3028 1291 3259 1348 invicem
3295 1309 3308 1345 :
3349 1288 3488 1359 Quid
3527 1286 3621 1344 hic

2013 1411 2136 1452 esse
2164 1395 2416 1448 volumus
2445 1392 2620 1448 donec
2646 1387 2994 1444 moriamur?
3026 1385 3145 1441 sive
3178 1382 3388 1456 ingredi
3419 1381 3616 1436 volue-

2014 1489 2182 1544 rimus
2208 1486 2478 1542 civitatem
2498 1526 2512 1550 ,
2544 1483 2687 1538 fame
2719 1480 3023 1536 moriemur
3057 1496 3070 1532 :
3111 1478 3225 1533 sive
3253 1474 3621 1531 manserimus

2014 1579 2125 1645 hic,
2152 1577 2497 1634 moriendum
2531 1573 2687 1630 nobis
2723 1579 2812 1629 est
2839 1591 2850 1624 :
2884 1569 3072 1627 venite
3099 1584 3231 1639 ergo
3263 1566 3394 1641 [Ms.
3429 1565 3530 1638 ut],
3562 1575 3622 1622 et

2013 1673 2442 1744 transfugiamus
2481 1669 2548 1726 ad
2582 1676 2762 1726 castra
2794 1665 2991 1740 Syriae.
3043 1664 3102 1721 Si
3141 1661 3490 1735 pepercerint
3522 1675 3621 1716 no-

2015 1770 2131 1836 bis,
2169 1769 2420 1823 vivemus
2449 1783 2463 1821 :
2505 1765 2549 1820 si
2582 1773 2761 1820 autem
2794 1760 3048 1817 occidere
3077 1757 3387 1822 voluerint,
3420 1745 3620 1811 nihilo-

311 1884 446 1941 ergo
479 1868 649 1922 filium
691 1882 872 1923 meum
896 1909 911 1936 ,
945 1876 1002 1922 et
1037 1866 1399 1923 comedimus.
1442 1865 1699 1934 Dixitque
1746 1866 1793 1921 ei
1822 1862 1911 1918 die
1944 1854 1986 1915 Β
2017 1867 2196 1921 minus
2221 1873 2276 1921 et
2303 1861 2432 1936 [Ms.
2465 1871 2567 1916 (ac.
2598 1858 2673 1932 et]
2699 1858 3024 1913 moriemur.
3055 1854 3430 1911 Surrexcruut
3457 1853 3621 1922 igitur

317 1964 486 2016 altera
519 1977 532 2014 :
565 1960 642 2014 Da
671 1960 845 2015 lilium
890 1966 1042 2014 tuum
1070 2001 1085 2026 ,
1116 1969 1172 2014 ut
1200 1959 1555 2014 comedamus
1594 1971 1744 2012 eum.
1781 1954 1911 2024 Quae

311 2053 604 2108 abscondit
631 2053 800 2109 tilium
829 2068 1008 2110 suum.
1037 2051 1194 2122 Quod
1226 2067 1348 2108 cum
1385 2050 1628 2106 audisset
1655 2066 1771 2118 rex,
1800 2050 1910 2104 sci-

311 2149 390 2203 dit
419 2149 747 2204 vestimenta
781 2163 878 2204 sua
906 2193 920 2219 ,
952 2159 1007 2203 et
1048 2147 1318 2204 transibat
1363 2160 1528 2218 super
1565 2143 1751 2218 [ναις.
1795 2141 1911 2216 per]

310 2261 551 2300 murum.
597 2243 858 2315 Viditque
887 2242 1054 2298 omnis
1085 2241 1164 2315 [h.
1199 2257 1306 2297 nou
1348 2238 1539 2312 habet]
1570 2240 1802 2310 populus
1835 2237 1913 2292 ci-

313 2339 519 2404 licium,
551 2352 658 2408 quo
684 2338 918 2392 vestitus
947 2343 1074 2392 erat
1108 2335 1175 2391 ad
1210 2349 1430 2391 carnem
1460 2333 1811 2388 intrinsecus.
1846 2329 1913 2385 Et

310 2435 389 2488 ait
414 2431 601 2506 [ναις.
631 2433 783 2487 addit
810 2431 928 2504 rex]
964 2449 977 2486 :
1004 2431 1132 2486 Ilaec
1164 2429 1296 2485 mihi
1327 2429 1490 2485 faciat
1518 2427 1683 2490 Deus,
1712 2433 1766 2480 et
1795 2425 1913 2480 hanc

312 2527 500 2594 addat,
525 2528 569 2582 si
594 2526 810 2582 steterit
832 2536 994 2595 caput
1027 2524 1206 2581 Elismi
1235 2523 1332 2580 ﬁlii
1359 2521 1570 2592 Saphat
1594 2535 1761 2591 super
1786 2535 1910 2575 eum

313 2620 503 2676 hodie.
538 2620 767 2676 Elisaeus
807 2630 989 2676 autem
1019 2619 1249 2675 sedebat
1291 2620 1344 2673 in
1382 2617 1548 2672 domo
1579 2631 1708 2680 sua,
1743 2623 1796 2670 et
1827 2629 1913 2669 se-

314 2729 414 2769 nes
462 2713 728 2769 sedebant
778 2729 900 2768 cum
945 2727 1031 2768 eo.
1085 2711 1359 2767 Praemisit
1408 2709 1589 2780 itaque
1614 2708 1916 2763 virumzet

314 2818 608 2878 antequam
633 2807 845 2864 veniret
871 2805 1099 2861 nuntius
1125 2804 1238 2873 ille,
1261 2804 1400 2860 dixit
1419 2803 1487 2858 ad
1512 2817 1675 2858 senes
1700 2818 1714 2855 :
1740 2799 1915 2856 Num-

313 2901 449 2973 quid
475 2899 629 2956 scitis
652 2901 796 2972 qnod
820 2900 1034 2958 miserit
1063 2899 1207 2955 Iilius
1238 2898 1526 2955 homicidae
1552 2897 1663 2965 hic,
1687 2907 1745 2954 ut
1776 2913 1916 2968 pra:-

316 2996 533 3051 cidatur
560 3005 726 3067 caput
752 2994 976 3051 meum?
998 2994 1179 3051 videte
1202 3009 1356 3066 ergo,
1384 3009 1509 3049 cum
1532 2992 1748 3049 venerit
1776 3007 1918 3048 nun-

314 3091 455 3157 tius,
487 3088 726 3145 claudite
751 3089 978 3156 osﬁum,
1006 3088 1035 3128 δ
1059 3098 1114 3145 et
1144 3105 1251 3144 non
1285 3088 1480 3143 sinatis
1524 3102 1649 3143 eum
1682 3086 1916 3142 introire

315 3182 394 3255 ιιι.
429 3191 483 3237 et
514 3183 736 3238 atterite
764 3198 890 3239 eum
920 3182 972 3237 in
1006 3181 1171 3252 ostio]
1195 3199 1211 3240 ξ
1233 3195 1364 3238 ecce
1390 3180 1538 3237 enim
1571 3180 1786 3236 sonitus
1819 3194 1914 3250 pe-

2015 1959 2228 2031 vespcri
2250 1958 2329 2030 [h.
2355 1956 2557 2027 mane},
2587 1963 2644 2010 ut
2669 1952 2921 2010 venirent
2942 1949 3008 2006 ad
3030 1957 3208 2005 eastra
3235 1947 3429 2018 Syriaa.
3454 1943 3622 2002 Cum-

2014 2071 2120 2127 que
2146 2055 2429 2109 venissent
2456 2050 2522 2105 ad
2548 2048 2880 2120 principium
2909 2053 3215 2100 castrorum
3247 2038 3420 2113 Syria:
3444 2083 3458 2108 ,
3495 2037 3618 2093 nul-

2015 2149 2124 2203 lum
2158 2145 2358 2204 ibidem
2393 2150 2742 2215 repererunt.
2772 2138 3052 2210 Siquidem
3090 2135 3352 2192 Dominus
3378 2133 3617 2188 sonitum

2015 2240 2188 2295 audiri
2216 2239 2421 2294 fecerat
2445 2237 2496 2291 in
2521 2233 2718 2292 castris
2742 2232 2936 2306 Syrim,
2966 2243 3248 2293 curruum,
3275 2236 3330 2283 ct
3357 2239 3621 2299 equorum

2015 2331 2291 2389 exercitus
2335 2327 2553 2400 plurimi
2602 2345 2615 2381 :
2652 2326 3015 2395 dixeruntque
3045 2320 3112 2378 ad
3145 2321 3380 2375 invicem
3423 2335 3434 2370 :
3480 2317 3622 2371 Ecce

2015 2424 2270 2482 mercede
2317 2420 2576 2478 conduxit
2621 2418 2916 2474 adversum
2961 2430 3062 2470 nos
3109 2428 3210 2469 rex
3255 2408 3421 2466 Israel
3465 2420 3622 2478 reges

2019 2517 2393 2574 lIcttbmorum
2425 2524 2479 2569 et
2505 2511 2908 2584 ASgyptiorum,
2937 2519 2991 2564 et
3018 2515 3292 2564 venerunt
3312 2518 3476 2573 super
3498 2516 3619 2555 nos.

2016 2611 2392 2667 Surrexerunt
2416 2620 2569 2676 ergo.
2603 2615 2659 2658 et
2682 2603 2936 2673 fugerunt
2960 2603 3012 2655 in
3041 2598 3308 2666 tenebris,
3343 2593 3620 2652 etdereli-

2017 2710 2255 2776 qnernut
2291 2699 2524 2757 tentoria
2553 2712 2674 2764 sua,
2713 2704 2767 2751 et
2797 2709 2971 2763 equos
2999 2700 3057 2749 et
3090 2692 3274 2746 asinos
3315 2690 3367 2744 in
3398 2688 3614 2754 castris,

2020 2799 2406 2866 Inger-umque,
2440 2791 2650 2846 animas
2681 2798 2892 2844 tantum
2919 2801 3047 2842 suas
3077 2785 3290 2840 salvare
3316 2782 3615 2853 cupientes.

2017 2891 2186 2960 Igitur
2221 2903 2345 2944 cum
2389 2885 2675 2942 venissent
2704 2882 2911 2954 Ieprosi
2948 2881 3026 2936 illi
3069 2879 3135 2934 ad
3163 2869 3493 2948 principium
3526 2891 3618 2929 ca-

2019 2995 2282 3049 strorum,
2308 2980 2541 3051 ingressi
2564 2987 2693 3034 sunt
2715 2991 2881 3032 unum
2905 2971 3339 3037 tabernaculum,
3365 2980 3416 3025 et
3438 2984 3624 3025 come-

2020 3079 2239 3146 derunt,
2271 3083 2327 3132 et
2353 3076 2631 3131 biberunt.
2656 3071 3033 3140 Tuleruntque
3063 3066 3192 3122 inde
3216 3073 3498 3136 argentum
3521 3103 3534 3128 ,
3564 3069 3621 3117 et

2023 3188 2246 3236 aurum,
2278 3178 2334 3227 et
2363 3177 2572 3234 vestes,
2605 3176 2660 3223 et
2686 3165 2972 3230 abierunt,
3002 3169 3058 3217 et
3079 3159 3486 3216 absconderunt
3518 3173 3532 3212 :
3564 3163 3622 3212 et

314 3249 442 3328 dum
471 3273 683 3330 domini
716 3274 832 3345 ejus
860 3284 983 3346 post
1010 3289 1135 3331 eum
1159 3249 1275 3329 est.
1305 3272 1503 3328 Adhuc
1530 3272 1627 3327 illo
1651 3249 1911 3342 loquente
1941 3251 1986 3314 Ο
2018 3282 2223 3322 rursum
2251 3263 2330 3338 [h.
2358 3278 2465 3319 non
2488 3258 2674 3330 habet]
2704 3257 2912 3312 reversi
2940 3262 3069 3311 sunt
3095 3253 3160 3309 ad
3184 3251 3327 3307 aliud
3358 3249 3615 3305 taberna-

311 3385 435 3428 cum
466 3371 567 3438 eis,
600 3370 853 3442 apparuit
883 3369 1130 3436 nuntius,
1161 3367 1255 3440 qui
1285 3367 1538 3424 veniebat
1569 3366 1634 3420 ad
1666 3381 1813 3420 eum.
1848 3366 1914 3421 Et

311 3465 391 3519 ait
419 3481 434 3519 :
460 3463 624 3534 Ecce,
658 3475 866 3519 tantum
916 3463 1122 3518 malum
1154 3479 1182 3517 a
1213 3462 1448 3519 Domino
1481 3469 1568 3516 est
1596 3478 1610 3514 :
1635 3459 1765 3532 quid
1796 3475 1912 3514 am-

313 3556 458 3626 plius
491 3558 820 3629 exspectabo
852 3573 881 3612 a
912 3555 1142 3613 Domino
1174 3535 1252 3630 [hi
1283 3553 1413 3628 quid
1455 3553 1687 3627 amplius
1717 3552 1910 3624 depre-

314 3655 484 3711 Cabor
510 3654 868 3726 Dominum]?

387 3746 474 3820 [Τ.
505 3746 746 3814 CXXXI,
783 3748 909 3820 Cap.
934 3747 1076 3820 νη]
1109 3739 1252 3803 Dixit
1281 3755 1463 3802 autem
1497 3745 1721 3801 Eliszcus
1754 3727 1765 3798 ξ
1801 3744 1911 3798 Au-

313 3838 430 3895 dite
458 3839 689 3896 vcrbum
724 3841 938 3896 Domini
977 3859 988 3894 :
1022 3842 1152 3897 Haec
1184 3841 1313 3896 dicit
1341 3840 1606 3895 Dominus
1636 3855 1650 3894 :
1690 3835 1743 3892 lu
1775 3848 1916 3892 tem-

314 3950 450 4005 pore
477 3933 582 3993 hoc
609 3951 732 3992 cras
767 3947 789 3977 ο
820 3935 1037 3992 modius
1062 3935 1261 3992 simila:
1285 3949 1393 3990 uno
1419 3943 1623 3990 statere
1653 3933 1730 4005 [h.
1757 3929 1914 4002 siclo]

316 4180 371 4220 ω
395 4103 422 4132 ε
453 4093 654 4220 Yoctim
685 4111 875 4167 magna
901 4136 916 4164 ,
964 4096 1277 4167 refragante
1307 4090 1536 4150 Hebraeo
1563 4074 1683 4152 5‘11:
1708 4133 1721 4157 ,
1767 4087 1910 4145 idem

378 4181 424 4220 S.
482 4183 577 4220 808
609 4208 622 4220 .

378 4181 424 4222 ἓ.
459 4181 622 4222 tacet.

391 4237 418 4276 δ
452 4238 633 4293 Prima
664 4255 860 4294 manus
918 4240 1165 4296 scholion
1213 4237 1355 4294 istud
1401 4244 1765 4303 apposuereat
1809 4233 1915 4288 hoc

319 4311 483 4384 modo
516 4327 526 4362 :
561 4309 636 4384 Et
651 4312 888 4384 stringite
910 4328 1027 4366 eum
1048 4312 1103 4366 in
1129 4313 1284 4377 ostio,
1320 4309 1415 4365 sed
1439 4308 1601 4384 alius,
1639 4317 1733 4384 aut
1766 4306 1910 4384 idem

320 4381 554 4448 scriptor
574 4377 1000 4451 addidit'postea
1026 4385 1252 4448 atterite,
1280 4396 1443 4451 supra
1473 4379 1729 4451 stringite.
1757 4377 1912 4446 Quod

319 4454 390 4504 ab
412 4453 762 4508 emendatore
783 4449 1045 4519 Canonis,
1075 4457 1220 4523 viro,
1240 4462 1300 4508 ut
1328 4449 1913 4523 putamus,’llebraicm

319 4523 662 4611 lin‘gufsalis
682 4526 883 4596 perito,
908 4526 982 4608 ita
1009 4522 1312 4611 factitatum
1331 4522 1484 4580 credi
1511 4522 1908 4611 potest.Jhlaar.
1940 4549 1994 4611 Ι)

464 4595 666 4677 Eadem
683 4592 818 4677 quae
848 4598 1157 4677 unjVersum
1189 4597 1438 4677 codicem
1479 4609 1673 4677 manus
1704 4592 1913 4677 deseri,-

319 4665 463 4748 pfit,
498 4661 880 4748 annotavit-ad
913 4668 1055 4748 hunc
1087 4669 1283 4748 locum.
1303 4671 1354 4721 iu
1385 4667 1522 4748 _libri
1554 4661 1916 4748 albuLLxZ‘.

317 4733 533 4790 siclam.
573 4735 711 4789 Tum
742 4737 844 4792 alia
875 4739 1044 4791 multo
1077 4739 1354 4794 recentior
1385 4738 1500 4792 hmc
1540 4735 1751 4791 addidit
1791 4752 1804 4790 :
1849 4733 1916 4787 In

319 4807 677 4932 Septuaginta
699 4823 816 4891 vero
846 4808 1111 4877 habemus,
1140 4811 1392 4864 modium.
1427 4808 1596 4863 Habet
1620 4806 1777 4860 siclus
1801 4821 1921 4877 pre-

319 4889 473 4932 ttum.
559 4886 672 4931 acet
715 4895 852 4932 enim
893 4895 1074 4932 eorum
1118 4882 1390 4932 translatio
1432 4883 1509 4932 sic
1543 4897 1561 4932 :
1605 4879 1715 4932 duo
1753 4875 1918 4932 modii

319 4879 473 4934 tium.
520 4875 672 4932 Jacet
715 4881 852 4934 enim
893 4895 1074 4934 eorum
1100 4875 1390 4936 translatio
1432 4883 1509 4936 sic
1543 4897 1561 4935 :
1605 4879 1715 4934 duo
1753 4875 1918 4932 modii

320 4949 690 5033 hordei‘siclo
720 4966 848 5033 uno.
879 4950 985 5033 sed
1029 4951 1288 5033 {osephus
1313 4969 1366 5009 ιχ
1395 4952 1777 5033 Atilii/ditatum
1803 4965 1854 5033 ρ.
1886 4950 1920 5004 5

322 5022 470 5089 dicit,
516 5021 625 5075 duo
653 5032 766 5078 sata
800 5022 988 5078 hordei
1019 5021 1310 5091 siclo'uno,
1342 5021 1746 5079 satuin’similae
1783 5021 1918 5075 duo-

319 5094 444 5149 bus.
475 5091 666 5149 Satum
694 5095 866 5163 itaque
894 5093 992 5164 fert
1020 5093 1256 5150 modium
1279 5111 1440 5150 unum
1461 5097 1612 5150 semis
1643 5092 1919 5148 Italicum.

322 5164 434 5248 Nos
452 5204 469 5231 ,
495 5164 834 5248 adpriorent
863 5167 1140 5236 antiquam
1159 5165 1596 5248 Annotatioueln
1619 5164 1767 5248 quod
1789 5164 1915 5217 atti»

323 5245 438 5303 net,
473 5237 763 5292 verissime
784 5239 1131 5293 observatum
1157 5236 1407 5302 fatemur,
1435 5236 1580 5294 LXX
1611 5238 1798 5291 aiclum
1820 5250 1920 5303 pro

322 5313 527 5363 statere
552 5308 800 5386 posuisse
830 5325 844 5364 :
875 5311 1060 5386 ttiij
1089 5307 1399 5386 ᾳεμιδάλςως
1425 5311 1621 5386 crinitae,
1662 5311 1750 5364 καὶ
1778 5305 1921 5380 dipu-

321 5400 441 5454 τρσν
473 5381 651 5458 apter.»
687 5380 886 5436 σίκλουζ
917 5380 1061 5449 Quin
1099 5380 1218 5452 ipse
1247 5382 1412 5437 etiam
1450 5381 1710 5436 Hebrmus
1740 5387 1921 5434 textus

323 5456 512 5562 habet;
537 5456 710 5562 Lipari:
756 5474 1130 5562 idemquenelst
1155 5475 1314 5562 quod
1355 5488 1421 5529 ex
1453 5471 1633 5562 veteri
1670 5471 1921 5562 versione

325 5550 514 5618 noster
538 5544 889 5618 A'ntiquarius
916 5544 974 5602 et
1006 5544 1340 5610 Scholi'astes
1363 5561 1428 5600 ex
1453 5544 1684 5618 Hebraeo
1705 5551 1916 5599 notant.

324 5612 481 5690 Quod
524 5612 752 5690 alteram
801 5618 1212 5674 annotationem
1263 5615 1750 5690 spectatafalsum
1801 5625 1916 5690 est,

325 5686 541 5740 duobus
578 5689 724 5744 siclis
760 5697 932 5745 satum
966 5691 1162 5746 simila:
1197 5686 1332 5745 tradi
1379 5690 1477 5746 abs
1505 5688 1745 5758 .Iosepho
1775 5689 1922 5742 msti-

329 5767 533 5832 niatum
567 5778 579 5812 ;
610 5762 741 5814 satis
768 5767 908 5816 enim
944 5762 1056 5815 hmc
1087 5763 1203 5832 ejus
1236 5761 1520 5815 manifosm
1545 5770 1667 5814 sunt
1704 5759 1864 5813 verba
1903 5775 1916 5813 :

327 5828 790 5917 ρπνιθιέῑξξείιηοάίξηι
824 5835 997 5917 uiden
1029 5828 1320 5917 6’30;XPL6‘6;
1346 5837 1481 5891 σάτα
1501 5876 1515 5896 ,
1547 5833 1614 5887 ita
1639 5833 1921 5893 ὠνήσεσθαι

327 5900 638 5974 σεμιδάλεως
676 5906 834 5965 σάτον
873 5907 1068 5965 σίκλου.
1112 5900 1232 5966 Jain
1283 5923 1412 5967 vero
1458 5914 1762 5978 statereni,
1812 5919 1920 5980 quo

2014 3359 2227 3424 culum,
2264 3365 2319 3413 et
2360 3354 2487 3413 inde
2525 3351 2781 3409 similiter
2825 3346 3146 3403 auferentes
3181 3340 3618 3399 absconderunt.

2015 3453 2385 3519 Dixeruntqne
2417 3447 2482 3503 ad
2514 3445 2751 3503 invicem
2785 3460 2800 3497 :
2832 3441 2950 3497 Non
2984 3451 3134 3496 recte
3179 3437 3409 3492 facimus
3444 3451 3457 3489 :
3495 3433 3612 3488 Iure

2013 3547 2158 3604 enim
2188 3543 2307 3600 dies
2337 3541 2462 3597 boni
2495 3537 2668 3596 nuntii
2692 3543 2794 3592 est.
2819 3534 2876 3592 Si
2908 3531 3258 3596 tacuerimus,
3283 3536 3339 3585 et
3365 3525 3610 3584 nolueri-

2013 3657 2135 3699 mus
2160 3638 2415 3695 nuntiare
2444 3647 2616 3705 usque
2643 3645 2803 3687 mane
2827 3672 2842 3698 ,
2874 3627 3102 3684 sceleris
3130 3639 3426 3696 arguemur
3459 3640 3471 3674 :
3508 3618 3603 3673 ve;

2017 3738 2130 3791 nite
2155 3776 2171 3802 ,
2209 3746 2399 3789 eamus
2423 3773 2438 3799 ,
2471 3737 2527 3784 et
2558 3725 2872 3782 nuntiemus
2914 3722 2969 3776 in
3017 3718 3140 3774 aula
3173 3717 3338 3786 regis.
3370 3713 3621 3783 Cumque

2019 3830 2298 3887 venissent
2326 3823 2396 3879 ad
2429 3829 2640 3892 portam
2667 3815 2907 3874 civitatis
2934 3854 2949 3878 ,
2987 3817 3346 3868 narraverunt
3374 3807 3456 3863 eis
3484 3852 3498 3875 ,
3531 3803 3618 3860 tli-

2027 3934 2254 3983 centes:
2288 3919 2486 3976 Ivimus
2514 3913 2580 3970 ad
2619 3919 2796 3969 castra
2826 3909 2999 3982 Syriae
3020 3947 3038 3974 ,
3081 3912 3140 3962 et
3176 3902 3384 3960 nullum
3416 3898 3620 3956 ibidem

2019 4091 2206 4139 noster
2236 4077 2513 4147 Interpres
2542 4068 2806 4129 vocabulo
2847 4066 3039 4132 utitur,
3085 4061 3224 4118 siclo
3258 4059 3601 4133 tequivalere

2019 4167 2386 4280 noéugallitur
2438 4219 2545 4273 hoc
2595 4217 2717 4272 loco
2768 4211 3108 4269 Scholiastes
3151 4215 3394 4261 noster:
3451 4217 3626 4272 neque

2015 4313 2148 4354 vero
2185 4293 2332 4349 aliud
2382 4291 2545 4346 habet
2585 4289 2845 4342 Ilebrmus
2872 4293 3074 4355 praeter
3104 4280 3234 4339 ista.
3268 4284 3616 4355 12.1.13:an

2016 4347 2151 4437 ᾗῖςθτν,
2186 4347 2399 4420 itaihieh
2423 4361 2713 4437 iliaddabar
2741 4347 2926 4419 hazze,
2977 4353 3029 4437 id
3065 4362 3195 4437 est,‘
3228 4347 3484 4437 numquid
3529 4347 3626 4428 erit

2016 4417 2394 4497 ieiunatur
2421 4436 2478 4489 Id
2513 4434 2878 4502 Hieronymus
2911 4417 3081 4502 refert
3128 4423 3196 4476 ad
3230 4421 3442 4502 ducem.
3484 4417 3626 4486 regis

2019 4490 2575 4580 israe'lmloquentem,
2609 4490 2880 4580 etElisaei
2912 4493 3297 4580 prop‘hetantis
3329 4490 3496 4580 verba
3526 4503 3625 4580 su;

2019 4558 2535 4654 ξῇῖθῖίιέῐῖιῗρἶιξξνθ
2556 4558 2797 4654 :opl.iu_ia_
2831 4558 3486 4654 haec'e'stdnt‘erpreta‘tio
3564 4558 3625 4615 Si

2023 4631 2869 4723 Boni-init—si—(imiuitjincredulus
2919 4639 3011 4693 ille
3054 4636 3191 4720 dux)
3242 4631 3422 4723 fecerit
3453 4631 3626 4723 letiam

2022 4702 2579 4786 Zaiii'rii'cilzsﬂn'mto,
2609 4713 2860 4785 numquid
2901 4709 3094 4786 poterit
3136 4702 3248 4786 esse
3279 4705 3420 4772 quod
3449 4702 3630 4768 loque-

2021 4779 2275 4855 ris-illoc
2305 4802 2412 4860 est,
2446 4779 2712 4860 numquid
2740 4779 2940 4860 pote_r_i_t
2964 4795 3087 4836 esse
3121 4779 3245 4860 talis
3274 4791 3339 4831 ae
3369 4786 3632 4860 mutare;

2025 4845 2528 4933 Iram-abundantia,
2553 4845 2714 4932 quam
2739 4845 2819 4921 tu,
2849 4855 3069 4933 Elisa'c,
3113 4850 3270 4933 nobis
3318 4845 3628 4933 promittis?

2022 4917 2432 5006 Restat—itaque
2469 4917 2622 5002 itixia
2668 4917 2888 5006 sensum
2941 4917 3191 5006 Hebraea:
3220 4919 3524 4988 Scriptura:
3553 4917 3630 5006 le:

2021 4989 2766 5083 gendumcuinill'ieronymo
2798 5002 2851 5054 in
2883 4994 3122 5083 secunda
3155 5005 3433 5083 personal,
3463 4989 3626 5083 kthto-d

2021 5058 2818 5157 ῖόάὲιὲὲξοῘέΓὲιίὲἶίὶίἰἷςίιιιίιν
2850 5068 2989 5157 (trod
3023 5058 3263 5157 ‘04.“‘2'5;
3288 5058 3627 5157 “135393933

2022 5131 2635 5214 invsc-It'ol‘imddvertat'
2659 5131 2830 5200 lector
2857 5131 3000 5214 idem
3029 5131 3282 5214 sc'holion
3321 5131 3625 5204 marginata

2021 5210 2330 5300 appositum
2365 5223 2417 5278 in
2450 5222 2557 5277 line
2583 5217 2745 5289 hujus
2771 5212 3015 5284 capituli.
3046 5210 3228 5265 MART.

2094 5323 2311 5380 ——Falsi
2335 5319 2513 5392 arguit
2532 5333 2686 5375 suum
2701 5311 3049 5392 Scholiasten
3073 5306 3163 5390 hic
3192 5314 3363 5392 atque
3384 5299 3625 5392 infranad

2023 5373 2662 5468 capitul—inliittjtisiiinem
2714 5383 3066 5468 Martianfeus
3119 5373 3489 5468 ipse—latque
3522 5373 3630 5468 Ile-

2025 5445 2446 5530 brieuquuidem
2477 5469 2662 5518 textus
2690 5475 2788 5528 pro
2816 5454 2953 5526 quod
2985 5445 3211 5530 loqueris
3235 5491 3250 5511 ,
3287 5458 3494 5530 tantum
3529 5445 3626 5530 ha:

2587 5515 2870 5593 mn'ﬁn'th
2891 5569 2905 5594 ,
2943 5515 3090 5603 quod
3117 5518 3326 5603 referri
3347 5527 3526 5601 tamen
3551 5515 3625 5595 ad

2026 5613 2207 5669 ΕΗεωί
2233 5622 2521 5680 personam
2541 5599 2822 5680 euertere.
2849 5599 3021 5680 series
3043 5602 3159 5680 tota
3187 5599 3457 5680 orationis
3477 5603 3624 5680 exui:

2024 5659 2595 5742 $35};
2614 5659 2842 5731 Hebraeo
2868 5669 3189 5746 archetypo,
3223 5663 3318 5746 sed
3343 5678 3406 5716 ex
3431 5659 3620 5746 Latina

2023 5737 2504 5827 aquttaversioue,
2530 5750 2848 5827 suashasce
2875 5737 3148 5827 variantes
3174 5737 3439 5792 lectiones
3465 5741 3622 5827 accc;

2027 5812 2170 5899 pisse
2196 5812 2560 5893 Scholiasten,
2592 5820 2748 5878 nobis
2773 5817 3062 5894 probatum
3089 5821 3173 5869 est
3195 5823 3358 5881 supra
3385 5817 3487 5862 nec
3511 5812 3619 5858 uno

2024 5903 2082 5964 iu
2109 5903 2251 5958 loco.
