4114 6364
482 227 591 292 753

1491 230 1547 289 S.
1592 229 1982 290 IIIERONYMI
2020 229 2260 292 DIVINA
2297 231 2785 295 BiBLIOTIlECA.

3683 239 3792 300 736

481 342 790 417 reperimus
808 341 1096 418 ,hominem
1121 342 1312 418 [ναις.
1342 342 1673 418 hominum],
1703 344 1808 403 nisi
1837 361 2007 418 equos
2029 358 2083 404 et
2110 351 2163 413 Α
2188 351 2330 426 suo].
2380 352 2496 410 Rex
2532 364 2718 411 autem
2757 353 3081 427 loquebatur
3125 369 3250 412 cum
3298 355 3452 414 Giezi
3483 372 3658 431 puero
3685 359 3795 418 viri

485 441 669 498 asinos
689 439 963 513 alligatos,
990 450 1045 498 et
1067 443 1175 496 ﬁxa
1200 440 1451 497 tentoria.
1474 439 1657 496 Ieruut
1677 456 1807 512 ergo
1831 443 2083 514 portarii,

491 545 550 594 et
595 537 986 593 nuntiaverunt
1030 537 1084 592 in
1135 535 1339 607 palatio
1385 534 1531 607 regis
1576 535 1926 594 intrinsecus.
1982 539 2088 608 Qui

484 630 724 688 surrexit
767 638 947 696 nocte,
991 636 1048 684 et
1087 628 1163 683 ait
1195 627 1263 683 ad
1294 641 1483 684 servos
1517 642 1650 684 suos
1692 647 1706 685 :
1751 629 1882 687 Dico
1929 631 2087 688 vobis

493 723 627 796 quid
658 723 888 780 fecerint
916 720 1043 795 [Με.
1069 719 1336 793 fecerunt]
1366 719 1525 778 nobis
1547 721 1709 795 Syri:
1740 720 1934 780 Sciunt
1962 723 2088 795 quia

486 819 631 876 fame
660 818 1010 884 laboramus,
1041 825 1097 872 et
1127 815 1336 873 idcirco
1365 817 1575 888 egressi
1602 825 1730 873 sunt
1765 817 1834 874 de
1860 818 2085 888 castris,

491 910 714 968 latitant
745 911 798 966 in
834 911 982 981 agris
1005 951 1019 976 ,
1055 909 1302 967 dicentes
1333 927 1347 964 :
1378 910 1518 967 Cum
1555 911 1760 982 egressi
1790 910 1994 967 fuerint
2021 911 2090 969 de

487 1004 713 1063 civitate
735 1048 750 1075 ,
781 1005 1061 1075 capiemus
1089 1020 1188 1061 eos
1213 1005 1366 1062 vivos
1387 1047 1403 1074 ,
1443 1014 1500 1062 et
1541 1014 1671 1062 tunc
1698 1007 1978 1062 civitatem
2008 1007 2092 1062 in-

489 1097 643 1168 gredi
687 1100 1006 1168 poterimus.
1054 1097 1357 1169 Respondit
1399 1107 1581 1154 autem
1627 1114 1767 1155 unus
1806 1113 2090 1155 servorum

490 1188 610 1260 ejus
641 1207 656 1245 :
689 1189 970 1248 Tollamus
999 1191 1241 1263 quinque
1271 1206 1473 1264 equos,
1504 1191 1593 1263 qui
1625 1201 2006 1248 remanserunt
2035 1190 2090 1247 in

497 1283 635 1340 urbe
667 1284 828 1355 (quia
857 1285 958 1356 ipsi
992 1293 1199 1341 tantum
1228 1297 1354 1342 sunt
1382 1288 1436 1341 in
1468 1283 1721 1342 universa
1749 1285 2094 1342 multitudine

493 1377 686 1448 Israel,
717 1380 810 1435 alii
841 1381 987 1436 enim
1009 1382 1316 1451 consumpti
1348 1380 1523 1452 sunt),
1558 1388 1614 1437 et
1641 1380 1921 1437 mittentes
1941 1421 1958 1449 ,
1993 1395 2092 1436 ex-

494 1473 709 1544 plorare
753 1474 1078 1544 poterimus.
1127 1473 1489 1530 Adduxerunt
1527 1488 1657 1543 ergo
1700 1472 1839 1529 duos
1883 1488 2093 1544 equos,

495 1568 755 1640 misitque
785 1583 886 1624 rex
918 1568 981 1623 ad
1008 1567 1194 1641 [Vulg.
1227 1567 1302 1641 in]
1332 1578 1511 1625 castra
1541 1567 1828 1640 Syrorum,
1857 1566 2048 1623 dicens
2077 1584 2091 1622 :

496 1661 597 1727 Ite,
649 1647 706 1716 ct
737 1660 936 1717 videte.
983 1660 1085 1730 Qui
1128 1661 1376 1717 abierunt
1405 1669 1527 1732 post
1557 1675 1652 1716 eos
1681 1674 1852 1731 usque
1879 1659 1950 1716 ad
1976 1659 2099 1716 Jor-

2189 447 2320 517 Dei,
2354 446 2546 504 dicens
2580 465 2592 502 :
2627 447 2799 504 Narra
2829 447 2962 503 mihi
2993 449 3173 504 omnia
3207 453 3481 522 magnalia
3510 469 3634 525 qua:
3664 453 3797 512 fecit

2189 537 2441 594 Elismus.
2484 540 2730 611 Cumque
2769 539 2859 594 ille
2893 549 3145 596 narraret
3178 541 3292 614 regi
3328 544 3607 614 quomodo
3645 561 3800 602 mor-

2190 643 2340 691 tuum
2377 635 2702 692 suscitasset
2744 632 2855 708 [ΑΙ.
2900 637 3245 711 suscitaret],
3281 641 3531 711 apparuit
3569 641 3796 711 mulier,

2189 731 2346 802 cujus
2391 731 2769 787 viviﬁcaverat
2813 731 3022 800 ﬁlium,
3063 733 3305 788 clamans
3349 736 3415 792 ad
3458 750 3644 805 regem
3691 752 3796 808 pro

2190 825 2357 881 domo
2386 841 2479 881 sua
2517 832 2575 882 et
2615 840 2713 895 pro
2749 826 2899 897 agris
2936 826 3049 883 suis
3079 825 3156 901 [b.
3194 845 3324 900 agro
3355 829 3500 903 suo].
3538 830 3799 901 Dixitque

2192 917 2340 974 Ciezi
2371 936 2383 972 :
2418 918 2643 975 Domine
2671 919 2741 973 mi
2774 935 2901 987 rex,
2942 919 3057 976 haec
3086 931 3172 978 est
3203 922 3416 989 mulier,
3447 931 3501 978 et
3527 922 3617 978 hic
3647 923 3800 979 ﬁlius

2193 1011 2344 1082 ejus,
2387 1027 2549 1083 quem
2588 1012 2876 1068 suscitavit
2909 1013 3162 1070 Elisazus.
3198 1015 3266 1070 Et
3301 1015 3656 1087 interrogavit
3700 1033 3801 1072 rex

2194 1105 2479 1160 mulierem
2518 1123 2532 1161 :
2566 1121 2686 1176 qua:
2714 1105 2954 1161 narravit
2984 1105 3056 1161 ei.
3106 1106 3372 1180 Deditque
3399 1109 3448 1164 ei
3487 1124 3583 1163 rex
3621 1125 3797 1166 eunu-

2195 1196 2356 1252 chum
2393 1213 2593 1266 unum,
2639 1197 2828 1252 dicens
2871 1213 2887 1253 :
2933 1196 3180 1255 Restitue
3220 1199 3269 1254 ei
3307 1201 3490 1255 omnia
3533 1216 3656 1271 qua:
3695 1216 3801 1256 sua

2195 1298 2361 1355 sunt;
2394 1299 2445 1345 et
2478 1289 2770 1346 universos
2799 1288 3011 1346 reditus
3041 1306 3294 1362 agrorum
3329 1293 3406 1365 [b.
3438 1291 3612 1366 agri],
3641 1309 3672 1349 a
3704 1294 3802 1350 die

2197 1396 2302 1452 qua
2318 1381 2538 1454 reliquit
2559 1389 2757 1437 terram
2779 1397 2946 1453 usque
2967 1383 3033 1438 ad
3055 1398 3317 1456 praesens.
3338 1383 3421 1457 [Τ.
3438 1383 3804 1457 CXXXVIII.]

2201 1473 2361 1530 Venit
2399 1490 2612 1546 quoque
2650 1475 2880 1530 Elismus
2911 1474 3237 1531 Damascum
3265 1518 3280 1543 ,
3324 1485 3380 1532 ct
3416 1475 3669 1532 Benadad
3705 1493 3805 1532 rex

2200 1565 2374 1638 Syria:
2408 1566 2708 1637 aegrotabat
2757 1584 2770 1620 :
2814 1565 3312 1637 nuntiat-eruntque
3354 1567 3403 1622 ei
3431 1610 3446 1633 ,
3489 1568 3741 1624 dicentes
3788 1586 3805 1624 :

2201 1658 2362 1714 Vertit
2391 1659 2475 1714 vir
2515 1659 2613 1714 Dei
2646 1659 2769 1714 huc.
2816 1659 2886 1715 Et
2925 1658 3003 1714 ait
3042 1675 3141 1714 rex
3186 1659 3254 1714 ad
3294 1660 3458 1716 Azael
3491 1678 3505 1715 :
3535 1661 3695 1718 Tolle
3723 1671 3831 1718 te-

499 1755 696 1810 danem
729 1773 740 1810 :
780 1768 907 1811 ecce
937 1765 1122 1811 autem
1163 1754 1343 1810 omnis
1392 1754 1478 1810 via
1509 1753 1669 1824 plena
1705 1761 1825 1808 erat
1852 1752 2098 1808 vestibus
2126 1744 2173 1806 Β
2202 1771 2326 1812 cum
2354 1755 2433 1827 [b.
2469 1754 2526 1810 in
2551 1770 2714 1810 manu
2748 1753 2860 1827 tua]
2889 1769 3140 1822 munera,
3173 1761 3229 1810 et
3257 1753 3399 1810 vade
3429 1755 3482 1809 in
3511 1769 3808 1810 occursum

500 1859 556 1907 et
587 1850 752 1918 vasis,
775 1865 897 1921 quae
919 1850 1264 1920 projecerant
1292 1849 1418 1921 Syri
1444 1864 1567 1904 eum
1597 1849 1948 1905 turbarentur
1972 1865 1985 1902 :
2012 1863 2100 1903 re-

501 1943 755 2013 versique
788 1942 962 1999 nuntii
994 1943 1375 1998 indicaveruut
1401 1952 1449 1997 ³.
1481 1941 1549 1998 Ει
1576 1955 1830 2014 egressus
1867 1941 2100 2012 populus

501 2036 724 2108 diripuit
749 2047 926 2093 castra
953 2035 1128 2109 Syria:
1162 2054 1176 2091 :
1209 2034 1495 2106 factusque
1524 2044 1608 2091 est
1649 2033 1865 2090 modius
1896 2033 2097 2089 simila:

501 2139 708 2187 statere
747 2130 826 2203 [b.
871 2129 1028 2201 siclo]
1057 2145 1164 2185 uno
1188 2170 1205 2197 ,
1236 2139 1290 2185 et
1318 2129 1426 2185 duo
1462 2127 1634 2184 modii
1674 2127 1867 2183 hordei
1898 2137 2103 2183 statere

507 2223 590 2296 [b.
618 2221 776 2295 siclo]
805 2239 937 2289 uno,
968 2221 1122 2292 juxta
1150 2222 1380 2279 verbum
1413 2221 1645 2277 Domini.
1679 2221 1851 2276 Porro
1878 2234 1980 2277 rex
2003 2220 2106 2276 du-

511 2331 631 2372 cem
657 2315 832 2382 ilium,
866 2317 920 2370 in
948 2315 1106 2385 cujus
1129 2330 1289 2370 manu
1315 2314 1662 2370 incumbebat
1690 2311 1820 2387 [Μς.
1845 2312 2106 2369 incubue-

507 2409 647 2482 rat],
681 2410 966 2466 constituit
1001 2410 1068 2466 ad
1103 2419 1315 2480 portam
1351 2430 1364 2467 :
1396 2425 1556 2481 quem
1581 2408 1920 2464 conculcavit
1949 2407 2105 2464 turba

508 2503 564 2558 in
609 2503 832 2558 introitu
860 2502 889 2542 ι)
923 2512 1093 2574 porta:
1131 2502 1211 2575 [b.
1251 2502 1488 2574 populus
1528 2502 1583 2558 in
1616 2501 1832 2574 porta],
1867 2511 1922 2558 et
1963 2517 2110 2558 mor-

514 2606 638 2652 tuus
671 2607 784 2666 est,
813 2599 964 2668 juxta
994 2597 1139 2671 quod
1167 2599 1380 2655 locutus
1409 2597 1588 2652 fuerat
1615 2598 1700 2652 vir
1729 2597 1856 2666 Dei,
1890 2597 2110 2667 quando

509 2691 867 2748 descenderat
912 2707 1004 2748 rex
1043 2692 1114 2746 ad
1144 2706 1289 2748 eum.
1337 2690 1669 2762 Factumque
1696 2698 1782 2746 est
1811 2690 2110 2748 secundum

510 2797 824 2840 sermonem
856 2784 955 2840 viri
980 2785 1100 2851 Dei,
1125 2800 1291 2856 quem
1322 2785 1544 2841 dixerat
1565 2785 1701 2856 regi,
1733 2785 1956 2856 quando
1978 2786 2055 2842 ait
2093 2805 2108 2843 :

515 2875 636 2930 Duo
683 2875 850 2930 modii
891 2875 1082 2933 hordei
1119 2887 1321 2933 statere
1363 2876 1439 2949 [b.
1481 2876 1637 2950 siclo]
1669 2893 1787 2932 uno
1817 2888 2012 2946 erunt,
2059 2889 2115 2936 et

516 2969 732 3024 modius
774 2968 967 3026 simila:
1011 2979 1215 3027 statere
1258 2971 1337 3044 [b.
1381 2970 1537 3044 siclo]
1587 2987 1726 3041 uno,
1775 2972 1878 3029 hoc
1921 2973 2114 3030 eodem

515 3069 766 3133 tempore
794 3077 944 3132 cras,
977 3063 1028 3116 in
1059 3072 1215 3134 porta
1241 3063 1504 3120 Samaria:
1530 3082 1544 3121 :
1575 3064 1792 3136 quando
1814 3066 2115 3136 responde-

2203 1848 2306 1905 viri
2340 1848 2472 1915 Dei,
2507 1857 2562 1903 ct
2589 1848 2814 1903 consule
2849 1847 3133 1904 Dominum
3165 1862 3261 1918 per
3287 1863 3444 1915 eum,
3475 1847 3668 1904 dicens
3699 1865 3712 1902 :
3745 1847 3815 1904 Si

2204 1940 2444 1997 evadere
2488 1940 2578 2014 [b.
2620 1939 2677 1996 Si
2718 1938 2934 2013 vivere]
2973 1948 3169 2011 potero
3214 1939 3284 1996 de
3328 1940 3647 1996 inﬁrmitate
3685 1955 3813 1996 mea

2206 2031 2352 2089 hac?
2381 2031 2481 2088 Ivit
2503 2032 2670 2104 igitur
2701 2032 2867 2090 Azael
2893 2032 2948 2088 in
2979 2047 3269 2088 occursum
3303 2033 3453 2104 ejus,
3483 2033 3691 2088 habens
3722 2049 3817 2089 se-

2205 2141 2328 2182 cum
2361 2126 2439 2200 [h.
2472 2125 2529 2182 in
2563 2141 2734 2181 manu
2770 2125 2892 2200 sua]
2923 2141 3149 2182 munera
3174 2166 3188 2192 ,
3219 2135 3277 2182 et
3306 2126 3489 2181 omnia
3526 2125 3666 2180 bona
3705 2125 3819 2179 Da-

2207 2219 2377 2276 masci
2405 2261 2419 2288 ,
2451 2234 2621 2276 onera
2649 2217 3004 2291 quadraginta
3033 2219 3390 2275 camelorum.
3423 2218 3671 2290 Cumque
3700 2230 3818 2276 ste-

2209 2314 2363 2370 tisset
2389 2327 2572 2370 coram
2601 2329 2691 2381 eo,
2718 2314 2836 2370 ait:
2868 2313 3044 2369 Filius
3075 2324 3199 2370 tuus
3225 2312 3479 2369 Benadad
3507 2328 3606 2368 rex
3634 2312 3819 2384 Syriae

2210 2406 2359 2462 misit
2385 2421 2470 2461 me
2497 2405 2564 2460 ad
2599 2414 2652 2462 te
2681 2405 2871 2462 dicens
2907 2424 2918 2460 :
2949 2405 3007 2462 Si
3040 2407 3223 2462 sanari
3257 2405 3338 2480 [b.
3372 2405 3433 2462 Si
3461 2405 3671 2478 vivere]
3705 2420 3810 2477 po-

2211 2509 2328 2556 tero
2366 2498 2436 2557 de
2479 2498 2797 2556 inﬁrmitate
2828 2515 2946 2555 mea
2991 2499 3137 2556 hac?
3177 2499 3432 2570 Dixitque
3463 2500 3514 2556 ei
3544 2498 3674 2572 [Ms.
3707 2509 3815 2553 lac.

2210 2594 2285 2666 ei]
2314 2593 2544 2650 Eliszeus
2577 2610 2592 2649 :
2616 2592 2769 2650 Vade
2792 2635 2806 2660 ,
2835 2601 2888 2649 et
2914 2592 3002 2649 die
3030 2593 3080 2649 ei
3113 2612 3128 2648 :
3159 2592 3450 2650 Sanaberis
3479 2591 3558 2666 [b.
3586 2593 3693 2648 vivr
3712 2591 3764 2667 δ]
3798 2607 3815 2648 :

2215 2702 2379 2758 porro
2415 2686 2656 2744 ostendit
2690 2687 2820 2743 mihi
2855 2687 3117 2742 Dominus
3149 2685 3275 2758 quia
3312 2694 3489 2743 morte
3527 2685 3818 2743 morietur.

2216 2777 2487 2849 Stetitque
2511 2793 2635 2833 cum
2662 2793 2751 2843 eo,
2774 2785 2830 2832 et
2857 2777 3216 2833 conturbatus
3243 2785 3328 2833 est
3354 2776 3422 2832 ad
3452 2777 3813 2834 suﬁ‘usionem

2214 2871 2398 2927 vultus
2426 2889 2440 2926 :
2474 2871 2728 2943 ﬂevitque
2755 2871 2841 2927 vir
2869 2873 2989 2928 Dei.
3018 2871 3117 2929 Cui
3145 2873 3307 2929 Azael
3339 2873 3415 2929 ait
3449 2891 3462 2928 :
3496 2873 3678 2940 Quare
3714 2873 3816 2928 do-

2217 2965 2394 3022 minus
2441 2982 2596 3023 meus
2638 2966 2775 3022 ﬁet?
2821 2965 2894 3022 At
2938 2966 3031 3023 ille
3072 2966 3356 3037 respondit
3387 2965 3572 3039 [Vulg.
3609 2964 3768 3039 dixit]
3805 2983 3818 3021 :

2218 3060 2353 3128 Quia
2376 3060 2491 3116 scio
2513 3076 2631 3131 quae
2657 3059 2902 3116 facturus
2923 3061 2999 3116 sis
3023 3061 3148 3116 ﬁliis
3171 3060 3338 3117 Israel
3361 3061 3527 3118 mala.
3558 3061 3821 3118 Civitates

513 3163 599 3210 rat
634 3128 748 3210 dux
793 3155 883 3210 ille
921 3128 1001 3227 [b.
1043 3128 1152 3210 non
1197 3155 1384 3228 habet]
1427 3155 1546 3212 viro
1585 3128 1722 3226 Dei,
1767 3166 1824 3214 et
1852 3128 2066 3213 dixerat
2098 3175 2112 3213 :
2143 3128 2189 3192 Ο
2223 3153 2301 3226 [ιι.
2332 3128 2660 3225 munitiones]
2689 3168 2875 3209 eorum
2907 3155 3145 3210 munitas
3170 3155 3296 3226 igne
3317 3155 3636 3222 succendes,
3655 3162 3711 3210 et
3732 3153 3823 3224 ju-

516 3247 749 3304 Etiamsi
784 3247 1046 3303 Dominus
1085 3247 1279 3304 fecerit
1319 3257 1628 3306 cataractas
1660 3250 1713 3306 in
1751 3251 1916 3317 eteln,
1963 3267 2120 3306 num-

515 3339 642 3411 quid
687 3339 888 3410 poterit
925 3340 1048 3396 ﬁeri
1086 3339 1231 3411 quod
1271 3339 1513 3412 loqueris
1545 3340 1633 3414 [b.
1670 3341 1813 3399 Ecce
1851 3343 2119 3399 Dominus

516 3431 682 3488 faciet
706 3439 1009 3489 cataractas
1033 3434 1085 3488 in
1109 3433 1272 3490 creto.
1297 3430 1572 3505 Numquid
1601 3436 1810 3505 poterit
1831 3450 1953 3492 esse
1974 3437 2121 3508 quod

521 3523 783 3596 loquor]?
823 3526 891 3582 Et
932 3525 1072 3582 dixit
1111 3527 1158 3582 ei
1193 3544 1207 3581 :
1244 3526 1469 3583 Videbis
1505 3527 1677 3583 oculis
1722 3528 1860 3596 tuis,
1901 3537 1957 3586 et
1996 3529 2122 3586 inde

523 3632 634 3670 non
665 3616 945 3673 comedes.
995 3617 1190 3673 Evenit
1225 3633 1358 3690 ergo
1399 3620 1449 3676 ei
1481 3620 1622 3675 sicut
1655 3621 1971 3690 praedictum
2003 3616 2123 3678 fue-

527 3719 646 3776 rat,
686 3719 741 3766 et
769 3711 1116 3768 conculravit
1145 3728 1270 3768 eum
1310 3714 1545 3786 populus
1581 3714 1633 3770 in
1667 3725 1855 3786 porta,
1890 3726 1945 3772 et
1979 3732 2126 3774 mor-

525 3811 649 3859 ltIIlS
676 3813 780 3860 εει.

605 3895 756 3969 [Cap.
792 3898 953 3971 Vlll.]
996 3897 1224 3956 Elismus
1251 3911 1433 3958 autem
1468 3902 1686 3960 locutus
1715 3912 1799 3960 est
1832 3904 1901 3960 ad
1930 3905 2126 3963 mulie-

529 4005 646 4046 rem
673 4031 688 4056 ,
722 3990 876 4060 cujus
916 3991 1106 4048 vivere
1136 3992 1342 4050 fecerat
1376 3993 1549 4050 ﬁlium
1578 4037 1593 4063 ,
1634 3995 1822 4053 dicens
1854 4016 1868 4054 :
1909 3995 2084 4070 Surge
2109 4041 2126 4068 ,

533 4081 672 4136 vade
717 4090 773 4137 tu
811 4091 866 4137 et
906 4082 1100 4139 domus
1152 4095 1269 4154 tua,
1312 4095 1367 4141 et
1405 4087 1758 4159 peregrinare
1793 4089 2129 4164 ubicumque

534 4179 812 4248 repereris
841 4195 854 4234 :
899 4180 1115 4234 vocavit
1143 4178 1272 4252 [Ms.
1306 4180 1544 4254 vocabit)
1574 4183 1722 4238 enim
1751 4183 2018 4243 Dominus
2044 4185 2129 4242 fa-

534 4287 708 4340 mem,
751 4280 809 4328 et
853 4272 1034 4328 veniet
1077 4288 1242 4343 super
1280 4283 1482 4331 terram
1522 4285 1732 4347 septem
1774 4278 1958 4335 annis.
2000 4280 2132 4348 Qua:

531 4364 772 4419 surrexit
811 4372 866 4420 et
904 4363 1033 4421 fecit
1069 4365 1224 4435 juxta
1277 4366 1501 4423 verbum
1530 4366 1767 4424 hominis
1795 4369 1891 4425 Dei
1918 4370 1996 4444 [b.
2026 4372 2132 4428 viri

535 4455 655 4528 Dei]
692 4474 705 4510 :
735 4465 790 4512 et
824 4457 1029 4512 vadens
1056 4472 1180 4512 cum
1220 4456 1386 4514 domo
1423 4475 1552 4528 sua,
1587 4462 1932 4534 peregrinata
1963 4473 2048 4521 est
2077 4465 2132 4520 in

2222 3264 2387 3306 venes
2433 3249 2558 3322 [Ms.
2608 3248 2880 3323 jumenta]
2930 3264 3120 3306 eorum
3170 3249 3462 3306 iuterﬁcies
3500 3248 3722 3320 gladio,
3765 3257 3824 3303 et

2223 3344 2488 3414 parvulos
2516 3357 2704 3398 eorum
2735 3341 2908 3398 elides
2939 3383 2954 3408 ,
2995 3351 3050 3398 et
3084 3351 3430 3413 praegnantes
3460 3341 3694 3398 divides.
3726 3338 3822 3394 Di-

2224 3436 2410 3505 xitque
2439 3434 2604 3492 Azael
2634 3452 2647 3489 :
2680 3433 2820 3503 Quid
2849 3434 2995 3490 enim
3021 3450 3139 3490 sum
3170 3450 3362 3490 servus
3386 3443 3512 3489 tuus
3539 3433 3693 3490 canis
3715 3478 3730 3502 ,
3761 3442 3826 3487 ut

2227 3528 2424 3583 faciam
2461 3543 2578 3584 rem
2625 3528 2780 3582 istam
2823 3529 3115 3599 magnam?
3155 3528 3240 3600 [Τ.
3283 3527 3599 3601 CXXXIX]
3640 3529 3710 3583 Et
3748 3527 3828 3583 ait

2227 3622 2458 3678 Elisacus
2495 3639 2510 3676 :
2561 3621 2813 3678 Ostendit
2853 3621 2989 3676 mihi
3036 3622 3297 3678 Dominus
3337 3630 3388 3678 te
3427 3637 3608 3692 regem
3650 3620 3828 3694 Syriae

2229 3715 2366 3772 fore.
2393 3714 2496 3784 Qui
2527 3729 2651 3770 cum
2685 3714 3008 3771 recessisset
3032 3717 3100 3770 ab
3131 3716 3352 3782 Elisreo,
3381 3716 3532 3772 venit
3559 3715 3627 3770 ad
3653 3715 3830 3770 domi-

2230 3823 2358 3864 num
2389 3823 2568 3863 suum.
2601 3808 2700 3874 Qui
2733 3808 2810 3862 ait
2838 3808 2889 3862 ei
2923 3823 2938 3862 :
2970 3808 3111 3875 Quid
3145 3788 3240 3864 tibi
3279 3807 3415 3863 dixit
3451 3807 3684 3862 Elis-rus
3704 3807 3730 3860 1
3759 3806 3832 3863 At

2229 3901 2324 3957 ille
2349 3899 2628 3972 reSpondit
2657 3917 2671 3953 :
2707 3899 2853 3954 Dixit
2885 3899 3018 3954 mihi
3048 3917 3061 3953 :
3091 3899 3345 3970 Recipies
3372 3898 3450 3971 [b.
3483 3898 3656 3972 vives]
3685 3898 3834 3954 sani-

2235 4004 2418 4052 tatem.
2465 3995 2493 4032 ά
2539 3993 2625 4066 [Τ.
2663 3991 2846 4071 ΟΧΙ..]
2889 3991 3136 4064 Cumque
3176 3993 3424 4049 venisset
3465 3991 3583 4048 dies
3627 3991 3827 4059 altera,

2234 4088 2357 4144 tulit
2385 4088 2683 4158 stragulum
2707 4129 2722 4154 ,
2763 4094 2814 4142 et
2842 4086 3045 4142 infudit
3075 4101 3254 4157 aqua,
3286 4094 3343 4142 et
3378 4084 3641 4156 expandit
3669 4099 3837 4154 super

2234 4181 2429 4238 faciem
2473 4180 2639 4250 ejus:
2674 4194 2782 4248 quo
2824 4187 3076 4248 mortuo,
3115 4177 3362 4249 regnavit
3404 4177 3570 4233 Azael
3607 4190 3706 4248 pro
3742 4189 3833 4232 eo.

2236 4274 2322 4348 [Τ.
2345 4271 2552 4345 CXLI.]
2578 4272 2734 4327 Auno
2756 4272 2946 4344 quinto
2966 4270 3157 4326 .Ioram
3183 4271 3274 4325 ﬁlii
3295 4268 3450 4325 Ahab
3473 4269 3619 4341 regis
3643 4268 3836 4334 Israel,

2237 4378 2290 4425 et
2321 4365 2580 4437 Josaphat
2621 4365 2768 4438 regis
2793 4365 2931 4421 Juda
2958 4406 2975 4433 ,
3007 4364 3259 4435 regnavit
3287 4363 3472 4419 Joram
3509 4363 3653 4419 ﬁlius
3681 4362 3841 4419 .Iosa-

2240 4463 2370 4534 pltat
2397 4478 2492 4518 rex
2530 4460 2687 4517 Juda.
2718 4460 2968 4528 Triginta
2995 4457 3229 4515 duorum
3267 4465 3391 4514 erat
3415 4472 3683 4513 annorum
3712 4471 3841 4514 cum

539 4559 687 4606 terra
721 4561 742 4590 ο
776 4550 1088 4608 Philisthim
1119 4552 1314 4609 diebus
1341 4553 1524 4611 multis
1555 4553 1644 4628 [h.
1675 4565 1885 4629 septem
1918 4557 2128 4632 annis].
2161 4541 2216 4602 Ῑ)
2239 4571 2472 4628 regnare
2497 4554 2794 4625 coepisset,
2825 4561 2882 4609 et
2910 4560 3038 4608 octo
3067 4552 3227 4608 annis
3256 4551 3504 4622 regnavit
3533 4550 3586 4606 in
3616 4549 3842 4606 Jerusa-

538 4643 788 4716 Cumque
818 4645 955 4700 ﬁniti
985 4656 1172 4703 essent
1198 4648 1326 4703 anni
1354 4655 1604 4720 septem,
1640 4664 1863 4707 reversa
1899 4659 1985 4706 est
2018 4666 2138 4706 mu-

533 4739 638 4794 lier
665 4740 735 4795 de
764 4749 907 4796 terra
935 4740 1240 4796 Philisthim
1265 4786 1280 4813 ,
1311 4751 1369 4798 et
1390 4757 1611 4814 egressa
1639 4752 1731 4800 est
1749 4785 1764 4814 ,
1791 4753 1851 4800 ut
1878 4744 2139 4816 interpel-

536 4833 680 4891 laret
710 4849 894 4906 regem
926 4851 1025 4906 pro
1053 4835 1217 4893 domo
1246 4852 1368 4906 sua,
1395 4845 1450 4894 et
1471 4853 1570 4909 pro
1594 4838 1742 4910 agris
1766 4839 1877 4896 suis
1907 4839 1984 4912 [b.
2007 4854 2139 4911 agro

615 5029 642 5057 ιι
680 5019 846 5077 Addit
882 5020 1186 5078 Veronens.
1218 5038 1324 5079 ms.
1368 5024 1530 5097 Regi,
1562 5024 1709 5096 quod
1737 5025 1902 5084 habet
1934 5026 2140 5085 nedum

547 5111 810 5169 Hebraeus
833 5122 1014 5170 textus
1039 5098 1216 5198 15735.
1247 5115 1343 5170 sed
1371 5117 1536 5172 etiam
1568 5117 1778 5189 Vulgati
1812 5118 1960 5175 libri.

612 5204 642 5244 ι)
682 5205 788 5263 Pro
825 5206 1012 5281 verbis
1038 5209 1092 5260 in
1123 5208 1338 5281 introitu
1368 5219 1556 5281 portae,
1599 5209 1926 5267 Hebraicum
1959 5228 2143 5269 exem-

541 5281 662 5348 plar
688 5287 896 5334 tantum
929 5279 1090 5334 habet
1128 5279 1183 5332 in
1213 5279 1405 5345 porta:
1434 5291 1603 5346 ww:
1645 5298 1659 5336 :
1693 5281 2000 5340 Veronens.
2038 5301 2142 5340 ms.

545 5359 756 5407 tantum
804 5351 859 5404 in
908 5350 1149 5403 introitu.
1192 5349 1452 5406 Fortasse
1501 5353 1819 5409 alterutrum
1868 5356 2146 5412 abundare

549 5422 745 5478 Latino
775 5420 1065 5491 interpreti
1095 5431 1308 5491 nostro,
1341 5436 1442 5479 nec
1470 5423 1632 5494 plane
1665 5425 1964 5496 immerito,
1997 5427 2149 5484 vide—
2199 5446 2204 5449 ·

549 5496 737 5551 batur.

628 5576 652 5604 ο
680 5562 860 5620 Verba
887 5563 1150 5642 Hebraica
1175 5573 1326 5628 mare
1347 5576 1498 5642 mw,
1514 5569 1637 5622 seba
1663 5569 1855 5634 sanim,
1875 5577 1930 5642 et
1955 5579 2148 5642 septem

555 5652 744 5702 annos,
764 5645 831 5708 et
878 5635 1068 5690 multos
1121 5655 1286 5692 annos
1316 5637 1663 5708 significant:
1699 5655 1820 5695 nam
1853 5635 2149 5704 sebafsive

567 5708 736 5781 sabee,
760 5707 1161 5781 interpretatur
1190 5707 1410 5777 septeni,
1442 5711 1526 5766 vel
1546 5711 1923 5781 jnramentum,
1950 5714 2035 5768 vel
2063 5731 2148 5768 sa-

569 5779 772 5846 turitas.
801 5777 1074 5836 Saturitas
1104 5788 1287 5838 autem
1315 5777 1610 5852 annorum,
1639 5799 1759 5854 quae
1789 5777 2150 5842 non'resonat

2241 4651 2371 4707 lem.
2409 4649 2830 4718 Ambulavitque
2857 4647 2912 4702 in
2940 4645 3045 4702 viis
3073 4661 3264 4717 regum
3295 4643 3419 4718 [Ms.
3457 4642 3624 4716 regis]
3650 4643 3838 4714 Israel,

2240 4747 2387 4802 sicut
2425 4743 2810 4799 ambulaverat
2847 4739 3042 4797 domus
3084 4739 3245 4795 Abab
3289 4756 3305 4794 :
3345 4737 3455 4794 ﬁlia
3496 4739 3644 4794 enim
3685 4736 3842 4794 Ahab

2243 4847 2362 4896 erat
2391 4849 2528 4893 uxor
2558 4835 2677 4907 ejus
2707 4852 2721 4891 :
2752 4844 2807 4892 et
2833 4832 2966 4891 fecit
2995 4832 3142 4906 quod
3169 4831 3371 4888 malum
3399 4842 3487 4888 est
3513 4845 3700 4889 coram
3730 4830 3840 4888 Do-

2249 5027 2304 5083 in
2338 5026 2533 5082 Latino
2553 5038 2833 5099 sermone,
2865 5023 3161 5079 multorum
3183 5020 3400 5099 dierum
3429 5019 3607 5099 spatia
3629 5016 3843 5099 denun-

2251 5100 2370 5154 tiat.
2401 5099 2546 5154 Bene
2576 5112 2708 5167 ergo
2737 5089 3104 5167 Hieronymus
3131 5095 3252 5167 seba
3276 5089 3581 5167 sanim'lrie
3629 5099 3686 5146 et
3719 5089 3841 5145 dies

2252 5170 2482 5235 multos,
2513 5176 2569 5224 et
2592 5161 2802 5237 se'ptem
2829 5161 3002 5221 annos
3032 5165 3222 5221 Latine
3244 5163 3503 5237 reddidit.
3529 5161 3704 5237 ΜΑιιτ.

2324 5241 2352 5280 ά
2390 5233 2692 5298 Veronens.
2739 5253 2846 5295 ms.
2883 5238 3144 5310 Recipies,
3187 5236 3413 5310 propius
3452 5233 3647 5310 Graeco
3691 5235 3843 5298 ξήση.

2257 5313 2426 5369 Hebr.
2464 5311 2762 5369 secundam
2793 5304 3079 5379 personam
3117 5304 3235 5363 cum
3265 5304 3440 5379 editis
3470 5304 3679 5360 Latinis
3712 5318 3848 5379 pra:-

2256 5386 2380 5441 fert.
2425 5383 2548 5440 Mox
2584 5381 2729 5438 idem
2774 5377 2878 5438 liis.
2923 5379 3163 5451 sagulum
3192 5378 3355 5434 habet
3391 5377 3843 5451 pro_stragt_ilunt,

2253 5455 2396 5525 quod
2431 5471 2538 5529 non
2568 5452 2839 5523 improbo.
2887 5446 3050 5529 _Addit
3083 5459 3210 5529 nota
3242 5447 3560 5520 marginalis
3589 5446 3844 5529 antiqua,

2253 5519 2572 5596 opertorium
2600 5541 2618 5579 :
2648 5519 2764 5580 tum
2794 5523 2967 5579 multo
2993 5521 3273 5596 recentior
3307 5519 3541 5596 manus:
3575 5519 3667 5572 alii
3695 5529 3846 5596 stra-

2223 5602 2228 5608 ’
2251 5589 2436 5668 gitlum
2456 5643 2470 5668 ,
2505 5596 2697 5668 scilicet
2730 5597 3041 5668 opertorium
3058 5593 3196 5668 lecti
3221 5591 3412 5662 regalis
3439 5591 3575 5668 inira
3602 5589 3850 5668 uarietate

2251 5659 2548 5796 iantextam
2578 5684 2598 5724 :
2623 5667 2702 5726 vel
2739 5659 3012 5740 sagulum,
3051 5665 3199 5722 breve
3225 5659 3542 5734 opertorium
3570 5659 3697 5716 rudi
3723 5659 3850 5716 lana

2293 5741 2586 5796 isnositum.

2293 5741 2586 5814 ispositum.
