4114 6364
282 333 397 398 737

1572 325 1780 389 LIBER
1818 329 1864 390 II
1904 328 2283 392 MALACIIIM.

3486 332 3592 398 738

285 430 440 515 mino
485 450 565 525 [h.
601 446 655 507 in
695 446 868 507 oculis
896 443 1159 522 Domini].
1192 443 1380 504 Noluit
1419 454 1598 503 autem
1630 447 1892 507 Dominus
1922 452 1970 515 Α
1998 449 2202 508 domini
2238 448 2338 518 tui,
2368 456 2427 505 ut
2458 445 2641 524 [Vulg.
2676 446 2751 523 et]
2782 446 3014 508 ulciscar
3039 447 3357 525 sanguinem
3401 470 3592 513 servo-

288 544 611 618 disperdere
640 542 858 609 Iudam,
883 550 1108 613 propter
1136 540 1306 597 David
1336 554 1554 596 servum
1583 554 1760 606 suum,
1786 539 1894 596 sic-

287 653 351 699 ut
403 638 735 711 promiserat
773 638 860 704 ei,
902 644 962 691 ut
990 636 1147 692 daret
1188 635 1262 689 illi
1304 635 1629 702 lucernam,
1672 643 1727 690 et
1766 632 1896 689 ﬁliis

291 737 411 808 ejus
432 734 643 791 cunctis
674 730 886 788 diebus.
921 731 979 786 In
1013 730 1207 786 diebus
1234 728 1352 799 ejus
1379 729 1612 785 recessit
1643 726 1721 799 [11.
1753 742 1896 799 prae-

289 829 572 887 Varicatus
600 824 709 897 est]
742 825 911 881 Edom
941 868 955 893 ,
996 838 1064 879 ne
1090 831 1240 881 esset
1278 822 1378 878 sub
1405 822 1542 879 Juda
1565 864 1580 890 ,
1614 831 1670 878 et
1697 821 1901 878 consti-

289 924 398 980 tuit
440 922 543 979 sibi
586 935 793 993 regem.
835 918 1105 990 Venitque
1144 917 1326 975 Joram
1371 918 1562 987 Seira,
1614 926 1671 974 et
1708 931 1901 973 omnes

290 1032 490 1077 currus
521 1032 642 1074 cum
669 1031 733 1071 eo
771 1033 783 1068 :
814 1022 869 1071 et
895 1015 1134 1070 surrexit
1160 1022 1343 1083 nocte,
1376 1014 1752 1085 percussitque
1779 1012 1902 1067 ldu-

294 1128 465 1171 mmos
489 1154 505 1182 ,
537 1112 629 1184 qui
665 1127 792 1168 eum
831 1109 1347 1176 circumdederant,
1388 1119 1442 1165 et
1472 1109 1751 1181 principes
1778 1123 1903 1165 cur-

292 1222 487 1275 ruum,
525 1206 755 1279 populus
783 1211 965 1260 autem
998 1202 1140 1275 fugit
1170 1204 1222 1258 in
1256 1203 1605 1259 tabernacula
1637 1218 1757 1259 sua.
1792 1203 1903 1259 Re-

294 1301 464 1358 cessit
512 1299 588 1373 [b.
633 1295 1052 1369 Prmvaricatus]
1100 1313 1234 1368 ergo
1281 1296 1455 1353 Edoni
1501 1313 1571 1353 ne
1610 1306 1759 1353 esset
1804 1296 1903 1352 sub

295 1392 459 1461 Juda,
493 1406 665 1463 usque
694 1391 761 1446 ad
789 1390 932 1447 diem
965 1389 1126 1444 hanc.
1154 1389 1313 1444 Tunc
1336 1387 1561 1445 recessit
1591 1388 1668 1461 [h.
1695 1403 1903 1459 praevao

298 1482 531 1556 ricatus]
558 1494 613 1541 et
638 1483 828 1539 Lobna
859 1483 913 1538 in
946 1490 1192 1553 tempore
1223 1481 1338 1538 illo.
1374 1482 1461 1555 [Τ.
1489 1481 1721 1553 CXLII]
1752 1480 1903 1537 Reli-

300 1595 408 1652 qua
433 1587 618 1635 autem
652 1592 969 1634 sermonum
995 1575 1202 1641 Joram,
1234 1584 1287 1631 et
1318 1577 1572 1631 universa
1601 1590 1724 1646 quae
1754 1575 1904 1642 fecit,

302 1688 488 1729 nonne
526 1672 644 1727 haec
683 1670 887 1742 scripta
926 1677 1055 1725 sunt
1090 1670 1142 1724 in
1183 1669 1322 1725 libro
1351 1669 1653 1725 Verborum
1693 1669 1904 1725 dierum

300 1780 491 1838 regum
523 1763 663 1821 Juda
689 1764 713 1818 ?
742 1762 811 1818 Et
836 1762 1102 1818 dormivit
1132 1761 1316 1817 Joram
1346 1776 1468 1817 cum
1500 1760 1741 1832 patribus
1768 1763 1904 1827 suis,

1997 561 2118 601 rum
2149 560 2393 601 meorum
2433 544 2819 617 pr0pbetarum
2844 592 2857 617 ,
2906 556 2961 603 et
3004 550 3320 622 sanguinem
3354 553 3595 610 omnium

2000 652 2280 692 servorum
2314 637 2553 703 Domini,
2577 637 2645 695 de
2672 654 2831 694 manu
2859 641 3098 698 Iezabel.
3130 644 3466 718 Perdamque
3488 663 3598 702 om-

2001 747 2123 787 nem
2153 730 2376 787 domum
2402 730 2556 787 Ahab
2587 749 2602 787 :
2632 742 2688 789 et
2714 734 3037 791 interﬁciam
3069 736 3137 793 de
3168 737 3324 793 Altab
3352 740 3600 812 mingen-

2002 834 2110 881 tem
2134 825 2198 880 ad
2229 826 2513 897 parietem,
2538 835 2593 883 et
2613 827 2855 885 clausum
2879 840 2931 885 et
2955 832 3308 888 novissimum
3333 834 3410 907 [h.
3445 834 3599 892 derc-

2003 919 2209 992 lictutn]
2231 919 2283 975 in
2306 919 2493 976 Israel.
2519 922 2585 976 Et
2603 921 2746 977 dabo
2767 922 2986 979 domum
3012 925 3192 994 Ahab,
3217 928 3357 982 sicut
3378 928 3596 985 domum

2002 1012 2295 1069 Jeroboam
2347 1012 2443 1069 ﬁlii
2486 1012 2693 1084 Nabat,
2737 1023 2791 1070 et
2839 1016 2978 1072 sicut
3018 1016 3240 1074 domum
3290 1018 3461 1077 Baasa
3505 1020 3604 1076 ﬁlii

2003 1104 2161 1161 Abia.
2192 1104 2411 1162 Jezabel
2444 1121 2660 1178 quoque
2701 1108 2995 1165 comedent
3034 1125 3199 1167 canes
3238 1111 3289 1166 in
3323 1128 3454 1183 agro
3480 1111 3605 1169 Jez-

2005 1199 2142 1268 rael,
2176 1216 2278 1258 nec
2304 1201 2409 1257 erit
2434 1201 2525 1273 qui
2554 1202 2789 1273 sepeliat
2815 1220 2930 1259 eam
2962 1204 3041 1277 [11.
3073 1221 3179 1262 non
3222 1205 3429 1278 habet].
3462 1209 3606 1279 Ape-

2006 1298 2227 1365 ruitque
2256 1296 2452 1349 ostium
2477 1336 2491 1363 ,
2521 1304 2575 1350 et
2606 1294 2760 1365 fugit.
2788 1296 2884 1352 Jeu
2921 1308 3099 1352 autem
3144 1313 3399 1368 egressus
3428 1308 3512 1356 est
3537 1301 3603 1356 ad

2006 1402 2198 1443 servos
2226 1386 2429 1443 domini
2474 1388 2555 1442 sui
2593 1408 2605 1440 :
2641 1392 2731 1460 qui
2774 1389 3031 1446 dixerunt
3072 1392 3119 1446 ei
3157 1392 3443 1448 :Reetene
3479 1402 3607 1448 sunt

2008 1482 2187 1537 omnia
2215 1479 2294 1551 [h.
2331 1482 2466 1537 Num
2496 1498 2598 1554 pax
2624 1482 2764 1555 est]?
2788 1483 2917 1554 quid
2963 1486 3111 1541 venit
3153 1485 3378 1542 insanus
3409 1487 3511 1544 iste
3538 1488 3606 1544 ad

2009 1577 2095 1631 te?
2125 1575 2224 1641 Qui
2256 1576 2332 1629 ait
2370 1575 2450 1631 eis
2481 1594 2491 1629 :
2520 1575 2702 1632 Nostis
2729 1576 3002 1633 hominem
3038 1578 3115 1652 [11.
3148 1579 3371 1651 virum],
3400 1590 3453 1636 et
3479 1581 3608 1652 quid

2009 1670 2224 1727 locutus
2253 1671 2359 1727 sit?
2390 1673 2459 1725 At
2501 1671 2580 1727 illi
2626 1672 3028 1743 responderunt
3060 1692 3071 1726 :
3098 1673 3318 1729 Falsum
3363 1685 3477 1740 est,
3511 1673 3608 1731 sed

2012 1761 2184 1833 magis
2215 1777 2370 1816 narra
2404 1762 2578 1817 nobis.
2618 1763 2721 1832 Qui
2749 1764 2826 1818 ait
2853 1765 2933 1820 eis
2963 1782 2977 1819 :
3011 1765 3138 1821 liazc
3163 1776 3219 1822 et
3249 1766 3367 1823 bazc
3397 1768 3611 1823 locutus

302 1858 660 1929 sepultusque
686 1864 770 1912 est
798 1870 920 1911 cum
952 1856 1031 1911 eis
1059 1854 1114 1911 in
1143 1854 1371 1910 civitate
1402 1854 1596 1921 David,
1630 1863 1685 1909 et
1715 1868 1910 1924 regna-
1938 1845 1987 1907 B
2014 1864 2098 1912 est
2129 1856 2281 1921 mihi,
2314 1854 2505 1911 dicens
2534 1854 2661 1929 [Ms.
2707 1867 2762 1913 et
2795 1857 2892 1929 ait]
2925 1877 2938 1911 :
2974 1859 3101 1915 Haec
3132 1859 3261 1915 dicit
3296 1860 3560 1917 Dominus
3592 1879 3606 1917 :

303 1953 385 2007 vit
422 1951 659 2008 Ahazias
690 1950 833 2005 filius
861 1948 978 2019 ejus
1010 1964 1111 2020 pro
1144 1964 1230 2005 eo.
1266 1950 1426 2005 Anno
1464 1948 1790 2005 duodecimo
1820 1949 1911 2004 Jo-

304 2061 421 2102 ram
458 2045 559 2101 ﬁlii
596 2043 755 2101 Abab
794 2044 938 2115 regis
973 2042 1173 2113 Israel,
1216 2044 1463 2114 regnavit
1499 2042 1730 2098 Altazias
1768 2043 1911 2097 ﬁlius

308 2139 495 2196 Joram
542 2138 688 2209 regis
732 2136 914 2193 Iudae.
959 2135 1165 2206 Viginti
1210 2136 1444 2191 duorum
1487 2150 1752 2191 annorum
1796 2146 1913 2193 erat

312 2233 547 2290 Abazias
577 2247 698 2289 cum
728 2247 961 2304 regnare
991 2233 1286 2303 cmpisset,
1327 2241 1381 2287 et
1412 2246 1520 2286 uno
1549 2247 1694 2286 anno
1720 2246 1916 2302 regna-

314 2329 392 2384 vit
422 2327 475 2382 in
505 2326 809 2383 Jerusalem
864 2344 875 2380 :
918 2341 1113 2381 nomen
1163 2325 1354 2380 matris
1385 2325 1504 2396 ejus
1531 2324 1772 2392 Atlialia,
1807 2324 1913 2380 ﬁlia

315 2423 467 2480 Amri
491 2423 633 2494 regis
660 2421 849 2478 Israel.
880 2421 947 2476 Et
972 2420 1273 2476 ambulavit
1299 2421 1352 2475 in
1376 2421 1475 2474 viis
1498 2420 1694 2475 domus
1718 2419 1872 2475 Ahab
1899 2438 1911 2474 :

316 2526 372 2571 et
392 2515 524 2571 fecit
551 2514 699 2586 quod
733 2514 935 2569 malum
958 2523 1043 2570 est
1070 2528 1255 2569 coram
1287 2513 1517 2567 Domino
1545 2511 1623 2585 [h.
1656 2514 1707 2568 in
1741 2514 1917 2569 oculis

317 2605 596 2679 Domini],
636 2607 779 2662 sicut
824 2607 1019 2661 domus
1061 2605 1216 2661 Ahab
1267 2623 1279 2659 :
1324 2620 1490 2676 gener
1532 2605 1677 2660 enim
1722 2604 1918 2661 domus

317 2701 475 2777 Altab
524 2698 643 2754 fuit.
690 2697 790 2771 [T.
822 2696 1091 2769 CXLIII.]
1131 2697 1275 2753 Abiit
1313 2712 1527 2767 quoque
1569 2712 1691 2752 cum
1733 2698 1918 2754 Joram

320 2792 440 2848 ﬁlio
468 2792 623 2848 Ahab
646 2833 661 2860 ,
695 2791 762 2847 ad
797 2790 1161 2862 pra‘liandum
1188 2798 1380 2844 contra
1410 2789 1581 2846 Azael
1615 2805 1795 2861 regem
1823 2789 1920 2862 Sy-

319 2887 417 2945 ria:
442 2888 496 2942 in
528 2885 765 2941 Ramotb
797 2884 926 2958 [Μδ.
960 2883 1221 2955 Ramatb]
1250 2883 1452 2939 Galaad
1475 2925 1490 2952 ,
1519 2893 1574 2939 et
1604 2883 1924 2939 vulnerave—

320 2990 448 3037 runt
479 2981 600 3052 Syri
631 2978 815 3035 Joram
847 2995 860 3033 :
887 2977 980 3048 qui
1007 2991 1265 3033 reversus
1291 2986 1370 3032 cst
1390 3019 1405 3045 ,
1434 2985 1496 3031 ut
1524 2985 1834 3046 curaretur,
1869 2976 1923 3031 in

323 3074 537 3131 Jezrael
568 3116 583 3141 ,
633 3073 759 3145 quia
809 3073 1234 3129 volneraverant
1287 3086 1411 3125 eum
1470 3071 1593 3141 Syri
1646 3071 1699 3125 in
1754 3070 1924 3125 Ratna

326 3164 512 3238 [Vulg.
542 3163 800 3235 Ratnotli]
825 3164 1167 3235 prmliantem
1201 3171 1391 3218 contra
1422 3161 1585 3217 Azael
1614 3177 1794 3230 regem
1825 3162 1926 3232 Sy-

326 3234 647 3313 rian—Porro
671 3234 900 3311 Abaiias
925 3255 1069 3310 ﬁlius
1095 3255 1301 3321 Joram,
1326 3268 1422 3307 rex
1451 3252 1610 3321 Juda,
1643 3253 1926 3308 descendit
1950 3234 1996 3299 C

326 3352 569 3406 invisere
588 3351 771 3406 Joratn
802 3348 970 3404 ﬁlium
1000 3347 1155 3406 Ahab
1182 3346 1241 3401 in
1265 3345 1475 3402 chracl
1503 3388 1516 3413 ,
1544 3346 1668 3417 quia
1701 3354 1929 3417 :rgrota-

328 3445 425 3501 bat
452 3454 476 3482 ⁸
511 3444 605 3499 ibi.

406 3540 494 3613 [T.
544 3538 774 3607 CXLIV,
811 3538 944 3609 Cap.
984 3536 1100 3610 1X.]
1144 3536 1376 3592 Elisaeus
1415 3544 1596 3591 autem
1622 3534 1931 3607 'prophetes

332 3633 549 3690 vocavit
579 3648 745 3687 unum
775 3632 843 3687 dc
878 3632 1003 3686 ﬁliis
1038 3631 1425 3701 prepbetarum
1446 3672 1461 3698 ,
1495 3638 1553 3684 et
1581 3629 1657 3683 ait
1684 3629 1761 3683 illi
1794 3646 1805 3683 :
1836 3629 1935 3683 Ac-

333 3728 493 3798 cinge
524 3726 738 3782 Iutnbos
768 3736 923 3793 tuos,
959 3736 1012 3781 et
1045 3725 1174 3781 tolle
1212 3725 1528 3780 lenticulam
1572 3724 1677 3779 olei
1711 3723 1851 3779 banc
1880 3725 1933 3778 in

337 3836 505 3877 manu
531 3829 643 3890 tua,
675 3831 731 3877 et
751 3820 888 3876 vade
910 3820 962 3875 in
984 3818 1216 3874 Ramotlt
1246 3818 1473 3875 Galaad.
1498 3818 1743 3889 Cumque
1771 3833 1937 3875 vene-

334 3915 416 3972 ris
446 3915 580 3971 illttc
601 3956 617 3983 ,
652 3914 863 3971 videbis
901 3912 999 3968 Jeu
1030 3912 1199 3967 ﬁlium
1225 3912 1486 3981 Josapbat
1513 3911 1608 3966 ﬁlii
1639 3910 1823 3968 Namsi
1856 3912 1933 3983 [11.

338 4007 510 4063 ﬁlium
536 4005 797 4077 Josapltat
822 4004 990 4060 ﬁlium
1019 4002 1228 4073 Namsi]
1259 4018 1273 4059 :
1307 4011 1362 4057 et
1391 4001 1674 4072 ingressus
1703 4001 1941 4056 suscita-

340 4101 425 4155 bis
451 4116 575 4155 eum
606 4100 674 4155 de
700 4098 880 4155 medio
900 4098 1128 4153 fratrum
1160 4109 1407 4161 suorum,
1436 4103 1491 4150 et
1521 4093 1831 4149 introduces
1861 4095 1944 4149 in-

342 4194 514 4249 terius
540 4191 868 4248 cubiculum.
897 4190 1219 4260 Tenensque
1247 4186 1563 4242 lenticulam
1594 4186 1718 4254 olei,
1750 4185 1943 4242 fundes

344 4302 509 4358 super
531 4296 695 4358 caput
720 4285 859 4356 ejus,
888 4294 942 4341 et
962 4283 1116 4339 diccs
1141 4300 1153 4336 :
1179 4281 1308 4337 flare
1337 4280 1468 4335 dicit
1492 4279 1773 4344 Dominus,
1801 4277 1943 4334 Unxi

345 4389 399 4434 te
430 4393 610 4451 regem
636 4393 798 4449 super
824 4376 1015 4449 Israel.
1040 4374 1377 4444 Apericsque
1403 4372 1626 4439 ostium,
1658 4380 1711 4426 et
1744 4371 1941 4441 fugies,

347 4486 401 4528 et
428 4489 534 4528 non
559 4472 629 4528 ibi
656 4472 941 4527 subsistes.
970 4469 1121 4525 Abiit
1150 4482 1280 4538 ergo
1304 4466 1628 4521 adolescens
1656 4479 1793 4535 puer
1821 4478 1948 4535 pro-

348 4570 526 4638 pheta:
558 4565 637 4638 [11.
671 4581 807 4637 puer
834 4580 969 4635 puer
998 4560 1299 4635 propheta']
1336 4561 1390 4616 in
1435 4558 1668 4615 Ramotb
1716 4557 1943 4624 Galaad,

2017 1947 2153 2004 Unxi
2183 1954 2234 2003 te
2262 1963 2443 2018 regem
2474 1964 2639 2019 super
2665 1950 2854 2007 Israel.
2893 1951 3315 2009 Festinaverunt
3339 1955 3519 2025 itaque
3557 1964 3614 2009 et

2013 2040 2385 2112 unusquisque
2435 2041 2635 2098 tollens
2684 2042 2903 2114 pallium
2952 2060 3107 2101 suum
3164 2054 3464 2117 posuerunt
3514 2046 3615 2102 sub

2018 2134 2098 2207 [h.
2123 2133 2331 2207 subter]
2359 2135 2587 2207 pedibus
2617 2136 2755 2207 ejus,
2781 2139 2832 2193 in
2866 2139 3278 2197 similitudinem
3305 2142 3616 2209 tribunalis,

2017 2240 2071 2285 et
2102 2229 2422 2285 cecinerunt
2464 2229 2621 2299 tuba,
2668 2240 2829 2302 atque
2864 2230 3127 2288 dixerunt
3165 2252 3177 2287 :
3217 2236 3463 2306 regnavit
3492 2234 3613 2291 Jeu.

2018 2322 2104 2395 [T.
2145 2320 2380 2395 CXLV.]
2420 2324 2739 2395 Conjuravit
2774 2324 2854 2398 [h.
2885 2334 2937 2383 et
2971 2326 3281 2399 rebellavit]
3333 2344 3464 2400 ergo
3501 2327 3601 2385 Jeu

2019 2414 2163 2470 filius
2186 2414 2447 2486 Josapllat
2472 2418 2565 2471 11111
2595 2416 2777 2472 Namsi
2818 2430 3011 2474 contra
3040 2419 3226 2476 Joram
3268 2439 3283 2477 :
3326 2436 3494 2492 porro
3522 2421 3617 2477 Jo-

2019 2523 2140 2562 ram
2164 2507 2454 2562 obscdcrat
2480 2508 2715 2564 Ramotlt
2745 2509 2949 2567 Galaad
2974 2528 2987 2564 :
3017 2511 3132 2583 ipse
3151 2520 3206 2569 et
3226 2515 3403 2569 omnis
3424 2514 3617 2583 Israel,

2023 2610 2209 2656 contra
2237 2601 2401 2656 Azael
2440 2617 2624 2673 regem
2662 2602 2836 2675 Syria:
2869 2621 2883 2658 :
2923 2614 2978 2661 et
3018 2620 3273 2662 reversus
3309 2600 3525 2674 fuerat,
3560 2618 3619 2662 ut

2025 2702 2312 2749 curaretur
2340 2694 2390 2748 in
2421 2693 2627 2750 Jezracl
2656 2705 2877 2766 propter
2903 2697 3150 2766 vulnera,
3183 2699 3309 2769 quia
3340 2713 3621 2769 percusse-

2025 2796 2148 2843 rant
2174 2802 2296 2842 cttm
2326 2786 2481 2859 Syri,
2516 2787 2853 2857 prteliantem
2899 2799 3090 2846 contra
3131 2792 3295 2857 Aznel
3322 2808 3505 2863 regem
3533 2792 3620 2849 Si-

2026 2880 2143 2935 rize.
2172 2880 2424 2951 Dixitque
2446 2881 2546 2937 Jeu
2572 2898 2586 2936 :
2617 2880 2675 2937 Si
2704 2883 2881 2953 placet
2908 2884 3083 2950 vobis,
3113 2900 3278 2941 nemo
3308 2886 3625 2957 egrediatur

2028 2972 2290 3046 profugus
2321 2975 2389 3031 de
2418 2974 2658 3045 civitate,
2689 2990 2756 3031 ne
2780 2976 2962 3043 vadat,
2988 2987 3045 3032 et
3071 2978 3282 3034 nuntiet
3309 2978 3360 3033 in
3385 2978 3621 3036 Jezrael.

2030 3068 2099 3124 Et
2130 3068 2393 3137 ascendit,
2419 3077 2472 3125 et
2501 3068 2775 3140 profectus
2801 3079 2885 3125 est
2907 3070 2959 3125 in
2986 3069 3222 3127 Jezrael.
3272 3071 3456 3128 Joram
3479 3070 3645 3130 enim

2032 3165 2331 3236 aegrotabat
2361 3164 2456 3231 ibi,
2484 3173 2537 3220 et
2561 3164 2765 3218 Altazia
2798 3162 2926 3235 [Ms.
2963 3164 3218 3237 Abazias]
3251 3181 3345 3223 rex
3370 3166 3505 3222 Juda
3533 3167 3629 3224 de-

2032 3257 2321 3314 scenderat
2340 3257 2406 3312 ad
2430 3256 2760 3312 visitandum
2779 3255 2988 3311 Joram.
3006 3255 3177 3328 Igitur
3201 3258 3511 3329 Speculator
3532 3262 3624 3331 qui

2031 3352 2210 3407 stabat
2248 3366 2411 3422 super
2446 3358 2651 3406 turrem
2693 3349 2905 3406 Jezrael
2933 3390 2949 3417 ,
2978 3349 3114 3405 vidit
3151 3350 3368 3420 globum
3396 3352 3495 3409 Jeu
3534 3368 3631 3409 ve-

2033 3443 2260 3510 nientis,
2287 3452 2344 3499 et
2372 3442 2445 3498 ait
2469 3458 2484 3498 :
2522 3441 2691 3498 Video
2716 3456 2816 3512 ego
2844 3441 3085 3512 globum.
3119 3442 3373 3516 Dixitque
3401 3444 3588 3501 Joram
3618 3462 3632 3501 :

2034 3537 2192 3592 Tolle
2226 3551 2467 3603 currum,
2496 3544 2552 3592 et
2580 3535 2733 3591 mitte
2763 3534 2816 3590 in
2844 3549 3133 3591 occursum
3167 3552 3379 3603 eorum,
3409 3547 3464 3593 et
3489 3538 3640 3594 dicat

2036 3629 2243 3687 vadens
2274 3646 2287 3683 :
2319 3628 2561 3685 Rectene
2607 3636 2735 3684 sunt
2773 3629 2954 3684 omnia
2999 3628 3084 3696 (11.
3119 3628 3255 3685 Num
3299 3630 3463 3702 pax)?
3490 3630 3641 3685 Abiit

2041 3726 2229 3797 igitur,
2262 3725 2354 3795 qui
2375 3723 2700 3780 ascenderat
2729 3738 2948 3779 currum
2979 3722 3058 3797 (h.
3090 3725 3338 3795 equum),
3364 3725 3417 3780 in
3444 3739 3638 3781 occur-

2040 3833 2160 3875 sum
2196 3818 2340 3889 ejus,
2371 3825 2426 3872 et
2455 3818 2529 3872 ait
2558 3834 2572 3873 :
2602 3817 2733 3871 Ilaec
2756 3816 2888 3872 dicit
2909 3832 3005 3872 rex
3036 3833 3051 3873 :
3078 3818 3277 3872 Pacata
3301 3827 3428 3873 sunt
3456 3819 3637 3873 omnia

2046 3910 2125 3983 (11.
2153 3910 2289 3966 Num
2323 3926 2425 3982 pax
2448 3910 2588 3981 est)?
2621 3908 2871 3982 Dixitque
2905 3906 3033 3981 (Ms.
3061 3910 3186 3966 add.
3215 3910 3291 3981 ei)
3318 3910 3417 3966 Jeu
3449 3927 3465 3966 :
3498 3910 3639 3978 Quid

2045 4002 2137 4057 tibi
2162 4011 2216 4058 et
2241 4002 2395 4072 paci?
2426 4002 2616 4068 transi,
2641 4011 2695 4058 et
2715 4016 2950 4073 sequere
2980 4016 3088 4058 me.
3113 4001 3399 4059 Nuntiavit
3426 4018 3643 4075 quoque

2045 4096 2390 4168 speculator,
2434 4096 2624 4151 dicens
2656 4112 2671 4142 :
2720 4095 2878 4151 Venit
2923 4096 3149 4151 nuntius
3187 4095 3252 4151 ad
3287 4110 3414 4162 eos,
3450 4105 3506 4153 et
3536 4113 3645 4154 non

2046 4189 2361 4246 revertitur.
2397 4188 2545 4244 Misit
2571 4189 2733 4245 etiam
2754 4202 2975 4243 currum
3000 4202 3265 4259 equorum
3294 4188 3594 4244 secundum
3623 4206 3637 4243 :

2048 4284 2309 4354 venitque
2330 4281 2398 4336 ad
2420 4296 2538 4348 eos,
2555 4288 2609 4337 et
2627 4281 2731 4336 ait:
2764 4280 2892 4337 Ilme
2914 4280 3047 4335 dicit
3069 4284 3164 4337 rex
3190 4299 3204 4336 :
3234 4280 3372 4335 Num
3401 4297 3506 4350 pax
3530 4280 3648 4337 est?

2048 4375 2120 4432 Et
2140 4377 2216 4431 ait
2246 4377 2344 4432 Jeu
2369 4393 2383 4430 :
2408 4374 2545 4445 Quid
2576 4374 2696 4442 tibi,
2728 4382 2785 4432 et
2807 4375 2960 4446 paci?
2982 4375 3175 4442 transi,
3205 4384 3261 4429 et
3284 4374 3411 4446 (ills.
3443 4384 3546 4431 (ac.
3571 4377 3647 4447 et)

2051 4485 2283 4541 sequere
2315 4485 2421 4523 me.
2462 4468 2749 4523 Nuntiavit
2790 4476 2978 4523 autem
3009 4466 3322 4538 Speculator
3349 4508 3363 4533 ,
3411 4466 3599 4523 dicens
3632 4484 3647 4523 :

2056 4564 2215 4620 Venit
2243 4578 2415 4635 usque
2445 4562 2512 4617 ad
2536 4577 2630 4617 eos
2652 4570 2706 4617 et
2738 4576 2846 4617 non
2879 4560 3175 4616 revertitur
3205 4576 3219 4613 :
3250 4570 3338 4615 cst
3362 4568 3540 4615 autem
3570 4560 3654 4615 in-

347 4636 406 4714 et
433 4636 716 4731 ingressus
744 4664 829 4711 est
857 4655 990 4711 illuc
1015 4653 1044 4693 ι)
1073 4671 1087 4709 :
1120 4669 1247 4710 ecce
1273 4663 1454 4709 autem
1490 4652 1765 4722 principes
1792 4666 1948 4708 exer-
1975 4636 2029 4697 Ῑ)
2055 4671 2246 4715 cessus
2275 4656 2430 4727 quasi
2462 4656 2712 4711 incessus
2739 4655 2838 4709 Jeu
2873 4653 2965 4707 11111
2998 4652 3204 4722 Namsi,
3240 4667 3481 4723 praeceps
3508 4653 3655 4709 enim

347 4754 496 4808 citus
523 4748 820 4815 sedebant,
852 4756 909 4803 et
936 4748 1011 4802 ait
1040 4765 1054 4800 :
1085 4746 1321 4801 Verbum
1351 4745 1482 4800 1111111
1514 4744 1582 4799 ad
1611 4750 1663 4799 te
1690 4784 1704 4810 ,
1738 4758 1770 4798 ο
1802 4745 1952 4813 prin-

349 4856 507 4915 ceps.
537 4839 800 4911 Dixitque
840 4838 940 4896 Jeu
976 4856 987 4894 :
1034 4839 1115 4894 Ad
1145 4854 1307 4911 quem
1348 4853 1415 4894 ex
1463 4838 1717 4893 omnibus
1750 4836 1951 4892 nobis?

354 4937 427 4993 At
471 4934 562 4990 ille
609 4932 785 5001 dixit,
841 4932 907 4988 ad
949 4940 1030 4999 te,
1080 4948 1113 4987 ο
1160 4932 1437 5003 princeps.
1484 4930 1554 4985 Et
1600 4931 1851 4986 surrexit
1898 4941 1952 4986 et

358 5029 639 5099 ingressus
689 5034 773 5081 est
829 5023 1138 5081 cubiculum
1204 5024 1304 5096 [11.
1365 5022 1628 5095 (1011111111]
1685 5042 1698 5079 :
1752 5024 1809 5077 at
1864 5024 1956 5081 ille

358 5122 499 5179 fudit
552 5121 732 5177 oleum
775 5136 945 5192 super
989 5128 1151 5191 caput
1194 5120 1344 5190 ejus,
1389 5128 1444 5175 et
1482 5121 1559 5175 ait
1600 5138 1613 5173 :
1660 5120 1788 5176 Haec
1823 5119 1959 5174 dicit

361 5213 624 5269 Dominus
666 5212 812 5269 Deus
854 5211 1021 5269 Israel
1072 5228 1085 5266 :
1132 5210 1278 5268 Unxi
1326 5218 1379 5266 te
1424 5226 1610 5282 regem
1657 5224 1823 5282 super
1865 5226 1965 5281 po-

361 5305 549 5376 pulum
591 5304 808 5362 Domini
856 5303 1064 5376 Israel,
1118 5312 1175 5361 et
1221 5302 1491 5375 percuties
1538 5303 1762 5359 domum
1807 5300 1962 5360 Abab

439 5525 468 5555 ι
504 5515 677 5575 Tacet
705 5516 1011 5577 Veronens.
1038 5531 1141 5575 ms.
1174 5515 1234 5575 τὸ
1260 5513 1371 5574 ibi:
1403 5528 1503 5589 pro
1535 5528 1642 5589 quo
1669 5526 1754 5575 est
1780 5513 1833 5575 in
1862 5511 1969 5577 Ile‘

368 5586 525 5663 brgro
540 5599 663 5653 um,
692 5593 824 5663 ipse.

439 5659 467 5698 δ
501 5659 839 5719 Emendator
874 5663 1104 5719 canonis
1132 5660 1281 5717 delet
1313 5661 1538 5718 verbum
1577 5661 1738 5727 illuc,
1777 5670 1833 5718 et
1866 5662 1970 5720 hoc

373 5732 538 5786 modo
567 5735 807 5789 restituit
836 5735 1125 5792 lectionem
1145 5733 1294 5805 juxta
1318 5734 1604 5790 Hebraeum
1647 5752 1658 5789 :
1692 5743 1739 5788 et
1770 5736 1969 5806 ingres-

373 5819 462 5878 sus
488 5812 585 5871 est,
609 5814 658 5878 et
682 5822 794 5861 ecce
822 5808 1083 5878 principes
1112 5806 1390 5873 exercitus,
1416 5816 1522 5862 etc.
1552 5806 1659 5861 Sed
1693 5805 1970 5864 noluimus

379 5874 477 5933 bas
506 5876 661 5947 sequi
688 5874 1077 5950 castigationes
1122 5886 1344 5952 propter
1388 5879 1611 5937 allatam
1660 5892 1825 5951 supra
1877 5893 1970 5936 ra-

2057 4749 2330 4822 graditur.
2366 4746 2435 4803 Et
2468 4747 2547 4802 ait
2576 4746 2762 4803 Joram
2796 4762 2810 4800 :
2842 4745 3016 4815 Junge
3055 4760 3270 4798 currum
3300 4744 3381 4813 (11.
3422 4758 3529 4800 11011
3560 4743 3658 4800 ba-

2058 4843 2199 4912 bet).
2223 4841 2520 4912 Junxitque
2550 4839 2680 4912 (Ms.
2712 4839 3152 4910 junxeruntque)
3180 4853 3401 4893 currum
3426 4838 3568 4909 ejus,
3602 4847 3661 4895 et

2061 4952 2320 5009 egressus
2350 4943 2435 4992 est
2467 4934 2654 4989 Joram
2687 4948 2783 4989 rex
2816 4932 3008 5000 Israel,
3045 4940 3099 4987 et
3127 4932 3332 4987 Altazia
3370 4948 3468 4988 rex
3498 4932 3671 5001 Iuda,-

2060 5027 2263 5099 singuli
2292 5030 2342 5083 in
2368 5026 2620 5083 curribus
2647 5025 2783 5094 suis,
2807 5025 3121 5096 egressique
3145 5034 3270 5080 sunt
3290 5025 3345 5078 in
3371 5039 3659 5081 occursum

2068 5123 2188 5188 Jeu,
2212 5130 2269 5180 et
2297 5122 2628 5179 invenerunt
2654 5135 2777 5176 eum
2812 5122 2865 5175 in
2908 5131 3041 5189 agro
3080 5117 3295 5173 Nabotb
3326 5118 3661 5175 Jezraelitis.

2065 5218 2315 5289 Cumque
2340 5214 2568 5271 vidisset
2594 5215 2779 5270 Joram
2801 5212 2904 5267 Jeu
2935 5212 3072 5267 dixit
3099 5230 3113 5267 :
3143 5211 3252 5267 Pax
3286 5222 3393 5278 est,
3424 5211 3568 5268 Jeu?
3594 5212 3667 5267 At

2068 5308 2161 5368 ille
2184 5307 2470 5382 respondit
2502 5323 2518 5366 :
2550 5306 2680 5376 Quae
2708 5305 2852 5378 pax?
2883 5303 3060 5360 adhuc
3088 5304 3474 5362 fornicationes
3504 5304 3664 5363 Ieza-

2078 5514 2305 5577 tionem.
2329 5515 2511 5577 ΜΑΜ.

2148 5592 2546 5664 —Ilicquoque
2559 5590 2618 5650 τὸ
2643 5586 2771 5648 illuc
2794 5600 2893 5647 ms.
2910 5584 3212 5650 Veronens.
3241 5594 3408 5659 tacet;
3433 5600 3673 5664 qumvox

2079 5680 2255 5736 neque
2286 5663 2617 5731 in’Hebraeo,
2651 5680 2827 5736 neque
2858 5664 2977 5719 aliis
2999 5673 3090 5736 est
3114 5666 3294 5732 libris,
3317 5671 3516 5733 prteter
3542 5663 3675 5719 Vul-

2115 5735 2232 5793 atOs
2280 5736 2523 5792 Latinos.
2571 5737 2678 5794 Sed
2720 5735 2773 5791 et
2816 5735 3140 5793 emendator
3192 5736 3458 5806 canonis,
3509 5751 3674 5807 quem

2106 5808 2429 5868 Iartianaeus
2456 5817 2636 5881 vocat,
2662 5822 2762 5868 suo
2787 5807 2935 5868 illam
2966 5823 2998 5868 e
3028 5809 3216 5870 codice
3243 5808 3529 5881 expunxit.
