3964 6344
512 264 620 327 739

1520 256 1583 317 S.
1624 251 2014 316 HIERONYMl
2049 251 2289 317 DlVlNA
2328 248 2814 314 BIBLIOTHECA.

3694 262 3788 330 740

513 384 604 441 bel
634 380 824 439 matris
854 386 984 448 tuae,
1015 384 1071 437 et
1093 373 1361 436 veneficia
1390 374 1509 448 ejus
1534 375 1704 431 multa
1732 377 1938 449 vigent.
1970 374 2116 431 Con-
2140 378 2195 441 Α
2223 373 2384 428 troitu
2413 374 2532 445 ejus
2560 373 2745 429 audito
2770 414 2788 441 ,
2819 370 3066 444 depinxit
3096 372 3287 433 oculos
3316 389 3449 433 suos
3480 384 3505 416 ο
3536 376 3717 451 stibio,
3743 394 3792 444 et

514 477 680 535 vertit
708 485 893 532 autem
920 473 1108 533 Joram
1146 487 1365 528 manum
1402 485 1555 525 suam
1595 468 1678 539 (h.
1722 486 1913 525 manus
1939 466 2115 543 suas),

517 581 575 629 et
630 570 840 641 fugiens
888 567 969 625 ait
1016 567 1082 623 ad
1136 565 1393 621 Abaziam
1439 582 1453 619 :
1498 563 1751 632 Insidiae,
1807 561 2012 620 Ahazia
2063 573 2112 619 ⁸.

516 664 606 739 (Τ.
637 660 890 734 CXLVI.)
927 661 1104 718 Porro
1149 658 1248 715 qu
1297 655 1527 713 tetendit
1566 671 1754 712 arcum
1806 671 2005 724 manu,
2060 662 2120 711 et

2222 468 2433 523 ornavit
2460 479 2621 536 caput
2644 483 2825 537 suum,
2854 473 2910 524 et
2936 466 3178 539 respexit
3199 485 3295 540 per
3315 467 3609 529 fenestram
3635 475 3790 548 ingre.

2220 559 2458 618 dientem
2487 560 2589 617 Jeu
2621 577 2717 633 per
2762 573 2973 634 portam
2998 602 3015 630 ,
3054 571 3110 618 et
3133 563 3209 618 ait
3237 581 3249 618 :
3273 562 3543 637 Numquid
3573 582 3669 640 pax
3703 584 3788 641 po-

2224 664 2329 713 test
2363 674 2487 715 esse
2519 656 2721 727 Zamri,
2768 656 2861 729 qui
2906 655 3183 715 interfecit
3220 657 3502 718 dominum
3545 677 3692 745 suum
3722 664 3789 739 [h.

516 756 790 832 percussit
836 755 1019 812 Joram
1072 750 1212 806 inter
1262 748 1518 818 scapulas
1575 747 1655 821 (h.
1710 745 1956 821 brachia)
2002 766 2015 802 :
2062 756 2120 803 et
2223 768 2464 823 numpax
2484 764 2565 809 est
2585 752 2890 824 Zamri,qui
2914 750 3791 833 interfecitdominumsuum]i[’l'.

514 865 736 924 egressa
763 856 848 905 est
867 846 1062 918 sagitta
1094 858 1192 916 per
1217 857 1311 899 cor
1333 843 1473 913 ejus,
1503 841 1799 912 statimque
1822 840 2035 897 corruit
2061 839 2115 896 in

512 961 680 1002 curru
708 957 827 998 suo.
851 939 879 979 ι)
906 940 1158 1012 Dixitque
1179 938 1280 994 Jeu
1308 937 1375 991 ad
1400 936 1641 993 Badacer
1662 933 1858 991 ducem
1888 953 1901 989 :
1929 933 2117 1001 Tolle,

494 1016 723 1110 .prnjice
771 1050 897 1091 eum
946 1034 1002 1089 in
1047 1046 1178 1104 agro
1222 1029 1437 1088 Naboth
1484 1028 1789 1086 Jezraelitae
1836 1046 1849 1083 :
1894 1026 2116 1085 memini

511 1132 657 1188 enim
683 1129 899 1203 quando
933 1142 1034 1199 ego
1059 1137 1114 1183 et
1148 1134 1204 1181 tu
1235 1125 1493 1182 sedentes
1518 1124 1573 1179 in
1603 1139 1769 1180 curru
1798 1121 1876 1195 [h.
1909 1119 1962 1178 in
1994 1137 2118 1178 cur-

511 1226 663 1284 ribus
686 1222 912 1297 junctis]
944 1220 1310 1293 sequebamur
1336 1217 1493 1275 Ahab
1522 1225 1728 1287 patrem
1759 1214 1941 1286 hujus,
1972 1213 2116 1286 quod

512 1319 772 1377 Dominus
800 1331 940 1373 onus
971 1315 1076 1372 hoc
1105 1314 1370 1371 levaverit
1410 1327 1576 1382 super
1612 1324 1759 1378 cum,
1792 1309 1981 1365 dicens
2015 1326 2028 1362 :
2059 1307 2115 1364 Si

516 1431 625 1472 non
658 1428 755 1485 pro
787 1410 1053 1483 sanguine
1083 1404 1325 1473 Nabath,
1358 1415 1414 1463 et
1440 1420 1538 1476 pro
1574 1401 1839 1474 sanguine
1881 1401 2113 1456 ﬁliorum

511 1509 664 1582 ejus,
693 1522 856 1579 quem
884 1504 994 1560 vidi
1025 1502 1172 1570 heri,
1203 1502 1280 1557 ait
1315 1500 1576 1558 Dominus
1602 1540 1617 1566 ,
1665 1496 1889 1556 reddam
1935 1494 2031 1552 tibi
2059 1495 2113 1551 in

510 1620 643 1676 agro
672 1604 796 1669 isto,
839 1600 975 1656 dicit
1001 1596 1290 1654 Dominus.
1315 1594 1471 1651 Nunc
1503 1594 1665 1663 igitur
1695 1592 1824 1648 tolle
1848 1636 1863 1661 ,
1904 1599 1958 1646 et
1983 1604 2110 1660 pro.

506 1697 615 1770 che
634 1711 758 1751 eum
784 1694 834 1749 in
853 1691 1229 1764 agrum,juxta
1245 1687 1471 1744 verbum
1486 1685 1719 1741 Domini.
1735 1684 1817 1756 [Τ.
1835 1680 2113 1754 CXLVII]

2220 842 2525 919 CXLVlll.]
2545 844 2983 919 LevavitqueJeu
3013 845 3210 903 faciem
3235 862 3387 903 suam
3402 851 3469 905 ad
3494 849 3788 927 fenestram,

2221 938 2270 993 ei
2299 936 2374 994 ait
2408 957 2421 993 :
2463 938 2483 977 ι
2512 940 2646 1008 Quae
2671 949 2757 996 est
2780 940 2879 995 ista
2908 938 2987 1014 [h.
3011 940 3144 1010 Quis
3164 951 3249 998 est
3276 940 3488 1015 meus]?
3516 950 3572 999 et
3592 944 3795 1003 inclina-

2221 1041 2416 1087 verunt
2431 1046 2490 1088 se
2504 1031 2572 1088 ad
2589 1047 2713 1089 eum
2735 1033 2842 1089 duo
2857 1032 2942 1089 vel
2962 1044 3072 1090 tres
3084 1035 3343 1092 eunuchi.
3358 1035 3534 1092 Atille
3555 1037 3758 1097 dixiteis
3779 1059 3791 1098 :

2220 1114 2566 1197 Praecipitate
2592 1140 2712 1181 eam
2745 1124 3026 1182 deorsum.
3056 1126 3123 1182 Et
3150 1128 3635 1202 praecipitaverunt
3656 1148 3791 1205 eam,

2220 1230 2589 1289 aSpersusque
2610 1226 2695 1274 est
2722 1220 2988 1290 sanguine
3015 1221 3219 1291 paries,
3244 1230 3299 1280 et
3320 1239 3585 1294 equorum
3608 1228 3794 1299 ungula:

2222 1316 2248 1355 8
2283 1311 2741 1368 conculcaverunt
2779 1327 2923 1368 eam.
2961 1311 3207 1387 Cumque
3255 1315 3632 1387 introgressus
3671 1317 3793 1392 [ιιι.

2221 1402 2520 1476 ingressus]
2550 1413 2724 1473 esset,
2755 1414 2811 1463 et
2842 1403 3030 1480 (Vulg.
3059 1411 3142 1481 ut)
3172 1409 3510 1477 comedet-et,
3542 1410 3791 1471 ethbibe-

2219 1504 2325 1564 ret,
2358 1495 2431 1551 ait
2466 1515 2479 1551 :
2511 1494 2607 1565 Ite,
2640 1507 2694 1554 et
2719 1498 2904 1555 videte
2924 1498 3269 1557 maledictam
3301 1500 3477 1570 illam,
3512 1513 3572 1562 et
3598 1506 3796 1578 sepelite

2219 1602 2340 1644 eam
2368 1605 2384 1644 :
2409 1589 2536 1661 quia
2558 1587 2667 1646 filia
2709 1592 2855 1663 regis
2886 1601 2991 1648 est.
3021 1591 3269 1666 Cumque
3295 1594 3502 1667 issent,
3533 1607 3594 1655 ut
3621 1600 3799 1671 sepeli-

2221 1686 2347 1737 rent
2366 1695 2509 1749 eam,
2540 1698 2648 1739 non
2681 1682 3016 1741 invenerunt
3048 1685 3149 1741 nisi
3174 1687 3468 1744 calvariam
3495 1730 3513 1757 ,
3547 1701 3603 1746 et
3631 1691 3793 1763 pedes,

511 1791 744 1847 Ahath
769 1796 952 1842 autem
984 1800 1080 1840 rex
1108 1782 1271 1848 Juda,
1303 1779 1492 1836 videns
1525 1783 1620 1835 hoc
1652 1778 1730 1852 [h.
1767 1793 1872 1833 non
1906 1776 2112 1850 habet],
2147 1791 2195 1852 Β
2222 1785 2277 1832 et
2306 1792 2547 1833 summas
2580 1793 2794 1834 manus.
2829 1777 3168 1852 Reversiquc
3195 1783 3585 1840 nuntiaverunt
3613 1785 3659 1841 ei
3682 1785 3793 1857 (Hs.

514 1883 656 1954 fugit
680 1897 777 1955 per
807 1882 947 1935 viam
977 1879 1171 1933 domus
1204 1877 1371 1945 horti,
1403 1884 1840 1947 persecutusque
1873 1882 1957 1928 cst
1988 1888 2112 1928 eum

508 1977 607 2035 Jeu
632 2018 649 2045 ,
672 1985 728 2032 et
761 1977 834 2031 ait
871 1992 885 2029 :
919 1973 1097 2028 Etiam
1130 1971 1271 2026 hunc
1316 1970 1591 2039 perculite
1620 1966 1747 2041 [Με.
1782 1966 2025 2040 percute]
2059 1968 2112 2022 in

509 2086 674 2127 esirru
704 2084 801 2124 suo
836 2084 849 2120 :
877 2074 933 2122 ct
965 2077 987 2105 ε
1018 2071 1409 2135 percusserunt
1438 2078 1561 2119 cum
1596 2063 1649 2117 iu
1676 2076 1906 2118 ascensu
1935 2060 2115 2117 Gaber

510 2164 587 2238 [h.
624 2161 791 2235 Gur],
838 2161 930 2233 qui
963 2167 1048 2215 est
1086 2156 1238 2230 juxta
1279 2154 1526 2212 Jeblaam
1561 2173 1573 2208 :
1611 2154 1703 2227 qui
1742 2154 1882 2226 fugit
1910 2154 1965 2209 iu
1999 2155 2113 2209 Ma-

512 2255 711 2328 geddo,
742 2264 797 2311 et
821 2261 1069 2309 mortuus
1091 2258 1175 2306 est
1198 2250 1290 2305 ibi.
1321 2248 1391 2305 Et
1419 2248 1796 2320 imposuerunt
1817 2263 1938 2304 eum
1970 2245 2114 2304 servi

512 2354 632 2422 ejus
661 2360 815 2422 super
840 2363 1054 2401 currum
1078 2362 1229 2400 suum
1274 2341 1352 2417 [h.
1387 2359 1496 2398 non
1530 2341 1753 2414 habet],
1781 2352 1834 2397 et
1866 2341 2114 2398 tulerunt

512 2446 563 2502 in
593 2444 901 2503 Jerusalem
932 2460 944 2496 :
980 2439 1420 2510 sepelieruntque
1464 2436 1653 2509 [ναις.
1698 2436 1824 2490 add.
1879 2435 2027 2507 eum]
2058 2439 2110 2491 in

510 2538 770 2610 sepulcro
801 2552 922 2591 cum
955 2534 1204 2606 patribus
1243 2532 1357 2587 suis
1388 2532 1439 2586 in
1470 2528 1689 2585 civitate
1721 2528 1912 2585 David.
1954 2533 2113 2585 Auno

508 2632 798 2688 undecimo
820 2629 1002 2685 Juram
1036 2626 1132 2681 lilii
1163 2624 1341 2689 Ahab,
1366 2621 1392 2660 ιι
1422 2622 1671 2695 regnavit
1690 2620 1924 2677 Ahazias
1947 2638 2113 2693 super

510 2724 725 2795 Judam,
759 2721 1018 2793 venitque
1044 2718 1142 2776 Jeu
1175 2718 1230 2773 in
1261 2716 1497 2773 Jezrael.
1540 2714 1714 2772 Porro
1743 2713 1991 2786 Iezabel,
2026 2714 2110 2771 iu-

586 2876 611 2904 η
639 2863 946 2919 Veronens.
981 2876 1083 2918 ms.
1114 2874 1303 2914 vocem
1332 2856 1540 2913 insidia:
1570 2856 1658 2912 hic
1687 2854 1904 2926 repetit,
1938 2870 2100 2926 quam

511 2937 695 2996 caatcri
729 2934 852 2990 libri
882 2946 1073 2988 omnes
1105 2930 1358 2987 reticent.

586 3008 612 3048 ι)
647 3006 854 3062 Nomen
886 3004 1030 3060 istud
1058 3002 1362 3059 secundum
1396 2997 1804 3073 punetationem
1833 3001 2108 3073 Massore-

516 3081 680 3136 thicac
699 3078 1008 3149 proximam
1042 3071 1476 3149 emendatum'i‘n
1508 3071 1733 3149 Canone
1764 3073 1984 3149 legitur,
2008 3071 2108 3127 Be-

511 3152 661 3207 dear.
700 3144 897 3205 iisetcri
947 3161 1141 3204 omnes
1188 3161 1290 3201 ms.
1326 3144 1547 3200 codices
1593 3146 1822 3215 primam
1867 3146 2105 3200 retinent

510 3225 829 3286 lectionem,
864 3235 1062 3291 nempe
1088 3217 1326 3291 Budaeer
1353 3227 1447 3272 aut
1470 3214 1731 3291 Badacar.
1763 3217 1840 3273 lta
1889 3232 2106 3291 quoque

2224 1875 2325 1923 tae.
2347 1867 2445 1942 ei].
2476 1870 2543 1925 Et
2564 1868 2760 1927 aitJett
2789 1887 2803 1924 :
2827 1871 3021 1929 Sermo
3047 1871 3260 1928 Domini
3282 1883 3389 1942 est,
3418 1891 3581 1945 quem
3605 1876 3796 1935 locutus

2222 1974 2304 2020 est
2320 1980 2415 2036 per
2435 1981 2649 2025 servum
2663 1983 2818 2023 suum
2834 1966 3011 2024 Eliam
3030 1966 3348 2037 Thesbiten,
3372 1968 3564 2027 dicens
3583 1970 3663 2027 :ln
3684 1987 3796 2044 agro

2222 2060 2432 2117 Jezrael
2447 2062 2808 2118 comedentca
2818 2078 2911 2118 nes
2925 2078 3118 2119 carnes
3129 2061 3257 2119 Jeza
3267 2064 3348 2119 bel
3359 2105 3375 2133 ,
3387 2074 3442 2121 et
3456 2074 3796 2144 eruntcarncs

2223 2153 2440 2212 Jezabel
2468 2157 2609 2213 sicut
2639 2166 2850 2213 stercus
2870 2172 3033 2230 super
3065 2155 3256 2214 faciem
3289 2168 3449 2216 terrae
3475 2159 3558 2231 (h.
3591 2160 3719 2231 agri)
3749 2160 3793 2215 in

2223 2263 2354 2320 agro
2379 2246 2587 2305 Jezrael
2610 2291 2626 2316 ,
2671 2251 2743 2305 ita
2782 2258 2843 2306 ut
2879 2262 3269 2322 praetereuntes
3310 2252 3492 2308 dicant
3529 2253 3795 2311 :Haeccine

2217 2350 2302 2397 est
2319 2341 2404 2397 illa
2427 2342 2649 2399 Iezabel
2674 2341 2751 2411 (h.
2775 2340 2790 2380 ί
2822 2359 2929 2397 non
2953 2343 3136 2399 dicant
3159 2361 3173 2397 :
3194 2341 3321 2400 Haec
3341 2345 3527 2400 cstilla
3541 2344 3795 2412 Jezabel)?

2292 2431 2449 2507 (Cap.
2485 2433 2627 2505 XX.)
2655 2434 2828 2489 Erant
2855 2445 3037 2491 autem
3072 2433 3229 2492 Ahab
3265 2436 3608 2508 septuaginta
3632 2436 3717 2491 lilii
3745 2435 3793 2491 in

2215 2525 2461 2584 Samaria
2495 2545 2511 2585 :
2544 2528 2763 2601 scripsit
2812 2545 2945 2600 ergo
2982 2529 3083 2586 Jeu
3133 2530 3348 2587 litteras
3375 2531 3457 2603 (h.
3502 2529 3685 2605 libros)
3708 2573 3722 2595 ,
3749 2539 3796 2586 et

2215 2624 2365 2678 misit
2394 2624 2449 2679 in
2488 2622 2815 2692 Samariam,
2866 2623 2934 2679 ad
2972 2625 3264 2696 optimates
3306 2622 3546 2681 civitatis
3572 2626 3648 2698 (h.
3686 2623 3794 2680 δοι-

2219 2715 2384 2786 rael),
2408 2723 2464 2772 et
2489 2713 2557 2771 ad
2579 2713 2710 2787 (Ms.
2739 2725 2842 2770 (ac.
2873 2725 2930 2771 et
2953 2716 3061 2788 ad)
3093 2714 3330 2787 majores
3357 2726 3513 2785 natu,
3538 2728 3591 2773 et
3618 2716 3682 2772 ad
3705 2732 3793 2771 nu-

2206 2852 2431 2920 Ahasia,
2448 2861 2617 2915 rem
2640 2853 2871 2926 denique
2898 2854 3339 2925 conjunctionem
3361 2855 3618 2914 dictionis
3635 2865 3793 2926 una,

2205 2929 2461 2994 emitque,
2486 2928 2570 2981 vel
2603 2942 2723 2999 cum
2752 2928 2969 2983 laudato
2989 2928 3133 2982 Luca
3168 2928 3429 2999 Brugensi
3456 2930 3667 2987 sentias
3687 2943 3795 2985 tau-

2209 3009 2321 3053 tum
2368 2998 2759 3073 convertendae
2809 2999 3072 3073 orationis
3116 2998 3295 3073 olficiu
3338 3001 3490 3073 fungi
3522 3042 3539 3069 ,
3585 3003 3666 3058 vel
3704 3018 3792 3071 pro

2208 3068 2472 3142 temporis
2500 3081 2623 3123 nota
2659 3071 2777 3125 sive
2803 3071 3093 3135 adverbio,
3122 3071 3268 3141 quod
3298 3068 3507 3142 sacpius
3526 3068 3792 3142 'usuveuit,

2208 3156 2417 3198 sumas.
2442 3142 2650 3216 Sensus
2678 3143 2959 3216 erit_s_ane_
2987 3148 3303 3216 perspicuus
3323 3184 3338 3208 .
3366 3152 3424 3200 et
3451 3147 3548 3216 qui
3588 3147 3711 3201 nihil
3736 3147 3794 3200 ab

2210 3229 2296 3280 ea,
2325 3228 2486 3283 quam
2513 3224 2569 3269 et
2600 3214 2813 3283 Vulgati
2845 3213 3020 3271 Latini
3051 3214 3177 3270 libri
3209 3213 3530 3285 praeferunt,
3563 3218 3792 3273 historiae

513 3277 776 3366 scriptum
810 3277 1057 3366 reperies
1080 3290 1222 3359 apud
1249 3289 1636 3361 Hieronymum
1660 3289 1798 3344 libro
1824 3277 2106 3344 nominum
2136 3277 2182 3341 C
2215 3277 2441 3366 veritate
2466 3277 2790 3366 dissentiat:
2812 3286 2963 3366 Auno
2986 3288 3185 3366 scilicet
3207 3277 3480 3366 undecimo
3503 3277 3686 3366 {oraui
3710 3289 3797 3366 ﬁlii

508 3363 929 3425 llehraicorum.
953 3363 1129 3418 Manr.

584 3449 608 3479 ο
640 3438 813 3493 Verba
841 3444 889 3489 et
929 3441 1292 3506 percusserunt
1322 3448 1476 3499 eum,
1511 3428 1814 3506 Veronens.
1858 3445 1961 3506 ms.
1996 3446 2104 3487 non

511 3508 701 3577 habet,
735 3509 901 3578 idque
930 3504 1104 3577 ipsum
1134 3515 1221 3563 est
1244 3520 1442 3561 novum
1470 3504 2108 3578 germanitatissuites-

510 3593 598 3637 tus
618 3624 635 3646 ,
665 3574 783 3636 sive
812 3574 1499 3650 'llieronymiaiue,_quam
1530 3574 1781 3639 exhibet,
1829 3575 2107 3650 Versionis

510 3644 913 3721 argumentum.
946 3644 1077 3721 Nam
1101 3664 1275 3719 neque
1301 3647 1803 3721 llehraeustextus,
1827 3661 2003 3721 neque
2030 3644 2105 3701 illi

511 3716 753 3792 prés.~lus
778 3722 991 3775 itairens
1014 3716 1323 3792 Chaldieus,
1347 3719 1674 3792 sententiam
1706 3716 1847 3772 hanc
1874 3716 2103 3792 habent;

505 3788 628 3863 quae
667 3794 894 3847 omnino
922 3806 995 3847 ex
1041 3791 1228 3847 Graeca
1253 3797 1357 3846 τῶν
1382 3788 2103 3863 Septuagintaparaphrasi,

505 3859 680 3942 icti-ys
712 3865 886 3931 αὐτὸν,
916 3867 1004 3942 uati
1030 3864 1279 3942 ᾇπὰταξςν
1303 3861 1452 3918 αὐτόν
1468 3860 1608 3942 ’πρὸς
1634 3868 1709 3934 τῷ
1729 3859 1945 3937 ἅρματι,
1961 3871 2101 3942 ρ-ηξη

507 3930 749 3992 derivata
780 3930 883 3990 est.
919 3935 1000 3989 Ad
1033 3936 1150 3989 haec
1174 3937 1400 3997 scimus,
1430 3930 1540 3999 vix',
1571 3930 1860 3987 aut'ue'v'tx
1886 3930 2105 4001 quidem

508 4013 787 4063 cohaerere
821 4006 968 4061 illam
999 4020 1119 4060 cum
1149 4004 1279 4060 libri
1311 4019 1349 4059 ιι
1373 4004 1822 4071 Paralipomenon
1850 4018 1959 4058 mi
1985 4044 2001 4069 ,
2035 4002 2105 4069 9,

505 4077 935 4135 luculentissimo
963 4076 1280 4132 testimonio
1300 4115 1315 4142 ,
1344 4090 1452 4145 quo
1468 4074 1670 4129 dicitur
1693 4075 1927 4130 Oliozias
1950 4118 1964 4143 ,
1996 4089 2105 4129 non

508 4152 596 4206 hie
617 4151 670 4206 in
693 4164 923 4206 ascensu
945 4148 1147 4213 Gaber,
1176 4149 1270 4204 sed
1296 4156 1583 4217 postquam
1620 4148 1904 4212 evasisset,
1932 4156 2107 4201 trans-

505 4222 632 4292 fuga
663 4222 719 4278 in
746 4221 1041 4294 Mageddo,
1072 4228 1237 4294 atque
1266 4218 1391 4294 inde
1420 4218 1559 4272 clam
1591 4217 1780 4294 fuisset
1813 4217 2106 4272 translatus

507 4287 920 4358 iu'Samariain,
959 4290 1030 4347 ibi
1058 4287 1276 4346 demum
1313 4289 1567 4344 inventus
1596 4288 1666 4343 ab
1695 4287 1798 4344 Jeu
1824 4297 1987 4359 atque
2017 4304 2110 4343 oc-

510 4368 678 4421 cisus.
710 4364 895 4436 Ipsum
925 4378 1160 4435 quoque,
1181 4362 1399 4436 inquit,
1430 4360 1730 4436 perquiiens
1751 4359 1898 4436 (Jeu)
1931 4360 2106 4436 Delio-

504 4440 682 4504 ziam,
737 4430 1123 4507 comprehendit
1171 4430 1460 4507 latitantem
1501 4433 1556 4486 in
1605 4430 1890 4507 Squtaria,
1938 4432 2110 4486 addu-

503 4503 739 4581 ctumque
774 4503 924 4581 ad'se
945 4507 1154 4562 occidit.
1188 4506 1254 4560 Et
1283 4507 1422 4581 hanc
1449 4510 1630 4581 tamen
1662 4503 1977 4581 Latinorum
2008 4519 2106 4559 co-

505 4575 685 4636 dicum
738 4579 1067 4635 additionem
1108 4592 1284 4648 neque
1325 4575 1668 4631 Martianmus
1709 4590 1884 4646 neque
1930 4575 1997 4631 ab
2039 4589 2107 4632 eo

507 4654 688 4708 editus
709 4651 1047 4708 Scholiastes
1084 4649 1611 4704 animadverterunt.

578 4740 606 4779 ά
638 4743 745 4798 Pro
774 4744 1003 4814 regnauit
1027 4757 1135 4797 ms.
1160 4740 1466 4814 Veronens.
1499 4741 1658 4795 habet
1688 4740 1824 4814 regis
1853 4739 2106 4814 :rin‘albo

504 4822 686 4871 autem
715 4810 921 4869 codicis
943 4812 1012 4867 Β.
1036 4814 1214 4868 littera
1243 4812 1553 4877 ascribitur,
1583 4827 1704 4882 quae
1728 4810 1921 4881 priscis
1942 4812 2105 4868 libra-

505 4888 601 4943 riis
645 4895 911 4956 suspectae
947 4884 1245 4956 dubiaeque
1277 4884 1527 4956 lectionis
1570 4892 1696 4938 nota
1728 4892 1812 4939 est
1844 4900 1858 4956 :_
1892 4894 2104 4940 monet-

507 4971 613 5026 que
636 4997 653 5023 ,
696 4954 756 5009 in
780 4956 901 5010 aliis
931 4954 1336 5026 exemplaribus
1365 4956 1432 5026 de
1462 4954 1578 5023 ejus
1617 4954 1978 5026 germanitate
2014 4971 2103 5010 re-

506 5025 850 5097 quirendum.
880 5032 955 5082 Ac
982 5028 1151 5095 prima
1174 5025 1354 5081 statim
1381 5025 1559 5081 fronte
1588 5025 1863 5082 abnormis
1881 5026 2099 5096 quidem

504 5098 721 5169 videtur
746 5142 761 5165 ,
795 5112 1083 5169 merusquo
1129 5097 1337 5155 librarii
1383 5098 1565 5169 lapsus
1599 5115 1613 5151 :
1652 5098 1749 5153 sed
1787 5110 1977 5153 auctor
2012 5108 2099 5154 est

506 5169 654 5227 Luca
690 5168 1016 5239 Brugensis,
1046 5169 1408 5227 vetustiorum
1442 5168 1567 5225 eam
1603 5183 1726 5225 esse
1762 5183 1827 5224 ac
1854 5170 2095 5227 melioris

447 5294 456 5303 ε
504 5252 649 5312 nota:
670 5237 922 5295 codicum
956 5259 968 5295 :
1002 5242 1132 5312 quin
1166 5242 1326 5297 etiam
1370 5240 1585 5312 probari
1618 5241 1813 5312 unice,
1852 5242 2094 5312 satisque

504 5310 663 5367 bouis
690 5310 1173 5382 argumentis—cum
1216 5310 1563 5382 sibiin'etipsi,
1595 5326 1719 5367 cum
1752 5310 2094 5382 Epanortlio-

506 5393 597 5440 tae.
638 5381 1023 5465 Nequeporrn
1058 5383 1288 5465 discedit
1315 5386 1383 5440 ab
1413 5381 1647 5465 Hebraeo
1675 5393 1822 5438 textu
1845 5429 1859 5455 ,
1882 5385 1939 5465 _s_i
1965 5400 2089 5441 eum

504 5464 663 5528 putes
682 5453 810 5509 olim
843 5453 1154 5528 llicronymi
1182 5471 1299 5510 aevo
1336 5456 1498 5511 nullis
1526 5453 1851 5511 instructum
1877 5456 2087 5513 Masso-

505 5526 1236 5608 rhetarumpunctishqute
1265 5535 1413 5583 certe
1458 5528 1699 5608 ille_nun
1746 5530 2083 5608 novit-{tum

502 5603 625 5657 aliis
668 5595 954 5653 substratis
994 5595 1062 5649 ab
1093 5595 1176 5651 his
1212 5613 1331 5667 quae
1360 5613 1504 5653 nunc
1531 5597 1817 5667 obtinent,
1860 5597 2084 5665 Melecli,

502 5687 624 5729 cum
646 5669 849 5741 duplici
892 5667 1041 5741 segol
1066 5708 1109 5741 ,_
1128 5681 1226 5741 pro
1255 5680 1458 5725 camets
1487 5678 1543 5725 et
1582 5671 1777 5741 patach
1801 5713 1816 5738 ,
1845 5673 1961 5728 sive
1990 5686 2088 5741 pro

500 5736 737 5812 malaclt;
757 5741 924 5812 legas.
957 5736 1112 5812 Quod
1129 5736 1488 5812 subsequitur
1526 5736 1724 5798 Altazia
1765 5736 1963 5799 nomen
1991 5736 2089 5799 in-

503 5810 833 5878 declinabile
853 5810 1393 5890 quemadmodum‘ln
1424 5812 1676 5874 llaebraco
1700 5825 1819 5889 est,
1852 5814 2084 5891 accipias

2209 3357 2379 3425 Ahab,
2416 3373 2534 3411 cum
2564 3366 2694 3411 esset
2726 3355 2921 3411 Ahazia
2951 3375 3046 3413 rex
3071 3355 3106 3411 .1
3114 3361 3213 3412 uda
3237 3400 3253 3425 ,
3281 3361 3483 3415 renisse
3512 3358 3615 3417 Jeu
3644 3363 3695 3415 in
3710 3355 3796 3414 Ἰε-

2208 3431 2369 3485 zrael.
2401 3429 2688 3503 Nainhoc
2721 3430 2936 3503 _J_orami
2988 3445 3133 3485 auito
3173 3432 3224 3484 in
3267 3435 3613 3487 consortium
3654 3430 3795 3503 regni

2209 3502 2439 3575 accitum
2489 3499 2658 3556 fuisse
2703 3499 2962 3556 Ahaziam
3003 3511 3262 3575 constans
3306 3509 3393 3558 est
3440 3499 3795 3575 Interpretum

2210 3573 2515 3646 sententia,
2567 3587 2913 3646 quamquam
2939 3586 3048 3628 non
3090 3572 3195 3629 nisi
3244 3573 3558 3646 insequenti
3600 3572 3797 3632 duode-

2209 3644 2351 3699 cimo
2378 3659 2609 3721 ,Arerum
2642 3644 2845 3713 potitus
2873 3645 2966 3715 sit,
3008 3653 3069 3701 ut
3098 3660 3164 3701 ex
3193 3644 3559 3716 praecedentis
3587 3647 3796 3721 capituli

2209 3730 2369 3771 versu
2387 3716 2462 3771 ‘25
2483 3717 2669 3785 liquet.

2290 3797 2315 3825 ο
2349 3787 2391 3842 Ε
2417 3788 2641 3858 regione
2685 3787 2849 3856 hujus
2883 3788 3042 3844 vocis
3074 3787 3133 3843 in
3169 3788 3508 3846 Veronensis
3548 3806 3653 3849 ms.
3685 3790 3799 3846 albo

2211 3868 2455 3915 notatum
2503 3867 2627 3926 est,
2660 3860 2848 3916 eadem
2899 3861 2986 3915 illa
3030 3874 3153 3931 qua:
3197 3861 3443 3918 codicem
3495 3864 3797 3920 universum

2211 3930 2505 4003 descripsit
2535 3947 2727 4003 manu,
2760 3932 2993 3986 callibles
3013 3973 3029 4000 ,
3049 3930 3220 4003 quam
3244 3948 3431 3988 vocem
3456 3976 3473 4001 ,
3503 3936 3686 3992 exesis
3710 3950 3797 3990 ve-

2186 4012 2409 4067 ,tustatc
2432 4002 2649 4068 litteris,
2677 4003 2761 4058 sui
2794 4011 2948 4073 parte
2980 4002 3278 4058 truncatam
3309 4005 3530 4073 opinor,
3565 4022 3629 4063 ac
3648 4006 3797 4062 velim

2211 4073 2423 4150 integre
2468 4076 2737 4150 scriptum
2789 4074 2860 4129 ab
2877 4073 3637 4150 -Amauueu‘si“Calliblefaro
3668 4093 3687 4132 :
3723 4088 3801 4133 est

2208 4143 2355 4225 enim
2382 4143 2846 4225 ϐιιιιὶὑιιερΙιαιςοιι-ζ
2865 4146 3056 4225 Graece
3085 4143 3796 4225 καλλιϐλῷαμνῂιειῄθιιιβι

2211 4217 2572 4290 medicamen,
2602 4216 2746 4287 quod
2768 4219 2975 4290 Plinius
2997 4219 3091 4274 lib.
3113 4234 3262 4283 XXIII,
3291 4216 3412 4290 cap'.
3436 4216 3500 4287 6,
3523 4224 3706 4279 tradit.
3730 4221 3801 4277 Ea

2211 4289 2459 4367 fortassis
2483 4303 2616 4343 voce
2644 4305 2739 4358 pro
2766 4289 2918 4344 stibio
2940 4302 3096 4347 vetus
3122 4290 3347 4347 Latinus
3366 4289 3658 4367 interpres
3682 4303 3801 4349 ante

2211 4359 2624 4431 Hieronymum,
2660 4375 2789 4415 usus
2818 4372 2920 4415 est.

2288 4429 2307 4505 ζ
2338 4429 2618 4505 Hebraicm
2649 4439 2725 4492 in
2757 4439 2862 4491 in}:
2899 4441 3007 4501 ηε,
3038 4433 3111 4487 ηιὶ
3144 4433 3257 4501 illi,
3282 4442 3355 4489 mi
3375 4475 3391 4501 ,
3419 4437 3544 4501 quis
3570 4453 3798 4505 mecum,

2209 4504 2360 4573 quis?
2389 4503 2755 4631 "iel'OllelS
2803 4520 3023 4560 sensum
3070 4505 3367 4575 Scriptura:
3399 4508 3590 4564 reddit
3626 4526 3641 4563 :
3677 4503 3801 4575 Qui:

2209 4583 2285 4630 est
2311 4575 2445 4630 ista?
2469 4573 2557 4631 LX
2637 4574 2826 4631 verbis
2852 4576 3201 4631 adhaeserunt
3230 4580 3329 4631 hoc
3356 4578 3503 4631 loco.
3526 4584 3619 4631 Ti:
3647 4577 3693 4631 εἴ
3718 4582 3800 4631 σὺ.

2209 4583 2285 4630 est
2311 4575 2445 4630 ista?
2469 4573 2613 4631 LXX
2637 4574 2826 4631 verbis
2852 4573 3211 4632 adhaeserunt
3230 4580 3329 4634 hoc
3356 4578 3503 4635 loco.
3526 4584 3619 4645 Ti;
3647 4573 3800 4638 simi.

2213 4646 2344 4713 Qua:
2380 4663 2432 4702 es
2473 4648 2565 4701 tu?
2597 4644 2751 4718 quasi
2781 4656 2925 4702 esset
2955 4648 3007 4703 in
3037 4648 3265 4704 Hebraeo
3292 4661 3378 4709 me
3413 4658 3521 4715 ηε,
3559 4644 3635 4707 ιιιί
3677 4655 3764 4706 atii
3785 4667 3804 4706 :

2209 4733 2331 4793 cum
2364 4728 2544 4773 tamen
2571 4718 2768 4793 habeat
2796 4727 2902 4780 ’ΠΝ
2924 4760 2936 4784 ,
2971 4735 3123 4793 more
3152 4719 3435 4793 Syrorum.
3469 4721 3653 4779 Porro
3681 4732 3800 4788 ins,

2208 4792 2287 4844 itti
2317 4792 2535 4861 punitur
2571 4790 2776 4862 sa-pius
2818 4807 2914 4859 pro
2944 4800 3077 4857 τω,
3109 4790 3255 4845 imuii
3274 4833 3290 4857 ,
3323 4793 3376 4848 id
3403 4804 3517 4862 est,
3552 4811 3755 4852 mecum
3783 4811 3801 4847 .-

2208 4861 2713 4933 hiucscholiastes,
2742 4865 2857 4933 quis
2896 4872 2970 4916 est
3003 4879 3204 4916 mecum
3226 4865 3250 4918 ε)
3272 4864 3447 4920 Mans.

2281 4942 2305 4981 s
2337 4932 2531 5005 Veron.
2579 4948 2680 5005 ms.
2718 4932 2967 5005 equorum
3004 4933 3213 5005 ungula:
3233 4938 3316 5004 qui
3364 4937 3803 4995 conculcaveruut

2205 5022 2354 5071 eam,
2375 5004 2529 5083 quod
2554 5004 2790 5061 Arabico
2809 5004 3095 5077 interpreti
3129 5009 3299 5078 magis
3328 5008 3582 5066 adhaeret
3601 5052 3618 5079 ,
3649 5024 3803 5083 quam

2203 5079 2410 5133 caeteri.

2277 5145 2470 5220 lfidem
2503 5163 2605 5205 ms.
2640 5148 2967 5220 bibissetque,
2999 5150 3092 5209 ait.
3124 5150 3218 5219 ite,
3252 5149 3437 5220 ridete,
3471 5165 3593 5212 etc.

2286 5218 2301 5257 ί
2334 5222 2565 5295 Sensum
2597 5218 2869 5295 expressit
2893 5218 3294 5295 _llier0uytnus,
3328 5218 3684 5295 Scholiasles
3713 5243 3807 5282 att-

2201 5299 2309 5347 tem
2342 5293 2628 5348 verbnrum
2654 5291 3031 5349 tenacissimus
3074 5291 3276 5348 littera:
3306 5294 3656 5354 adhaerescit
3683 5313 3802 5353 cum

2199 5364 2453 5419 omnibus
2479 5366 2601 5419 aliis
2631 5363 3052 5435 interpretibus,
3078 5365 3170 5435 qui
3192 5375 3521 5425 constanter
3544 5372 3806 5433 reddunt,

2195 5446 2253 5490 ut
2284 5453 2385 5514 non
2410 5435 2608 5505 dicunt,
2638 5435 2750 5490 lucc
2779 5444 2854 5491 est
2874 5434 3107 5514 Jezabet.
3145 5436 3204 5491 In
3248 5440 3482 5496 Hebraeo
3533 5445 3807 5514 scriptum

2195 5537 2298 5611 esti
2323 5512 2625 5611 parum}
2650 5535 2830 5593 “nisi
2885 5511 2959 5611 δὴ
3013 5511 3671 5611 1wn,naser_lojemeru
3693 5537 3809 5611 sed!

2191 5599 2424 5679 gestibat,
2458 5604 2511 5658 id
2557 5616 2661 5679 cst,
2680 5614 2745 5679 Aut
2774 5603 3081 5679 {torrdicaut
3108 5617 3125 5654 :
3152 5598 3284 5679 Huic
3310 5598 3553 5679 μείρει.
3590 5610 3730 5679 Quae
3756 5609 3808 5663 in

2190 5670 2297 5747 h_uc
2326 5688 2491 5730 sensu
2518 5675 2833 5747 accipienda
2862 5685 3013 5740 sunt,
3044 5677 3198 5747 quasi
3226 5671 3428 5747 Gallice
3450 5670 3807 5746 dimFemus.

2190 5740 2260 5798 Et
2300 5760 2429 5823 cepa:
2456 5746 2547 5823 qui
2584 5740 2854 5823 passerem
2903 5762 2966 5805 ne
3020 5740 3295 5806 ditant-its
3329 5765 3422 5823 pas
3453 5768 3479 5811 :
3513 5751 3732 5813 Est-ce
3757 5740 3813 5813 ιᾶ

2188 5823 2317 5875 cette
2337 5813 2548 5876 Iezabel
2569 5813 2594 5877 ἰ
2617 5819 2794 5878 Mser.
