4114 6364
315 287 418 350 741

1607 281 1815 346 LIBER
1851 285 1898 346 II
1934 278 2322 346 MALACHIM.

3507 285 3618 348 742

316 405 508 462 tricies
536 401 713 468 Ahab,
745 401 971 459 dicens:
997 398 1194 460 Statim
1236 409 1296 460 ut
1338 402 1664 474 acceperitis
1694 405 1910 463 litteras
1937 409 1991 468 Α
2018 404 2070 460 in
2098 401 2422 461 Samariam.
2456 399 2522 456 Et
2544 396 2812 471 percussit
2833 372 3024 457 omnes
3049 399 3138 471 qui
3167 357 3365 474 reliqui
3398 403 3614 466 fuerant

319 501 418 555 has
448 499 528 571 (h.
559 498 790 568 librum)
811 540 827 565 ,
862 496 954 569 qui
986 497 1202 554 habetis
1230 498 1371 554 ﬁlios
1398 497 1606 556 domini
1632 499 1823 566 vestri,
1857 508 1912 554 ct

321 608 536 659 currus,
561 601 615 645 et
643 606 836 660 equos,
871 599 926 645 et
947 591 1194 646 civitates
1220 590 1427 659 ﬁrmas,
1452 599 1507 646 et
1532 606 1703 657 arma,
1731 591 1915 661 eligite

321 686 628 751 meliorem,
654 694 853 741 etcum
879 685 971 756 qui
995 684 1149 740 vobis
1171 686 1433 754 placuerit
1459 686 1526 740 de
1549 684 1676 741 ﬁliis
1702 685 1916 740 Domini

319 779 489 835 vestri
524 777 712 852 (Vulg.
745 777 874 831 add.
911 786 966 833 et
996 777 1144 851 eum)
1175 777 1360 847 ponite
1397 793 1562 848 super
1597 778 1790 832 solium
1824 793 1918 848 pa-

323 873 423 928 tris
448 872 554 934 sui,
583 880 639 927 et
668 881 898 942 pugnate
923 884 1022 940 pro
1045 869 1208 925 domo
1233 868 1440 925 domini
1468 871 1661 925 vestri.
1699 869 1920 925 Timue-

322 974 458 1023 runt
485 966 563 1021 illi
601 965 956 1020 vehementer
983 1005 1000 1031 ,
1032 971 1087 1020 et
1121 964 1379 1020 dixerunt
1410 979 1426 1018 :
1458 963 1600 1020 Ecce
1625 964 1732 1018 duo
1761 978 1918 1034 reges

302 1076 434 1125 ,non
465 1066 757 1130 potuerunt
782 1066 930 1114 stare
961 1072 1146 1113 coram
1170 1072 1235 1113 eo
1260 1099 1276 1124 ,
1307 1065 1361 1112 et
1387 1057 1658 1129 quomodo
1690 1073 1788 1112 nos
1821 1072 1919 1111 va-

321 1153 555 1210 lebimus
592 1151 885 1207 resistere?
911 1149 1173 1228 Miserum
1195 1165 1329 1221 ergo
1351 1149 1676 1220 praepositus
1703 1148 1918 1214 domus,

321 1257 374 1304 et
403 1247 694 1319 praefectus
722 1245 988 1310 civitatis,
1023 1243 1210 1316 (Vulg.
1255 1245 1532 1316 praepositi
1567 1252 1622 1300 et
1659 1242 1920 1316 praefecti)

323 1350 378 1398 et
404 1341 645 1410 majores
668 1349 822 1406 natu,
845 1349 902 1395 et
929 1339 1171 1404 nutricii,
1203 1339 1270 1394 ad
1298 1337 1420 1406 Jeu,
1449 1338 1693 1394 dicentes
1722 1355 1738 1396 :
1765 1338 1922 1395 Servi

320 1434 398 1490 tui
439 1447 655 1502 sumus,
685 1446 1041 1504 quaecumque
1067 1432 1299 1503 jusseris
1324 1434 1609 1500 faciemus,
1658 1448 1758 1490 nec
1787 1448 1922 1488 con-

321 1526 609 1582 stituemus
634 1536 660 1564 η
685 1526 840 1582 nobis
872 1541 1054 1595 regem
1093 1527 1174 1598 (h.
1207 1525 1363 1582 nobis
1384 1526 1586 1599 virum)
1615 1542 1923 1596 :quaecum-

323 1637 429 1694 que
463 1621 558 1677 tibi
585 1621 822 1690 placent,
858 1618 961 1676 fac.
997 1619 1338 1694 (T.CXLIX)
1367 1637 1381 1676 :
1412 1619 1713 1690 Rescripsit
1741 1629 1923 1675 autem

325 1716 406 1770 eis
461 1715 671 1769 litteras
724 1710 804 1783 (h.
856 1711 1080 1782 librum)
1133 1711 1415 1781 secundo,
1463 1711 1695 1768 dicens:
1727 1711 1784 1767 Si
1818 1709 1922 1766 mei

2018 502 2086 559 de
2114 500 2275 557 Ahab
2305 501 2358 556 in
2394 499 2638 556 Samaria
2668 514 2838 568 usque
2865 498 2932 553 ad
2962 514 3129 554 unum
3154 499 3237 572 (h.
3273 499 3342 556 ad
3371 500 3615 560 interne-

2018 594 2279 664 cionem),
2307 595 2458 665 juxta
2484 593 2708 648 verbum
2739 592 2974 661 Domini,
3003 592 3151 664 quod
3176 593 3393 650 locutus
3417 605 3503 651 est
3523 611 3620 667 per

2019 690 2220 747 Eliam.
2269 689 2628 761 Congregavit
2664 705 2791 760 ergo
2823 688 2923 745 qu
2967 705 3183 745 onmem
3233 690 3492 761 populum
3518 731 3535 759 ,
3567 699 3622 747 et

2021 785 2157 841 dixit
2197 784 2262 840 ad
2301 799 2396 841 eos
2429 783 2559 857 (Ms.
2593 792 2745 856 eum)
2791 801 2803 836 :
2837 782 2992 839 Ahab
3025 784 3196 839 coluit
3225 783 3354 838 Baal
3394 799 3616 855 parum,

2021 893 2124 950 ego‘
2152 888 2332 934 autem
2357 878 2534 934 colam
2558 892 2681 933 eum
2706 877 2958 947 amplius.
2985 877 3073 950 (T.
3098 874 3254 950 CLI.)
3277 876 3430 932 Nunc
3457 878 3622 947 igitur

2022 988 2212 1029 omnes
2238 971 2531 1044 prophetas
2557 971 2686 1026 Baal
2706 1017 2721 1040 ,
2766 980 2818 1027 et
2848 972 3134 1027 universos
3166 986 3357 1026 servos
3397 972 3537 1039 ejus,
3568 981 3624 1028 et

2023 1075 2252 1122 cunctos
2281 1065 2596 1121 sacerdotes
2628 1064 2798 1136 ipsius
2830 1073 3025 1120 vocate
3052 1063 3119 1120 ad
3160 1079 3249 1121 me
3277 1081 3290 1118 :
3335 1065 3524 1119 nullus
3553 1064 3624 1120 sit

2024 1159 2114 1229 qui
2144 1173 2248 1215 non
2279 1159 2508 1226 veniat,
2553 1157 2884 1213 sacriﬁcium
2933 1157 3078 1212 enim
3117 1158 3320 1227 grande
3364 1167 3446 1212 est
3491 1157 3623 1214 mihi

2023 1254 2193 1310 Baal:
2225 1254 2551 1324 quicumque
2581 1251 2814 1308 defuerit
2845 1268 2952 1306 non
2991 1252 3158 1306 vivet.
3208 1251 3378 1307 Porro
3405 1252 3506 1307 Jeu
3535 1251 3614 1306 fa-

2026 1346 2204 1402 ciebat
2243 1345 2348 1401 hoc
2374 1345 2664 1411 insidiose,
2695 1352 2753 1398 ut
2791 1343 3040 1414 perderet
3072 1340 3204 1412 (Ms.
3247 1351 3293 1397 et
3325 1341 3484 1414 Vulg.
3515 1342 3626 1396 dis-

2026 1439 2302 1511 perderet)
2345 1441 2585 1496 cultores
2624 1437 2779 1493 Baal.
2825 1437 2969 1493 Dixit
3011 1446 3192 1492 autem
3227 1452 3243 1494 :
3275 1435 3622 1493 Sanctiﬁcatc

2027 1531 2172 1588 diem
2216 1531 2296 1605 (h.
2345 1529 2572 1600 emtum)
2610 1531 2910 1587 solemnem
2952 1528 3103 1585 Baal.
3155 1529 3528 1600 Vocavitque,
3570 1538 3626 1585 et

2029 1626 2180 1680 misit
2201 1625 2252 1680 in
2275 1625 2558 1681 universos
2583 1624 2842 1680 terminos
2866 1623 3056 1688 Israel,
3084 1630 3139 1680 et
3159 1635 3425 1680 venerunt
3446 1623 3626 1679 cuncti

2029 1717 2172 1770 servi
2201 1714 2331 1769 Baal
2361 1730 2377 1768 :
2405 1730 2511 1768 non
2557 1713 2659 1768 fuit
2696 1712 2946 1769 residuus
2986 1728 3056 1769 ne
3095 1728 3232 1768 unus
3279 1713 3498 1784 quidem
3531 1715 3626 1784 qui

326 1807 485 1872 estis,
518 1818 569 1861 et
599 1805 835 1881 ohcditis
861 1805 1014 1870 mihi,
1042 1804 1211 1859 tollite
1247 1804 1418 1874 capita
1463 1805 1698 1859 ﬁliorum
1722 1803 1927 1859 domini
1958 1808 2005 1870 B
2032 1821 2143 1862 non
2173 1806 2408 1861 veniret.
2442 1805 2510 1860 Et
2541 1805 2769 1876 ingressi
2811 1815 2939 1860 sunt
2975 1805 3232 1875 templum
3267 1805 3346 1876 (h.
3380 1803 3624 1875 domum)

324 1900 517 1964 vestri,
549 1908 604 1954 et
629 1899 812 1954 venite
853 1897 920 1952 ad
948 1913 1035 1954 me
1061 1897 1163 1952 hac
1188 1898 1380 1954 eadem
1411 1897 1539 1952 hora
1568 1912 1690 1953 cras
1722 1898 1772 1952 in
1805 1897 1927 1953 lea--

324 1995 461 2049 rael.
491 1991 660 2046 Porro
691 1991 783 2045 ﬁlii
831 1991 997 2062 regis,
1045 1989 1384 2061 septuaginta
1420 1989 1543 2057 viri,
1591 1989 1732 2060 apud
1785 1991 1927 2060 opti-

323 2095 504 2142 mates
528 2084 763 2140 civitatis
815 2085 1218 2139 nutriebantur.
1262 2083 1505 2154 Cumque
1529 2083 1807 2139 venissent
1831 2083 1926 2138 Iit-

325 2189 456 2235 tera:
480 2180 558 2250 (h.
587 2177 748 2249 liber)
785 2178 850 2232 ad
891 2192 1022 2245 eos,
1065 2177 1307 2233 tulerunt
1339 2178 1476 2232 lilios
1508 2178 1670 2247 regis,
1705 2185 1760 2233 et
1782 2177 1927 2233 occi-

323 2274 524 2328 derunt
545 2272 885 2343 septuaginta
915 2272 1079 2336 viros,
1117 2279 1176 2327 et
1207 2280 1509 2342 posuerunt
1535 2271 1708 2340 capita
1742 2285 1926 2326 eorum

324 2365 378 2420 in
421 2363 705 2435 cophinis,
734 2372 788 2418 et
819 2363 1085 2418 miserunt
1125 2363 1191 2418 ad
1232 2379 1355 2420 eum
1393 2364 1447 2419 in
1494 2363 1726 2420 .lczrael.
1771 2364 1932 2420 Venit

322 2469 508 2512 autem
539 2455 758 2512 nuntius
782 2498 796 2522 ,
830 2464 885 2512 et
914 2456 1174 2511 indicavit
1215 2455 1263 2511 ei
1292 2497 1306 2522 ,
1349 2456 1540 2512 dicens
1567 2472 1582 2511 :
1618 2457 1932 2512 Attulerunt

324 2551 500 2620 capita
538 2550 768 2604 ﬁliorum
819 2548 985 2619 regis.
1029 2549 1132 2618 Qui
1185 2549 1466 2620 respondit
1499 2567 1512 2607 :
1548 2549 1738 2604 Ponite
1774 2565 1837 2604 ea
1864 2549 1930 2604 ad

328 2643 460 2717 (Ms.
513 2653 614 2697 lac.
665 2641 756 2714 ad)
791 2643 927 2698 duos
969 2658 1196 2699 acervos
1239 2643 1393 2714 juxta
1443 2643 1717 2698 introitum
1757 2655 1933 2715 porta:

330 2751 504 2805 usque
547 2750 723 2790 mane.
767 2732 1010 2807 Cumque
1055 2733 1373 2803 diluxisset,
1429 2749 1682 2805 egressus
1725 2743 1840 2800 est,
1881 2742 1937 2790 et

331 2839 483 2886 stans
515 2829 655 2886 dixit
684 2830 753 2886 ad
781 2845 996 2885 omnem
1044 2829 1308 2900 populum
1340 2848 1353 2885 :
1381 2830 1516 2886 Jnsti
1547 2831 1676 2886 estis
1721 2847 1731 2883 :
1763 2830 1806 2884 si
1834 2845 1935 2900 ego

332 2925 616 2996 conjuravi
657 2924 737 2996 (li.
782 2924 1065 2996 rebellavi)
1096 2935 1284 2980 contra
1329 2923 1606 2979 dominum
1635 2939 1812 2980 meum
1837 2969 1850 2992 ,
1883 2933 1938 2980 et

334 3018 583 3074 interfeci
612 3034 759 3087 eum,
784 3019 904 3089 quis
928 3018 1197 3088 percussit
1222 3032 1413 3074 omnes
1436 3016 1570 3072 hos?
1595 3017 1785 3073 Videte
1807 3032 1935 3087 ergo

337 3127 482 3167 nunc
504 3112 758 3182 quoniam
791 3126 898 3166 non
931 3109 1129 3166 cecidit
1160 3109 1228 3165 de
1267 3109 1611 3165 sermonibus
1643 3109 1852 3165 Domini
1883 3110 1936 3164 in

2027 1900 2154 1962 Baal
2175 1911 2254 1954 :et
2269 1899 2472 1970 repleta
2486 1899 2776 1954 estdomus
2792 1899 2937 1963 Baal,
2953 1915 2982 1952 a
2996 1913 3206 1953 summo
3219 1914 3392 1969 usque
3405 1899 3469 1954 ad
3485 1913 3630 1954 sum-

2027 2008 2196 2048 mum.
2212 1990 2564 2062 Dixitqueltis
2584 1990 2664 2063 (h.
2684 1990 2756 2062 ci)
2779 2002 2798 2029 ε
2820 1991 2907 2062 qui
2923 1999 3078 2046 erant
3095 2006 3257 2061 super
3269 2000 3449 2048 vestes
3467 2010 3479 2045 :
3497 1990 3630 2048 Pro-

2039 2086 2177 2144 ferte
2219 2086 2543 2141 vestimenta
2573 2085 2842 2140 universis
2886 2086 3060 2141 servis
3107 2086 3257 2140 thal.
3294 2086 3357 2140 Et
3389 2086 3634 2156 protule-

2030 2187 2162 2236 runt
2198 2178 2276 2250 [h.
2321 2175 2571 2248 protulit]
2603 2178 2681 2232 eis
2721 2176 2846 2248 (Ms.
2882 2175 2952 2248 ei]
2998 2187 3201 2232 vestes.
3244 2175 3632 2248 Ingressusque

2031 2281 2116 2329 est
2142 2273 2273 2339 Jeu,
2308 2280 2363 2328 et
2396 2269 2644 2328 Jonadab
2673 2271 2815 2325 ﬁlius
2858 2271 3108 2340 Rechab,
3138 2273 3398 2343 templum
3429 2272 3506 2346 [h.
3535 2272 3634 2327 d0-

2032 2363 2200 2435 mum]
2236 2363 2397 2428 Baal,
2439 2371 2495 2418 et
2528 2363 2602 2417 ait
2644 2362 2944 2419 cultoribus
2980 2364 3109 2418 Baal
3139 2381 3152 2418 :
3201 2363 3545 2436 Perquirite,
3579 2374 3634 2420 et

2033 2457 2245 2526 videte,
2273 2471 2340 2511 ne
2365 2455 2487 2526 quis
2519 2455 2659 2511 forte
2687 2454 2968 2511 vobiscum
3001 2455 3069 2510 sit
3095 2454 3162 2511 de
3192 2456 3366 2510 servis
3389 2455 3629 2523 Domini,

2034 2549 2132 2606 sed
2164 2559 2220 2603 ut
2258 2549 2366 2604 sint
2396 2548 2498 2602 soli
2537 2547 2679 2602 servi
2719 2548 2867 2602 Baal.
2913 2545 3153 2619 lngressi
3185 2557 3310 2604 sunt
3339 2547 3531 2618 igitur,
3574 2559 3631 2603 ut

2031 2643 2277 2699 facerent
2305 2641 2550 2697 victimas
2579 2650 2635 2697 et
2673 2641 2993 2696 holocausta
3024 2660 3036 2694 :
3069 2640 3166 2698 qu
3199 2650 3376 2698 autem
3417 2658 3631 2714 praepa-

2035 2743 2252 2793 raverat
2299 2734 2402 2790 sibi
2444 2733 2575 2790 foris
2624 2735 2898 2805 octoginta
2937 2735 3118 2802 viros,
3158 2743 3212 2790 et
3252 2735 3473 2792 dixerat
3517 2735 3630 2791 eis:

2037 2829 2377 2898 Quicumque
2409 2826 2604 2898 fugerit
2642 2828 2710 2882 de
2743 2827 3056 2883 hominibus
3089 2826 3203 2896 his,
3237 2843 3373 2899 quos
3409 2843 3508 2898 ego
3542 2827 3636 2883 ad-

2037 2923 2242 2976 duxero
2266 2920 2316 2974 in
2347 2934 2538 2974 manus
2560 2927 2801 2986 vestras,
2839 2920 3016 2974 anima
3049 2919 3166 2989 ejus
3197 2921 3299 2975 erit
3321 2937 3421 2991 pro
3455 2921 3637 2976 anima

2039 3015 2208 3070 illius.
2255 3014 2341 3087 ['I‘.
2375 3011 2550 3084 CLII.]
2585 3013 2808 3069 Factum
2840 3022 3113 3085 estergo,
3146 3029 3266 3070 cum
3310 3017 3637 3087 completum

2041 3117 2186 3164 esset
2216 3109 2622 3174 holocaustum,
2653 3108 2915 3178 praecepit
2956 3106 3057 3163 Jeu
3102 3106 3365 3162 militibus
3404 3119 3459 3164 et
3488 3107 3641 3163 duci-

343 3217 543 3261 terram
570 3249 584 3274 ,
639 3221 774 3275 quos
819 3205 1032 3260 locutus
1082 3211 1165 3259 est
1207 3203 1470 3258 Dominus
1513 3216 1677 3274 super
1721 3203 1937 3258 domum
1968 3205 2013 3270 C
2045 3204 2143 3260 bus
2173 3203 2286 3259 suis
2319 3221 2330 3257 :
2374 3201 2758 3273 Ingredimini,
2788 3211 2842 3258 et
2869 3201 3138 3272 percutite
3162 3217 3289 3269 eos,
3319 3199 3344 3239 ἀ
3375 3213 3434 3259 ιιι
3461 3204 3642 3260 nullus

340 3301 532 3366 Ahah,
566 3310 620 3355 et
648 3299 908 3354 Dominus
959 3298 1085 3353 fecit
1127 3297 1273 3368 quod
1324 3298 1534 3354 locutus
1580 3297 1748 3353 estin
1781 3313 1943 3353 manu

342 3394 485 3449 servi
523 3391 608 3446 sui
639 3391 790 3446 lilia}.
825 3390 1104 3446 Percussit
1136 3390 1298 3459 igitur
1322 3388 1419 3444 Jeu
1461 3403 1650 3445 omnes
1684 3389 1774 3461 qui
1816 3389 1946 3444 reli-

345 3489 439 3560 qui
468 3495 622 3544 eraut
649 3487 717 3542 de
747 3487 909 3541 domo
936 3485 1091 3540 Ahab
1115 3483 1168 3540 in
1195 3483 1426 3547 Jezrael,
1458 3492 1512 3540 et
1541 3483 1829 3540 universos
1851 3497 1950 3554 op-

349 3585 566 3639 timates
588 3582 724 3653 ejus,
757 3590 810 3637 et
843 3589 1000 3636 notos
1024 3620 1040 3646 ,
1073 3587 1126 3634 et
1152 3579 1484 3646 sacerdotes,
1516 3577 1688 3634 donec
1719 3594 1824 3632 non
1857 3593 1948 3634 re-

350 3687 633 3734 manerent
665 3692 731 3732 ex
764 3690 829 3730 eo
875 3674 1136 3745 reliquiae.
1192 3674 1259 3728 Et
1311 3672 1576 3740 surrexit,
1609 3681 1666 3728 et
1715 3672 1863 3727 venit
1897 3670 1948 3725 in

352 3771 675 3828 Samariam.
719 3769 806 3840 (Τ.
849 3766 982 3840 CL.)
1025 3765 1267 3837 Cumque
1303 3767 1538 3822 venisset
1569 3764 1636 3820 ad
1676 3779 1949 3821 cameram

355 3864 438 3933 (h.
471 3861 675 3935 caulas]
705 3871 982 3932 pastorum
1030 3861 1084 3915 in
1114 3859 1233 3927 via,
1266 3858 1470 3914 invenit
1499 3859 1693 3914 fratres
1736 3858 1955 3914 Ahazim

356 3961 505 4030 regis
545 3958 703 4022 Juda,
734 3958 980 4024 dixitque
1019 3954 1086 4009 ad
1133 3969 1228 4010 eos
1261 3971 1272 4007 :
1306 3952 1536 4021 Quinam
1567 3954 1700 4008 estis
1728 3954 1862 4008 vos?
1886 3951 1957 4008 At

312 4066 322 4070 ‘
357 4053 436 4108 illi
459 4049 856 4121 responderunt
883 4065 895 4101 :
926 4047 1143 4104 Fratres
1172 4046 1389 4101 Ahazire
1412 4061 1624 4113 sumus,
1653 4055 1708 4102 et
1735 4045 1959 4101 descen-

360 4147 540 4200 dimus
580 4143 645 4198 ad
677 4141 989 4198 salutandos
1033 4140 1174 4196 filios
1213 4139 1356 4208 regis
1385 4179 1400 4205 ,
1432 4147 1488 4199 et
1517 4139 1666 4193 ﬁlios
1695 4137 1824 4211 (Ms.
1856 4149 1956 4192 Iac.

361 4236 539 4306 ﬁlios)
585 4235 784 4307 regina:
827 4252 841 4288 :
897 4234 1000 4302 Qui
1051 4232 1127 4287 ait
1184 4249 1199 4288 :
1251 4229 1706 4302 Comprehendite
1741 4245 1835 4284 eos
1880 4230 1958 4284 vi-

365 4349 482 4388 vos.
517 4333 663 4398 Quos
703 4346 824 4386 cum
873 4327 1418 4400 comprehendisseut
1446 4329 1598 4381 vivos
1622 4365 1638 4392 ,
1685 4324 1968 4394 iugulave-

365 4435 492 4482 runt
539 4438 632 4479 eos
681 4423 733 4478 in
783 4422 1018 4476 cisterna
1055 4420 1213 4490 juxta
1261 4433 1533 4475 cameram
1576 4417 1675 4487 (h.
1723 4416 1962 4489 caulas),

367 4517 721 4589 quadraginta
752 4515 886 4570 duos
916 4514 1058 4568 viros
1085 4556 1101 4583 ,
1148 4521 1203 4568 et
1241 4527 1350 4566 non
1377 4511 1663 4582 dereliquit
1693 4507 1821 4580 (Ms.
1875 4524 1962 4564 re-

2047 3298 2264 3354 cvadat.
2291 3296 2792 3366 Percusseruntque
2822 3310 2916 3351 eos
2940 3296 2993 3350 in
3026 3310 3121 3351 ore
3149 3295 3348 3366 gladii,
3380 3305 3435 3352 et.
3462 3299 3646 3368 proje-

2047 3397 2241 3445 cerunt
2266 3390 2466 3444 milites
2486 3399 2541 3445 et
2565 3388 2764 3456 duces,
2789 3399 2846 3444 et
2869 3388 3048 3444 ierunt
3072 3388 3124 3444 in
3152 3389 3432 3445 civitatem
3458 3391 3644 3461 templi

2050 3482 2127 3556 [h.
2159 3481 2372 3554 domus]
2403 3483 2562 3550 Baal,
2596 3491 2652 3538 et
2680 3481 3025 3553 protulerunt
3054 3494 3289 3539 statuam
3323 3482 3399 3555 [h.
3435 3483 3645 3556 titulos]

2051 3578 2120 3634 de
2160 3577 2285 3632 fano
2316 3578 2473 3643 Baal,
2518 3585 2574 3634 et
2615 3579 3063 3644 combusserunt,
3112 3588 3167 3634 et
3207 3578 3650 3634 comminuerunt

2053 3688 2194 3728 eam.
2231 3672 2625 3728 Destruxerunt
2655 3685 2873 3741 quoque
2906 3670 3078 3726 aedem
3125 3669 3287 3741 Baal,
3321 3681 3375 3727 et
3406 3670 3650 3727 fecerunt

2055 3768 2109 3823 in
2142 3782 2203 3823 ea
2234 3765 2362 3840 (illa.
2401 3775 2447 3819 et
2486 3764 2639 3835 Vulg.
2676 3782 2774 3834 pro
2809 3763 2896 3836 ea]
2941 3764 3168 3820 latrinas
3207 3781 3377 3837 usque
3413 3764 3468 3821 in
3503 3766 3648 3821 diem

2058 3859 2218 3913 hanc.
2255 3857 2458 3913 llelcvit
2482 3856 2780 3928 itaquequ
2805 3856 2932 3911 Baal
2951 3855 3019 3912 de
3045 3855 3233 3912 Israel.
3264 3857 3650 3914 Verumtamen

2057 3968 2086 4006 a
2129 3952 2364 4022 peccatis
2395 3951 2690 4006 .leroboam
2736 3950 2829 4005 ﬁlii
2879 3949 3088 4015 Nabat,
3122 3950 3212 4021 qui
3257 3967 3488 4021 peccare
3531 3952 3656 4009 fecit

2062 4043 2189 4116 (illa.
2225 4042 2453 4114 fecerat]
2484 4043 2681 4110 Israel,
2703 4058 2813 4098 non
2844 4043 3099 4107 recessit,
3131 4059 3233 4100 nec
3261 4043 3548 4116 dereliquit
3578 4047 3658 4102 vi-

2064 4136 2204 4191 tulos
2232 4151 2464 4204 aureos,
2499 4136 2588 4207 qui
2616 4147 2773 4192 erant
2799 4136 2850 4191 in
2876 4135 3142 4203 Betti-El,
3173 4146 3227 4193 et
3261 4137 3312 4191 in
3348 4139 3483 4194 Dan.
3513 4139 3660 4195 Dixit

2061 4238 2245 4286 autem
2277 4229 2536 4285 Dominus
2571 4229 2636 4285 ad
2667 4229 2765 4285 Jeu
2793 4247 2805 4284 :
2837 4229 2974 4298 Quia
3003 4230 3247 4288 studiose
3277 4231 3460 4288 fecisti
3511 4234 3656 4304 quod

2066 4335 2275 4380 rectum
2306 4331 2456 4392 erat,
2485 4333 2538 4379 et
2571 4323 2820 4394 placebat
2865 4324 2917 4378 in
2958 4325 3131 4380 oculis
3176 4326 3344 4400 meis,
3385 4333 3442 4380 et
3479 4327 3660 4381 omnia

2066 4434 2187 4489 qum
2206 4430 2363 4473 erant
2388 4418 2441 4473 in
2471 4419 2640 4474 corde
2666 4433 2787 4474 meo
2809 4416 2989 4473 fecisti
3009 4427 3202 4474 contra
3225 4420 3444 4474 domum
3468 4419 3659 4478 Ahab:

2071 4511 2164 4566 ﬁlii
2209 4512 2282 4566 ιιιί
2325 4527 2498 4580 usque
2543 4510 2608 4566 ad
2652 4520 2894 4581 quartam
2940 4512 3349 4581 generationem
3397 4514 3667 4571 sedebunt

369 4608 664 4680 liquerunt)
705 4623 771 4661 ex
793 4605 870 4659 eis
903 4618 1249 4675 quemquam.
1281 4603 1528 4673 Cumque
1560 4601 1785 4657 abiisset
1816 4600 1958 4667 inde,
1993 4595 2045 4658 D
2071 4618 2233 4673 super
2269 4603 2521 4658 thronum
2551 4603 2736 4659 Israel.
2769 4603 2943 4658 Porro
2973 4602 3073 4658 Jen
3105 4619 3212 4658 non
3244 4606 3574 4676 custodivit,
3609 4618 3667 4664 ut

371 4701 580 4758 invenit
611 4697 856 4752 Jonadab
893 4697 1064 4750 ﬁlium
1107 4695 1324 4751 Rechab
1348 4695 1398 4749 in
1430 4710 1715 4750 occursum
1741 4694 1879 4761 sibi,
1910 4705 1968 4750 et

375 4790 654 4850 benedixit
684 4789 762 4856 ei.
789 4788 856 4842 Et
877 4789 947 4842 ait
975 4788 1042 4842 ad
1082 4803 1204 4843 eum
1240 4806 1252 4844 :
1283 4786 1550 4858 Numquid
1582 4797 1663 4844 est
1695 4803 1789 4844 cor
1819 4798 1967 4842 tuum

375 4898 610 4954 rectum,
637 4886 776 4938 sicut
797 4898 892 4938 cor
913 4897 1091 4938 meum
1115 4896 1235 4937 cum
1265 4882 1428 4937 corde
1453 4891 1543 4937 tuo
1567 4883 1589 4936 ἲ
1617 4882 1684 4937 Ει
1713 4881 1786 4936 ait
1807 4881 1972 4936 Jona-

381 4981 486 5038 dab
521 4978 673 5033 :Est.
707 4977 762 5032 Si
789 4987 902 5042 est,
927 4975 1100 5044 inquit
1121 5019 1134 5043 ,
1166 4975 1230 5029 da
1263 4990 1480 5030 manum
1512 4984 1675 5029 tuam.
1703 4974 1802 5042 Qui
1827 4973 1976 5029 dedit

381 5076 410 5116 ὶι
431 5075 480 5131 ei
509 5087 724 5128 manum
756 5085 930 5124 suam.
971 5070 1041 5123 At
1083 5068 1174 5124 ille
1201 5069 1397 5123 levavit
1424 5083 1547 5123 eum
1588 5068 1652 5122 ad
1682 5083 1742 5123 se
1773 5068 1825 5123 in
1853 5083 1977 5124 cur-

385 5185 502 5226 rum
536 5187 547 5222 :
577 5165 821 5236 dixitque
846 5163 910 5218 ad
942 5179 1063 5217 eum
1094 5180 1107 5216 ε
1143 5162 1276 5218 Veni
1302 5173 1537 5231 mecum,
1570 5170 1624 5217 et
1652 5163 1771 5219 vide
1803 5162 1978 5220 zelum

388 5278 567 5321 meum
616 5277 713 5333 pro
744 5258 997 5315 Domino.
1029 5257 1095 5312 Et
1123 5255 1433 5327 impositum
1461 5257 1644 5313 currui
1675 5273 1796 5327 suo,
1828 5260 1984 5317 duxit

462 5462 485 5489 υ
523 5449 675 5519 Quod
709 5447 929 5505 minime
954 5445 1338 5519 animadvertit
1365 5442 1698 5519 Scholiastes
1723 5487 1737 5511 ,
1758 5453 1914 5501 vacat.
1933 5443 1988 5502 in

392 5517 644 5590 Hebraeo,
693 5522 838 5576 nobis
870 5537 888 5576 :
915 5537 1034 5590 quae
1063 5537 1167 5573 vox
1202 5528 1255 5573 et
1286 5518 1336 5571 in
1370 5517 1668 5572 Veronens.
1710 5533 1811 5571 ins.
1846 5519 1993 5572 desi-

395 5589 637 5651 deratur.
672 5594 795 5648 llon
828 5589 988 5647 habet
1023 5591 1217 5646 minori
1250 5601 1494 5650 numero,
1527 5592 1878 5660 quodcumque
1903 5589 1995 5644 tibi

394 5667 581 5743 placet.
615 5665 872 5722 Ilebrtrus
895 5664 1238 5743 ad_v_erbum,
1265 5661 1449 5743 (rapum
1472 5660 1524 5714 in
1549 5661 1711 5743 oculis
1735 5663 1855 5715 tuis.

469 5739 495 5778 ι)
526 5738 722 5794 Iterum
764 5751 887 5798 cum
931 5735 1160 5797 Hebraeo
1189 5747 1292 5792 ms.
1330 5732 1631 5791 Veronens.
1664 5733 1711 5788 ei
1747 5733 1995 5792 voculam

397 5807 788 5890 praetermittit.
965 5848 988 5886 ε
1159 5844 1168 5848 -
1223 5838 1232 5842 ί
1538 5853 1561 5890 ._.
1689 5844 1775 5886 τλιη

2075 4696 2378 4752 ambularet
2408 4697 2461 4752 in
2495 4699 2612 4768 lege
2655 4696 2868 4752 Domini
2916 4697 3009 4752 Dei
3049 4697 3212 4754 Israel
3251 4699 3304 4754 in
3351 4711 3464 4758 toto
3501 4703 3668 4758 corde

2078 4804 2220 4843 suo:
2257 4805 2363 4846 non
2396 4791 2540 4846 enim
2581 4791 2808 4846 recessit
2854 4807 2882 4845 a
2928 4793 3162 4862 peccatis
3205 4792 3534 4866 Jcroboam,
3578 4798 3672 4866 qui

2083 4898 2308 4954 peccare
2333 4885 2535 4940 fecerat
2566 4885 2751 4942 Israel.
2779 4887 2835 4940 In
2863 4885 3055 4942 diebus
3085 4888 3190 4942 illis
3219 4891 3384 4959 cmpit
3415 4891 3676 4969 Dominus

2086 4977 2288 5034 tmdere
2317 4993 2484 5048 super
2511 4978 2674 5034 Israel
2708 4995 2722 5032 :
2755 4977 3133 5049 percussitque
3158 4994 3254 5034 eos
3281 4982 3445 5036 Azael
3477 4983 3528 5039 in
3557 4985 3677 5038 ιιιιί-

2087 5071 2262 5126 versis
2294 5069 2493 5125 ﬁnibus
2535 5069 2736 5136 Israel,
2777 5085 2806 5124 a
2843 5069 3082 5126 Iordane
3122 5080 3311 5126 contra
3357 5073 3681 5132 orientalem

2091 5165 2305 5236 plagam
2324 5205 2340 5232 ,
2374 5178 2594 5218 omnem
2625 5171 2825 5226 terram
2853 5163 3087 5232 Galaad,
3110 5173 3166 5220 et
3195 5164 3310 5221 Gad
3330 5208 3345 5234 ,
3371 5175 3427 5222 et
3455 5167 3681 5239 Ruben,

2093 5271 2148 5319 ct
2197 5260 2506 5330 Manasseg
2527 5258 2598 5315 ab
2642 5258 2860 5328 Aroer,
2894 5275 3014 5330 quae
3053 5270 3140 5315 est.
3181 5276 3344 5330 super
3389 5272 3685 5321 torrentem

2172 5455 2194 5486 ο
2227 5443 2416 5502 Minori
2469 5458 2696 5500 numero
2737 5441 2878 5514 quod
2919 5457 2984 5498 ex
3027 5453 3178 5514 parte
3219 5442 3552 5504 Scholiastcs
3593 5465 3691 5504 no-

2100 5525 2194 5584 tat,
2226 5518 2485 5574 llebrzcus
2517 5519 2679 5572 habet
2719 5527 2774 5573 et
2808 5515 3104 5572 Veronens.
3139 5534 3243 5574 ms.
3276 5521 3322 5574 ei
3349 5522 3438 5593 qui
3463 5531 3574 5577 erat
3599 5538 3689 5578 su-

2101 5606 2199 5697 pe:
2215 5598 2490 5718 vatillum
2528 5669 2584 5716 ut
2625 5658 2878 5716 nesciunt
2920 5675 3044 5716 cum
3078 5660 3309 5723 Ichraco
3341 5671 3490 5722 textu
3527 5663 3694 5724 Veros

2105 5744 2262 5797 nens.
2304 5747 2406 5791 nis.
2448 5744 2502 5794 et
2531 5732 2748 5810 Vulgati
2777 5732 2872 5793 alii
2905 5733 3050 5795 libri.
