4114 6364
511 332 618 396 743

1514 327 1568 387 S.
1616 314 1998 384 IIIERONYlIl
2037 314 2273 380 DIVINA
2318 307 2812 376 BIBLIOTIIECA.

3717 312 3834 376 744

521 458 742 525 Arnon,
776 457 835 510 et
875 445 1080 510 Galaad
1104 491 1120 518 ,
1153 456 1208 505 et
1251 443 1447 505 Basan.
1499 444 1586 518 [Τ.
1640 440 1847 515 CLIII.]
1893 439 2119 512 Reliqua
2148 440 2196 503 A
2225 435 2252 476 ά
2295 447 2522 510 prepter
2550 453 2709 504 eum,
2742 445 3074 504 omnemque
3121 431 3378 504 populum
3429 441 3592 490 terra:
3629 433 3822 492 laetan~

522 558 706 606 autem
736 547 1028 604 verborum
1055 543 1155 601 Jeu
1177 587 1192 612 ,
1225 551 1281 598 et
1310 539 1565 596 universa
1592 553 1712 609 qua}
1744 535 1901 604 fecit,
1931 543 1987 590 et
2015 533 2124 590 for-

524 643 703 701 titudo
731 643 870 714 ejus,
905 654 1083 698 nonne
1113 643 1228 693 hmc
1257 636 1460 705 scripta
1497 641 1624 689 sunt
1657 635 1708 688 in
1742 633 1883 688 libro
1909 629 2122 687 Verbo-

523 752 644 794 rum
685 735 903 793 dierum
934 746 1121 804 regum
1150 728 1352 784 Israel?
1377 727 1443 784 Et
1469 726 1732 783 dormivit
1756 724 1853 781 Jeu
1884 739 2008 780 cum
2033 737 2126 792 pa-

524 831 699 888 tribus
751 829 899 896 suis,
952 825 1402 898 sepelieruntque
1441 837 1564 879 eum
1617 821 1672 877 in
1726 820 2020 877 Samaria:
2071 827 2126 874 et

521 925 770 998 regnavit
789 923 991 980 Joahaz
1019 918 1145 992 [Ms.
1163 916 1422 989 Joachaz]
1449 916 1590 972 ﬁlius
1615 916 1733 984 ejus
1764 929 1863 985 pro
1880 930 1968 970 eo.
2000 913 2126 968 Dies

523 1027 738 1081 autem,
782 1028 922 1085 quos
971 1011 1225 1082 regnavit
1267 1009 1368 1065 .lcu
1415 1023 1580 1079 super
1614 1006 1817 1076 Israel,
1851 1004 2037 1076 viginti
2071 1010 2127 1059 et

521 1121 646 1167 octo
679 1107 807 1165 anni
837 1115 1000 1174 sunt,
1030 1107 1081 1161 in
1116 1105 1382 1162 Samaria.

597 1201 753 1274 [ϐαρ.
791 1199 911 1272 XL]
967 1199 1186 1255 Atlialia
1227 1212 1360 1253 vero
1410 1205 1584 1252 mater
1626 1193 1882 1261 Ahazize,
1934 1191 2124 1247 videns

522 1303 798 1353 mortuum
833 1293 1000 1348 ﬁlium
1039 1307 1230 1361 suum,
1259 1291 1504 1346 surrexit
1544 1297 1600 1344 et
1635 1285 1909 1343 interfecit
1962 1297 2125 1339 omne

527 1404 718 1447 semen
750 1386 984 1460 regium.
1013 1385 1239 1441 Tollens
1268 1394 1448 1439 autem
1487 1380 1689 1438 .Iosaba
1723 1379 1828 1434 ﬁlia
1864 1377 2007 1448 regis
2033 1375 2128 1432 Jo-

521 1497 639 1540 ram
659 1524 674 1549 ,
718 1495 882 1537 soror
913 1478 1162 1546 Ahaziaz,
1197 1477 1326 1534 Joas
1353 1476 1520 1532 ﬁlium
1551 1473 1772 1530 Aliazizc
1793 1514 1808 1540 ,
1835 1471 2012 1526 furata
2042 1479 2126 1526 est

525 1593 649 1635 eum
681 1574 751 1632 de
780 1574 963 1632 medio
1003 1572 1240 1628 ﬁliorum
1271 1571 1416 1642 regis
1443 1613 1458 1636 ,
1487 1569 1576 1640 qui
1618 1564 2123 1631 interﬁciebantur,

519 1680 578 1728 et
621 1669 893 1727 nutricem
937 1667 1094 1737 ejus,
1127 1665 1196 1721 de
1241 1663 1518 1720 triclinio:
1568 1669 1624 1718 et
1669 1659 1958 1717 abscondit
1999 1671 2124 1713 eum

512 1779 543 1821 a
570 1764 712 1822 facie
745 1761 983 1820 Athaliac
1007 1805 1023 1830 ,
1051 1768 1111 1816 ut
1138 1775 1246 1816 non
1275 1757 1702 1814 interﬁceretur.
1733 1754 1970 1824 Eratque
2000 1765 2122 1807 cum

2229 539 2338 588 tem
2361 573 2376 598 ,
2422 539 2478 587 et
2519 540 2806 586 canentem
2837 528 2981 583 tubis
3024 525 3100 596 [h.
3135 525 3341 598 tibiis]:
3376 534 3430 581 et
3471 527 3629 583 scidit
3661 531 3834 585 vestio

2229 633 2411 679 menta
2439 637 2569 688 sua,
2597 621 2961 691 clamavitque
2992 634 3007 675 :
3039 617 3382 689 Conjuratio,
3416 622 3719 690 conjuratio
3746 621 3829 694 [h.

2228 720 2498 786 Rebellio,
2530 717 2812 792 rebellio]!
2852 716 3119 787 Praecepit
3149 723 3333 772 autem
3357 715 3550 772 Joiada
3583 727 3607 754 ο
3644 732 3835 773 sacer-

2228 814 2326 870 dos
2355 811 2768 870 centurionibus
2788 852 2801 877 ,
2826 810 2916 881 qui
2941 817 3100 864 erant
3125 821 3290 880 super
3313 808 3640 875 exercitum,
3670 819 3728 866 et
3749 813 3831 866 ait

2229 910 2307 965 eis
2333 927 2346 963 :
2378 908 2607 964 Educite
2629 921 2748 962 eam
2779 913 2937 962 extra
2959 913 3221 974 consepta
3249 904 3469 976 templi,
3502 913 3556 960 et
3583 907 3834 977 quicum-

2227 1018 2334 1074 que
2384 1010 2608 1057 sccntus
2647 1015 2777 1056 eam
2829 998 3024 1067 fuerit,
3081 998 3310 1053 feriatur
3355 996 3558 1070 gladio.
3606 1000 3836 1056 Dixerat

2228 1097 2384 1154 enim
2407 1094 2667 1152 sacerdos
2698 1111 2712 1149 :
2745 1091 2864 1149 Non
2887 1091 3172 1148 occidatur
3202 1092 3254 1146 in
3289 1093 3498 1163 templo
3528 1091 3605 1163 [h.
3646 1093 3834 1166 domo]

2231 1189 2470 1245 Domini.
2518 1187 2977 1258 Imposeruntque
3019 1185 3068 1240 ei
3117 1199 3343 1252 manus,
3387 1195 3443 1241 et
3490 1186 3834 1257 impegernut

2227 1297 2348 1338 eam
2402 1295 2498 1352 per
2534 1280 2677 1336 viam
2725 1279 2984 1334 introitus
3023 1292 3326 1350 equorum,
3367 1277 3521 1349 juxta
3571 1279 3832 1348 palatium

2228 1375 2302 1448 [h.
2321 1372 2587 1444 domum],
2615 1381 2670 1429 et
2699 1373 2981 1429 interfecta
3005 1381 3088 1426 est
3118 1371 3216 1427 ibi.
3250 1371 3460 1442 Pepigit
3489 1371 3651 1442 igitur
3679 1371 3834 1428 Joia—

2227 1470 2294 1534 da
2326 1467 2502 1524 fcedus
2532 1468 2676 1523 inter
2708 1465 3030 1531 Dominum,
3065 1473 3123 1521 et
3163 1464 3308 1520 inter
3343 1479 3560 1535 regem,
3598 1475 3654 1520 et
3689 1467 3836 1521 inter

2230 1561 2490 1633 populum
2513 1602 2528 1628 ,
2561 1568 2620 1615 ut
2647 1567 2796 1616 esset
2831 1559 3067 1630 populus
3097 1557 3350 1627 Domini,
3382 1569 3437 1614 et
3472 1557 3617 1614 inter
3645 1574 3833 1629 regem

2228 1665 2285 1714 et
2317 1657 2601 1727 p0pulum.
2645 1653 3036 1726 Ingressusque
3072 1661 3155 1709 est
3182 1654 3362 1709 omnis
3402 1653 3637 1725 populus
3667 1662 3832 1709 terra:

2231 1753 2492 1822 templum
2563 1748 2660 1822 [h.
2731 1747 2991 1818 domum]
3055 1746 3184 1802 Baal
3229 1788 3246 1814 ,
3313 1757 3369 1803 et
3442 1746 3837 1802 destruxernnt

519 1873 584 1915 ea
629 1857 684 1913 in
715 1855 878 1912 domo
908 1854 1120 1910 Domini
1163 1852 1301 1908 clam
1334 1865 1429 1907 sex
1472 1849 1672 1904 annis:
1705 1860 1870 1918 porro
1907 1842 2120 1900 Athalia
2155 1838 2202 1900 B
2229 1858 2352 1899 aras
2401 1843 2550 1914 ejus,
2597 1851 2655 1898 et
2702 1841 2966 1912 imagines
3011 1840 3393 1896 contriverunt
3437 1840 3616 1896 valide
3647 1858 3660 1894 :
3696 1841 3837 1896 Mat-

522 1949 774 2022 regnavit
801 1963 967 2019 super
992 1955 1217 2002 terram.
1251 1939 1562 2018 [T.CLlV.]
1585 1944 1752 2018 Anno
1783 1947 1966 1994 autem
1999 1950 2126 2007 sep-

521 2043 655 2099 timo
697 2041 847 2098 misit
889 2037 1117 2104 Joiada,
1172 2046 1228 2092 et
1272 2049 1564 2090 assumens
1609 2031 1960 2088 centuriones
2001 2037 2027 2066 ι
2070 2035 2126 2083 et

521 2137 692 2194 duces
723 2146 778 2192 et
809 2132 1042 2203 milites,
1078 2130 1383 2187 introduxit
1416 2129 1484 2184 ad
1517 2141 1578 2184 se
1620 2123 1734 2198 in‘._b
1767 2125 1984 2180 domum
2016 2121 2126 2177 Do-

522 2233 656 2289 mini
684 2273 699 2299 ,
729 2229 1042 2301 pepigitque
1067 2241 1188 2282 eum
1222 2224 1301 2281 eis
1331 2223 1507 2280 Imdus
1536 2239 1550 2278 :
1580 2228 1636 2278 et
1667 2219 1925 2290 adjurans
1950 2230 2044 2272 eos
2068 2216 2123 2270 in

521 2325 689 2381 domo
710 2323 929 2380 Domini
954 2363 969 2387 ,
1000 2318 1238 2376 ostendit
1261 2319 1340 2374 eis
1371 2318 1543 2371 ﬁlium
1573 2314 1756 2384 regis:
1786 2319 1842 2368 et
1867 2308 2126 2380 praecepit

523 2416 667 2482 illis,
699 2415 888 2472 dicens
916 2433 927 2468 :
960 2412 1070 2469 Iste
1099 2421 1183 2468 est
1213 2409 1345 2484 [Με.
1394 2417 1527 2464 tacet
1571 2406 1679 2478 est]
1717 2419 1931 2470 sermo,
1960 2417 2124 2474 quem

520 2510 702 2567 facere
725 2509 970 2565 debetis:
991 2505 1172 2563 Tertia
1199 2519 1323 2576 pars
1343 2512 1584 2559 vestrum
1607 2501 1850 2557 introeat
1873 2496 2122 2564 sabbato,

522 2615 580 2661 et
613 2604 870 2660 observet
901 2601 1213 2658 excubitum
1261 2598 1457 2653 domus
1503 2595 1667 2666 regis.
1709 2591 1899 2649 Tertia
1939 2600 2120 2647 autem

519 2711 649 2770 pars
679 2695 752 2752 sit
780 2694 848 2751 ad
877 2703 1091 2766 portam
1121 2691 1229 2749 Sur
1280 2689 1409 2764 [Με.
1439 2687 1551 2761 Sir]
1577 2707 1590 2743 :
1641 2700 1696 2746 et
1721 2687 1878 2745 tertia
1905 2700 2030 2756 pars
2055 2687 2126 2739 sit

518 2789 589 2848 ad
634 2797 847 2860 portam
871 2828 886 2854 ,
918 2802 1040 2858 quae
1070 2794 1152 2840 est
1184 2792 1306 2854 post
1335 2780 1715 2837 habitaculum
1755 2777 2122 2834 scutariorum

519 2882 598 2956 [h.
628 2879 938 2950 cursorum],
958 2887 1012 2933 et
1031 2875 1350 2933 custodietis
1369 2871 1683 2928 excubitum
1705 2871 1900 2926 domus
1923 2867 2000 2940 [h.
2024 2882 2121 2923 ex-

501 2975 763 3045 ,cnbitum
789 2969 1131 3044 Domini....]
1155 2969 1351 3026 Messa.
1376 2966 1510 3022 Dure
1533 2980 1664 3021 vero
1685 2975 1867 3036 partes
1891 2979 1921 3019 e
1943 2962 2118 3027 vobis,

520 3082 713 3124 omnes
742 3065 1088 3138 egredientes
1119 3062 1350 3120 sabbato
1368 3102 1382 3127 ,
1407 3057 1720 3115 custodiant
1746 3055 2004 3112 excubias
2026 3054 2124 3110 do-

522 3177 644 3217 mus
685 3159 895 3216 Domini
926 3155 1132 3213 circum
1173 3169 1379 3224 regem.
1423 3151 1489 3208 Et
1518 3148 1788 3206 vallabitis
1835 3163 1991 3213 eum,
2023 3146 2120 3201 ha-

2228 1938 2357 1994 than
2389 1952 2604 2010 quoque
2633 1937 2976 1993 sacerdotem
3008 1935 3140 1992 Baal
3179 1935 3500 1992 occiderunt
3527 1951 3713 1992 coram
3747 1937 3835 1991 al-

2229 2035 2330 2088 tari
2361 2033 2439 2107 [h.
2481 2031 2792 2103 altaribus].
2828 2032 2898 2087 Et
2933 2033 3118 2102 posuit
3156 2032 3412 2088 sacerdos
3451 2032 3731 2088 custodias
3777 2033 3832 2087 in

2227 2127 2392 2183 domo
2433 2125 2673 2182 Domini.
2711 2125 2972 2196 Tulitque
3009 2125 3398 2191 centuriones,
3435 2133 3491 2181 et
3516 2124 3736 2181 Cbereti
3777 2135 3835 2180 et

2227 2219 2478 2278 Phelethi
2510 2220 2788 2291 legiones,
2814 2228 2869 2276 et
2896 2234 3114 2275 omnem
3147 2219 3406 2292 populum
3431 2228 3594 2276 terra:
3622 2219 3694 2293 [h.
3727 2219 3837 2274 Tu-

2229 2312 2400 2384 litqtte
2430 2314 2815 2380 centuriones,
2846 2323 2901 2368 et
2928 2327 3204 2382 cursores,
3235 2321 3288 2366 et
3314 2313 3502 2381 duces,
3536 2320 3593 2368 et
3613 2327 3835 2368 onmem

2228 2406 2485 2477 populum
2512 2407 2714 2477 terrm].
2745 2404 3200 2477 deduxeruntque
3233 2421 3414 2477 regem
3443 2405 3510 2460 de
3538 2406 3701 2460 domo
3727 2405 3837 2460 Do-

2227 2500 2361 2556 mini
2408 2516 2422 2556 :
2475 2510 2529 2556 et
2574 2510 2843 2556 venerunt
2889 2515 2986 2571 per
3038 2501 3189 2556 viam
3244 2509 3417 2571 porta:
3469 2501 3833 2557 scutariorum

2227 2593 2307 2666 [h.
2341 2591 2636 2663 cursorum]
2669 2593 2723 2649 in
2756 2593 3016 2664 palatium
3050 2593 3132 2667 [h.
3161 2594 3384 2649 domum
3423 2592 3633 2665 regis],
3659 2605 3712 2649 et
3747 2608 3835 2650 se-

2227 2688 2307 2744 dit
2357 2703 2525 2760 super
2562 2691 2818 2744 thronum
2868 2703 3076 2759 regum.
3122 2687 3471 2759 Lmlalusque
3519 2699 3603 2744 est
3652 2689 3834 2744 omnis

2225 2782 2462 2853 pepulus
2513 2791 2704 2849 terrae,
2745 2789 2800 2837 et
2845 2781 3044 2836 civitas
3096 2781 3460 2852 conquievit:
3513 2781 3600 2854 [Τ.
3647 2779 3832 2850 CI.V.|

2227 2875 2448 2930 Atlialia
2474 2885 2655 2930 autem
2687 2875 2870 2930 occisa
2898 2883 2983 2930 est
3006 2873 3186 2944 gladio
3213 2875 3264 2929 in
3297 2873 3466 2929 domo
3497 2874 3660 2944 regis.
3695 2873 3838 2943 Sep-

2228 2975 2450 3035 temque
2485 2980 2762 3020 annorum
2795 2973 2914 3020 erat
2940 2963 3100 3031 Joas,
3128 2979 3252 3018 cum
3294 2978 3524 3034 regnare
3553 2964 3833 3033 cmpisset.

2301 3057 2453 3132 [ϐαρ.
2509 3055 2656 3128 ΧΙΙ.]
2690 3057 2848 3113 Anno
2895 3057 3134 3128 septimo
3180 3055 3313 3122 Jeu,
3365 3058 3612 3125 regnavit
3659 3053 3832 3110 Joas:

2225 3151 2586 3222 quadraginta
2632 3150 2792 3206 annis
2842 3147 3093 3218 regnavit
3144 3149 3196 3204 in
3242 3146 3566 3204 Jerusalem.
3623 3149 3834 3204 Nomen

520 3254 722 3310 bentes
752 3265 902 3307 arma
947 3248 1000 3304 in
1033 3246 1290 3302 manibus
1316 3242 1516 3300 vestris
1545 3261 1559 3300 :
1587 3241 1634 3298 si
1663 3243 1784 3314 quis
1822 3249 2005 3296 autem
2039 3239 2123 3294 in-
2151 3233 2196 3297 C
2228 3243 2420 3300 matris
2477 3244 2597 3313 ejus
2655 3241 2819 3298 Sebia
2894 3241 3027 3315 [Με.
3105 3239 3294 3312 Sebai]
3366 3241 3436 3298 de
3493 3241 3832 3298 Ber—Sabee.

521 3360 748 3420 gressus
783 3341 946 3399 fuerit
993 3351 1208 3412 septum
1243 3336 1469 3408 templi,
1505 3333 1862 3391 interﬁciatur
1893 3349 1908 3387 :
1939 3331 2120 3387 eritis-

525 3456 632 3512 que
667 3453 792 3495 cum
823 3451 954 3508 rege
985 3435 1296 3490 introeunte
1323 3440 1376 3486 et
1401 3428 1738 3500 egrediente.
1771 3426 1838 3482 Et
1874 3425 2124 3481 fecerunt

521 3534 878 3592 centuriones
905 3529 1053 3600 juxta
1081 3527 1264 3584 omnia
1291 3539 1414 3596 qum
1441 3530 1777 3594 prmceperat
1805 3521 1874 3575 tis
1911 3520 1988 3592 [h.
2013 3533 2122 3574 non

528 3625 715 3696 habet]
742 3621 934 3680 Joiada
963 3619 1223 3677 sacerdos
1251 3635 1267 3677 :
1299 3627 1352 3675 et
1383 3625 1729 3674 assumentes
1751 3614 1944 3685 singuli
1974 3614 2124 3670 viros

527 3734 658 3776 suos
686 3719 777 3790 qui
810 3715 1256 3788 ingrediebantur
1283 3713 1543 3780 sabbato,
1571 3727 1696 3766 eum
1729 3709 1815 3766 his
1845 3709 1936 3781 qui
1965 3723 2126 3780 egre-

526 3813 816 3870 diebantur
843 3826 874 3866 e
903 3808 1131 3864 sabbato
1154 3849 1170 3876 ,
1198 3813 1472 3863 venerunt
1493 3803 1562 3860 ad
1585 3803 1830 3860 Joiadam
1862 3801 2122 3859 sacerdo-

519 3914 654 3962 tem.
681 3903 784 3973 Qui
811 3901 966 3960 dedit
990 3902 1068 3957 eis
1103 3900 1285 3955 has1as
1317 3908 1371 3956 et
1398 3912 1546 3954 arma
1573 3897 1720 3969 regis
1750 3896 1953 3962 David,
2001 3910 2120 3968 quae

522 4007 682 4054 erant
713 3997 766 4052 in
791 3994 955 4052 domo
976 3991 1212 4048 Domini.
1243 3991 1311 4048 Et
1339 3998 1610 4047 steterunt
1633 3988 1830 4060 singuli
1860 3988 2124 4044 habentes

520 4104 670 4146 arma
705 4087 759 4144 in
804 4101 968 4142 manu
1007 4099 1138 4152 sua,
1177 4099 1206 4138 a
1253 4092 1405 4155 parte
1447 4081 1630 4153 templi
1661 4083 1918 4148 dextera,
1953 4095 2122 4151 usque

523 4182 589 4238 ad
624 4191 836 4252 partem
871 4177 1152 4234 sinistram
1181 4174 1367 4231 altaris
1391 4181 1447 4230 et
1477 4173 1642 4240 tedis,
1673 4173 1882 4228 circum
1913 4186 2118 4243 regem.

518 4273 892 4344 Produxitque
934 4270 1106 4326 ﬁlium
1151 4270 1329 4340 regis,
1383 4275 1440 4324 et
1477 4267 1657 4337 posuit
1708 4281 1872 4338 super
1903 4277 1924 4306 ε
1958 4277 2123 4337 caput

522 4369 644 4440 ejus
689 4366 978 4433 diadema,
1030 4371 1086 4420 et
1131 4362 1549 4420 tesﬁmonium:
1600 4360 1955 4430 feceruntque
1995 4375 2119 4415 eum

519 4477 746 4533 regem,
801 4468 856 4516 et
902 4451 1182 4513 unxerunt
1215 4473 1229 4509 :
1261 4464 1312 4512 et
1356 4451 1675 4524 plaudentes
1724 4467 1925 4518 manu,
1968 4451 2123 4508 dixe-

518 4566 672 4611 runt:
707 4552 864 4609 Vivat
893 4566 989 4607 rex
1016 4567 1032 4607 :
1064 4548 1290 4605 Audivit
1317 4557 1502 4602 autem
1531 4544 1745 4600 Athalia
1776 4560 1963 4601 vocem
1995 4560 2122 4602 cur-

2229 3338 2317 3412 [Τ.
2350 3335 2555 3408 CL\’I.]
2600 3336 2859 3408 Fecitque
2903 3337 3033 3393 Joas
3089 3346 3303 3393 rectum
3355 3352 3538 3394 coram
3599 3337 3832 3393 Domino

2227 3433 2307 3506 [h.
2339 3433 2392 3488 in
2430 3431 2606 3488 oculis
2640 3429 2879 3501 Domini]
2909 3430 3120 3486 cunctis
3146 3430 3346 3486 diebus
3367 3473 3382 3495 .
3416 3430 3614 3502 quibus
3641 3429 3831 3486 docuit

2225 3539 2351 3579 eum
2377 3522 2568 3580 Joiada
2591 3523 2874 3580 sacerdos.
2899 3523 3291 3578 Verumtamen
3323 3521 3544 3578 excelsa
3580 3538 3686 3577 non
3706 3523 3831 3578 abs-

2226 3616 2351 3673 tulit
2387 3634 2402 3673 :
2433 3615 2611 3672 adhuc
2658 3616 2803 3671 enim
2839 3614 2968 3689 [Με.
3005 3626 3109 3671 tae.
3149 3613 3328 3687 enim]
3360 3617 3594 3687 populus
3632 3617 3830 3672 immo-

2228 3711 2407 3780 labat,
2453 3719 2510 3767 et
2546 3710 2802 3766 adolebat
2852 3712 2904 3765 in
2943 3709 3177 3766 excelsis
3219 3711 3526 3766 incensum.
3581 3709 3833 3782 Dixitque

2226 3804 2356 3862 Joas
2383 3804 2450 3860 ad
2482 3803 2798 3861 sacerdotes
2829 3821 2840 3858 :
2875 3801 3102 3859 Omnem
3133 3804 3418 3873 pecuniam
3453 3801 3471 3840 τ
3502 3803 3828 3870 sanctuarii,

2225 3914 2348 3972 qua:
2387 3898 2535 3953 illata
2575 3896 2740 3952 fuerit
2783 3896 2836 3952 in
2867 3895 3126 3966 templum
3158 3894 3237 3966 [ιι.
3277 3881 3527 3966 domum]
3560 3894 3772 3950 Domini
3802 3911 3829 3949 a

2227 3991 2713 4065 praetereuntibus,
2762 4005 2883 4060 quae
2914 3987 3140 4044 oﬁ'ertur
3178 4003 3278 4059 pro
3307 3988 3479 4059 pretio
3518 3987 3748 4055 animm,
3780 3995 3833 4043 et

2226 4101 2387 4158 quam
2419 4092 2614 4157 sponte
2655 4093 2710 4139 et
2741 4083 2972 4138 arbitrio
3001 4080 3184 4138 cordis
3221 4082 3306 4138 sui
3343 4080 3583 4138 inferunt
3615 4084 3666 4137 in
3697 4091 3832 4137 tem-

2226 4181 2374 4252 plum
2398 4178 2475 4251 [h.
2507 4177 2747 4248 domum]
2776 4174 2988 4232 Domini
3013 4190 3027 4230 :
3052 4176 3325 4247 accipiant
3347 4175 3496 4230 illam
3519 4175 3832 4232 sacerdotes

2221 4271 2378 4344 juxta
2408 4269 2658 4325 ordinem
2703 4283 2892 4339 suum,
2927 4276 2984 4324 et
3020 4267 3326 4324 instaurent
3359 4278 3504 4323 sarta
3549 4278 3693 4324 tecta
3733 4268 3833 4323 do-

2225 4380 2376 4427 nius,
2409 4362 2456 4418 si
2499 4361 2629 4434 quid
2671 4361 3039 4418 necessarium
3071 4359 3309 4417 viderint
3346 4370 3371 4408 ε
3411 4361 3830 4418 instauratione.

2225 4457 2308 4531 [Τ.
2343 4455 2573 4527 CLVI|.]
2617 4455 2778 4528 Igitur
2806 4469 2978 4526 usque
3008 4453 3076 4510 ad
3116 4455 3434 4510 vicesimum
3474 4455 3694 4510 tertium
3736 4469 3834 4510 an-

2225 4567 2352 4608 num
2381 4550 2525 4622 regis
2552 4550 2711 4614 Joas,
2742 4565 2852 4605 non
2891 4550 3330 4606 instauraverunt
3361 4550 3675 4606 sacerdotes
3717 4565 3834 4606 sar-

524 4647 698 4704 rentis
728 4646 948 4718 populi:
983 4653 1038 4700 et
1062 4653 1285 4714 egressa
1312 4641 1379 4695 ad
1408 4640 1597 4695 turbas
1629 4639 1705 4709 [h.
1741 4639 1807 4695 ad
1839 4639 2117 4711 populum]

2227 4654 2278 4700 ta
2313 4653 2452 4700 tecta
2487 4643 2697 4713 templi.
2724 4641 3055 4712 Vocavitque
3087 4657 3186 4698 rex
3219 4641 3348 4698 Joas
3369 4641 3617 4698 Joiadam
3649 4645 3832 4713 ponti-

518 4741 573 4799 in
615 4742 838 4798 domum
875 4737 1125 4804 Domini,
1157 4735 1294 4791 vidit
1323 4749 1506 4804 regem
1535 4743 1768 4789 stantem
1823 4748 1988 4804 super
2021 4734 2122 4789 tri-

519 4837 682 4894 bunal
708 4836 860 4908 juxta
901 4847 1147 4900 morem,
1178 4837 1234 4887 et
1270 4838 1526 4886 cantores
1553 4838 1608 4886 et
1645 4828 1799 4884 tubas
1828 4827 1904 4900 [h.
1940 4828 2120 4901 tibias]

594 5005 619 5033 η
669 4995 770 5051 Ms.
811 4993 1141 5058 Veronens,
1195 4990 1517 5046 centuriones
1559 4999 1605 5045 et
1641 4990 1858 5055 milites,
1891 5000 2123 5060 praeter-

522 5069 704 5126 missis
736 5066 941 5121 voculis
971 5075 1019 5120 et
1048 5064 1208 5118 duces
1230 5103 1245 5129 ,
1275 5079 1411 5134 quas
1461 5077 1640 5132 neque
1686 5062 1896 5134 Vulgati
1940 5063 2123 5120 Latini

517 5186 610 5242 alii
677 5183 801 5240 libri
864 5183 1125 5239 retinent.
1198 5178 1462 5236 Hebrzcus
1518 5177 1684 5233 habet
1745 5187 1966 5239 magna
2017 5187 2124 5240 η-ιω

519 5262 725 5341 nix-1'71
755 5262 904 5342 71:5,
934 5291 1057 5349 qua:
1082 5283 1315 5338 sonant,
1343 5271 1604 5349 principes
1633 5272 1992 5349 centurionum
2021 5272 2124 5326 du-

519 5369 634 5422 ces,
659 5362 708 5407 et
738 5344 1006 5422 cursores,
1039 5358 1099 5402 ut
1129 5349 1278 5422 prior
1307 5356 1485 5400 tamen
1519 5345 1606 5422 illa
1639 5344 2118 5422 triunrverborum

519 5415 932 5480 circumlocutio
959 5415 1292 5473 centuriones
1336 5431 1446 5472 uno
1473 5415 1640 5471 verbo
1685 5415 1972 5486 signiﬁcet.
2021 5415 2115 5471 Sic

517 5507 734 5552 veteres
775 5491 959 5566 _(‘.raec_i
999 5489 1253 5566 Ainterpr.
1302 5488 1497 5566 Aquila
1537 5489 1667 5566 τούξ
1702 5484 1968 5566 ἅρχονιςας
2013 5495 2114 5566 τῶν

518 5564 890 5631 ἕκατοντὰδων,
915 5556 1187 5632 Principes
1217 5556 1606 5632 centuriarum;
1633 5556 1996 5632 Symmachus
2020 5561 2112 5615 τοὺ

515 5630 937 5714 taeterrimo;
961 5675 976 5695 .
1006 5630 1442 5714 u_no_ver.bo.tria
1463 5631 1554 5686 illa
1587 5630 1844 5714 reddidit.

591 5710 618 5750 δ
649 5701 850 5765 lterum
880 5721 1003 5762 cum
1033 5703 1276 5774 Vulgatis
1308 5703 1451 5758 idem
1484 5717 1587 5758 ms.
1633 5703 1686 5758 in
1732 5701 1976 5774 templum
2009 5702 2116 5757 Do-

521 5783 652 5838 mini
675 5797 692 5835 :
716 5790 802 5838 est
825 5789 1004 5835 autem
1036 5777 1089 5832 in
1119 5775 1352 5831 Hebraeo
1373 5783 1499 5834 nia.

596 5887 618 5920 ο
645 5874 895 5935 Pressius
917 5871 1151 5932 Hebraeo
1171 5852 1308 5942 νίν),
1335 5869 1634 5931 Veronens.
1665 5885 1769 5930 ms.
1799 5869 2116 5946 Vulgatique

2224 4735 2383 4794 ﬁcem
2417 4745 2472 4792 et
2518 4733 2863 4801 sacerdotes,
2904 4735 3089 4790 dicens
3129 4735 3210 4790 eis
3245 4751 3261 4791 :
3299 4735 3479 4802 Quare
3508 4745 3656 4791 sarta
3687 4745 3830 4793 tecta

2226 4843 2333 4888 non
2359 4828 2674 4886 instauratis
2704 4826 3222 4900 [Maiusmurastis]
3253 4830 3437 4900 templi
3469 4828 3545 4900 [h.
3574 4829 3828 4903 domus]?

2230 4989 2381 5052 libri,
2414 5003 2571 5055 super
2594 5006 2732 5046 eum.

2301 5059 2327 5136 fl
2364 5061 2560 5136 V_o_cem
2590 5072 2801 5134 propter
2821 5062 3031 5136 ,‘obelo
3067 5063 3133 5120 ad
3168 5063 3464 5135 marginem
3493 5065 3671 5133 posito
3691 5107 3707 5132 ,
3733 5066 3825 5136 ju-

2227 5133 2706 5210 gulatyeronens.
2741 5133 3115 5210 Antiquarius,
3151 5133 3312 5210 eique
3333 5139 3611 5210 substituit
3633 5133 3816 5210 juxta.

2303 5216 2326 5243 ε
2349 5204 2502 5280 Idem
2529 5220 2630 5280 ms.
2674 5214 2730 5261 et
2769 5204 2982 5273 Vulgati
3011 5215 3197 5280 tacent
3224 5204 3496 5262 'Sacerdos
3519 5251 3534 5277 ,
3569 5204 3714 5280 quod
3749 5220 3824 5264 ta-

2225 5292 2350 5334 men
2381 5277 2434 5331 in
2465 5277 2695 5332 llebrzeo
2724 5292 2921 5332 nomen
2957 5278 3198 5335 additum
3228 5291 3310 5336 est
3340 5285 3494 5367 1.13.1.

2304 5369 2322 5409 ί
2359 5369 2548 5425 Denuo
2588 5384 2713 5426 cum
2744 5370 2990 5441 Vulgatis
3019 5371 3325 5428 Veronens.
3372 5386 3480 5428 ms.
3526 5382 3822 5428 sanctorum

2221 5456 2325 5526 pro
2361 5441 2696 5526 sanctuarii.
2752 5442 3015 5500 Hebraeus
3067 5442 3134 5500 ad
3183 5446 3411 5500 verbum
3457 5446 3660 5514 habet,
3702 5464 3823 5501 sau-

2225 5522 2480 5568 ctitalum.

2249 5657 2260 5669 .
2297 5585 2433 5669 I_Ad
2449 5584 3026 5669 Veronenszmsltum
3049 5587 3398 5658 Vulgatorum
3417 5585 3600 5655 ﬁdem,
3625 5589 3678 5644 in
3705 5604 3823 5660 par-

2225 5658 2476 5722 ticulam,
2527 5673 2684 5729 quam
2739 5659 2828 5717 hic
2868 5661 3208 5716 Martianzeus
3270 5671 3672 5729 praeposuerat,
3707 5658 3820 5716 'ex-

2222 5732 2533 5804 p_u_nx_imus.
2575 5731 2918 5804 Suﬁragatur
2947 5731 3170 5786 Hebraea
3207 5731 3418 5800 phrasis
3440 5775 3454 5798 ,
3488 5741 3543 5789 et
3573 5733 3820 5804 Symma-

2220 5801 2312 5857 chi
2342 5801 2528 5888 Grreca
2568 5801 2790 5875 versio’,
2827 5803 3061 5878 δεόμενον
3097 5806 3404 5882 ἐπισκευῆς,
3458 5807 3595 5877 quod
3616 5801 3821 5876 indiget

2221 5883 2565 5946 reparatione.
