4114 6364
330 282 437 347 745

1627 291 1837 355 LIBER
1875 295 1920 355 II
1959 291 2347 357 MALACIIIM.

3518 309 3624 366 7I6

329 408 504 466 nolite
534 422 669 482 ergo
698 405 932 483 amplius
974 408 1224 483 accipere
1263 412 1552 483 pecuniam
1587 412 1739 483 juxta
1784 412 1931 469 ordi-
1957 415 2012 474 Α
2035 428 2270 484 namque
2298 412 2442 468 filius
2466 412 2712 483 Semath,
2737 422 2795 472 et
2817 413 3053 475 Jozabad
3079 417 3222 475 ﬁlius
3245 416 3461 487 Somer,
3484 422 3627 476 servi

331 518 458 559 nem
487 512 761 570 vestrum,
793 503 892 561 sed
924 505 989 560 ad
1021 506 1469 563 instaurationem
1498 506 1681 575 templi
1716 505 1789 577 [h.
1830 505 1929 560 do-

331 597 480 671 mus]
535 598 745 657 reddite
789 614 932 656 eam.
978 598 1063 672 [T.
1102 598 1352 671 CLVIII.]
1384 599 1758 670 Prohibitique
1806 608 1935 655 sunt

335 692 654 749 sacerdotes
677 694 817 749 ultra
841 694 1090 765 accipere
1112 695 1397 765 pecuniam
1428 710 1457 748 a
1483 693 1685 765 populo
1708 702 1755 759 δ,
1773 698 1829 747 et
1855 694 1937 747 in-

336 795 586 841 staurare
628 793 919 841 sartacteta
965 786 1160 842 domus
1199 784 1277 857 [h.
1330 785 1436 841 nisi
1474 784 1542 840 ad
1583 783 1933 839 instauranda

337 886 635 933 sartacteta
667 876 902 949 domus].
934 878 1003 933 Et
1030 876 1154 933 tulit
1175 877 1361 933 Joiada
1391 876 1631 948 pontifex
1660 875 1935 947 gazophy-

338 968 536 1025 lacium
575 986 775 1037 unum,
806 971 1131 1040 aperuitque
1173 970 1419 1026 foramen
1456 969 1725 1040 desuper,
1758 977 1813 1023 et
1839 983 1938 1038 po-

339 1063 449 1118 suit
499 1062 630 1119 illud
670 1064 827 1134 juxta
881 1065 1056 1118 altare
1102 1063 1168 1118 ad
1219 1063 1468 1118 dextram
1516 1060 1937 1133 ingredientium

341 1158 563 1213 domum
598 1156 812 1213 Domini
835 1200 849 1225 ,
876 1157 1274 1235 mittebantque
1304 1158 1357 1213 in
1384 1172 1451 1214 eo
1477 1156 1821 1222 sacerdotes,
1845 1154 1937 1227 qui

340 1248 730 1306 custodiebant
759 1250 930 1319 ostia,
973 1265 1190 1307 omnem
1219 1252 1537 1322 pecuniam,
1570 1267 1691 1322 qua:
1720 1249 1939 1307 defere-

342 1341 500 1397 batur
533 1342 600 1398 ad
626 1342 888 1412 templum
920 1341 999 1414 [h.
1028 1343 1231 1416 domui]
1261 1343 1500 1400 Domini.
1526 1344 1769 1415 Cumque
1790 1344 1943 1399 vide-

342 1446 469 1493 rent
496 1437 720 1492 nimiam
750 1438 1035 1509 pecuniam
1061 1453 1186 1494 esse
1214 1439 1268 1493 in
1295 1438 1688 1510 gazophylacio
1712 1480 1727 1505 ,
1750 1452 1944 1494 ascen-

343 1528 509 1585 debat
544 1530 724 1585 scriba
768 1532 910 1602 regis
932 1572 948 1595 ,
981 1540 1036 1586 et
1074 1532 1317 1601 pontifex
1340 1575 1355 1599 ,
1395 1531 1858 1602 effundebantque
1888 1539 1944 1586 et

342 1624 707 1679 numerabant
739 1622 1061 1693 pecuniam,
1103 1640 1228 1696 quae
1259 1624 1636 1680 inveniebatur
1678 1624 1730 1679 in
1778 1624 1944 1679 domo

345 1715 565 1771 Domini
601 1734 612 1771 :
646 1725 703 1772 et
731 1716 937 1772 dabant
961 1731 1081 1772 eam
1109 1717 1263 1786 juxta
1294 1732 1580 1772 numerum
1609 1725 1776 1787 atque
1797 1731 1946 1771 men-

2036 506 2186 577 ejus,
2218 521 2604 577 percusserunt
2649 526 2771 565 eum
2797 553 2812 579 ,
2843 520 2898 567 et
2940 520 3186 568 mortuus
3216 521 3337 569 est:
3378 522 3434 568 et
3469 527 3626 585 sepe-

2036 597 2238 654 lierunt
2285 615 2408 655 eum
2453 616 2576 656 cum
2624 602 2873 672 patribus
2908 603 3025 659 suis
3066 603 3119 658 in
3152 602 3375 659 civitate
3422 602 3626 673 David,

2038 692 2389 763 regnavitque
2416 693 2663 749 Amasias
2693 694 2840 750 ﬁlius
2869 696 2989 765 ejus
3018 712 3116 767 pro
3144 712 3233 753 eo.

2113 789 2202 861 (Τ.
2242 787 2452 857 CLXII,
2485 790 2610 863 Cap.
2642 788 2811 863 XIII.)
2842 794 2997 847 Anno
3026 792 3288 861 vigesimo
3317 794 3477 849 tertio
3503 795 3633 851 Joas

2040 882 2139 937 filii
2179 880 2427 938 Achazitc
2470 884 2616 952 regis
2654 882 2822 952 Juda,
2854 886 3102 955 regnavit
3127 884 3332 941 Joahaz
3362 887 3506 942 ﬁlius
3534 889 3636 943 Jeu

2040 987 2205 1044 super
2240 974 2408 1030 Israel
2447 975 2499 1030 in
2534 974 2779 1031 Samaria
2809 976 2997 1032 decem
3028 985 3083 1033 ct
3116 985 3324 1048 septem
3355 978 3531 1035 annis.
3568 979 3639 1033 Et

2043 1066 2173 1122 fecit
2192 1066 2391 1122 malum
2411 1081 2593 1122 coram
2618 1066 2849 1122 Domino
2872 1067 2951 1139 (h.
2979 1069 3033 1123 in
3056 1070 3229 1125 oculis
3250 1070 3516 1141 Domini),
3552 1085 3639 1126 se-

2043 1169 2313 1232 cutusque
2344 1170 2430 1216 est
2457 1170 2677 1230 peccata
2715 1161 3008 1217 .leroboam
3045 1162 3140 1218 ﬁlii
3182 1163 3377 1230 Nabat,
3400 1165 3489 1235 qui
3516 1180 3643 1234 pec-

2044 1266 2169 1307 care
2202 1250 2327 1306 fecit
2349 1250 2516 1307 Israel
2541 1268 2555 1307 :
2582 1266 2687 1307 non
2716 1251 3009 1308 declinavit
3030 1253 3098 1309 ab
3120 1255 3221 1310 eis.
3244 1254 3531 1324 [ratusque
3555 1264 3640 1311 est

2046 1342 2199 1398 furor
2234 1343 2448 1398 Domini
2479 1352 2667 1399 contra
2697 1345 2895 1411 Israel,
2924 1355 2978 1401 et
3007 1346 3227 1401 tradidit
3263 1362 3357 1403 eos
3393 1347 3446 1402 in
3476 1363 3643 1403 manu

2044 1437 2209 1492 Azael
2254 1437 2398 1507 regis
2430 1437 2605 1509 Syria}
2626 1482 2642 1509 ,
2671 1447 2727 1494 et
2758 1438 2810 1493 in
2841 1454 3007 1495 manu
3036 1440 3293 1496 Benadad
3326 1441 3422 1496 filii
3455 1443 3643 1510 Azael,

2046 1528 2256 1583 cunctis
2283 1529 2494 1586 diebus.
2526 1531 2863 1601 Deprecatus
2893 1542 2976 1587 est
3001 1543 3181 1589 autem
3211 1533 3418 1589 .Ioahaz
3447 1534 3643 1591 faciem

2049 1619 2298 1675 Domini:
2324 1629 2379 1677 et
2405 1621 2617 1677 audivit
2647 1638 2770 1678 eum
2805 1623 3070 1680 Dominus
3086 1643 3107 1687 ε,
3132 1624 3267 1681 vidit
3299 1627 3444 1681 enim
3473 1643 3640 1697 angu-

2048 1712 2206 1767 stiam
2223 1714 2413 1780 Israel,
2427 1716 2551 1785 quia
2569 1715 2855 1773 attriverat
2868 1732 2963 1773 eos
2975 1731 3069 1773 rex
3091 1718 3264 1790 Syria:
3282 1738 3291 1771 :
3310 1728 3365 1773 et
3388 1719 3535 1775 dedit
3552 1720 3653 1775 Do-

344 1822 558 1875 suram,
603 1807 656 1863 in
690 1822 852 1863 manu
894 1823 1083 1865 eorum
1126 1810 1217 1879 qui
1262 1817 1535 1879 praeerant
1572 1807 1939 1863 caementariis
1968 1796 2017 1857 B
2044 1804 2222 1862 minus
2246 1805 2435 1863 lsraeli
2488 1808 2835 1874 salvatorem,
2864 1818 2920 1865 et
2954 1810 3216 1868 liberatus
3262 1820 3347 1867 est
3381 1812 3451 1866 de
3490 1828 3656 1868 manu

345 1902 542 1958 domus
574 1903 787 1958 Domini
822 1919 837 1957 :
882 1903 973 1972 qui
1013 1902 1398 1972 impendebant
1440 1916 1562 1957 eam
1596 1901 1647 1955 in
1686 1900 1854 1957 fabris
1883 1900 1946 1955 li-

345 2011 577 2065 gnorum
602 2035 617 2061 ,
646 2006 699 2050 et
742 1995 796 2050 in
828 1994 1195 2050 caementariis
1235 1994 1336 2061 iis,
1373 1993 1463 2065 qui
1493 1994 1860 2065 operabantur
1891 1992 1947 2048 in

346 2089 518 2145 domo
558 2088 806 2153 Domini,
845 2097 905 2144 et
944 2096 1239 2144 sartatecta
1291 2088 1558 2143 faciebant
1592 2106 1605 2142 :
1651 2095 1707 2144 et
1750 2087 1801 2142 in
1846 2086 1945 2156 iis,

345 2182 439 2254 qui
468 2180 756 2239 caedebant
787 2194 919 2235 saxa
950 2222 966 2249 ,
995 2189 1048 2236 et
1074 2188 1131 2236 ut
1158 2187 1407 2236 emerent
1433 2179 1599 2250 ligna,
1627 2187 1682 2235 et
1706 2177 1946 2249 lapides,

346 2274 441 2345 qui
470 2274 902 2343 excidebantur,
936 2274 1009 2330 ita
1052 2284 1108 2329 ut
1147 2273 1470 2345 impleretur
1501 2273 1824 2329 instauratio
1853 2272 1952 2327 do-

350 2382 478 2422 mus
515 2367 762 2435 Domini,
790 2367 845 2422 in
886 2366 1163 2423 universis
1200 2382 1321 2437 quae
1365 2364 1684 2437 indigebant
1713 2378 1950 2434 expensa

349 2458 420 2513 ad
453 2458 803 2514 muniendam
835 2457 1079 2515 domum.
1104 2457 1495 2513 Verumtamen
1527 2472 1637 2512 non
1664 2456 1866 2512 ﬁebant
1885 2471 1949 2511 ex

350 2550 543 2606 eadem
578 2551 805 2621 pecunia
852 2549 1064 2621 hydria:
1107 2548 1295 2619 templi
1332 2548 1410 2620 [h.
1441 2547 1658 2620 domus]
1698 2548 1949 2614 Domini,

348 2653 404 2699 et
450 2642 769 2709 fuscinulae,
817 2651 872 2698 et
919 2641 1230 2708 thuribula,
1264 2652 1319 2697 et
1371 2641 1515 2697 tuba:
1561 2640 1641 2713 [h.
1684 2639 1854 2711 tibiae]
1898 2649 1955 2697 et

350 2735 481 2808 [Ms.
508 2745 613 2790 tac.
639 2736 713 2808 et]
742 2751 903 2792 omne
932 2750 1025 2790 vas
1053 2750 1277 2790 aureum
1307 2743 1362 2790 et
1388 2742 1711 2804 argenteum
1730 2775 1746 2801 ,
1770 2732 1836 2788 de
1867 2747 1956 2803 pe-

353 2832 516 2887 cunia
542 2846 664 2902 quae
698 2828 1037 2885 inferebatur
1065 2830 1122 2885 in
1151 2828 1412 2900 templum
1448 2827 1682 2882 Domini.
1707 2826 1777 2882 Iis
1807 2826 1953 2882 enim

353 2925 447 2997 qui
495 2924 767 2981 faciebant
814 2939 986 2993 opus,
1024 2923 1259 2978 dabatur
1294 2930 1353 2977 ut
1396 2920 1770 2976 instaurarent
1815 2927 1954 2975 tem-

356 3018 507 3089 plum
560 3017 643 3089 [It.
674 3015 891 3087 domus]
924 3016 1159 3072 Domini.
1196 3014 1280 3087 [T.
1314 3012 1521 3086 CLIX.]
1552 3013 1620 3068 Et
1651 3028 1761 3067 non
1794 3011 1957 3067 ﬁebat

354 3112 501 3168 ratio
532 3112 601 3167 iis
647 3111 1000 3178 hominibus,
1044 3110 1136 3181 qui
1181 3108 1526 3179 accipiebant
1567 3106 1857 3178 pecuniam
1897 3113 1954 3159 ut

2052 1901 2230 1972 Syriae
2268 1923 2280 1958 :
2329 1902 2820 1973 habitaveruntque
2859 1902 2953 1957 filii
2996 1902 3164 1958 Israel
3196 1905 3248 1958 in
3278 1905 3645 1961 tabernaculis

2052 1994 2171 2051 suis
2215 1994 2360 2050 sicut
2409 1994 2523 2050 heri
2570 2002 2625 2050 et
2669 1995 3083 2051 nudiustertius.
3120 1995 3509 2053 Verumtamen
3542 2012 3653 2053 non

2051 2094 2404 2143 recesserunt
2447 2101 2477 2141 a
2526 2085 2764 2155 peccatis
2812 2085 3008 2143 domus
3053 2086 3370 2156 Jeroboam,
3404 2088 3494 2158 qui
3525 2102 3651 2159 pec-
3744 2122 3749 2127 ν

2052 2192 2181 2234 care
2212 2177 2341 2233 fecit
2369 2178 2566 2244 Israel;
2616 2179 2668 2232 iu
2701 2177 2886 2252 [Vulg.
2927 2179 3024 2233 sed
3071 2178 3147 2250 in]
3179 2179 3315 2249 ipsis
3338 2179 3651 2237 ambulave-

2052 2277 2181 2325 runt
2212 2270 2289 2342 [lt.
2321 2268 2642 2340 ambulavit]
2676 2287 2687 2322 :
2719 2269 2988 2339 siquidem
3015 2277 3072 2326 et
3102 2269 3257 2325 lucus
3280 2272 3581 2341 permansit
3603 2272 3658 2326 in

2053 2361 2332 2417 Samaria.
2383 2360 2454 2415 Et
2494 2375 2603 2415 non
2632 2369 2760 2415 sunt
2789 2360 3041 2416 derelicti
3094 2359 3300 2416 Joahaz
3351 2361 3420 2417 de
3467 2362 3669 2433 populo

2057 2452 2163 2508 nisi
2192 2453 2586 2523 quinquaginta
2618 2452 2852 2524 equites,
2881 2450 2982 2508 etb
3007 2452 3198 2510 decem
3228 2469 3450 2523 currus,
3483 2463 3537 2510 et
3565 2454 3663 2511 de-

2059 2558 2177 2599 cem
2228 2544 2400 2599 millia
2448 2544 2691 2614 peditum
2734 2561 2747 2598 :
2789 2544 3148 2601 interfecerat
3194 2545 3271 2619 [h.
3322 2546 3659 2616 perdiderat]

2060 2637 2207 2694 enim
2239 2652 2334 2693 eos
2366 2653 2464 2694 rex
2488 2637 2685 2709 Syriae,
2714 2647 2768 2694 et
2798 2638 3085 2706 redegerat
3114 2639 3269 2710 quasi
3292 2640 3574 2711 pulverem
3607 2639 3663 2695 in

2062 2732 2255 2785 tritura
2281 2746 2417 2786 area:
2445 2730 2524 2803 [h.
2571 2745 2679 2788 non
2725 2729 2932 2801 habet].
2979 2730 3207 2802 Reliqua
3234 2740 3417 2786 autem
3444 2746 3655 2787 sermo—

2056 2838 2187 2879 num
2214 2823 2440 2893 Joahaz,
2473 2832 2528 2879 et
2577 2825 2835 2879 universa
2876 2838 3000 2893 quae
3027 2823 3176 2888 fecit,
3211 2822 3307 2879 sed
3331 2822 3517 2895 [Vulg.
3555 2833 3656 2878 tae.

2062 2914 2179 2987 sed]
2224 2924 2281 2972 et
2324 2915 2589 2971 fortitudo
2624 2914 2764 2985 ejus,
2813 2930 2994 2970 nonne
3023 2915 3144 2970 haec
3173 2917 3378 2985 scripta
3428 2924 3555 2971 sunt
3608 2916 3665 2971 in

2063 3007 2204 3063 libro
2234 3008 2563 3065 Sermonum
2594 3007 2807 3063 dierum
2848 3020 3036 3077 regum
3062 3005 3265 3061 Israel?
3295 3005 3380 3078 [T.
3410 3005 3670 3077 CLXIII.]

2060 3100 2447 3172 Dormivitque
2467 3100 2671 3156 Joahaz
2698 3115 2823 3155 cum
2856 3100 3101 3170 patribus
3154 3099 3293 3167 suis,
3330 3108 3384 3155 et
3430 3099 3653 3169 sepeliet

357 3204 760 3259 distribuerent
796 3217 916 3258 eam
949 3201 1283 3269 artiﬁcibus,
1314 3200 1409 3255 sed
1454 3199 1532 3271 [h.
1563 3197 1711 3269 quia]
1751 3199 1805 3253 in
1844 3196 1957 3254 ﬁde
1984 3187 2031 3252 C
2062 3205 2189 3251 runt
2214 3210 2341 3251 eum
2387 3196 2441 3250 in
2487 3193 2733 3250 Samaria
2769 3211 2783 3247 :
2828 3194 3185 3264 regnavitque
3217 3193 3348 3249 Joas
3377 3191 3518 3250 ﬁlius
3548 3192 3670 3263 ejus

359 3297 668 3352 tractabant
710 3310 856 3351 eam.
891 3293 978 3367 [T.
1011 3292 1197 3363 CLX.]
1239 3293 1532 3348 Pecuniam
1562 3305 1695 3346 vero
1726 3305 1826 3361 pro
1862 3289 1958 3346 de-

360 3389 525 3456 licto,
567 3396 624 3445 et
652 3386 938 3458 pecuniam
967 3400 1067 3456 pro
1108 3384 1372 3455 peccatis,
1405 3397 1514 3439 non
1547 3382 1866 3438 inserebant
1903 3383 1959 3436 in

362 3481 627 3553 templum
650 3480 731 3553 [h.
748 3478 995 3550 domum]
1025 3477 1269 3547 Domini,
1292 3478 1419 3549 quia
1448 3475 1796 3533 sacerdotum
1819 3484 1955 3531 erat.

362 3575 515 3631 Tunc
545 3574 794 3631 ascendit
831 3572 997 3628 Azael
1028 3587 1126 3629 rex
1151 3571 1352 3642 Syriae,
1387 3579 1441 3625 et
1474 3569 1743 3640 pugnabat
1773 3576 1965 3623 contra

363 3668 539 3740 Geth,
594 3668 846 3739 cepitque
889 3681 1048 3722 eam:
1100 3675 1156 3722 et
1210 3664 1407 3720 direxit
1454 3662 1648 3719 faciem
1699 3677 1849 3718 suam
1906 3670 1965 3716 ut

361 3760 686 3817 ascenderet
712 3760 766 3816 in
795 3758 1123 3815 Jerusalem.
1153 3755 1523 3826 Quamobrem
1560 3754 1683 3810 tulit
1711 3752 1838 3811 Joas
1869 3768 1965 3808 rex

364 3854 503 3912 Juda
542 3854 723 3909 omnia
770 3851 1143 3918 sanctiﬁcata,
1189 3864 1311 3919 quae
1351 3854 1808 3905 consecraverant
1834 3844 1964 3916 [st.

366 3945 1105 4019 conscrvaveratNosaphat,
1128 3952 1182 3999 et
1207 3942 1415 4008 .Ioram,
1442 3951 1496 3997 et
1511 3940 1763 4009 Ahazias,
1789 3948 1969 4009 patres

371 4040 499 4113 [Ms.
528 4039 704 4113 pater]
732 4040 872 4110 ejus,
907 4053 1065 4109 reges
1094 4035 1227 4092 Juda
1248 4077 1261 4104 ,
1284 4044 1338 4091 et
1365 4050 1485 4107 quae
1516 4036 1631 4105 ipse
1659 4033 1928 4089 obtulerat
1952 4051 1965 4089 :

371 4145 425 4190 et
471 4135 785 4190 universum
836 4140 1117 4203 argentum
1149 4129 1231 4203 (h.
1276 4128 1524 4201 aurum),
1553 4126 1697 4199 quod
1738 4126 1973 4182 inveniri

373 4227 554 4299 potuit
582 4228 636 4283 in
671 4226 947 4284 thesauris
976 4225 1162 4296 templi
1192 4224 1273 4294 (h.
1304 4222 1522 4295 domus)
1552 4223 1797 4291 Domini,
1827 4230 1883 4278 et
1918 4221 1971 4276 in

374 4322 581 4393 palatio
620 4320 766 4392 regis
796 4321 879 4391 (h.
913 4318 1076 4374 domo
1108 4318 1278 4389 regis)
1310 4334 1323 4373 :
1351 4316 1609 4387 misitque
1647 4314 1829 4371 Azaeli
1860 4313 1974 4385 regi

376 4416 578 4488 Syriae,
610 4423 665 4471 et
694 4415 920 4471 recessit
945 4412 1012 4467 ab
1042 4411 1373 4467 Jerusalem.
1400 4409 1632 4481 Reliqua
1661 4419 1837 4464 autem
1863 4422 1975 4463 ser-

2065 3302 2166 3357 pro
2193 3302 2281 3343 eo.
2330 3286 2493 3342 Anno
2541 3285 2831 3357 trigesimo
2875 3285 3110 3356 septimo
3156 3286 3285 3341 Joas
3332 3285 3478 3356 regis
3505 3285 3664 3352 Iuda,

2065 3378 2317 3449 regnavit
2366 3378 2494 3435 Joas
2534 3377 2677 3434 filius
2718 3377 2922 3435 Joabaz
2950 3391 3115 3448 super
3143 3376 3313 3433 Israel
3345 3377 3397 3431 in
3423 3377 3670 3433 Samaria

2065 3471 2305 3527 sedecim
2350 3470 2533 3536 annis,
2585 3479 2641 3526 et
2688 3469 2817 3526 fecit
2842 3469 2991 3541 quod
3036 3469 3237 3523 malum
3264 3476 3385 3524 erat
3439 3467 3567 3540 [Ms.
3617 3479 3667 3524 et

2072 3560 2233 3638 Vulg.
2267 3561 2370 3635 est]
2400 3563 2453 3618 in
2480 3570 2780 3632 conspectu
2809 3560 3027 3616 Domini
3071 3559 3149 3631 [h.
3183 3560 3235 3614 in
3268 3559 3445 3615 oculis
3473 3559 3666 3615 Domi-

2066 3655 2143 3727 ni]
2178 3672 2192 3709 :
2221 3670 2326 3710 non
2357 3654 2650 3711 declinavit
2696 3654 2764 3710 ab
2809 3653 3059 3708 omnibus
3091 3652 3326 3723 peccatis
3363 3651 3661 3709 .leroboam

2068 3748 2167 3804 filii
2193 3746 2395 3814 Nabat,
2426 3746 2518 3817 qui
2551 3760 2780 3816 peccare
2829 3744 2958 3800 fecit
2984 3743 3182 3810 Israel;
3225 3743 3279 3798 in
3312 3744 3447 3814 ipsis
3473 3745 3668 3801 ambu-

2072 3841 2223 3897 lavit.
2272 3840 2359 3914 [T.
2400 3837 2655 3911 CLXIV.]
2705 3837 2931 3909 Reliqua
2960 3845 3142 3893 autem
3166 3851 3486 3893 sermonum
3510 3839 3663 3907 Joas,

2073 3942 2129 3990 et
2148 3934 2404 3989 universa
2425 3947 2546 4002 qua:
2566 3930 2715 3997 fecit,
2740 3929 2835 3986 sed
2862 3936 2918 3986 et
2942 3929 3206 3985 fortitudo
3229 3929 3368 4000 ejus,
3400 3929 3674 4001 quomodo

2071 4027 2400 4099 pugnaverit
2429 4033 2620 4081 contra
2652 4024 2928 4080 Amasiam
2953 4038 3139 4094 regem
3163 4022 3322 4091 Juda,
3350 4038 3533 4079 nonne
3554 4023 3672 4079 haec

2073 4122 2277 4192 scripta
2310 4127 2443 4176 sunt
2471 4121 2523 4175 in
2553 4119 2696 4174 libro
2742 4133 3058 4175 sermonum
3093 4118 3306 4174 dierum
3346 4132 3536 4188 regum
3586 4116 3673 4172 Is-

2075 4214 2227 4271 rael?
2248 4214 2316 4269 Et
2336 4209 2593 4270 dormivit
2616 4211 2742 4268 Joas
2772 4226 2897 4267 cum
2928 4211 3171 4282 patribus
3198 4210 3345 4267 suis:
3375 4210 3672 4267 .leroboam

2074 4317 2257 4363 autem
2288 4307 2433 4364 sedit
2463 4321 2627 4377 super
2656 4304 2854 4361 solium
2895 4304 3034 4375 ejus.
3068 4305 3241 4360 Porro
3273 4303 3401 4360 Joas
3428 4303 3675 4372 sepultus

2076 4411 2162 4459 est
2207 4402 2260 4457 in
2302 4401 2548 4457 Samaria
2576 4415 2701 4455 cum
2731 4398 2950 4470 regibus
2971 4397 3159 4453 Israel.
3190 4396 3276 4470 [T.
3307 4396 3539 4469 CLXV.]
3564 4396 3675 4452 Eli-

376 4523 599 4565 monum
643 4508 802 4573 Joas,
847 4516 903 4563 et
949 4506 1204 4561 universa
1251 4520 1371 4576 qua:
1414 4502 1571 4569 fecit,
1627 4516 1810 4558 nonne
1858 4501 1977 4556 haec
2078 4512 2220 4553 sucus
2261 4505 2443 4552 autem
2488 4493 2788 4565 aegrotabat
2820 4492 3160 4559 infirmitate,
3204 4505 3309 4560 qua
3339 4500 3397 4547 et
3426 4500 3675 4547 mortuus

376 4604 581 4671 scripta
611 4601 813 4656 suntin
844 4600 985 4655 libro
1010 4599 1312 4655 Verborum
1342 4598 1554 4654 dierum
1588 4612 1777 4667 regum
1801 4595 1975 4652 Juda?
2003 4576 2058 4637 D
2081 4601 2203 4647 est:
2233 4589 2628 4659 descenditque
2652 4587 2719 4643 ad
2750 4601 2876 4642 eum
2906 4586 3034 4671 Joas
3071 4600 3165 4639 rex
3204 4584 3392 4652 Israel,
3428 4593 3484 4641 et
3507 4585 3676 4642 ﬂebat

389 4697 480 4769 (Τ.
524 4692 731 4760 CLXI.)
776 4693 1149 4749 Surrexerunt
1178 4700 1359 4747 autem
1398 4694 1540 4747 servi
1575 4690 1693 4761 ejus
1715 4731 1729 4755 ,
1760 4697 1814 4745 et
1844 4703 1976 4744 con-

376 4787 697 4856 juraverunt
714 4782 796 4853 (h.
813 4791 870 4837 et
882 4781 1301 4853 rebellaverunt)
1317 4781 1456 4838 inter
1475 4798 1552 4848 se,
1569 4789 1979 4852 percusserunt-

386 4891 492 4949 que
521 4874 647 4931 Joas
675 4874 728 4930 in
755 4873 918 4929 domo
958 4872 1118 4929 Mello
1149 4874 1203 4928 in
1235 4872 1502 4929 descensu
1534 4872 1677 4929 Sela.
1711 4870 1978 4927 Jozachar

461 5027 486 5055 ιι
516 5014 742 5072 Fallitur
772 5012 1131 5077 Scholiastes,
1165 5010 1425 5066 Hebraeus
1467 5010 1610 5066 enim
1657 5024 1763 5063 non
1809 5007 1971 5063 habet

389 5089 535 5145 illam
556 5086 928 5155 exceptionem
949 5100 963 5147 ;
983 5082 1078 5137 sed
1102 5081 1791 5155 particulainconnexivain
1810 5080 1971 5155 juxta

388 5175 549 5231 quam
580 5159 650 5211 ita
680 5152 961 5231 legendum
995 5165 1097 5217 est,
1117 5152 1199 5231 _Et
1230 5152 1475 5231 prohibiti
1504 5161 1621 5205 sunt
1649 5152 1971 5231 sacerdotes,

390 5221 447 5285 {tt
476 5247 581 5284 non
626 5221 915 5297 acciperent
946 5221 1275 5297 pecuniam};
1303 5221 1516 5297 populo,
1541 5233 1590 5276 et
1613 5238 1676 5275 ne
1712 5224 1977 5297 instaura-

390 5311 505 5357 rent
534 5293 806 5355 sartatecta
853 5297 1049 5351 domm.
1088 5295 1220 5349 lluic
1250 5293 1464 5348 lectioni
1491 5293 1835 5348 consentiunt
1860 5307 1974 5345 om-

393 5389 489 5428 ues
513 5371 604 5425 alii
638 5371 966 5438 interpretes
995 5376 1186 5422 contra
1219 5363 1579 5419 Scholiastem
1603 5371 1865 5438 nostrum,
1885 5363 1977 5432 qui

398 5460 502 5500 nec
522 5444 656 5497 satis
688 5434 1001 5495 attendebat
1033 5439 1307 5492 sermonis
1338 5434 1816 5504 consequentiam;
1854 5449 1975 5488 nam

397 5530 469 5571 ex
492 5513 756 5583 superiori
782 5509 1049 5583 versicqu
1073 5508 1423 5583 manifestum
1447 5512 1692 5583 apparet,
1714 5506 1764 5583 n_i
1792 5504 1974 5570 fallor,

396 5575 708 5641 sacerdotes
735 5581 1037 5652 prohibitos
1081 5578 1248 5633 fuisse
1292 5586 1349 5652 et
1374 5577 1444 5631 ab
1469 5575 1783 5652 accipienda
1809 5590 1974 5652 pecu-

398 5659 507 5716 nia,
541 5666 597 5710 et
632 5654 702 5707 ab
736 5645 1139 5706 instauratione
1161 5652 1271 5717 jam
1300 5649 1464 5717 dicta,
1515 5648 1631 5703 sive
1677 5646 1854 5715 potius
1907 5645 1975 5700 ab

396 5726 579 5781 ofﬁcio
626 5724 784 5792 hujus
830 5716 1260 5793 instaurationjs,
1321 5716 1585 5790 quonon
1633 5718 1751 5775 sine
1795 5716 1977 5793 segni-

402 5799 475 5858 tia
503 5790 768 5871 perfuncti
803 5793 1146 5849 videbantur.
1183 5790 1360 5848 MART.

684 5893 960 5959 PATROL.
1012 5888 1306 5959 XXVIII.

2081 4701 2265 4743 coram
2290 4687 2395 4755 :eo,
2443 4683 2763 4751 dicebatque
2793 4697 2805 4733 :
2838 4670 3000 4734 Pater
3030 4678 3125 4746 mi,
3158 4688 3312 4749 pater
3348 4679 3445 4745 mi,
3478 4692 3675 4736 currus

2080 4778 2271 4846 Israel,
2303 4786 2359 4833 et
2384 4775 2573 4845 auriga
2603 4773 2741 4843 ejus.
2774 4771 2843 4827 Et
2872 4770 2948 4826 ait
2977 4770 3058 4825 illi
3086 4770 3317 4825 Elisatus
3356 4787 3368 4823 :
3403 4771 3551 4825 Affer
3577 4788 3668 4827 ar-

2080 4877 2301 4938 cum,et
2329 4868 2575 4939 sagittas.
2599 4865 2846 4934 Cumque
2882 4862 3158 4918 attulisset
3205 4862 3272 4917 ad
3311 4876 3435 4918 cum
3464 4878 3671 4935 arcum,

2146 5035 2219 5047 —-
2239 5001 2596 5059 Scholiastem
2623 4996 2852 5067 castigat
2869 4995 3114 5067 Martian.
3148 4994 3284 5064 ipse,
3309 4994 3451 5065 quod
3473 5006 3676 5053 nouat-

2076 5076 2311 5132 tcnderit
2337 5072 2607 5129 sermonis
2628 5066 3070 5137 consequentiam
3097 5106 3109 5126 ,
3140 5067 3394 5136 illamque
3420 5067 3550 5122 velit
3580 5085 3675 5123 ex-

2076 5150 2380 5218 ceptionem
2425 5156 2569 5206 esse,
2603 5156 2722 5211 quae
2748 5138 3109 5194 connectendi
3142 5146 3225 5192 est
3259 5145 3465 5191 tantum
3509 5142 3673 5208 parti-

2076 5242 2195 5297 cula
2220 5221 2427 5297 7:19:51.
2453 5234 2618 5290 Nobis
2640 5233 2764 5300 quid
2791 5232 2859 5286 de
2883 5231 3001 5301 ejus
3026 5231 3353 5286 lectionibus
3377 5231 3627 5287 videatur
3652 5277 3667 5300 ,

2078 5313 2281 5367 dictum
2311 5317 2395 5363 est
2440 5322 2603 5376 supra
2646 5304 2910 5376 pluribus.
2945 5304 3213 5357 Craterum
3252 5306 3319 5357 de
3368 5302 3471 5358 foci
3512 5304 3675 5375 hujus

2079 5398 2265 5440 sensu.
2297 5379 2465 5441 adito,
2500 5375 2542 5431 Si
2572 5376 2738 5442 lubet,
2766 5375 3108 5444 interpretes.

2151 5453 2179 5491 b
2214 5453 2478 5506 Ducentos
2522 5463 2616 5516 pro
2646 5445 2832 5499 decem
2856 5460 3043 5498 currus
3074 5452 3331 5513 supputat
3357 5445 3659 5503 Veronens.

2078 5526 2214 5580 liber
2248 5540 2260 5574 :
2298 5519 2438 5574 haud
2466 5522 2579 5572 scio
2608 5527 2784 5570 tamen
2816 5531 2880 5568 cx
2912 5530 3018 5585 quo
3050 5526 3215 5577 textu,
3246 5529 3666 5585 quOvcauclore

2078 5594 2299 5656 fecerit;
2335 5606 2455 5659 quae
2488 5589 2633 5643 enim
2670 5586 2786 5656 plus
2813 5586 3028 5640 caztcris
3055 5585 3240 5659 habet
3272 5588 3499 5642 Arabica
3547 5605 3669 5642 ver-

2076 5668 2177 5731 sio,
2205 5657 2393 5721 decem
2424 5673 2630 5722 tantum
2662 5660 2797 5716 alios
2837 5657 3171 5731 superaddit,
3216 5666 3569 5732 numeratque
3595 5661 3670 5716 vi-

2075 5738 2222 5815 gittti.

3192 5867 3269 5932 2h
