4114 6364
445 283 550 342 747

1453 269 1512 327 S.
1556 263 1937 325 I‘IIEBONYMI
1976 260 2208 322 DIVINA
2251 256 2730 334 BIBLIOTHECA.

3630 246 3738 307 748

441 409 497 455 et
517 396 762 468 sagittas,
782 391 927 448 dixit
946 388 1014 445 ad
1031 401 1215 460 regem
1237 383 1437 444 Israel:
1461 383 1614 439 Pone
1641 394 1857 436 manum
1890 386 2035 432 tuam
2067 381 2114 441 Α
2145 376 2195 432 in
2225 383 2545 446 praesentem
2567 371 2732 468 diem.
2765 364 3104 468 'I‘uuc'misit
3131 363 3384 468 Amasias
3415 364 3640 468 nuntios
3668 363 3739 420 ad

454 505 621 560 super
669 499 882 541 arcum.
915 483 984 537 Et
1018 495 1142 536 eum
1176 477 1446 548 posuisset
1489 473 1582 529 ille
1611 484 1832 527 manum
1865 484 2042 538 suam,

456 579 806 656 superposuit
831 574 1060 634 Elisantts
1086 585 1279 627 manus
1319 582 1448 623 suas
1492 565 1743 622 manibus
1790 563 2045 656 regis,pet

453 654 573 736 ait:
599 674 766 747 Aperi
799 671 1090 732 fenestram
1120 661 1470 720 orientalem.
1512 659 1756 729 Cumque
1793 654 2042 747 aper-uis;

451 781 562 839 set,
601 746 742 826 dixit
766 765 998 822 Elisazus
1029 777 1043 815 :
1072 757 1202 816 Iace
1252 755 1529 826 sagittam.
1577 750 1648 808 Et
1681 749 1833 824 jecit.
1871 748 1941 803 Et
1967 746 2047 802 ait

454 867 723 923 Elisteus:
753 859 962 930 Sagitta
1007 852 1204 910 salutis
1240 847 1479 917 Demini,
1518 857 1576 905 et
1614 845 1808 918 sagitta
1852 843 2044 900 salutis

453 969 645 1018 contra
673 956 886 1028 Syriam
918 968 936 1009 :
971 950 1352 1023 percutiesque
1375 945 1590 1016 Syriam
1621 943 1675 999 in
1703 937 2046 1022 Aphechdo-

457 1067 561 1110 nec
586 1060 876 1106 consumas
914 1058 1035 1100 eam
1066 1040 1146 1115 [h.
1173 1053 1346 1110 usque
1371 1037 1443 1094 ad
1470 1029 2040 1103 consummationem].

457 1148 527 1204 Et
551 1150 628 1200 ait
658 1140 849 1200 :Tolle
865 1137 1114 1209 sagittas.
1135 1133 1382 1202 Quicum
1409 1130 1640 1197 tulisset,
1669 1140 1885 1184 rursum
1909 1123 2046 1180 dixit

451 1243 506 1298 ei
539 1255 553 1294 :
582 1237 821 1293 Percute
857 1230 1046 1306 jacqu
1077 1227 1156 1302 [h.
1188 1243 1300 1284 non
1342 1223 1528 1298 habet]
1560 1234 1779 1279 terram.
1826 1220 2042 1276 Etcum

454 1327 814 1404 percussisset
859 1323 1036 1380 tribus
1088 1319 1319 1388 vicibus,
1363 1325 1419 1374 et
1459 1317 1722 1383 stetisset,
1754 1314 1920 1370 iratus
1959 1318 2045 1404 est

453 1403 647 1480 contra
678 1418 800 1475 eum
852 1416 935 1472 vir
974 1414 1095 1481 Dei,
1119 1422 1178 1470 et
1217 1412 1292 1468 ait
1327 1426 1343 1471 :
1387 1408 1448 1467 Si
1491 1407 1856 1480 percussisses
1882 1403 2044 1476 quin-

451 1518 608 1586 quies
641 1523 735 1568 aut
763 1510 963 1576 sexies,
1009 1508 1125 1564 sive
1165 1505 1392 1577 septies,
1438 1502 1803 1575 percussisses
1827 1497 2042 1572 Syriam

463 1621 633 1678 usque
657 1604 726 1660 ad
754 1599 1279 1660 consummationem
1310 1615 1324 1652 :
1357 1609 1501 1652 nunc
1523 1603 1706 1651 autem
1747 1592 1920 1648 tribus
1957 1589 2040 1646 vi-

451 1701 610 1756 tibus
643 1696 914 1769 percuties
952 1706 1095 1749 eam.
1125 1687 1211 1763 [Τ.
1238 1685 1496 1758 ΟΜΝΗ
1529 1685 1770 1742 Mortuus
1796 1691 1881 1742 est
1910 1696 2040 1752 ergo

2143 467 2274 522 Ioas
2315 465 2484 520 ﬁlium
2516 463 2742 530 Ioahaz,
2774 461 2869 516 ﬁlii
2913 459 3017 517 Ieu
3071 459 3216 530 regis
3269 457 3459 526 Israel,
3492 456 3684 513 dicens
3719 473 3735 510 :

2151 557 2306 628 Veni,
2343 566 2398 614 et
2449 557 2730 612 videamus
2761 568 2881 610 nos.
2909 550 3247 623 Remisitque
3275 549 3403 608 Ioas
3443 565 3538 606 rex
3569 548 3740 606 Israel

2142 651 2210 708 ad
2240 650 2515 706 Amasiam
2546 631 2731 720 regem
2773 645 2938 713 Iuda,
2985 645 3214 701 dicens:
3258 641 3506 700 Carduus
3549 641 3739 698 Libani

2145 745 2294 802 misit
2333 744 2401 800 ad
2432 743 2654 800 cedrum
2687 759 2806 814 qum
2836 750 2922 798 est
2953 740 3004 796 in
3048 738 3280 809 Libano,
3305 739 3495 794 dicens
3522 753 3536 790 :
3573 737 3645 791 Da
3679 735 3741 791 ﬁ-

2144 838 2275 897 liam
2303 850 2444 894 tuam
2473 837 2585 892 ﬁlio
2623 851 2747 892 meo
2773 850 3021 892 uxorem.
3051 833 3521 903 Transieruntque
3548 830 3740 888 bestias

2143 930 2315 990 saltus
2339 944 2459 1000 quae
2489 935 2616 982 sunt
2651 926 2702 982 in
2748 926 2979 993 Libano,
3034 933 3090 983 et
3131 925 3588 982 conculcaverunt
3619 938 3740 978 car-

2143 1023 2312 1079 duum
2344 1022 2426 1096 [h.
2457 1018 2843 1092 Transivitque
2873 1019 3044 1076 bestia
3093 1018 3230 1091 agri,
3277 1033 3398 1091 quae
3424 1027 3510 1073 est
3553 1016 3607 1072 in
3650 1015 3739 1071 Li-

2145 1103 2310 1188 bano,
2352 1126 2408 1172 et
2438 1113 2786 1172 conculcavit
2823 1110 3480 1185 carduum]..Percutiens
3511 1109 3739 1166 invalui-

2145 1210 2212 1266 sti
2236 1223 2401 1281 super
2431 1207 2626 1277 Edom,
2659 1213 2714 1263 et
2743 1204 3050 1262 sublevavit
3077 1213 3131 1260 te
3161 1220 3256 1260 cor
3284 1213 3434 1260 tuum
3462 1223 3477 1259 :
3511 1212 3740 1259 conten-

2145 1311 2231 1366 tus
2272 1311 2391 1359 esto
2419 1301 2618 1373 gloria,
2653 1308 2705 1356 et
2735 1299 2864 1356 sede
2894 1297 2946 1354 in
2983 1297 3147 1354 domo
3173 1306 3261 1352 tua
3292 1314 3307 1351 ;
3339 1311 3508 1368 quare
3538 1311 3738 1368 provo-

2144 1410 2237 1451 cas
2282 1396 2507 1462 malum,
2549 1400 2610 1448 ut
2655 1392 2817 1447 cadas
2860 1400 2916 1446 tu
2964 1388 3206 1453 etIuda
3263 1389 3476 1446 tecum?
3524 1388 3595 1444 Et
3625 1405 3734 1445 non

2143 1487 2421 1562 acquievit
2447 1488 2695 1544 Amasias
2739 1504 2753 1540 :
2798 1486 2884 1559 [T.
2919 1483 3153 1558 CLXX]
3193 1483 3562 1557 Ascenditque
3609 1484 3736 1542 Ioas

2144 1599 2241 1642 rex
2271 1581 2463 1650 Israel,
2488 1590 2544 1638 et
2572 1579 2829 1636 viderunt
2848 1594 2929 1650 se,
2950 1577 3067 1650 ipse
3096 1589 3152 1634 et
3183 1576 3430 1634 Amasias
3451 1591 3550 1634 rex
3573 1575 3736 1648 Iuda,

2141 1678 2202 1737 in
2234 1675 2592 1734 Beth-Sames
2619 1672 2820 1746 oppido
2846 1671 3026 1729 Iudae.
3054 1671 3460 1743 Percussusque
3488 1680 3573 1727 est
3600 1669 3737 1726 Iuda

451 1762 713 1855 Elisaaus,
746 1797 804 1844 et
829 1762 1165 1857 sepelierunt
1190 1796 1339 1839 eum.
1371 1777 1695 1836 Latrunculi
1723 1789 1940 1848 quoque
1975 1774 2044 1832 de
2073 1767 2125 1832 Β
2148 1784 2335 1828 coram
2378 1765 2570 1836 Israel,
2618 1773 2675 1822 et
2713 1764 2972 1836 fugerunt.
3001 1763 3373 1857 unusquisque
3403 1762 3742 1857 inrtaberna-

456 1885 616 1943 Iloab
641 1888 907 1938 venerunt
922 1878 984 1934 in
1009 1887 1216 1937 terram
1245 1876 1299 1932 in
1325 1875 1444 1946 ipso
1485 1886 1653 1929 anno.
1683 1870 1926 1940 Quidam
1939 1885 2042 1926 au-

459 1990 570 2035 tem
610 1974 938 2046 sepelientes
986 1969 1260 2026 hominem
1307 1965 1389 2039 [h.
1424 1963 1645 2036 virum],
1674 1962 1932 2019 viderunt
1962 1961 2043 2018 la-

457 2067 766 2132 trunculos,
796 2075 852 2122 et
881 2062 1230 2136 projecerunt
1272 2057 1504 2115 cadaver
1534 2055 1613 2131 [h.
1645 2053 1842 2128 virum]
1873 2054 1928 2110 in
1954 2069 2047 2112 se-

432 2162 703 2235 pulcrum
732 2156 937 2213 Elistei.

522 2250 677 2322 Quod
722 2247 1021 2305 ambulavit
1049 2243 1131 2318 [h.
1162 2245 1229 2302 Et
1255 2242 1590 2316 ambulavit],
1623 2250 1680 2299 et
1719 2241 1893 2313 tetigit
1919 2255 2044 2298 ossa

450 2343 652 2401 Elisaei.
682 2349 740 2396 et
767 2338 965 2396 revixit
989 2337 1154 2393 homo
1184 2335 1261 2409 [h.
1287 2334 1413 2407 vir].
1441 2344 1498 2390 et
1520 2335 1671 2391 Stetit
1689 2349 1856 2404 super
1880 2333 2044 2403 pedes

446 2453 599 2494 suos.
630 2434 796 2507 Igitur
828 2431 995 2488 Azael
1024 2445 1120 2487 rex
1145 2429 1318 2502 Syriae
1346 2428 1538 2484 afﬂixit
1589 2427 1668 2501 [h.
1699 2425 1927 2500 attrivit]
1958 2426 2035 2484 Is-

451 2529 566 2586 rael
609 2527 824 2584 cunctis
871 2523 1067 2580 diebus
1095 2521 1302 2578 Ioabaz
1333 2538 1343 2575 :
1379 2528 1433 2576 et
1461 2519 1718 2576 misertus
1739 2529 1825 2578 εει
1856 2518 2041 2574 Domi-

453 2637 556 2677 nus
579 2633 794 2687 eorum,
828 2625 885 2672 et
918 2627 1177 2671 reversus
1205 2622 1291 2668 est
1319 2611 1388 2667 ad
1417 2625 1514 2668 eos
1555 2618 1773 2682 pr0pter
1823 2618 2039 2681 pactum

454 2728 633 2777 suum,
657 2709 801 2781 quod
835 2706 1071 2764 habebat
1096 2719 1220 2760 cum
1248 2702 1546 2773 Abraham,
1570 2702 1740 2770 Isaac,
1770 2709 1832 2759 et
1846 2701 2039 2770 Iacob,

449 2818 510 2864 et
546 2806 724 2861 noluit
768 2801 1090 2874 disperdere
1111 2813 1229 2866 eos,
1268 2813 1444 2869 neque
1483 2797 1754 2869 projicere
1800 2797 2036 2868 penitus,

450 2913 628 2969 usque
655 2897 709 2950 in
740 2906 985 2966 prmsens
1013 2899 1244 2962 tempus.
1276 2888 1519 2944 Mortuus
1547 2896 1634 2944 est
1656 2897 1839 2943 autem
1876 2887 2038 2943 Azael

454 3007 548 3047 rex
582 2988 777 3062 Syriae,
819 2996 874 3042 et
914 2985 1164 3057 regnavit
1191 2982 1444 3039 Bettadad
1491 2981 1633 3040 ﬁlius
1667 2982 1788 3054 ejus
1815 2997 1917 3054 pro
1945 2997 2034 3040 eo.

449 3085 620 3139 Porro
649 3082 779 3138 Ioas
807 3079 950 3134 ﬁlius
975 3077 1179 3136 Ioabaz
1211 3076 1330 3132 tulit
1379 3076 1541 3133 urbes
1568 3075 1638 3132 de
1663 3091 1830 3132 manu
1855 3075 2034 3132 Bena-

2152 1864 2270 1922 cula
2318 1877 2438 1918 sua.
2490 1859 2764 1917 Amasiam
2792 1873 2924 1916 vero
2964 1872 3148 1930 regem
3193 1855 3354 1927 Iuda,
3402 1855 3574 1912 ﬁlium
3611 1855 3741 1913 Ioas

2151 1957 2250 2015 ﬁlii
2281 1955 2522 2024 Ahazim,
2547 1952 2694 2025 cepit
2718 1950 2846 2009 Ioas
2868 1966 2963 2008 rex
2991 1947 3161 2006 Israel
3187 1947 3243 2007 in
3269 1947 3657 2018 Beth-Sames,
3687 1955 3744 2004 et

2142 2048 2374 2122 adduxit
2399 2061 2524 2104 eum
2553 2046 2608 2102 in
2629 2043 2956 2114 Jerusalem,
2987 2052 3046 2101 et
3071 2041 3366 2113 interrupit
3403 2057 3619 2114 murum
3654 2040 3741 2098 Ie-

2147 2141 2409 2209 rusalem,
2438 2154 2469 2194 a
2499 2147 2652 2211 porta
2684 2135 2946 2209 Ephraim
2974 2135 3239 2208 usquead
3272 2143 3485 2208 portam
3527 2135 3737 2206 anguli,

2159 2234 2571 2308 quadringentis
2600 2232 2821 2290 cubitis.
2845 2231 3104 2306 Tulitque
3129 2246 3292 2290 omne
3321 2247 3533 2303 aurum,
3577 2241 3634 2289 et
3655 2246 3744 2288 ar-

2143 2339 2389 2402 gentum,
2413 2336 2470 2384 et
2489 2327 2741 2384 universa
2767 2341 2918 2394 vasa,
2943 2342 3063 2398 qua:
3085 2325 3305 2383 inventa
3335 2335 3465 2384 sunt
3492 2327 3546 2382 in
3575 2326 3740 2382 domo

2149 2421 2387 2490 Domini,
2417 2427 2473 2476 et
2499 2419 2553 2475 in
2586 2418 2858 2475 thesauris
2887 2419 3030 2491 regis
3061 2419 3139 2493 [h.
3169 2429 3228 2476 et
3259 2419 3312 2476 in
3347 2419 3616 2476 thesauris
3642 2418 3740 2474 do-

2147 2529 2268 2570 mus
2297 2511 2487 2586 regis],
2517 2519 2574 2568 et
2597 2510 2840 2579 obsides,
2869 2519 2926 2566 et
2953 2526 3207 2568 reversus
3227 2521 3312 2568 est
3332 2511 3387 2566 in
3411 2510 3735 2568 Samariam.

2145 2603 2374 2676 Reliqua
2402 2612 2580 2660 autem
2602 2603 2892 2660 verborum
2919 2603 3049 2660 Ioas
3074 2619 3195 2676 quae
3221 2602 3378 2674 fecit,
3400 2615 3456 2660 et
3476 2603 3742 2660 fortitudo

2146 2699 2266 2771 ejus
2315 2714 2418 2770 qua
2459 2697 2721 2771 pugnavit
2772 2705 2959 2754 contra
3004 2697 3280 2781 Amasiam
3331 2713 3516 2770 regem
3562 2697 3734 2770 Iuda,

2141 2808 2321 2849 nonne
2357 2791 2475 2849 haec
2517 2790 2718 2863 scripta
2744 2801 2872 2848 sunt
2898 2791 2951 2846 in
2977 2790 3118 2848 libro
3155 2791 3480 2850 Sermonum
3524 2791 3736 2848 dierum

2137 2902 2328 2959 regum
2377 2885 2576 2942 Israel?
2615 2883 2701 2960 [Τ.
2748 2883 3010 2959 CLXXI]
3059 2885 3430 2958 Dormivitque
3455 2885 3584 2942 Ioas
3610 2901 3735 2943 eum

2137 2982 2387 3053 patribus
2435 2979 2571 3050 suis,
2600 2989 2664 3037 et
2702 2981 2954 3052 sepultus
2981 2979 3146 3037 estin
3173 2980 3416 3036 Samaria
3445 2995 3567 3037 cum
3593 2981 3737 3053 regi-

2139 3075 2242 3131 bus
2271 3073 2456 3144 Israel,
2482 3083 2539 3131 et
2563 3073 2811 3146 regnavit
2854 3069 3141 3131 Ieroboam
3194 3074 3341 3134 ﬁlius
3368 3075 3490 3146 ejus
3513 3091 3611 3147 pro
3642 3091 3730 3133 eo.
3791 3085 3797 3090 ’

443 3174 552 3232 dad
583 3173 680 3228 ﬁlii
707 3172 897 3240 Azael,
923 3186 1062 3243 quas
1113 3164 1305 3227 tulerat
1335 3169 1403 3228 de
1431 3184 1594 3228 manu
1634 3169 1837 3228 Ioahaz
1867 3170 2037 3240 patris
2063 3158 2108 3223 C
2145 3165 2288 3224 Vixit
2330 3175 2513 3222 autem
2559 3167 2804 3222 Amasias
2847 3165 2994 3222 ﬁlius
3036 3165 3190 3234 Ioas,
3236 3183 3334 3224 rex
3375 3166 3536 3234 Iuda,
3583 3177 3730 3237 post-

441 3267 525 3322 sui
549 3267 673 3336 jure
695 3263 888 3335 praelii,
923 3264 1098 3320 tribus
1127 3261 1337 3320 vicibus
1357 3261 1628 3333 percussit
1646 3277 1773 3319 eum
1801 3261 1954 3332 Ioas,
1981 3271 2039 3320 et

443 3357 683 3416 reddidit
703 3357 952 3412 civitatts
975 3353 1162 3411 Israel.

527 3450 613 3524 [Τ.
644 3448 898 3516 CLXVII,
931 3447 1061 3521 Cap.
1092 3448 1254 3522 XIV.]
1298 3450 1458 3508 Anno
1500 3450 1738 3508 secunde
1775 3449 1906 3509 Ioas
1941 3449 2038 3506 ﬁlii

442 3541 647 3600 Iealtaz
697 3542 843 3612 regis
889 3540 1084 3607 Israel,
1133 3541 1669 3611 regnavitAmasias
1718 3541 1861 3600 ﬁlius
1908 3543 2038 3599 Ioas

445 3636 589 3705 regis
617 3633 778 3690 Iuda.
815 3631 902 3705 [T.
929 3630 1233 3706 CLXVIII]
1271 3633 1472 3705 Viginti
1501 3635 1738 3706 quinque
1767 3649 2036 3692 annorum

439 3741 561 3784 erat
606 3741 731 3784 cum
780 3740 1008 3798 regnare
1049 3728 1304 3797 cepisset
1338 3746 1352 3782 :
1385 3728 1586 3800 Viginti
1621 3737 1801 3786 autem
1829 3736 1888 3786 et
1933 3743 2034 3784 no-

443 3831 564 3874 vem
593 3819 753 3872 annis
774 3816 1018 3888 regnavit
1034 3815 1090 3872 in
1119 3815 1441 3888 Ierusalem,
1475 3831 1673 3878 nomen
1701 3821 1890 3876 matris
1915 3820 2035 3890 ejus

438 3910 647 3968 Ioadan
677 3909 748 3967 de
771 3909 1098 3967 Ierusalem.
1135 3910 1203 3967 Et
1231 3911 1363 3968 fecit
1389 3921 1601 3969 rectum
1629 3928 1812 3970 coram
1845 3913 2032 3970 Domi-

448 4020 521 4061 no
551 4003 632 4076 [h.
662 4004 719 4060 in
745 4002 918 4060 oculis
945 4001 1203 4076 Domini],
1236 4013 1614 4063 verumtamen
1634 4021 1745 4062 non
1775 4015 1836 4061 ut
1861 4006 2033 4062 David

447 4107 606 4166 pater
633 4097 773 4166 ejus.
807 4095 969 4154 quta
1000 4097 1203 4164 omnia,
1232 4113 1358 4169 qum
1382 4097 1512 4155 fecit
1537 4099 1667 4156 Ioas
1695 4108 1846 4171 pater
1873 4115 2029 4167 suus,

446 4190 616 4244 fecit:
650 4187 755 4242 nisi
804 4187 908 4244 hoc
957 4196 1163 4244 tantum
1206 4190 1351 4261 quod
1397 4190 1610 4248 excelsa
1662 4207 1769 4248 non
1809 4193 2034 4250 abstulit

439 4282 522 4353 [h.
554 4290 925 4338 verumtamen
979 4284 1183 4338 excelsa
1231 4299 1342 4340 non
1380 4294 1508 4341 sunt
1556 4284 1804 4357 ablata]:
1855 4285 2032 4342 adhuc

433 4375 579 4432 enim
611 4376 845 4446 populus
892 4375 1232 4443 immolabat,
1276 4384 1333 4431 et
1374 4375 1626 4433 adolebat
1671 4375 1860 4450 [ναις.
1898 4379 2024 4435 add.

430 4467 738 4539 incensum]
787 4468 842 4523 iu
886 4467 1138 4525 excelsis.
1177 4468 1265 4541 [Τ.
1299 4467 1557 4542 CLXIX.]
1597 4468 1842 4541 Cumque
1883 4469 2028 4528 obti-

435 4562 645 4617 nuisset
671 4573 924 4630 regnum,
958 4559 1229 4631 percussit
1257 4575 1450 4617 servos
1487 4576 1637 4628 suos,
1668 4561 1761 4632 qui
1799 4562 2027 4620 interfe-

419 4658 613 4706 cerant
638 4665 821 4722 regem
848 4658 1058 4720 patrem
1084 4665 1239 4708 suum
1266 4667 1281 4708 :
1308 4651 1449 4708 ﬁlios
1475 4660 1656 4712 autem
1685 4670 1897 4724 eorum,
1929 4656 2023 4727 qui

429 4741 766 4808 occiderant,
813 4756 921 4798 non
954 4741 1177 4810 occidit,
1203 4743 1358 4813 juxta
1387 4744 1532 4814 quod
1561 4745 1824 4818 scriptum
1853 4759 1939 4804 εει
1963 4747 2020 4803 in

430 4835 570 4888 libro
616 4833 752 4903 legis
799 4831 954 4900 Mosi,
1001 4832 1146 4890 sicut
1171 4835 1431 4906 prmcepit
1463 4836 1750 4908 Dominus,
1783 4837 2016 4895 dicens:

435 4927 550 4980 Non
580 4927 880 4981 morientur
911 4936 1089 4996 patres
1114 4943 1212 4998 pro
1242 4927 1386 4996 ﬁliis,
1417 4944 1597 5001 neque
1642 4929 1740 4986 ﬁlii
1782 4931 2018 4988 morien-

427 5030 511 5072 lttr
539 5032 636 5088 pro
659 5018 939 5087 patribus:
979 5017 1078 5074 sed
1132 5019 1504 5092 unusquisque
1544 5021 1599 5078 in
1645 5033 1871 5094 peccato
1915 5040 2016 5082 suo

426 5111 708 5166 morietur.
751 5107 870 5180 Ipse
897 5111 1169 5181 percussit
1217 5109 1390 5168 Edom
1437 5113 1492 5168 in
1534 5113 1673 5170 valle
1711 5115 2018 5172 Salinarum

422 5206 614 5261 tlecem
644 5203 837 5270 millia,
874 5213 930 5261 et
956 5204 1320 5276 apprehendit
1341 5206 1560 5264 Petram
1591 5207 1646 5263 in
1679 5209 1893 5280 praelia,
1921 5227 2016 5267 vo-

2140 3274 2302 3332 quam
2335 3268 2580 3315 mortuus
2616 3268 2702 3316 est
2741 3258 2872 3318 Ioas
2917 3259 3064 3317 ﬁlius
3114 3258 3317 3317 Ioahaz
3359 3261 3505 3333 regis
3535 3259 3725 3332 Israel,

2142 3361 2169 3392 ι
2199 3351 2507 3425 quindecim
2538 3353 2716 3408 annis.
2753 3351 2982 3425 Reliqua
3011 3361 3194 3410 autem
3220 3369 3536 3410 sermonum
3563 3356 3729 3410 Ama-

2139 3449 2257 3515 βίω,
2280 3463 2460 3506 nonne
2486 3447 2604 3504 haec
2630 3448 2833 3519 scripta
2864 3456 2990 3506 sunt
3014 3448 3070 3505 in
3098 3448 3238 3506 libro
3263 3450 3586 3508 Sermonum
3610 3449 3726 3505 dic-

2135 3557 2258 3599 rum
2284 3557 2468 3614 regum
2503 3541 2686 3598 Iuda?
2720 3540 2990 3615 Factaque
3033 3550 3122 3600 est
3171 3551 3359 3600 contra
3389 3559 3516 3600 eum
3547 3542 3731 3614 conju-

2137 3641 2278 3696 ratio
2305 3639 2384 3712 [h.
2414 3637 2667 3712 rebellio]
2700 3639 2752 3696 in
2782 3638 3084 3700 Ierusalem
3115 3655 3131 3694 :
3160 3649 3216 3695 at
3247 3640 3342 3698 ille
3370 3639 3508 3713 fugit
3537 3641 3591 3697 in
3621 3640 3728 3698 La-
3810 3674 3812 3676 τ

2132 3731 2272 3787 chis.
2301 3730 2386 3803 [T.
2407 3730 2689 3802 CLXXII]
2730 3729 3106 3805 Miserumque
3125 3743 3249 3806 post
3271 3749 3398 3791 eum
3428 3735 3480 3790 in
3510 3733 3728 3803 Lacltis.

2135 3833 2192 3883 et
2222 3824 2615 3882 interfecerunt
2640 3840 2766 3882 eum
2793 3824 2890 3882 ibi.
2916 3826 2984 3882 Et
3009 3835 3436 3898 asportaverunt
3458 3828 3513 3884 in
3545 3828 3725 3900 equis,

2133 3914 2488 3988 sepultusque
2531 3925 2614 3973 est
2645 3916 2700 3978 in
2739 3915 3046 3974 Ierusalem
3073 3933 3196 3975 eum
3224 3919 3472 3989 patribus
3512 3920 3630 3978 suis
3670 3920 3725 3978 in

2132 4009 2350 4066 civitate
2381 4009 2569 4066 David.
2598 4007 2744 4066 Tulit
2769 4019 2951 4068 autem
2991 4011 3280 4069 universus
3306 4011 3540 4084 populus
3569 4011 3724 4070 Iuda:

2133 4103 2384 4159 Azariam
2431 4116 2608 4160 annos
2652 4112 2842 4160 natum
2891 4104 3167 4172 sedecim,
3219 4116 3276 4164 et
3321 4107 3729 4164 constituerunt

2128 4210 2254 4250 eum
2288 4211 2470 4266 regem
2507 4211 2607 4267 pro
2651 4206 2807 4268 patre
2847 4197 2967 4269 ejus
3006 4199 3248 4257 Amasis.
3281 4199 3402 4270 Ipse
3440 4199 3728 4258 :ediﬁcavit

2131 4285 2290 4342 Elath
2338 4287 2466 4359 [Με.
2497 4283 2789 4362 Aeliilam],
2830 4299 2886 4346 et
2928 4291 3166 4348 restituit
3193 4306 3313 4349 eam
3343 4291 3524 4359 Iudae,
3572 4301 3724 4363 post-

2128 4395 2292 4451 quam
2320 4381 2575 4436 dormivit
2605 4397 2703 4437 rex
2733 4397 2856 4438 cum
2885 4383 3126 4454 patribus
3147 4385 3284 4442 suis.
3308 4384 3391 4458 [T.
3419 4383 3725 4458 CLXXIII.]

2131 4471 2291 4528 Anno
2319 4472 2512 4542 quinto
2543 4472 2756 4529 decimo
2781 4473 3018 4531 Amasis:
3063 4475 3159 4532 ﬁlii
3187 4475 3319 4532 Ioas
3365 4476 3514 4547 regis
3556 4475 3722 4544 Iuda,
3748 4465 3761 4475 ’

2052 4543 2107 4606 Ι)
2130 4564 2376 4636 regnavit
2395 4550 2683 4622 Ieroboam
2707 4564 2848 4622 ﬁlius
2864 4567 2995 4624 Ioas
3015 4567 3161 4638 regis
3176 4567 3342 4626 Israel
3365 4567 3420 4624 in
3432 4543 3718 4636 Samaria,

2127 4656 2484 4727 quadraginta
2519 4666 2576 4712 et
2603 4673 2711 4714 uno
2738 4674 2905 4726 anno,
2933 4668 2990 4716 et
3037 4659 3167 4716 fecit
3208 4660 3358 4731 quod
3390 4660 3592 4730 malum
3636 4669 3724 4718 est

2126 4764 2310 4804 coram
2339 4749 2570 4805 Domino
2617 4749 2695 4822 [h.
2729 4750 2783 4806 in
2821 4752 2992 4808 oculis
3033 4751 3292 4824 Domini].
3323 4751 3440 4810 Non
3487 4754 3725 4822 recessit

2125 4842 2196 4897 ab
2216 4842 2470 4898 omnibus
2501 4845 2738 4914 peccatis
2771 4844 3062 4900 Ieroboam
3094 4846 3192 4901 ﬁlii
3236 4845 3432 4913 Nabat,
3460 4849 3555 4918 qui
3597 4861 3742 4919 pec-V

2125 4949 2253 4992 care
2279 4935 2408 4992 fecit
2443 4935 2630 4993 Israel.
2662 4937 2748 5010 [T.
2779 4936 3086 5012 CLXXIV.]
3115 4938 3232 5011 Ipse
3257 4939 3497 4996 restituit
3531 4941 3721 4997 termi—

2125 5043 2226 5085 nos
2257 5028 2451 5099 Israel,
2492 5029 2561 5086 ab
2590 5030 2812 5087 introitu
2863 5029 3082 5099 Emath,
3116 5047 3289 5102 usque
3317 5031 3384 5089 ad
3410 5048 3562 5092 mare
3591 5036 3723 5092 soli-

2124 5119 2351 5187 tudinis,
2377 5120 2532 5191 juxta
2584 5137 2892 5180 sermonem
2944 5122 3160 5179 Domini
3199 5122 3298 5179 Dei
3335 5125 3527 5194 Israel,
3558 5144 3718 5198 quem

2113 5211 2340 5270 locutus
2364 5222 2450 5269 est
2491 5227 2592 5286 per
2621 5229 2842 5271 servum
2870 5230 3027 5272 suum
3071 5216 3270 5274 Ionam
3297 5217 3467 5276 ﬁlium
3498 5221 3719 5277 Amathi

419 5296 670 5368 cavitque
717 5311 918 5353 nomen
961 5298 1078 5369 ejus
1123 5298 1333 5356 Iecthel
1365 5299 1494 5373 [11s.
1524 5299 1812 5375 Iecethel],
1840 5319 2015 5376 usque
2115 5303 2145 5346 δ
2170 5306 2492 5380 prophetam
2519 5307 2599 5384 [h.
2630 5308 2685 5365 in
2708 5325 2873 5368 manu
2899 5311 3042 5368 servi
3067 5313 3150 5368 sui
3171 5311 3324 5370 Iona:
3353 5313 3450 5370 ﬁlii
3479 5314 3721 5373 Amitbai

419 5481 421 5484 ‘
489 5488 514 5515 δ
550 5476 649 5551 Ilie
706 5491 925 5551 quoque
963 5477 1143 5551 multo
1190 5489 1352 5551 auget
1397 5496 1683 5538 numerum
1706 5481 2010 5542 Vcronens.

417 5567 522 5622 ms.
555 5550 647 5622 quj
672 5548 856 5622 viginti
887 5549 1110 5618 quinque
1137 5548 1310 5622 annos
1341 5567 1440 5622 pro
1468 5554 1758 5619 quindecim
1788 5553 1901 5610 Iom
1923 5558 2017 5612 tri-

2191 5486 2220 5566 b
2255 5487 2370 5566 γρι
2397 5497 2599 5558 ωιτη,
2617 5489 2879 5566 fierine“,
2909 5491 2964 5566 in
2995 5491 3226 5566 Ilebrreo
3247 5494 3508 5566 ambigua
3537 5507 3644 5564 est,
3663 5509 3718 5557 et

2119 5559 2314 5639 referri
2346 5571 2527 5630 potest
2560 5561 2838 5639 ad_Ioam_,
2865 5563 2955 5639 vel
2980 5563 3054 5639 ad
3081 5559 3544 5639 Amatltipatrem
3570 5559 3711 5639 ejus.

417 5620 556 5706 linit.
611 5618 983 5706 [lel'iagantur
1015 5631 1197 5676 autem
1243 5618 1365 5678 libri
1411 5618 1508 5706 alii
1551 5639 1771 5706 omnes.
1809 5627 2018 5683 Similis
2121 5618 2512 5706 Omnes'mss;
2553 5635 2775 5706 codices
2811 5618 2994 5706 Latini
3040 5618 3715 5706 Ιεειιηιίῇἶίἷιξιῄκῖηῖῖιῖῖιξ

422 5695 824 5782 intra
851 5705 1120 5750 annorum
1141 5695 1504 5766 exaggeratio,
1523 5697 1677 5767 cujus
1700 5695 1773 5754 ibi
1794 5711 2013 5756 causam
2117 5703 2438 5782 gap/retain:
2475 5703 2805 5782 Emendator
2829 5695 3374 5782 Canonisjiosuit'in
3413 5719 3564 5766 textu
3593 5753 3612 5778 ,
3644 5715 3712 5782 ﬁ-

421 5762 832 5832 investigantus.

2120 5773 2245 5829 lium
2266 5773 2494 5830 Amitltai
2509 5775 2782 5847 prop/tcta,
2797 5777 2944 5849 quod
2959 5794 2989 5838 θ
3004 5773 3165 5839 Schol
3173 5779 3302 5856 io‘su
3309 5796 3360 5838 ιιι
3364 5790 3515 5855 ptum
3528 5773 3706 5842 matii~
