  <div class='ocr_page' id='page_1' title='image "/cluster/home/n/w/nwhite01/storage/ocr_20150623/28/hvd.32044015471410/380.png"; bbox 0 0 4114 6364; ppageno 0'>
   <div class='ocr_carea' id='block_1_1' title="bbox 325 324 432 387">
    <p class='ocr_par' dir='ltr' id='par_1_1' title="bbox 325 324 432 387">
     <span class='ocr_line' id='line_1_1' title="bbox 325 324 432 387; baseline -0.009 0"><span class='ocrx_word' id='word_1_1' title='bbox 325 324 432 387; x_wconf 67' lang='grc'><strong>749</strong></span> 
     </span>
    </p>
   </div>
   <div class='ocr_carea' id='block_1_2' title="bbox 1626 317 2336 387">
    <p class='ocr_par' dir='ltr' id='par_1_2' title="bbox 1626 317 2336 387">
     <span class='ocr_line' id='line_1_2' title="bbox 1626 317 2336 387; baseline -0.001 -2"><span class='ocrx_word' id='word_1_2' title='bbox 1626 318 1832 386; x_wconf 82' lang='lat' dir='ltr'><strong>LIBER</strong></span> <span class='ocrx_word' id='word_1_3' title='bbox 1867 317 1914 385; x_wconf 87' lang='lat' dir='ltr'><strong>II</strong></span> <span class='ocrx_word' id='word_1_4' title='bbox 1952 319 2336 387; x_wconf 71' lang='lat' dir='ltr'><strong>MALACIIIM.</strong></span> 
     </span>
    </p>
   </div>
   <div class='ocr_carea' id='block_1_3' title="bbox 3515 338 3627 399">
    <p class='ocr_par' dir='ltr' id='par_1_3' title="bbox 3515 338 3627 399">
     <span class='ocr_line' id='line_1_3' title="bbox 3515 338 3627 399; baseline 0.036 -4"><span class='ocrx_word' id='word_1_5' title='bbox 3515 338 3627 399; x_wconf 77' lang='lat'><strong>750</strong></span> 
     </span>
    </p>
   </div>
   <div class='ocr_carea' id='block_1_4' title="bbox 329 414 3627 530">
    <p class='ocr_par' dir='ltr' id='par_1_4' title="bbox 329 414 3627 530">
     <span class='ocr_line' id='line_1_4' title="bbox 329 414 3627 530; baseline 0.002 -20"><span class='ocrx_word' id='word_1_6' title='bbox 329 450 661 528; x_wconf 59' lang='lat' dir='ltr'><strong>propheta],</strong></span> <span class='ocrx_word' id='word_1_7' title='bbox 711 453 805 524; x_wconf 90' lang='lat' dir='ltr'><strong>qui</strong></span> <span class='ocrx_word' id='word_1_8' title='bbox 839 460 955 509; x_wconf 87' lang='lat' dir='ltr'><strong>erat</strong></span> <span class='ocrx_word' id='word_1_9' title='bbox 984 450 1052 507; x_wconf 87' lang='lat' dir='ltr'><strong>de</strong></span> <span class='ocrx_word' id='word_1_10' title='bbox 1092 414 1231 508; x_wconf 81' lang='lat' dir='ltr'><strong>Geth</strong></span> <span class='ocrx_word' id='word_1_11' title='bbox 1278 446 1359 524; x_wconf 84' lang='lat' dir='ltr'><strong>[h.</strong></span> <span class='ocrx_word' id='word_1_12' title='bbox 1389 449 1456 507; x_wconf 88' lang='lat' dir='ltr'><strong>de</strong></span> <span class='ocrx_word' id='word_1_13' title='bbox 1483 451 1620 508; x_wconf 88' lang='lat' dir='ltr'><strong>Gcth</strong></span> <span class='ocrx_word' id='word_1_14' title='bbox 1654 449 1918 525; x_wconf 84' lang='lat' dir='ltr'><strong>Hephcr],</strong></span> <span class='ocrx_word' id='word_1_15' title='bbox 1948 451 2003 513; x_wconf 79' lang='grc' dir='ltr'>Α</span> <span class='ocrx_word' id='word_1_16' title='bbox 2026 453 2228 521; x_wconf 84' lang='lat' dir='ltr'><strong>scripta</strong></span> <span class='ocrx_word' id='word_1_17' title='bbox 2261 457 2388 507; x_wconf 90' lang='lat' dir='ltr'><strong>sunt</strong></span> <span class='ocrx_word' id='word_1_18' title='bbox 2434 451 2490 506; x_wconf 90' lang='lat' dir='ltr'><strong>in</strong></span> <span class='ocrx_word' id='word_1_19' title='bbox 2531 450 2673 508; x_wconf 89' lang='lat' dir='ltr'><strong>libro</strong></span> <span class='ocrx_word' id='word_1_20' title='bbox 2702 451 3031 510; x_wconf 85' lang='lat' dir='ltr'><strong>Sermonum</strong></span> <span class='ocrx_word' id='word_1_21' title='bbox 3066 453 3278 512; x_wconf 86' lang='lat' dir='ltr'><strong>dierum</strong></span> <span class='ocrx_word' id='word_1_22' title='bbox 3301 456 3506 530; x_wconf 67' lang='lat' dir='ltr'><strong>{regum</strong></span> <span class='ocrx_word' id='word_1_23' title='bbox 3545 462 3627 517; x_wconf 88' lang='lat' dir='ltr'><strong>ls-</strong></span> 
     </span>
    </p>
   </div>
   <div class='ocr_carea' id='block_1_5' title="bbox 330 542 1928 620">
    <p class='ocr_par' dir='ltr' id='par_1_5' title="bbox 330 542 1928 620">
     <span class='ocr_line' id='line_1_5' title="bbox 330 542 1928 620; baseline 0 -18"><span class='ocrx_word' id='word_1_24' title='bbox 330 562 451 618; x_wconf 65' lang='lat' dir='ltr'><strong>quaa</strong></span> <span class='ocrx_word' id='word_1_25' title='bbox 507 545 637 620; x_wconf 72' lang='grc' dir='ltr'><strong>[Με.</strong></span> <span class='ocrx_word' id='word_1_26' title='bbox 686 543 800 619; x_wconf 89' lang='lat' dir='ltr'><strong>qui]</strong></span> <span class='ocrx_word' id='word_1_27' title='bbox 844 553 934 602; x_wconf 90' lang='lat' dir='ltr'><strong>est</strong></span> <span class='ocrx_word' id='word_1_28' title='bbox 973 545 1026 600; x_wconf 92' lang='lat' dir='ltr'><strong>in</strong></span> <span class='ocrx_word' id='word_1_29' title='bbox 1073 542 1275 615; x_wconf 83' lang='lat' dir='ltr'><strong>Opiter.</strong></span> <span class='ocrx_word' id='word_1_30' title='bbox 1308 543 1458 601; x_wconf 93' lang='lat' dir='ltr'><strong>Vidit</strong></span> <span class='ocrx_word' id='word_1_31' title='bbox 1494 546 1640 600; x_wconf 91' lang='lat' dir='ltr'><strong>enim</strong></span> <span class='ocrx_word' id='word_1_32' title='bbox 1669 544 1928 602; x_wconf 87' lang='lat' dir='ltr'><strong>Dominus</strong></span> 
     </span>
    </p>
   </div>
   <div class='ocr_carea' id='block_1_6' title="bbox 331 636 1929 708">
    <p class='ocr_par' dir='ltr' id='par_1_6' title="bbox 331 636 1929 708">
     <span class='ocr_line' id='line_1_6' title="bbox 331 636 1929 708; baseline -0.001 -15"><span class='ocrx_word' id='word_1_33' title='bbox 331 638 683 693; x_wconf 78' lang='lat' dir='ltr'><strong>afﬂictionem</strong></span> <span class='ocrx_word' id='word_1_34' title='bbox 708 636 871 692; x_wconf 80' lang='lat' dir='ltr'><strong>Israel</strong></span> <span class='ocrx_word' id='word_1_35' title='bbox 895 650 1135 692; x_wconf 89' lang='lat' dir='ltr'><strong>amaram</strong></span> <span class='ocrx_word' id='word_1_36' title='bbox 1162 636 1345 703; x_wconf 87' lang='lat' dir='ltr'><strong>nimis,</strong></span> <span class='ocrx_word' id='word_1_37' title='bbox 1374 646 1429 693; x_wconf 92' lang='lat' dir='ltr'><strong>et</strong></span> <span class='ocrx_word' id='word_1_38' title='bbox 1449 637 1592 708; x_wconf 91' lang='lat' dir='ltr'><strong>quod</strong></span> <span class='ocrx_word' id='word_1_39' title='bbox 1616 638 1929 708; x_wconf 90' lang='lat' dir='ltr'><strong>consumpti</strong></span> 
     </span>
    </p>
   </div>
   <div class='ocr_carea' id='block_1_7' title="bbox 334 729 1930 800">
    <p class='ocr_par' dir='ltr' id='par_1_7' title="bbox 334 729 1930 800">
     <span class='ocr_line' id='line_1_7' title="bbox 334 729 1930 800; baseline -0.002 -12"><span class='ocrx_word' id='word_1_40' title='bbox 334 739 519 789; x_wconf 89' lang='lat' dir='ltr'><strong>essent</strong></span> <span class='ocrx_word' id='word_1_41' title='bbox 540 743 714 800; x_wconf 89' lang='lat' dir='ltr'><strong>usque</strong></span> <span class='ocrx_word' id='word_1_42' title='bbox 744 729 810 784; x_wconf 88' lang='lat' dir='ltr'><strong>ad</strong></span> <span class='ocrx_word' id='word_1_43' title='bbox 833 729 1050 785; x_wconf 66' lang='lat' dir='ltr'><strong>clausos</strong></span> <span class='ocrx_word' id='word_1_44' title='bbox 1071 744 1311 797; x_wconf 83' lang='lat' dir='ltr'><strong>carcere,</strong></span> <span class='ocrx_word' id='word_1_45' title='bbox 1342 736 1397 785; x_wconf 88' lang='lat' dir='ltr'><strong>et</strong></span> <span class='ocrx_word' id='word_1_46' title='bbox 1418 737 1714 798; x_wconf 86' lang='lat' dir='ltr'><strong>extremos,</strong></span> <span class='ocrx_word' id='word_1_47' title='bbox 1739 737 1794 783; x_wconf 91' lang='lat' dir='ltr'><strong>et</strong></span> <span class='ocrx_word' id='word_1_48' title='bbox 1819 744 1930 785; x_wconf 87' lang='lat' dir='ltr'><strong>non</strong></span> 
     </span>
    </p>
   </div>
   <div class='ocr_carea' id='block_1_8' title="bbox 333 819 1929 895">
    <p class='ocr_par' dir='ltr' id='par_1_8' title="bbox 333 819 1929 895">
     <span class='ocr_line' id='line_1_8' title="bbox 333 819 1929 895; baseline -0.002 -15"><span class='ocrx_word' id='word_1_49' title='bbox 333 828 483 881; x_wconf 88' lang='lat' dir='ltr'><strong>esset</strong></span> <span class='ocrx_word' id='word_1_50' title='bbox 507 823 599 894; x_wconf 90' lang='lat' dir='ltr'><strong>qui</strong></span> <span class='ocrx_word' id='word_1_51' title='bbox 623 821 984 877; x_wconf 75' lang='lat' dir='ltr'><strong>auxiliaretur</strong></span> <span class='ocrx_word' id='word_1_52' title='bbox 1003 820 1190 878; x_wconf 90' lang='lat' dir='ltr'><strong>Israeli</strong></span> <span class='ocrx_word' id='word_1_53' title='bbox 1222 819 1301 895; x_wconf 88' lang='lat' dir='ltr'><strong>[h.</strong></span> <span class='ocrx_word' id='word_1_54' title='bbox 1331 822 1398 877; x_wconf 90' lang='lat' dir='ltr'><strong>ad</strong></span> <span class='ocrx_word' id='word_1_55' title='bbox 1425 821 1667 877; x_wconf 88' lang='lat' dir='ltr'><strong>clausum</strong></span> <span class='ocrx_word' id='word_1_56' title='bbox 1694 831 1747 878; x_wconf 92' lang='lat' dir='ltr'><strong>et</strong></span> <span class='ocrx_word' id='word_1_57' title='bbox 1767 820 1929 877; x_wconf 82' lang='lat' dir='ltr'><strong>dere-</strong></span> 
     </span>
    </p>
   </div>
   <div class='ocr_carea' id='block_1_9' title="bbox 335 910 1929 987">
    <p class='ocr_par' dir='ltr' id='par_1_9' title="bbox 335 910 1929 987">
     <span class='ocr_line' id='line_1_9' title="bbox 335 910 1929 987; baseline -0.003 -16"><span class='ocrx_word' id='word_1_58' title='bbox 335 913 577 987; x_wconf 89' lang='lat' dir='ltr'><strong>lictum].</strong></span> <span class='ocrx_word' id='word_1_59' title='bbox 604 913 717 969; x_wconf 80' lang='lat' dir='ltr'><strong>Nec</strong></span> <span class='ocrx_word' id='word_1_60' title='bbox 746 913 959 969; x_wconf 89' lang='lat' dir='ltr'><strong>locutus</strong></span> <span class='ocrx_word' id='word_1_61' title='bbox 986 920 1071 969; x_wconf 90' lang='lat' dir='ltr'><strong>est</strong></span> <span class='ocrx_word' id='word_1_62' title='bbox 1096 910 1382 980; x_wconf 84' lang='lat' dir='ltr'><strong>Dominus,</strong></span> <span class='ocrx_word' id='word_1_63' title='bbox 1414 922 1468 969; x_wconf 91' lang='lat' dir='ltr'><strong>ut</strong></span> <span class='ocrx_word' id='word_1_64' title='bbox 1496 912 1698 970; x_wconf 90' lang='lat' dir='ltr'><strong>deleret</strong></span> <span class='ocrx_word' id='word_1_65' title='bbox 1732 926 1929 969; x_wconf 90' lang='lat' dir='ltr'><strong>nomen</strong></span> 
     </span>
    </p>
   </div>
   <div class='ocr_carea' id='block_1_10' title="bbox 333 1003 1930 1063">
    <p class='ocr_par' dir='ltr' id='par_1_10' title="bbox 333 1003 1930 1063">
     <span class='ocr_line' id='line_1_10' title="bbox 333 1003 1930 1063; baseline -0.001 0"><span class='ocrx_word' id='word_1_66' title='bbox 333 1006 500 1063; x_wconf 86' lang='lat' dir='ltr'><strong>Israel</strong></span> <span class='ocrx_word' id='word_1_67' title='bbox 524 1006 625 1061; x_wconf 83' lang='lat' dir='ltr'><strong>sub</strong></span> <span class='ocrx_word' id='word_1_68' title='bbox 654 1006 796 1062; x_wconf 72' lang='lat' dir='ltr'><strong>cmlo</strong></span> <span class='ocrx_word' id='word_1_69' title='bbox 824 1021 839 1060; x_wconf 87' lang='lat'><strong>:</strong></span> <span class='ocrx_word' id='word_1_70' title='bbox 864 1005 962 1063; x_wconf 88' lang='lat' dir='ltr'><strong>sed</strong></span> <span class='ocrx_word' id='word_1_71' title='bbox 993 1003 1224 1061; x_wconf 85' lang='lat' dir='ltr'><strong>salvavit</strong></span> <span class='ocrx_word' id='word_1_72' title='bbox 1246 1021 1341 1062; x_wconf 90' lang='lat' dir='ltr'><strong>eos</strong></span> <span class='ocrx_word' id='word_1_73' title='bbox 1363 1004 1417 1061; x_wconf 89' lang='lat' dir='ltr'><strong>in</strong></span> <span class='ocrx_word' id='word_1_74' title='bbox 1447 1020 1610 1062; x_wconf 87' lang='lat' dir='ltr'><strong>manu</strong></span> <span class='ocrx_word' id='word_1_75' title='bbox 1640 1005 1930 1062; x_wconf 88' lang='lat' dir='ltr'><strong>.leroboam</strong></span> 
     </span>
    </p>
   </div>
   <div class='ocr_carea' id='block_1_11' title="bbox 334 1097 1932 1171">
    <p class='ocr_par' dir='ltr' id='par_1_11' title="bbox 334 1097 1932 1171">
     <span class='ocr_line' id='line_1_11' title="bbox 334 1097 1932 1171; baseline -0.001 -15"><span class='ocrx_word' id='word_1_76' title='bbox 334 1101 432 1156; x_wconf 83' lang='lat' dir='ltr'><strong>lilii</strong></span> <span class='ocrx_word' id='word_1_77' title='bbox 472 1101 620 1157; x_wconf 82' lang='lat' dir='ltr'><strong>Joas.</strong></span> <span class='ocrx_word' id='word_1_78' title='bbox 672 1097 902 1171; x_wconf 88' lang='lat' dir='ltr'><strong>Reliqua</strong></span> <span class='ocrx_word' id='word_1_79' title='bbox 945 1107 1124 1155; x_wconf 86' lang='lat' dir='ltr'><strong>autem</strong></span> <span class='ocrx_word' id='word_1_80' title='bbox 1166 1115 1479 1157; x_wconf 84' lang='lat' dir='ltr'><strong>sermonum</strong></span> <span class='ocrx_word' id='word_1_81' title='bbox 1517 1098 1831 1167; x_wconf 78' lang='lat' dir='ltr'><strong>Jeroboam,</strong></span> <span class='ocrx_word' id='word_1_82' title='bbox 1876 1107 1932 1154; x_wconf 90' lang='lat' dir='ltr'><strong>et</strong></span> 
     </span>
    </p>
   </div>
   <div class='ocr_carea' id='block_1_12' title="bbox 337 1193 1931 1268">
    <p class='ocr_par' dir='ltr' id='par_1_12' title="bbox 337 1193 1931 1268">
     <span class='ocr_line' id='line_1_12' title="bbox 337 1193 1931 1268; baseline -0.003 -15"><span class='ocrx_word' id='word_1_83' title='bbox 337 1198 594 1253; x_wconf 88' lang='lat' dir='ltr'><strong>universa</strong></span> <span class='ocrx_word' id='word_1_84' title='bbox 626 1210 749 1268; x_wconf 62' lang='lat' dir='ltr'><strong>quas</strong></span> <span class='ocrx_word' id='word_1_85' title='bbox 775 1193 921 1263; x_wconf 85' lang='lat' dir='ltr'><strong>fecit,</strong></span> <span class='ocrx_word' id='word_1_86' title='bbox 954 1203 1008 1251; x_wconf 89' lang='lat' dir='ltr'><strong>et</strong></span> <span class='ocrx_word' id='word_1_87' title='bbox 1055 1194 1317 1251; x_wconf 77' lang='lat' dir='ltr'><strong>fortitudo</strong></span> <span class='ocrx_word' id='word_1_88' title='bbox 1348 1196 1489 1267; x_wconf 91' lang='lat' dir='ltr'><strong>ejus,</strong></span> <span class='ocrx_word' id='word_1_89' title='bbox 1517 1209 1623 1266; x_wconf 91' lang='lat' dir='ltr'><strong>qua</strong></span> <span class='ocrx_word' id='word_1_90' title='bbox 1656 1193 1931 1264; x_wconf 75' lang='lat' dir='ltr'><strong>prmliatus</strong></span> 
     </span>
    </p>
   </div>
   <div class='ocr_carea' id='block_1_13' title="bbox 332 1285 1931 1360">
    <p class='ocr_par' dir='ltr' id='par_1_13' title="bbox 332 1285 1931 1360">
     <span class='ocr_line' id='line_1_13' title="bbox 332 1285 1931 1360; baseline -0.004 -13"><span class='ocrx_word' id='word_1_91' title='bbox 332 1298 435 1359; x_wconf 79' lang='lat' dir='ltr'><strong>est,</strong></span> <span class='ocrx_word' id='word_1_92' title='bbox 461 1299 518 1347; x_wconf 93' lang='lat' dir='ltr'><strong>et</strong></span> <span class='ocrx_word' id='word_1_93' title='bbox 537 1288 809 1360; x_wconf 89' lang='lat' dir='ltr'><strong>quomodo</strong></span> <span class='ocrx_word' id='word_1_94' title='bbox 838 1288 1082 1345; x_wconf 85' lang='lat' dir='ltr'><strong>restituit</strong></span> <span class='ocrx_word' id='word_1_95' title='bbox 1118 1289 1441 1345; x_wconf 82' lang='lat' dir='ltr'><strong>Damascum</strong></span> <span class='ocrx_word' id='word_1_96' title='bbox 1474 1296 1529 1343; x_wconf 90' lang='lat' dir='ltr'><strong>et</strong></span> <span class='ocrx_word' id='word_1_97' title='bbox 1553 1286 1746 1343; x_wconf 85' lang='lat' dir='ltr'><strong>Emath</strong></span> <span class='ocrx_word' id='word_1_98' title='bbox 1779 1285 1931 1342; x_wconf 68' lang='lat' dir='ltr'><strong>Iuda:</strong></span> 
     </span>
    </p>
   </div>
   <div class='ocr_carea' id='block_1_14' title="bbox 331 1374 1930 1449">
    <p class='ocr_par' dir='ltr' id='par_1_14' title="bbox 331 1374 1930 1449">
     <span class='ocr_line' id='line_1_14' title="bbox 331 1374 1930 1449; baseline -0.003 -10"><span class='ocrx_word' id='word_1_99' title='bbox 331 1382 387 1439; x_wconf 91' lang='lat' dir='ltr'><strong>in</strong></span> <span class='ocrx_word' id='word_1_100' title='bbox 420 1381 612 1449; x_wconf 92' lang='lat' dir='ltr'><strong>Israel,</strong></span> <span class='ocrx_word' id='word_1_101' title='bbox 638 1397 820 1438; x_wconf 84' lang='lat' dir='ltr'><strong>nonne</strong></span> <span class='ocrx_word' id='word_1_102' title='bbox 839 1380 961 1437; x_wconf 66' lang='lat' dir='ltr'><strong>haec</strong></span> <span class='ocrx_word' id='word_1_103' title='bbox 990 1381 1189 1449; x_wconf 89' lang='lat' dir='ltr'><strong>scripta</strong></span> <span class='ocrx_word' id='word_1_104' title='bbox 1212 1390 1338 1437; x_wconf 87' lang='lat' dir='ltr'><strong>sunt</strong></span> <span class='ocrx_word' id='word_1_105' title='bbox 1365 1382 1417 1436; x_wconf 91' lang='lat' dir='ltr'><strong>in</strong></span> <span class='ocrx_word' id='word_1_106' title='bbox 1448 1374 1588 1437; x_wconf 90' lang='lat' dir='ltr'><strong>libro</strong></span> <span class='ocrx_word' id='word_1_107' title='bbox 1604 1380 1930 1437; x_wconf 86' lang='lat' dir='ltr'><strong>Sermonum</strong></span> 
     </span>
    </p>
   </div>
   <div class='ocr_carea' id='block_1_15' title="bbox 334 1468 1927 1548">
    <p class='ocr_par' dir='ltr' id='par_1_15' title="bbox 334 1468 1927 1548">
     <span class='ocr_line' id='line_1_15' title="bbox 334 1468 1927 1548; baseline -0.002 -16"><span class='ocrx_word' id='word_1_108' title='bbox 334 1474 553 1533; x_wconf 88' lang='lat' dir='ltr'><strong>dierum</strong></span> <span class='ocrx_word' id='word_1_109' title='bbox 581 1480 774 1545; x_wconf 80' lang='lat' dir='ltr'><strong>regum</strong></span> <span class='ocrx_word' id='word_1_110' title='bbox 800 1468 1006 1530; x_wconf 73' lang='lat' dir='ltr'><strong>Israel?</strong></span> <span class='ocrx_word' id='word_1_111' title='bbox 1026 1472 1111 1547; x_wconf 86' lang='lat' dir='ltr'><strong>[T.</strong></span> <span class='ocrx_word' id='word_1_112' title='bbox 1137 1469 1424 1548; x_wconf 81' lang='lat' dir='ltr'><strong>CLXXV.]</strong></span> <span class='ocrx_word' id='word_1_113' title='bbox 1444 1472 1817 1545; x_wconf 83' lang='lat' dir='ltr'><strong>Dormivitque</strong></span> <span class='ocrx_word' id='word_1_114' title='bbox 1842 1471 1927 1529; x_wconf 83' lang='lat' dir='ltr'><strong>Je-</strong></span> 
     </span>
    </p>
   </div>
   <div class='ocr_carea' id='block_1_16' title="bbox 333 1567 1933 1639">
    <p class='ocr_par' dir='ltr' id='par_1_16' title="bbox 333 1567 1933 1639">
     <span class='ocr_line' id='line_1_16' title="bbox 333 1567 1933 1639; baseline -0.001 -13"><span class='ocrx_word' id='word_1_115' title='bbox 333 1569 560 1626; x_wconf 79' lang='lat' dir='ltr'><strong>roboam</strong></span> <span class='ocrx_word' id='word_1_116' title='bbox 582 1582 703 1624; x_wconf 91' lang='lat' dir='ltr'><strong>cum</strong></span> <span class='ocrx_word' id='word_1_117' title='bbox 726 1568 981 1639; x_wconf 88' lang='lat' dir='ltr'><strong>patribus</strong></span> <span class='ocrx_word' id='word_1_118' title='bbox 1012 1568 1124 1623; x_wconf 87' lang='lat' dir='ltr'><strong>suis</strong></span> <span class='ocrx_word' id='word_1_119' title='bbox 1153 1567 1374 1639; x_wconf 83' lang='lat' dir='ltr'><strong>regibus</strong></span> <span class='ocrx_word' id='word_1_120' title='bbox 1403 1567 1590 1638; x_wconf 87' lang='lat' dir='ltr'><strong>Israel,</strong></span> <span class='ocrx_word' id='word_1_121' title='bbox 1614 1577 1669 1624; x_wconf 89' lang='lat' dir='ltr'><strong>et</strong></span> <span class='ocrx_word' id='word_1_122' title='bbox 1688 1567 1933 1639; x_wconf 81' lang='lat' dir='ltr'><strong>regnavit</strong></span> 
     </span>
    </p>
   </div>
   <div class='ocr_carea' id='block_1_17' title="bbox 334 1660 1196 1733">
    <p class='ocr_par' dir='ltr' id='par_1_17' title="bbox 334 1660 1196 1733">
     <span class='ocr_line' id='line_1_17' title="bbox 334 1660 1196 1733; baseline -0.005 -14"><span class='ocrx_word' id='word_1_123' title='bbox 334 1661 626 1719; x_wconf 79' lang='lat' dir='ltr'><strong>Zacharias</strong></span> <span class='ocrx_word' id='word_1_124' title='bbox 658 1660 798 1716; x_wconf 85' lang='lat' dir='ltr'><strong>illius</strong></span> <span class='ocrx_word' id='word_1_125' title='bbox 827 1660 946 1731; x_wconf 88' lang='lat' dir='ltr'><strong>ejus</strong></span> <span class='ocrx_word' id='word_1_126' title='bbox 974 1676 1076 1733; x_wconf 91' lang='lat' dir='ltr'><strong>pro</strong></span> <span class='ocrx_word' id='word_1_127' title='bbox 1108 1675 1196 1717; x_wconf 89' lang='lat' dir='ltr'><strong>eo.</strong></span> 
     </span>
    </p>
   </div>
   <div class='ocr_carea' id='block_1_18' title="bbox 407 1750 1930 1829">
    <p class='ocr_par' dir='ltr' id='par_1_18' title="bbox 407 1750 1930 1829">
     <span class='ocr_line' id='line_1_18' title="bbox 407 1750 1930 1829; baseline 0.003 -20"><span class='ocrx_word' id='word_1_128' title='bbox 407 1752 491 1828; x_wconf 87' lang='grc' dir='ltr'><strong>[Τ.</strong></span> <span class='ocrx_word' id='word_1_129' title='bbox 522 1750 804 1819; x_wconf 86' lang='lat' dir='ltr'><strong>CLXXVI,</strong></span> <span class='ocrx_word' id='word_1_130' title='bbox 841 1750 972 1826; x_wconf 84' lang='lat' dir='ltr'><strong>Cap.</strong></span> <span class='ocrx_word' id='word_1_131' title='bbox 1001 1751 1144 1827; x_wconf 58' lang='grc' dir='ltr'><strong>ιη]</strong></span> <span class='ocrx_word' id='word_1_132' title='bbox 1191 1754 1350 1811; x_wconf 87' lang='lat' dir='ltr'><strong>Anno</strong></span> <span class='ocrx_word' id='word_1_133' title='bbox 1401 1750 1666 1814; x_wconf 88' lang='lat' dir='ltr'><strong>vicesimo</strong></span> <span class='ocrx_word' id='word_1_134' title='bbox 1698 1756 1930 1829; x_wconf 88' lang='lat' dir='ltr'><strong>septimo</strong></span> 
     </span>
    </p>
   </div>
   <div class='ocr_carea' id='block_1_19' title="bbox 333 1838 2962 1919">
    <p class='ocr_par' dir='ltr' id='par_1_19' title="bbox 333 1838 2962 1919">
     <span class='ocr_line' id='line_1_19' title="bbox 333 1838 2962 1919; baseline -0.002 -15"><span class='ocrx_word' id='word_1_135' title='bbox 333 1838 628 1905; x_wconf 71' lang='lat' dir='ltr'><strong>Ieroboam</strong></span> <span class='ocrx_word' id='word_1_136' title='bbox 659 1847 803 1919; x_wconf 91' lang='lat' dir='ltr'><strong>regis</strong></span> <span class='ocrx_word' id='word_1_137' title='bbox 822 1844 1017 1916; x_wconf 90' lang='lat' dir='ltr'><strong>Israel,</strong></span> <span class='ocrx_word' id='word_1_138' title='bbox 1046 1846 1296 1919; x_wconf 74' lang='lat' dir='ltr'><strong>regnavit</strong></span> <span class='ocrx_word' id='word_1_139' title='bbox 1324 1841 1550 1905; x_wconf 84' lang='lat' dir='ltr'><strong>Azarias</strong></span> <span class='ocrx_word' id='word_1_140' title='bbox 1581 1848 1724 1904; x_wconf 87' lang='lat' dir='ltr'><strong>lilius</strong></span> <span class='ocrx_word' id='word_1_141' title='bbox 1775 1848 1937 1904; x_wconf 82' lang='lat' dir='ltr'><strong>Ama-</strong></span> <span class='ocrx_word' id='word_1_142' title='bbox 1968 1840 2255 1901; x_wconf 88' lang='lat' dir='ltr'><strong>Bluerant</strong></span> <span class='ocrx_word' id='word_1_143' title='bbox 2310 1842 2456 1897; x_wconf 90' lang='lat' dir='ltr'><strong>enim</strong></span> <span class='ocrx_word' id='word_1_144' title='bbox 2512 1843 2727 1913; x_wconf 90' lang='lat' dir='ltr'><strong>aperire</strong></span> <span class='ocrx_word' id='word_1_145' title='bbox 2779 1840 2806 1879; x_wconf 77' lang='grc' dir='ltr'><em>ά</em></span> <span class='ocrx_word' id='word_1_146' title='bbox 2852 1844 2901 1899; x_wconf 91' lang='lat' dir='ltr'><strong>ei</strong></span> <span class='ocrx_word' id='word_1_147' title='bbox 2947 1861 2962 1899; x_wconf 90' lang='lat'>:</span> 
     </span>
    </p>
   </div>
   <div class='ocr_carea' id='block_1_20' title="bbox 332 1940 1937 2015">
    <p class='ocr_par' dir='ltr' id='par_1_20' title="bbox 332 1940 1937 2015">
     <span class='ocr_line' id='line_1_20' title="bbox 332 1940 1937 2015; baseline 0.001 -17"><span class='ocrx_word' id='word_1_148' title='bbox 332 1943 430 1999; x_wconf 66' lang='lat' dir='ltr'><strong>sim</strong></span> <span class='ocrx_word' id='word_1_149' title='bbox 455 1940 597 2013; x_wconf 82' lang='lat' dir='ltr'><strong>regis</strong></span> <span class='ocrx_word' id='word_1_150' title='bbox 624 1940 783 1998; x_wconf 79' lang='lat' dir='ltr'><strong>Iuda.</strong></span> <span class='ocrx_word' id='word_1_151' title='bbox 815 1940 1067 1998; x_wconf 89' lang='lat' dir='ltr'><strong>Sedecim</strong></span> <span class='ocrx_word' id='word_1_152' title='bbox 1095 1956 1363 1997; x_wconf 89' lang='lat' dir='ltr'><strong>annorum</strong></span> <span class='ocrx_word' id='word_1_153' title='bbox 1396 1950 1517 1999; x_wconf 87' lang='lat' dir='ltr'><strong>erat</strong></span> <span class='ocrx_word' id='word_1_154' title='bbox 1545 1957 1669 1999; x_wconf 91' lang='lat' dir='ltr'><strong>cum</strong></span> <span class='ocrx_word' id='word_1_155' title='bbox 1701 1958 1937 2015; x_wconf 90' lang='lat' dir='ltr'><strong>regnare</strong></span> 
     </span>
    </p>
   </div>
   <div class='ocr_carea' id='block_1_21' title="bbox 335 2030 1937 2106">
    <p class='ocr_par' dir='ltr' id='par_1_21' title="bbox 335 2030 1937 2106">
     <span class='ocr_line' id='line_1_21' title="bbox 335 2030 1937 2106; baseline -0.001 -16"><span class='ocrx_word' id='word_1_156' title='bbox 335 2032 628 2106; x_wconf 69' lang='lat' dir='ltr'><strong>coepisset,</strong></span> <span class='ocrx_word' id='word_1_157' title='bbox 661 2038 718 2089; x_wconf 89' lang='lat' dir='ltr'><strong>et</strong></span> <span class='ocrx_word' id='word_1_158' title='bbox 746 2030 1129 2105; x_wconf 77' lang='lat' dir='ltr'><strong>quinquaginta</strong></span> <span class='ocrx_word' id='word_1_159' title='bbox 1162 2031 1370 2088; x_wconf 91' lang='lat' dir='ltr'><strong>duobus</strong></span> <span class='ocrx_word' id='word_1_160' title='bbox 1400 2034 1555 2089; x_wconf 89' lang='lat' dir='ltr'><strong>annis</strong></span> <span class='ocrx_word' id='word_1_161' title='bbox 1584 2034 1832 2104; x_wconf 80' lang='lat' dir='ltr'><strong>regnavit</strong></span> <span class='ocrx_word' id='word_1_162' title='bbox 1881 2034 1937 2089; x_wconf 90' lang='lat' dir='ltr'><strong>In</strong></span> 
     </span>
    </p>
   </div>
   <div class='ocr_carea' id='block_1_22' title="bbox 337 2122 1939 2199">
    <p class='ocr_par' dir='ltr' id='par_1_22' title="bbox 337 2122 1939 2199">
     <span class='ocr_line' id='line_1_22' title="bbox 337 2122 1939 2199; baseline 0.001 -17"><span class='ocrx_word' id='word_1_163' title='bbox 337 2124 640 2183; x_wconf 84' lang='lat' dir='ltr'><strong>Jerusalem</strong></span> <span class='ocrx_word' id='word_1_164' title='bbox 669 2142 683 2179; x_wconf 93' lang='lat'><strong>:</strong></span> <span class='ocrx_word' id='word_1_165' title='bbox 720 2139 917 2181; x_wconf 87' lang='lat' dir='ltr'><strong>nomen</strong></span> <span class='ocrx_word' id='word_1_166' title='bbox 950 2124 1139 2180; x_wconf 88' lang='lat' dir='ltr'><strong>matris</strong></span> <span class='ocrx_word' id='word_1_167' title='bbox 1168 2123 1286 2197; x_wconf 91' lang='lat' dir='ltr'><strong>ejus</strong></span> <span class='ocrx_word' id='word_1_168' title='bbox 1310 2122 1552 2181; x_wconf 80' lang='lat' dir='ltr'><strong>Jechelia</strong></span> <span class='ocrx_word' id='word_1_169' title='bbox 1603 2123 1735 2199; x_wconf 84' lang='lat' dir='ltr'><strong>[Ms.</strong></span> <span class='ocrx_word' id='word_1_170' title='bbox 1784 2124 1939 2183; x_wconf 73' lang='lat' dir='ltr'><strong>lece-</strong></span> 
     </span>
    </p>
   </div>
   <div class='ocr_carea' id='block_1_23' title="bbox 334 2216 1939 2292">
    <p class='ocr_par' dir='ltr' id='par_1_23' title="bbox 334 2216 1939 2292">
     <span class='ocr_line' id='line_1_23' title="bbox 334 2216 1939 2292; baseline 0.001 -17"><span class='ocrx_word' id='word_1_171' title='bbox 334 2216 429 2292; x_wconf 86' lang='lat' dir='ltr'><strong>Iia]</strong></span> <span class='ocrx_word' id='word_1_172' title='bbox 461 2218 527 2274; x_wconf 88' lang='lat' dir='ltr'><strong>de</strong></span> <span class='ocrx_word' id='word_1_173' title='bbox 554 2216 877 2275; x_wconf 80' lang='lat' dir='ltr'><strong>Jerusalem.</strong></span> <span class='ocrx_word' id='word_1_174' title='bbox 932 2216 1192 2291; x_wconf 84' lang='lat' dir='ltr'><strong>Fecitque</strong></span> <span class='ocrx_word' id='word_1_175' title='bbox 1222 2217 1366 2289; x_wconf 91' lang='lat' dir='ltr'><strong>quod</strong></span> <span class='ocrx_word' id='word_1_176' title='bbox 1399 2226 1519 2275; x_wconf 91' lang='lat' dir='ltr'><strong>erat</strong></span> <span class='ocrx_word' id='word_1_177' title='bbox 1556 2219 1812 2288; x_wconf 88' lang='lat' dir='ltr'><strong>placitum</strong></span> <span class='ocrx_word' id='word_1_178' title='bbox 1845 2235 1939 2277; x_wconf 87' lang='lat' dir='ltr'><strong>co—</strong></span> 
     </span>
    </p>
   </div>
   <div class='ocr_carea' id='block_1_24' title="bbox 336 2308 1938 2384">
    <p class='ocr_par' dir='ltr' id='par_1_24' title="bbox 336 2308 1938 2384">
     <span class='ocr_line' id='line_1_24' title="bbox 336 2308 1938 2384; baseline -0.001 -15"><span class='ocrx_word' id='word_1_179' title='bbox 336 2324 451 2369; x_wconf 87' lang='lat' dir='ltr'><strong>ram</strong></span> <span class='ocrx_word' id='word_1_180' title='bbox 489 2310 719 2367; x_wconf 89' lang='lat' dir='ltr'><strong>Domino</strong></span> <span class='ocrx_word' id='word_1_181' title='bbox 744 2309 823 2384; x_wconf 87' lang='lat' dir='ltr'><strong>[h.</strong></span> <span class='ocrx_word' id='word_1_182' title='bbox 847 2311 902 2366; x_wconf 90' lang='lat' dir='ltr'><strong>in</strong></span> <span class='ocrx_word' id='word_1_183' title='bbox 935 2310 1109 2367; x_wconf 90' lang='lat' dir='ltr'><strong>oculis</strong></span> <span class='ocrx_word' id='word_1_184' title='bbox 1140 2308 1394 2383; x_wconf 88' lang='lat' dir='ltr'><strong>Domini],</strong></span> <span class='ocrx_word' id='word_1_185' title='bbox 1426 2310 1580 2382; x_wconf 82' lang='lat' dir='ltr'><strong>juxta</strong></span> <span class='ocrx_word' id='word_1_186' title='bbox 1607 2313 1787 2368; x_wconf 89' lang='lat' dir='ltr'><strong>omnia</strong></span> <span class='ocrx_word' id='word_1_187' title='bbox 1818 2330 1938 2384; x_wconf 67' lang='lat' dir='ltr'><strong>qua:</strong></span> 
     </span>
    </p>
   </div>
   <div class='ocr_carea' id='block_1_25' title="bbox 336 2395 1937 2475">
    <p class='ocr_par' dir='ltr' id='par_1_25' title="bbox 336 2395 1937 2475">
     <span class='ocr_line' id='line_1_25' title="bbox 336 2395 1937 2475; baseline 0.001 -14"><span class='ocrx_word' id='word_1_188' title='bbox 336 2395 469 2461; x_wconf 65' lang='lat' dir='ltr'><strong>[erit</strong></span> <span class='ocrx_word' id='word_1_189' title='bbox 498 2403 748 2459; x_wconf 85' lang='lat' dir='ltr'><strong>Amasias</strong></span> <span class='ocrx_word' id='word_1_190' title='bbox 787 2410 944 2475; x_wconf 88' lang='lat' dir='ltr'><strong>pater</strong></span> <span class='ocrx_word' id='word_1_191' title='bbox 970 2403 1110 2471; x_wconf 91' lang='lat' dir='ltr'><strong>ejus.</strong></span> <span class='ocrx_word' id='word_1_192' title='bbox 1137 2401 1526 2461; x_wconf 78' lang='lat' dir='ltr'><strong>Verumtamen</strong></span> <span class='ocrx_word' id='word_1_193' title='bbox 1565 2404 1790 2461; x_wconf 87' lang='lat' dir='ltr'><strong>excelsa</strong></span> <span class='ocrx_word' id='word_1_194' title='bbox 1828 2421 1937 2462; x_wconf 91' lang='lat' dir='ltr'><strong>non</strong></span> 
     </span>
    </p>
   </div>
   <div class='ocr_carea' id='block_1_26' title="bbox 337 2494 1939 2571">
    <p class='ocr_par' dir='ltr' id='par_1_26' title="bbox 337 2494 1939 2571">
     <span class='ocr_line' id='line_1_26' title="bbox 337 2494 1939 2571; baseline 0 -17"><span class='ocrx_word' id='word_1_195' title='bbox 337 2506 425 2555; x_wconf 80' lang='lat' dir='ltr'><strong>est</strong></span> <span class='ocrx_word' id='word_1_196' title='bbox 453 2494 753 2551; x_wconf 89' lang='lat' dir='ltr'><strong>demolitus</strong></span> <span class='ocrx_word' id='word_1_197' title='bbox 783 2494 864 2569; x_wconf 89' lang='lat' dir='ltr'><strong>[h.</strong></span> <span class='ocrx_word' id='word_1_198' title='bbox 898 2511 1007 2552; x_wconf 90' lang='lat' dir='ltr'><strong>non</strong></span> <span class='ocrx_word' id='word_1_199' title='bbox 1040 2503 1163 2551; x_wconf 90' lang='lat' dir='ltr'><strong>sunt</strong></span> <span class='ocrx_word' id='word_1_200' title='bbox 1192 2494 1475 2569; x_wconf 90' lang='lat' dir='ltr'><strong>demolita]</strong></span> <span class='ocrx_word' id='word_1_201' title='bbox 1507 2515 1523 2553; x_wconf 87' lang='lat'><strong>:</strong></span> <span class='ocrx_word' id='word_1_202' title='bbox 1553 2496 1729 2553; x_wconf 87' lang='lat' dir='ltr'><strong>adhuc</strong></span> <span class='ocrx_word' id='word_1_203' title='bbox 1766 2514 1939 2571; x_wconf 89' lang='lat' dir='ltr'><strong>popu-</strong></span> 
     </span>
    </p>
   </div>
   <div class='ocr_carea' id='block_1_27' title="bbox 334 2584 1937 2652">
    <p class='ocr_par' dir='ltr' id='par_1_27' title="bbox 334 2584 1937 2652">
     <span class='ocr_line' id='line_1_27' title="bbox 334 2584 1937 2652; baseline 0.002 -8"><span class='ocrx_word' id='word_1_204' title='bbox 334 2587 422 2645; x_wconf 92' lang='lat' dir='ltr'><strong>lus</strong></span> <span class='ocrx_word' id='word_1_205' title='bbox 465 2584 836 2652; x_wconf 80' lang='lat' dir='ltr'><strong>sacrificabat,</strong></span> <span class='ocrx_word' id='word_1_206' title='bbox 890 2593 947 2644; x_wconf 90' lang='lat' dir='ltr'><strong>et</strong></span> <span class='ocrx_word' id='word_1_207' title='bbox 992 2585 1249 2643; x_wconf 88' lang='lat' dir='ltr'><strong>adolebat</strong></span> <span class='ocrx_word' id='word_1_208' title='bbox 1284 2587 1567 2644; x_wconf 89' lang='lat' dir='ltr'><strong>incensum</strong></span> <span class='ocrx_word' id='word_1_209' title='bbox 1595 2589 1649 2645; x_wconf 92' lang='lat' dir='ltr'><strong>in</strong></span> <span class='ocrx_word' id='word_1_210' title='bbox 1680 2590 1937 2649; x_wconf 81' lang='lat' dir='ltr'><strong>excelsis.</strong></span> 
     </span>
    </p>
   </div>
   <div class='ocr_carea' id='block_1_28' title="bbox 343 2676 1943 2752">
    <p class='ocr_par' dir='ltr' id='par_1_28' title="bbox 343 2676 1943 2752">
     <span class='ocr_line' id='line_1_28' title="bbox 343 2676 1943 2752; baseline 0.001 -15"><span class='ocrx_word' id='word_1_211' title='bbox 343 2678 619 2737; x_wconf 80' lang='lat' dir='ltr'><strong>Percussit</strong></span> <span class='ocrx_word' id='word_1_212' title='bbox 645 2678 723 2752; x_wconf 92' lang='lat' dir='ltr'><strong>[h.</strong></span> <span class='ocrx_word' id='word_1_213' title='bbox 757 2676 1103 2752; x_wconf 81' lang='lat' dir='ltr'><strong>Flagellavit]</strong></span> <span class='ocrx_word' id='word_1_214' title='bbox 1144 2687 1323 2735; x_wconf 89' lang='lat' dir='ltr'><strong>autem</strong></span> <span class='ocrx_word' id='word_1_215' title='bbox 1358 2679 1620 2737; x_wconf 91' lang='lat' dir='ltr'><strong>Dominus</strong></span> <span class='ocrx_word' id='word_1_216' title='bbox 1650 2696 1856 2752; x_wconf 82' lang='lat' dir='ltr'><strong>regem,</strong></span> <span class='ocrx_word' id='word_1_217' title='bbox 1886 2690 1943 2738; x_wconf 89' lang='lat' dir='ltr'><strong>et</strong></span> 
     </span>
    </p>
   </div>
   <div class='ocr_carea' id='block_1_29' title="bbox 347 2771 1943 2844">
    <p class='ocr_par' dir='ltr' id='par_1_29' title="bbox 347 2771 1943 2844">
     <span class='ocr_line' id='line_1_29' title="bbox 347 2771 1943 2844; baseline 0.001 -16"><span class='ocrx_word' id='word_1_218' title='bbox 347 2772 452 2828; x_wconf 83' lang='lat' dir='ltr'><strong>luit</strong></span> <span class='ocrx_word' id='word_1_219' title='bbox 475 2774 724 2844; x_wconf 89' lang='lat' dir='ltr'><strong>Ieprosus</strong></span> <span class='ocrx_word' id='word_1_220' title='bbox 751 2786 923 2843; x_wconf 91' lang='lat' dir='ltr'><strong>usque</strong></span> <span class='ocrx_word' id='word_1_221' title='bbox 949 2771 1003 2827; x_wconf 92' lang='lat' dir='ltr'><strong>in</strong></span> <span class='ocrx_word' id='word_1_222' title='bbox 1033 2772 1175 2828; x_wconf 90' lang='lat' dir='ltr'><strong>diem</strong></span> <span class='ocrx_word' id='word_1_223' title='bbox 1209 2773 1399 2829; x_wconf 90' lang='lat' dir='ltr'><strong>mortis</strong></span> <span class='ocrx_word' id='word_1_224' title='bbox 1428 2788 1559 2843; x_wconf 74' lang='lat' dir='ltr'><strong>sum,</strong></span> <span class='ocrx_word' id='word_1_225' title='bbox 1589 2782 1644 2830; x_wconf 91' lang='lat' dir='ltr'><strong>et</strong></span> <span class='ocrx_word' id='word_1_226' title='bbox 1665 2772 1943 2831; x_wconf 85' lang='lat' dir='ltr'><strong>habitabat</strong></span> 
     </span>
    </p>
   </div>
   <div class='ocr_carea' id='block_1_30' title="bbox 344 2862 1941 2939">
    <p class='ocr_par' dir='ltr' id='par_1_30' title="bbox 344 2862 1941 2939">
     <span class='ocr_line' id='line_1_30' title="bbox 344 2862 1941 2939; baseline 0.001 -17"><span class='ocrx_word' id='word_1_227' title='bbox 344 2865 397 2922; x_wconf 93' lang='lat' dir='ltr'><strong>In</strong></span> <span class='ocrx_word' id='word_1_228' title='bbox 429 2867 593 2923; x_wconf 87' lang='lat' dir='ltr'><strong>domo</strong></span> <span class='ocrx_word' id='word_1_229' title='bbox 622 2862 790 2923; x_wconf 87' lang='lat' dir='ltr'><strong>libera</strong></span> <span class='ocrx_word' id='word_1_230' title='bbox 819 2881 1069 2922; x_wconf 89' lang='lat' dir='ltr'><strong>seorsum</strong></span> <span class='ocrx_word' id='word_1_231' title='bbox 1108 2882 1123 2924; x_wconf 87' lang='lat'><strong>:</strong></span> <span class='ocrx_word' id='word_1_232' title='bbox 1171 2866 1423 2923; x_wconf 86' lang='lat' dir='ltr'><strong>.loatham</strong></span> <span class='ocrx_word' id='word_1_233' title='bbox 1466 2883 1597 2923; x_wconf 86' lang='lat' dir='ltr'><strong>vero</strong></span> <span class='ocrx_word' id='word_1_234' title='bbox 1629 2867 1773 2922; x_wconf 86' lang='lat' dir='ltr'><strong>Illius</strong></span> <span class='ocrx_word' id='word_1_235' title='bbox 1796 2867 1941 2939; x_wconf 90' lang='lat' dir='ltr'><strong>regis</strong></span> 
     </span>
    </p>
   </div>
   <div class='ocr_carea' id='block_1_31' title="bbox 341 2956 1940 3032">
    <p class='ocr_par' dir='ltr' id='par_1_31' title="bbox 341 2956 1940 3032">
     <span class='ocr_line' id='line_1_31' title="bbox 341 2956 1940 3032; baseline 0.003 -20"><span class='ocrx_word' id='word_1_236' title='bbox 341 2956 682 3027; x_wconf 85' lang='lat' dir='ltr'><strong>gubernabat</strong></span> <span class='ocrx_word' id='word_1_237' title='bbox 714 2959 969 3027; x_wconf 82' lang='lat' dir='ltr'><strong>palatium</strong></span> <span class='ocrx_word' id='word_1_238' title='bbox 1001 2956 1078 3031; x_wconf 92' lang='lat' dir='ltr'><strong>[h.</strong></span> <span class='ocrx_word' id='word_1_239' title='bbox 1113 2956 1378 3031; x_wconf 86' lang='lat' dir='ltr'><strong>domum],</strong></span> <span class='ocrx_word' id='word_1_240' title='bbox 1431 2968 1484 3015; x_wconf 91' lang='lat' dir='ltr'><strong>et</strong></span> <span class='ocrx_word' id='word_1_241' title='bbox 1530 2957 1812 3031; x_wconf 86' lang='lat' dir='ltr'><strong>judicabat</strong></span> <span class='ocrx_word' id='word_1_242' title='bbox 1840 2974 1940 3032; x_wconf 89' lang='lat' dir='ltr'><strong>po-</strong></span> 
     </span>
    </p>
   </div>
   <div class='ocr_carea' id='block_1_32' title="bbox 342 3050 1943 3122">
    <p class='ocr_par' dir='ltr' id='par_1_32' title="bbox 342 3050 1943 3122">
     <span class='ocr_line' id='line_1_32' title="bbox 342 3050 1943 3122; baseline 0.003 -19"><span class='ocrx_word' id='word_1_243' title='bbox 342 3052 528 3122; x_wconf 81' lang='lat' dir='ltr'><strong>pulum</strong></span> <span class='ocrx_word' id='word_1_244' title='bbox 558 3058 738 3105; x_wconf 73' lang='lat' dir='ltr'><strong>terrm.</strong></span> <span class='ocrx_word' id='word_1_245' title='bbox 773 3050 1002 3121; x_wconf 78' lang='lat' dir='ltr'><strong>Reliqua</strong></span> <span class='ocrx_word' id='word_1_246' title='bbox 1035 3060 1218 3107; x_wconf 91' lang='lat' dir='ltr'><strong>autem</strong></span> <span class='ocrx_word' id='word_1_247' title='bbox 1261 3066 1574 3107; x_wconf 88' lang='lat' dir='ltr'><strong>sermonum</strong></span> <span class='ocrx_word' id='word_1_248' title='bbox 1621 3052 1853 3122; x_wconf 80' lang='lat' dir='ltr'><strong>Azariae,</strong></span> <span class='ocrx_word' id='word_1_249' title='bbox 1887 3059 1943 3108; x_wconf 92' lang='lat' dir='ltr'><strong>et</strong></span> 
     </span>
    </p>
   </div>
   <div class='ocr_carea' id='block_1_33' title="bbox 345 3142 1941 3215">
    <p class='ocr_par' dir='ltr' id='par_1_33' title="bbox 345 3142 1941 3215">
     <span class='ocr_line' id='line_1_33' title="bbox 345 3142 1941 3215; baseline 0.001 -17"><span class='ocrx_word' id='word_1_250' title='bbox 345 3142 599 3199; x_wconf 83' lang='lat' dir='ltr'><strong>universa</strong></span> <span class='ocrx_word' id='word_1_251' title='bbox 631 3158 750 3214; x_wconf 75' lang='lat' dir='ltr'><strong>qum</strong></span> <span class='ocrx_word' id='word_1_252' title='bbox 777 3143 924 3211; x_wconf 82' lang='lat' dir='ltr'><strong>fecit,</strong></span> <span class='ocrx_word' id='word_1_253' title='bbox 960 3160 1140 3199; x_wconf 90' lang='lat' dir='ltr'><strong>nonne</strong></span> <span class='ocrx_word' id='word_1_254' title='bbox 1167 3142 1284 3198; x_wconf 72' lang='lat' dir='ltr'><strong>haec</strong></span> <span class='ocrx_word' id='word_1_255' title='bbox 1327 3144 1529 3215; x_wconf 90' lang='lat' dir='ltr'><strong>scripta</strong></span> <span class='ocrx_word' id='word_1_256' title='bbox 1555 3152 1681 3198; x_wconf 91' lang='lat' dir='ltr'><strong>sunt</strong></span> <span class='ocrx_word' id='word_1_257' title='bbox 1714 3145 1765 3198; x_wconf 92' lang='lat' dir='ltr'><strong>in</strong></span> <span class='ocrx_word' id='word_1_258' title='bbox 1798 3144 1941 3200; x_wconf 89' lang='lat' dir='ltr'><strong>libro</strong></span> 
     </span>
    </p>
   </div>
   <div class='ocr_carea' id='block_1_34' title="bbox 2032 542 3624 619">
    <p class='ocr_par' dir='ltr' id='par_1_34' title="bbox 2032 542 3624 619">
     <span class='ocr_line' id='line_1_34' title="bbox 2032 542 3624 619; baseline 0.008 -21"><span class='ocrx_word' id='word_1_259' title='bbox 2032 543 2186 599; x_wconf 84' lang='lat' dir='ltr'><strong>rael?</strong></span> <span class='ocrx_word' id='word_1_260' title='bbox 2208 542 2329 615; x_wconf 85' lang='lat' dir='ltr'><strong>Ipse</strong></span> <span class='ocrx_word' id='word_1_261' title='bbox 2358 553 2441 600; x_wconf 89' lang='lat' dir='ltr'><strong>est</strong></span> <span class='ocrx_word' id='word_1_262' title='bbox 2471 559 2659 601; x_wconf 89' lang='lat' dir='ltr'><strong>sermo</strong></span> <span class='ocrx_word' id='word_1_263' title='bbox 2705 545 2943 615; x_wconf 88' lang='lat' dir='ltr'><strong>Domini,</strong></span> <span class='ocrx_word' id='word_1_264' title='bbox 2985 558 3147 619; x_wconf 90' lang='lat' dir='ltr'><strong>quem</strong></span> <span class='ocrx_word' id='word_1_265' title='bbox 3182 550 3394 608; x_wconf 89' lang='lat' dir='ltr'><strong>loeutus</strong></span> <span class='ocrx_word' id='word_1_266' title='bbox 3434 563 3518 609; x_wconf 92' lang='lat' dir='ltr'><strong>est</strong></span> <span class='ocrx_word' id='word_1_267' title='bbox 3555 554 3624 611; x_wconf 89' lang='lat' dir='ltr'><strong>ad</strong></span> 
     </span>
    </p>
   </div>
   <div class='ocr_carea' id='block_1_35' title="bbox 2030 635 3626 715">
    <p class='ocr_par' dir='ltr' id='par_1_35' title="bbox 2030 635 3626 715">
     <span class='ocr_line' id='line_1_35' title="bbox 2030 635 3626 715; baseline 0.006 -23"><span class='ocrx_word' id='word_1_268' title='bbox 2030 635 2152 703; x_wconf 83' lang='lat' dir='ltr'><strong>Jeu,</strong></span> <span class='ocrx_word' id='word_1_269' title='bbox 2180 635 2367 693; x_wconf 88' lang='lat' dir='ltr'><strong>dicens</strong></span> <span class='ocrx_word' id='word_1_270' title='bbox 2400 654 2413 691; x_wconf 90' lang='lat'><strong>:</strong></span> <span class='ocrx_word' id='word_1_271' title='bbox 2443 636 2563 692; x_wconf 86' lang='lat' dir='ltr'><strong>Filii</strong></span> <span class='ocrx_word' id='word_1_272' title='bbox 2585 636 2613 677; x_wconf 71' lang='grc' dir='ltr'><strong>ι)</strong></span> <span class='ocrx_word' id='word_1_273' title='bbox 2648 640 2721 694; x_wconf 92' lang='lat' dir='ltr'><strong>tui</strong></span> <span class='ocrx_word' id='word_1_274' title='bbox 2753 655 2927 712; x_wconf 89' lang='lat' dir='ltr'><strong>usque</strong></span> <span class='ocrx_word' id='word_1_275' title='bbox 2954 640 3022 697; x_wconf 81' lang='lat' dir='ltr'><strong>ad</strong></span> <span class='ocrx_word' id='word_1_276' title='bbox 3048 651 3297 713; x_wconf 88' lang='lat' dir='ltr'><strong>quartam</strong></span> <span class='ocrx_word' id='word_1_277' title='bbox 3316 647 3626 715; x_wconf 81' lang='lat' dir='ltr'><strong>generatio-</strong></span> 
     </span>
    </p>
   </div>
   <div class='ocr_carea' id='block_1_36' title="bbox 2032 729 3624 808">
    <p class='ocr_par' dir='ltr' id='par_1_36' title="bbox 2032 729 3624 808">
     <span class='ocr_line' id='line_1_36' title="bbox 2032 729 3624 808; baseline 0.008 -25"><span class='ocrx_word' id='word_1_278' title='bbox 2032 743 2154 784; x_wconf 92' lang='lat' dir='ltr'><strong>nem</strong></span> <span class='ocrx_word' id='word_1_279' title='bbox 2177 729 2445 785; x_wconf 90' lang='lat' dir='ltr'><strong>sedebunt</strong></span> <span class='ocrx_word' id='word_1_280' title='bbox 2472 746 2638 803; x_wconf 88' lang='lat' dir='ltr'><strong>super</strong></span> <span class='ocrx_word' id='word_1_281' title='bbox 2670 730 2923 788; x_wconf 82' lang='lat' dir='ltr'><strong>thronum</strong></span> <span class='ocrx_word' id='word_1_282' title='bbox 2952 734 3142 791; x_wconf 89' lang='lat' dir='ltr'><strong>Israel.</strong></span> <span class='ocrx_word' id='word_1_283' title='bbox 3174 736 3511 808; x_wconf 73' lang='lat' dir='ltr'><strong>Factumque</strong></span> <span class='ocrx_word' id='word_1_284' title='bbox 3540 748 3624 795; x_wconf 89' lang='lat' dir='ltr'><strong>est</strong></span> 
     </span>
    </p>
   </div>
   <div class='ocr_carea' id='block_1_37' title="bbox 2032 820 3625 900">
    <p class='ocr_par' dir='ltr' id='par_1_37' title="bbox 2032 820 3625 900">
     <span class='ocr_line' id='line_1_37' title="bbox 2032 820 3625 900; baseline 0.008 -23"><span class='ocrx_word' id='word_1_285' title='bbox 2032 821 2128 879; x_wconf 88' lang='lat' dir='ltr'><strong>ita.</strong></span> <span class='ocrx_word' id='word_1_286' title='bbox 2155 822 2359 880; x_wconf 88' lang='lat' dir='ltr'><strong>Sellum</strong></span> <span class='ocrx_word' id='word_1_287' title='bbox 2382 823 2521 880; x_wconf 82' lang='lat' dir='ltr'><strong>Illius</strong></span> <span class='ocrx_word' id='word_1_288' title='bbox 2548 825 2714 881; x_wconf 75' lang='lat' dir='ltr'><strong>Iabes</strong></span> <span class='ocrx_word' id='word_1_289' title='bbox 2741 833 2987 898; x_wconf 86' lang='lat' dir='ltr'><strong>regnavit</strong></span> <span class='ocrx_word' id='word_1_290' title='bbox 3010 820 3288 900; x_wconf 80' lang='lat' dir='ltr'><strong>trigesimo</strong></span> <span class='ocrx_word' id='word_1_291' title='bbox 3307 846 3456 888; x_wconf 89' lang='lat' dir='ltr'><strong>nono</strong></span> <span class='ocrx_word' id='word_1_292' title='bbox 3479 847 3625 889; x_wconf 84' lang='lat' dir='ltr'><strong>anno</strong></span> 
     </span>
    </p>
   </div>
   <div class='ocr_carea' id='block_1_38' title="bbox 2033 916 3624 990">
    <p class='ocr_par' dir='ltr' id='par_1_38' title="bbox 2033 916 3624 990">
     <span class='ocr_line' id='line_1_38' title="bbox 2033 916 3624 990; baseline 0.006 -19"><span class='ocrx_word' id='word_1_293' title='bbox 2033 916 2243 972; x_wconf 77' lang='lat' dir='ltr'><strong>Azariae</strong></span> <span class='ocrx_word' id='word_1_294' title='bbox 2281 917 2422 987; x_wconf 86' lang='lat' dir='ltr'><strong>regis</strong></span> <span class='ocrx_word' id='word_1_295' title='bbox 2449 918 2585 974; x_wconf 86' lang='lat' dir='ltr'><strong>Juda</strong></span> <span class='ocrx_word' id='word_1_296' title='bbox 2633 937 2648 975; x_wconf 89' lang='lat'><strong>:</strong></span> <span class='ocrx_word' id='word_1_297' title='bbox 2694 922 2938 990; x_wconf 86' lang='lat' dir='ltr'><strong>regnavit</strong></span> <span class='ocrx_word' id='word_1_298' title='bbox 2967 929 3147 978; x_wconf 91' lang='lat' dir='ltr'><strong>autem</strong></span> <span class='ocrx_word' id='word_1_299' title='bbox 3178 937 3290 980; x_wconf 88' lang='lat' dir='ltr'><strong>uno</strong></span> <span class='ocrx_word' id='word_1_300' title='bbox 3339 939 3527 980; x_wconf 85' lang='lat' dir='ltr'><strong>mense</strong></span> <span class='ocrx_word' id='word_1_301' title='bbox 3569 926 3624 981; x_wconf 90' lang='lat' dir='ltr'><strong>in</strong></span> 
     </span>
    </p>
   </div>
   <div class='ocr_carea' id='block_1_39' title="bbox 2033 1007 3626 1083">
    <p class='ocr_par' dir='ltr' id='par_1_39' title="bbox 2033 1007 3626 1083">
     <span class='ocr_line' id='line_1_39' title="bbox 2033 1007 3626 1083; baseline 0.004 -19"><span class='ocrx_word' id='word_1_302' title='bbox 2033 1007 2303 1064; x_wconf 87' lang='lat' dir='ltr'><strong>Samaria.</strong></span> <span class='ocrx_word' id='word_1_303' title='bbox 2327 1008 2414 1081; x_wconf 88' lang='grc' dir='ltr'><strong>[Τ.</strong></span> <span class='ocrx_word' id='word_1_304' title='bbox 2449 1008 2758 1083; x_wconf 64' lang='lat' dir='ltr'><strong>CLXXIX]</strong></span> <span class='ocrx_word' id='word_1_305' title='bbox 2792 1008 2857 1068; x_wconf 83' lang='lat' dir='ltr'><strong>Et</strong></span> <span class='ocrx_word' id='word_1_306' title='bbox 2885 1012 3130 1069; x_wconf 87' lang='lat' dir='ltr'><strong>ascendit</strong></span> <span class='ocrx_word' id='word_1_307' title='bbox 3159 1013 3443 1070; x_wconf 79' lang='lat' dir='ltr'><strong>Manahem</strong></span> <span class='ocrx_word' id='word_1_308' title='bbox 3480 1016 3626 1073; x_wconf 85' lang='lat' dir='ltr'><strong>ﬁlius</strong></span> 
     </span>
    </p>
   </div>
   <div class='ocr_carea' id='block_1_40' title="bbox 2032 1100 3629 1177">
    <p class='ocr_par' dir='ltr' id='par_1_40' title="bbox 2032 1100 3629 1177">
     <span class='ocr_line' id='line_1_40' title="bbox 2032 1100 3629 1177; baseline 0.003 -19"><span class='ocrx_word' id='word_1_309' title='bbox 2032 1100 2203 1158; x_wconf 87' lang='lat' dir='ltr'><strong>Gaddi</strong></span> <span class='ocrx_word' id='word_1_310' title='bbox 2237 1102 2305 1158; x_wconf 94' lang='lat' dir='ltr'><strong>de</strong></span> <span class='ocrx_word' id='word_1_311' title='bbox 2331 1102 2561 1170; x_wconf 87' lang='lat' dir='ltr'><strong>Thersa,</strong></span> <span class='ocrx_word' id='word_1_312' title='bbox 2593 1107 2852 1175; x_wconf 80' lang='lat' dir='ltr'><strong>venitque</strong></span> <span class='ocrx_word' id='word_1_313' title='bbox 2894 1105 3220 1177; x_wconf 84' lang='lat' dir='ltr'><strong>Samariam,</strong></span> <span class='ocrx_word' id='word_1_314' title='bbox 3253 1114 3307 1162; x_wconf 87' lang='lat' dir='ltr'><strong>et</strong></span> <span class='ocrx_word' id='word_1_315' title='bbox 3350 1106 3629 1177; x_wconf 88' lang='lat' dir='ltr'><strong>percussit</strong></span> 
     </span>
    </p>
   </div>
   <div class='ocr_carea' id='block_1_41' title="bbox 2033 1192 3623 1268">
    <p class='ocr_par' dir='ltr' id='par_1_41' title="bbox 2033 1192 3623 1268">
     <span class='ocr_line' id='line_1_41' title="bbox 2033 1192 3623 1268; baseline 0.003 -18"><span class='ocrx_word' id='word_1_316' title='bbox 2033 1192 2238 1250; x_wconf 83' lang='lat' dir='ltr'><strong>Sellum</strong></span> <span class='ocrx_word' id='word_1_317' title='bbox 2270 1192 2436 1250; x_wconf 82' lang='lat' dir='ltr'><strong>lilium</strong></span> <span class='ocrx_word' id='word_1_318' title='bbox 2463 1194 2623 1252; x_wconf 80' lang='lat' dir='ltr'><strong>Iabes</strong></span> <span class='ocrx_word' id='word_1_319' title='bbox 2653 1195 2706 1252; x_wconf 90' lang='lat' dir='ltr'><strong>in</strong></span> <span class='ocrx_word' id='word_1_320' title='bbox 2739 1192 3007 1265; x_wconf 86' lang='lat' dir='ltr'><strong>Samaria,</strong></span> <span class='ocrx_word' id='word_1_321' title='bbox 3036 1203 3108 1256; x_wconf 78' lang='lat' dir='ltr'><strong>‘et</strong></span> <span class='ocrx_word' id='word_1_322' title='bbox 3152 1198 3429 1254; x_wconf 80' lang='lat' dir='ltr'><strong>interfecit</strong></span> <span class='ocrx_word' id='word_1_323' title='bbox 3472 1210 3623 1268; x_wconf 84' lang='lat' dir='ltr'><strong>eum,</strong></span> 
     </span>
    </p>
   </div>
   <div class='ocr_carea' id='block_1_42' title="bbox 2032 1288 3629 1361">
    <p class='ocr_par' dir='ltr' id='par_1_42' title="bbox 2032 1288 3629 1361">
     <span class='ocr_line' id='line_1_42' title="bbox 2032 1288 3629 1361; baseline 0.003 -19"><span class='ocrx_word' id='word_1_324' title='bbox 2032 1288 2390 1360; x_wconf 86' lang='lat' dir='ltr'><strong>regnavitque</strong></span> <span class='ocrx_word' id='word_1_325' title='bbox 2430 1302 2530 1360; x_wconf 91' lang='lat' dir='ltr'><strong>pro</strong></span> <span class='ocrx_word' id='word_1_326' title='bbox 2573 1304 2659 1345; x_wconf 92' lang='lat' dir='ltr'><strong>eo.</strong></span> <span class='ocrx_word' id='word_1_327' title='bbox 2700 1289 2929 1361; x_wconf 84' lang='lat' dir='ltr'><strong>Reliqua</strong></span> <span class='ocrx_word' id='word_1_328' title='bbox 2962 1299 3142 1347; x_wconf 91' lang='lat' dir='ltr'><strong>autem</strong></span> <span class='ocrx_word' id='word_1_329' title='bbox 3172 1291 3462 1347; x_wconf 83' lang='lat' dir='ltr'><strong>verborum</strong></span> <span class='ocrx_word' id='word_1_330' title='bbox 3507 1293 3629 1349; x_wconf 88' lang='lat' dir='ltr'><strong>Sel-</strong></span> 
     </span>
    </p>
   </div>
   <div class='ocr_carea' id='block_1_43' title="bbox 2034 1377 3629 1454">
    <p class='ocr_par' dir='ltr' id='par_1_43' title="bbox 2034 1377 3629 1454">
     <span class='ocr_line' id='line_1_43' title="bbox 2034 1377 3629 1454; baseline 0.003 -20"><span class='ocrx_word' id='word_1_331' title='bbox 2034 1377 2167 1449; x_wconf 89' lang='lat' dir='ltr'><strong>lum,</strong></span> <span class='ocrx_word' id='word_1_332' title='bbox 2198 1389 2254 1435; x_wconf 92' lang='lat' dir='ltr'><strong>et</strong></span> <span class='ocrx_word' id='word_1_333' title='bbox 2289 1380 2592 1451; x_wconf 90' lang='lat' dir='ltr'><strong>conjuratio</strong></span> <span class='ocrx_word' id='word_1_334' title='bbox 2622 1380 2700 1453; x_wconf 93' lang='lat' dir='ltr'><strong>[h.</strong></span> <span class='ocrx_word' id='word_1_335' title='bbox 2736 1380 2987 1454; x_wconf 87' lang='lat' dir='ltr'><strong>rebellio]</strong></span> <span class='ocrx_word' id='word_1_336' title='bbox 3017 1383 3159 1453; x_wconf 86' lang='lat' dir='ltr'><strong>ejus,</strong></span> <span class='ocrx_word' id='word_1_337' title='bbox 3207 1398 3304 1453; x_wconf 89' lang='lat' dir='ltr'><strong>per</strong></span> <span class='ocrx_word' id='word_1_338' title='bbox 3347 1399 3509 1454; x_wconf 87' lang='lat' dir='ltr'><strong>quam</strong></span> <span class='ocrx_word' id='word_1_339' title='bbox 3543 1392 3629 1439; x_wconf 90' lang='lat' dir='ltr'><strong>te-</strong></span> 
     </span>
    </p>
   </div>
   <div class='ocr_carea' id='block_1_44' title="bbox 2035 1474 3632 1549">
    <p class='ocr_par' dir='ltr' id='par_1_44' title="bbox 2035 1474 3632 1549">
     <span class='ocr_line' id='line_1_44' title="bbox 2035 1474 3632 1549; baseline 0.001 -19"><span class='ocrx_word' id='word_1_340' title='bbox 2035 1474 2208 1531; x_wconf 87' lang='lat' dir='ltr'><strong>tendit</strong></span> <span class='ocrx_word' id='word_1_341' title='bbox 2230 1474 2307 1549; x_wconf 93' lang='lat' dir='ltr'><strong>[h.</strong></span> <span class='ocrx_word' id='word_1_342' title='bbox 2336 1489 2439 1546; x_wconf 91' lang='lat' dir='ltr'><strong>qua</strong></span> <span class='ocrx_word' id='word_1_343' title='bbox 2468 1474 2773 1548; x_wconf 76' lang='lat' dir='ltr'><strong>rebellavit]</strong></span> <span class='ocrx_word' id='word_1_344' title='bbox 2800 1476 3048 1545; x_wconf 84' lang='lat' dir='ltr'><strong>insidias,</strong></span> <span class='ocrx_word' id='word_1_345' title='bbox 3079 1492 3261 1533; x_wconf 86' lang='lat' dir='ltr'><strong>nonne</strong></span> <span class='ocrx_word' id='word_1_346' title='bbox 3287 1477 3405 1532; x_wconf 83' lang='lat' dir='ltr'><strong>haec</strong></span> <span class='ocrx_word' id='word_1_347' title='bbox 3426 1478 3632 1547; x_wconf 89' lang='lat' dir='ltr'><strong>scripta</strong></span> 
     </span>
    </p>
   </div>
   <div class='ocr_carea' id='block_1_45' title="bbox 2032 1563 3632 1639">
    <p class='ocr_par' dir='ltr' id='par_1_45' title="bbox 2032 1563 3632 1639">
     <span class='ocr_line' id='line_1_45' title="bbox 2032 1563 3632 1639; baseline 0.001 -18"><span class='ocrx_word' id='word_1_348' title='bbox 2032 1572 2161 1621; x_wconf 78' lang='lat' dir='ltr'><strong>Sunt</strong></span> <span class='ocrx_word' id='word_1_349' title='bbox 2177 1563 2234 1620; x_wconf 91' lang='lat' dir='ltr'><strong>In</strong></span> <span class='ocrx_word' id='word_1_350' title='bbox 2262 1564 2401 1621; x_wconf 91' lang='lat' dir='ltr'><strong>libro</strong></span> <span class='ocrx_word' id='word_1_351' title='bbox 2417 1576 2438 1604; x_wconf 77' lang='grc' dir='ltr'><strong>ο</strong></span> <span class='ocrx_word' id='word_1_352' title='bbox 2459 1567 2786 1622; x_wconf 73' lang='lat' dir='ltr'><strong>Semnonum</strong></span> <span class='ocrx_word' id='word_1_353' title='bbox 2816 1564 3027 1623; x_wconf 90' lang='lat' dir='ltr'><strong>dierum</strong></span> <span class='ocrx_word' id='word_1_354' title='bbox 3049 1574 3238 1639; x_wconf 82' lang='lat' dir='ltr'><strong>regum</strong></span> <span class='ocrx_word' id='word_1_355' title='bbox 3260 1567 3455 1624; x_wconf 83' lang='lat' dir='ltr'><strong>Israel?</strong></span> <span class='ocrx_word' id='word_1_356' title='bbox 3478 1568 3632 1624; x_wconf 90' lang='lat' dir='ltr'><strong>Tunc</strong></span> 
     </span>
    </p>
   </div>
   <div class='ocr_carea' id='block_1_46' title="bbox 2033 1656 3633 1732">
    <p class='ocr_par' dir='ltr' id='par_1_46' title="bbox 2033 1656 3633 1732">
     <span class='ocr_line' id='line_1_46' title="bbox 2033 1656 3633 1732; baseline 0.002 -19"><span class='ocrx_word' id='word_1_357' title='bbox 2033 1658 2305 1729; x_wconf 86' lang='lat' dir='ltr'><strong>percussit</strong></span> <span class='ocrx_word' id='word_1_358' title='bbox 2344 1657 2627 1714; x_wconf 76' lang='lat' dir='ltr'><strong>Manahem</strong></span> <span class='ocrx_word' id='word_1_359' title='bbox 2672 1656 2942 1730; x_wconf 77' lang='lat' dir='ltr'><strong>Thapsum</strong></span> <span class='ocrx_word' id='word_1_360' title='bbox 2966 1658 3044 1732; x_wconf 91' lang='lat' dir='ltr'><strong>[h.</strong></span> <span class='ocrx_word' id='word_1_361' title='bbox 3077 1658 3324 1731; x_wconf 85' lang='lat' dir='ltr'><strong>Thipsa],</strong></span> <span class='ocrx_word' id='word_1_362' title='bbox 3355 1670 3409 1715; x_wconf 90' lang='lat' dir='ltr'><strong>et</strong></span> <span class='ocrx_word' id='word_1_363' title='bbox 3440 1675 3633 1716; x_wconf 90' lang='lat' dir='ltr'><strong>omnes</strong></span> 
     </span>
    </p>
   </div>
   <div class='ocr_carea' id='block_1_47' title="bbox 2033 1750 3631 1823">
    <p class='ocr_par' dir='ltr' id='par_1_47' title="bbox 2033 1750 3631 1823">
     <span class='ocr_line' id='line_1_47' title="bbox 2033 1750 3631 1823; baseline 0.002 -18"><span class='ocrx_word' id='word_1_364' title='bbox 2033 1750 2126 1823; x_wconf 71' lang='lat' dir='ltr'><strong>Qui</strong></span> <span class='ocrx_word' id='word_1_365' title='bbox 2156 1759 2310 1805; x_wconf 88' lang='lat' dir='ltr'><strong>erant</strong></span> <span class='ocrx_word' id='word_1_366' title='bbox 2354 1752 2407 1805; x_wconf 91' lang='lat' dir='ltr'><strong>in</strong></span> <span class='ocrx_word' id='word_1_367' title='bbox 2458 1766 2543 1817; x_wconf 87' lang='lat' dir='ltr'><strong>ea,</strong></span> <span class='ocrx_word' id='word_1_368' title='bbox 2591 1760 2647 1807; x_wconf 90' lang='lat' dir='ltr'><strong>et</strong></span> <span class='ocrx_word' id='word_1_369' title='bbox 2690 1751 2953 1808; x_wconf 86' lang='lat' dir='ltr'><strong>terminos</strong></span> <span class='ocrx_word' id='word_1_370' title='bbox 3007 1752 3125 1823; x_wconf 87' lang='lat' dir='ltr'><strong>ejus</strong></span> <span class='ocrx_word' id='word_1_371' title='bbox 3155 1753 3223 1808; x_wconf 93' lang='lat' dir='ltr'><strong>de</strong></span> <span class='ocrx_word' id='word_1_372' title='bbox 3247 1751 3473 1808; x_wconf 83' lang='lat' dir='ltr'><strong>Tliersa.</strong></span> <span class='ocrx_word' id='word_1_373' title='bbox 3516 1752 3631 1808; x_wconf 83' lang='lat' dir='ltr'><strong>No-</strong></span> 
     </span>
    </p>
   </div>
   <div class='ocr_carea' id='block_1_48' title="bbox 3015 1842 3634 1900">
    <p class='ocr_par' dir='ltr' id='par_1_48' title="bbox 3015 1842 3634 1900">
     <span class='ocr_line' id='line_1_48' title="bbox 3015 1842 3634 1900; baseline 0.002 -2"><span class='ocrx_word' id='word_1_374' title='bbox 3015 1852 3071 1898; x_wconf 90' lang='lat' dir='ltr'><strong>et</strong></span> <span class='ocrx_word' id='word_1_375' title='bbox 3123 1842 3396 1899; x_wconf 76' lang='lat' dir='ltr'><strong>interfecit</strong></span> <span class='ocrx_word' id='word_1_376' title='bbox 3439 1857 3634 1900; x_wconf 90' lang='lat' dir='ltr'><strong>omnes</strong></span> 
     </span>
    </p>
   </div>
   <div class='ocr_carea' id='block_1_49' title="bbox 2040 1934 3637 2009">
    <p class='ocr_par' dir='ltr' id='par_1_49' title="bbox 2040 1934 3637 2009">
     <span class='ocr_line' id='line_1_49' title="bbox 2040 1934 3637 2009; baseline 0.001 -20"><span class='ocrx_word' id='word_1_377' title='bbox 2040 1942 2383 2006; x_wconf 67' lang='lat' dir='ltr'><strong>prtegnantes</strong></span> <span class='ocrx_word' id='word_1_378' title='bbox 2445 1934 2605 2005; x_wconf 86' lang='lat' dir='ltr'><strong>ejus,</strong></span> <span class='ocrx_word' id='word_1_379' title='bbox 2658 1942 2714 1990; x_wconf 90' lang='lat' dir='ltr'><strong>et</strong></span> <span class='ocrx_word' id='word_1_380' title='bbox 2766 1934 2927 1989; x_wconf 87' lang='lat' dir='ltr'><strong>scidit</strong></span> <span class='ocrx_word' id='word_1_381' title='bbox 2975 1949 3068 1991; x_wconf 89' lang='lat' dir='ltr'><strong>eas</strong></span> <span class='ocrx_word' id='word_1_382' title='bbox 3108 1934 3207 2009; x_wconf 91' lang='lat' dir='ltr'><strong>[h.</strong></span> <span class='ocrx_word' id='word_1_383' title='bbox 3260 1944 3315 1990; x_wconf 90' lang='lat' dir='ltr'><strong>et</strong></span> <span class='ocrx_word' id='word_1_384' title='bbox 3362 1935 3637 1991; x_wconf 82' lang='lat' dir='ltr'><strong>interfecit</strong></span> 
     </span>
    </p>
   </div>
   <div class='ocr_carea' id='block_1_50' title="bbox 2040 2026 3637 2099">
    <p class='ocr_par' dir='ltr' id='par_1_50' title="bbox 2040 2026 3637 2099">
     <span class='ocr_line' id='line_1_50' title="bbox 2040 2026 3637 2099; baseline -0.001 -15"><span class='ocrx_word' id='word_1_385' title='bbox 2040 2042 2254 2095; x_wconf 90' lang='lat' dir='ltr'><strong>omnes,</strong></span> <span class='ocrx_word' id='word_1_386' title='bbox 2287 2037 2340 2083; x_wconf 90' lang='lat' dir='ltr'><strong>et</strong></span> <span class='ocrx_word' id='word_1_387' title='bbox 2372 2036 2714 2099; x_wconf 74' lang='lat' dir='ltr'><strong>przegnantes</strong></span> <span class='ocrx_word' id='word_1_388' title='bbox 2744 2026 2863 2097; x_wconf 89' lang='lat' dir='ltr'><strong>ejus</strong></span> <span class='ocrx_word' id='word_1_389' title='bbox 2892 2026 3114 2099; x_wconf 88' lang='lat' dir='ltr'><strong>scidit].</strong></span> <span class='ocrx_word' id='word_1_390' title='bbox 3165 2028 3324 2083; x_wconf 81' lang='lat' dir='ltr'><strong>Anno</strong></span> <span class='ocrx_word' id='word_1_391' title='bbox 3357 2027 3637 2084; x_wconf 89' lang='lat' dir='ltr'><strong>tricesimo</strong></span> 
     </span>
    </p>
   </div>
   <div class='ocr_carea' id='block_1_51' title="bbox 2038 2119 3637 2192">
    <p class='ocr_par' dir='ltr' id='par_1_51' title="bbox 2038 2119 3637 2192">
     <span class='ocr_line' id='line_1_51' title="bbox 2038 2119 3637 2192; baseline -0.001 -14"><span class='ocrx_word' id='word_1_392' title='bbox 2038 2130 2184 2179; x_wconf 87' lang='lat' dir='ltr'><strong>nono</strong></span> <span class='ocrx_word' id='word_1_393' title='bbox 2213 2119 2422 2177; x_wconf 72' lang='lat' dir='ltr'><strong>Azarire</strong></span> <span class='ocrx_word' id='word_1_394' title='bbox 2467 2121 2612 2192; x_wconf 86' lang='lat' dir='ltr'><strong>regis</strong></span> <span class='ocrx_word' id='word_1_395' title='bbox 2659 2119 2830 2188; x_wconf 75' lang='lat' dir='ltr'><strong>Iuda,</strong></span> <span class='ocrx_word' id='word_1_396' title='bbox 2878 2121 3129 2192; x_wconf 87' lang='lat' dir='ltr'><strong>regnavit</strong></span> <span class='ocrx_word' id='word_1_397' title='bbox 3168 2119 3452 2176; x_wconf 82' lang='lat' dir='ltr'><strong>Manahcm</strong></span> <span class='ocrx_word' id='word_1_398' title='bbox 3492 2120 3637 2176; x_wconf 85' lang='lat' dir='ltr'><strong>Illius</strong></span> 
     </span>
    </p>
   </div>
   <div class='ocr_carea' id='block_1_52' title="bbox 2040 2217 3641 2292">
    <p class='ocr_par' dir='ltr' id='par_1_52' title="bbox 2040 2217 3641 2292">
     <span class='ocr_line' id='line_1_52' title="bbox 2040 2217 3641 2292; baseline 0.001 -16"><span class='ocrx_word' id='word_1_399' title='bbox 2040 2217 2213 2277; x_wconf 86' lang='lat' dir='ltr'><strong>Gaddi</strong></span> <span class='ocrx_word' id='word_1_400' title='bbox 2244 2234 2406 2291; x_wconf 88' lang='lat' dir='ltr'><strong>super</strong></span> <span class='ocrx_word' id='word_1_401' title='bbox 2435 2217 2602 2276; x_wconf 90' lang='lat' dir='ltr'><strong>Israel</strong></span> <span class='ocrx_word' id='word_1_402' title='bbox 2630 2218 2816 2275; x_wconf 92' lang='lat' dir='ltr'><strong>decem</strong></span> <span class='ocrx_word' id='word_1_403' title='bbox 2840 2220 2997 2276; x_wconf 90' lang='lat' dir='ltr'><strong>annis</strong></span> <span class='ocrx_word' id='word_1_404' title='bbox 3018 2222 3067 2274; x_wconf 90' lang='lat' dir='ltr'><strong>in</strong></span> <span class='ocrx_word' id='word_1_405' title='bbox 3090 2221 3357 2280; x_wconf 88' lang='lat' dir='ltr'><strong>Samaria.</strong></span> <span class='ocrx_word' id='word_1_406' title='bbox 3384 2220 3641 2292; x_wconf 82' lang='lat' dir='ltr'><strong>Fecitque</strong></span> 
     </span>
    </p>
   </div>
   <div class='ocr_carea' id='block_1_53' title="bbox 2040 2310 3644 2383">
    <p class='ocr_par' dir='ltr' id='par_1_53' title="bbox 2040 2310 3644 2383">
     <span class='ocr_line' id='line_1_53' title="bbox 2040 2310 3644 2383; baseline 0.001 -17"><span class='ocrx_word' id='word_1_407' title='bbox 2040 2311 2183 2383; x_wconf 75' lang='lat' dir='ltr'><strong>Quod</strong></span> <span class='ocrx_word' id='word_1_408' title='bbox 2216 2320 2335 2367; x_wconf 89' lang='lat' dir='ltr'><strong>erat</strong></span> <span class='ocrx_word' id='word_1_409' title='bbox 2362 2312 2563 2366; x_wconf 87' lang='lat' dir='ltr'><strong>malum</strong></span> <span class='ocrx_word' id='word_1_410' title='bbox 2591 2326 2773 2366; x_wconf 90' lang='lat' dir='ltr'><strong>coram</strong></span> <span class='ocrx_word' id='word_1_411' title='bbox 2805 2311 3037 2366; x_wconf 83' lang='lat' dir='ltr'><strong>Domino</strong></span> <span class='ocrx_word' id='word_1_412' title='bbox 3067 2311 3144 2383; x_wconf 86' lang='lat' dir='ltr'><strong>[h.</strong></span> <span class='ocrx_word' id='word_1_413' title='bbox 3177 2312 3231 2366; x_wconf 92' lang='lat' dir='ltr'><strong>in</strong></span> <span class='ocrx_word' id='word_1_414' title='bbox 3259 2312 3432 2368; x_wconf 86' lang='lat' dir='ltr'><strong>oculis</strong></span> <span class='ocrx_word' id='word_1_415' title='bbox 3455 2310 3644 2367; x_wconf 87' lang='lat' dir='ltr'><strong>Domi-</strong></span> 
     </span>
    </p>
   </div>
   <div class='ocr_carea' id='block_1_54' title="bbox 2042 2401 3639 2477">
    <p class='ocr_par' dir='ltr' id='par_1_54' title="bbox 2042 2401 3639 2477">
     <span class='ocr_line' id='line_1_54' title="bbox 2042 2401 3639 2477; baseline 0 -18"><span class='ocrx_word' id='word_1_416' title='bbox 2042 2401 2159 2477; x_wconf 86' lang='lat' dir='ltr'><strong>ni];</strong></span> <span class='ocrx_word' id='word_1_417' title='bbox 2204 2418 2310 2459; x_wconf 92' lang='lat' dir='ltr'><strong>non</strong></span> <span class='ocrx_word' id='word_1_418' title='bbox 2344 2403 2574 2459; x_wconf 89' lang='lat' dir='ltr'><strong>recessit</strong></span> <span class='ocrx_word' id='word_1_419' title='bbox 2618 2418 2645 2457; x_wconf 90' lang='lat' dir='ltr'><strong>a</strong></span> <span class='ocrx_word' id='word_1_420' title='bbox 2680 2403 2914 2474; x_wconf 87' lang='lat' dir='ltr'><strong>peccatis</strong></span> <span class='ocrx_word' id='word_1_421' title='bbox 2957 2405 3247 2460; x_wconf 85' lang='lat' dir='ltr'><strong>Jeroboam</strong></span> <span class='ocrx_word' id='word_1_422' title='bbox 3299 2404 3394 2459; x_wconf 88' lang='lat' dir='ltr'><strong>lilii</strong></span> <span class='ocrx_word' id='word_1_423' title='bbox 3443 2403 3639 2475; x_wconf 85' lang='lat' dir='ltr'><strong>Nabat,</strong></span> 
     </span>
    </p>
   </div>
   <div class='ocr_carea' id='block_1_55' title="bbox 2041 2494 3756 2568">
    <p class='ocr_par' dir='ltr' id='par_1_55' title="bbox 2041 2494 3756 2568">
     <span class='ocr_line' id='line_1_55' title="bbox 2041 2494 3756 2568; baseline 0 -17"><span class='ocrx_word' id='word_1_424' title='bbox 2041 2498 2133 2568; x_wconf 89' lang='lat' dir='ltr'><strong>qui</strong></span> <span class='ocrx_word' id='word_1_425' title='bbox 2164 2510 2391 2567; x_wconf 89' lang='lat' dir='ltr'><strong>peccare</strong></span> <span class='ocrx_word' id='word_1_426' title='bbox 2416 2495 2539 2551; x_wconf 78' lang='lat' dir='ltr'><strong>fecit</strong></span> <span class='ocrx_word' id='word_1_427' title='bbox 2568 2494 2735 2551; x_wconf 88' lang='lat' dir='ltr'><strong>Israel</strong></span> <span class='ocrx_word' id='word_1_428' title='bbox 2762 2495 2974 2551; x_wconf 83' lang='lat' dir='ltr'><strong>cunctis</strong></span> <span class='ocrx_word' id='word_1_429' title='bbox 2996 2494 3187 2552; x_wconf 88' lang='lat' dir='ltr'><strong>diebus</strong></span> <span class='ocrx_word' id='word_1_430' title='bbox 3216 2495 3353 2566; x_wconf 87' lang='lat' dir='ltr'><strong>ejus.</strong></span> <span class='ocrx_word' id='word_1_431' title='bbox 3378 2495 3645 2551; x_wconf 85' lang='lat' dir='ltr'><strong>Veniebat</strong></span> <span class='ocrx_word' id='word_1_432' title='bbox 3740 2509 3756 2514; x_wconf 78' lang='lat'>&#39;</span> 
     </span>
    </p>
   </div>
   <div class='ocr_carea' id='block_1_56' title="bbox 2043 2588 3637 2666">
    <p class='ocr_par' dir='ltr' id='par_1_56' title="bbox 2043 2588 3637 2666">
     <span class='ocr_line' id='line_1_56' title="bbox 2043 2588 3637 2666; baseline 0 -21"><span class='ocrx_word' id='word_1_433' title='bbox 2043 2588 2126 2666; x_wconf 89' lang='lat' dir='ltr'><strong>[h.</strong></span> <span class='ocrx_word' id='word_1_434' title='bbox 2166 2589 2370 2663; x_wconf 89' lang='lat' dir='ltr'><strong>Venit]</strong></span> <span class='ocrx_word' id='word_1_435' title='bbox 2416 2589 2554 2645; x_wconf 88' lang='lat' dir='ltr'><strong>Phul</strong></span> <span class='ocrx_word' id='word_1_436' title='bbox 2584 2604 2680 2647; x_wconf 88' lang='lat' dir='ltr'><strong>rex</strong></span> <span class='ocrx_word' id='word_1_437' title='bbox 2721 2589 3063 2661; x_wconf 86' lang='lat' dir='ltr'><strong>Assyriorum</strong></span> <span class='ocrx_word' id='word_1_438' title='bbox 3097 2589 3151 2645; x_wconf 92' lang='lat' dir='ltr'><strong>in</strong></span> <span class='ocrx_word' id='word_1_439' title='bbox 3193 2588 3398 2646; x_wconf 87' lang='lat' dir='ltr'><strong>Thersa</strong></span> <span class='ocrx_word' id='word_1_440' title='bbox 3430 2588 3451 2662; x_wconf 90' lang='lat'>[</span> <span class='ocrx_word' id='word_1_441' title='bbox 3482 2588 3637 2661; x_wconf 84' lang='lat' dir='ltr'><strong>Vulg.</strong></span> 
     </span>
    </p>
   </div>
   <div class='ocr_carea' id='block_1_57' title="bbox 2044 2681 3643 2757">
    <p class='ocr_par' dir='ltr' id='par_1_57' title="bbox 2044 2681 3643 2757">
     <span class='ocr_line' id='line_1_57' title="bbox 2044 2681 3643 2757; baseline 0 -18"><span class='ocrx_word' id='word_1_442' title='bbox 2044 2682 2293 2757; x_wconf 90' lang='lat' dir='ltr'><strong>terram],</strong></span> <span class='ocrx_word' id='word_1_443' title='bbox 2338 2691 2392 2740; x_wconf 91' lang='lat' dir='ltr'><strong>et</strong></span> <span class='ocrx_word' id='word_1_444' title='bbox 2418 2682 2583 2739; x_wconf 89' lang='lat' dir='ltr'><strong>dabat</strong></span> <span class='ocrx_word' id='word_1_445' title='bbox 2624 2681 2906 2739; x_wconf 85' lang='lat' dir='ltr'><strong>Manahem</strong></span> <span class='ocrx_word' id='word_1_446' title='bbox 2951 2681 3090 2739; x_wconf 86' lang='lat' dir='ltr'><strong>Phul</strong></span> <span class='ocrx_word' id='word_1_447' title='bbox 3134 2681 3283 2739; x_wconf 89' lang='lat' dir='ltr'><strong>mille</strong></span> <span class='ocrx_word' id='word_1_448' title='bbox 3325 2683 3526 2738; x_wconf 80' lang='lat' dir='ltr'><strong>talenta</strong></span> <span class='ocrx_word' id='word_1_449' title='bbox 3552 2699 3643 2739; x_wconf 86' lang='lat' dir='ltr'><strong>ar-</strong></span> 
     </span>
    </p>
   </div>
   <div class='ocr_carea' id='block_1_58' title="bbox 2043 2773 3635 2849">
    <p class='ocr_par' dir='ltr' id='par_1_58' title="bbox 2043 2773 3635 2849">
     <span class='ocr_line' id='line_1_58' title="bbox 2043 2773 3635 2849; baseline -0.001 -17"><span class='ocrx_word' id='word_1_450' title='bbox 2043 2778 2214 2849; x_wconf 84' lang='lat' dir='ltr'><strong>genti,</strong></span> <span class='ocrx_word' id='word_1_451' title='bbox 2247 2786 2305 2831; x_wconf 90' lang='lat' dir='ltr'><strong>ut</strong></span> <span class='ocrx_word' id='word_1_452' title='bbox 2334 2785 2477 2832; x_wconf 89' lang='lat' dir='ltr'><strong>esset</strong></span> <span class='ocrx_word' id='word_1_453' title='bbox 2502 2775 2551 2832; x_wconf 92' lang='lat' dir='ltr'><strong>ei</strong></span> <span class='ocrx_word' id='word_1_454' title='bbox 2577 2774 2705 2848; x_wconf 66' lang='lat'><strong>[513.</strong></span> <span class='ocrx_word' id='word_1_455' title='bbox 2739 2785 2840 2830; x_wconf 85' lang='lat' dir='ltr'><strong>tnc.</strong></span> <span class='ocrx_word' id='word_1_456' title='bbox 2874 2773 2946 2847; x_wconf 89' lang='lat' dir='ltr'><strong>ei]</strong></span> <span class='ocrx_word' id='word_1_457' title='bbox 2979 2776 3030 2830; x_wconf 93' lang='lat' dir='ltr'><strong>in</strong></span> <span class='ocrx_word' id='word_1_458' title='bbox 3060 2775 3340 2847; x_wconf 79' lang='lat' dir='ltr'><strong>auxilium,</strong></span> <span class='ocrx_word' id='word_1_459' title='bbox 3370 2784 3424 2831; x_wconf 92' lang='lat' dir='ltr'><strong>et</strong></span> <span class='ocrx_word' id='word_1_460' title='bbox 3451 2779 3635 2830; x_wconf 79' lang='lat' dir='ltr'><strong>ﬁrma-</strong></span> 
     </span>
    </p>
   </div>
   <div class='ocr_carea' id='block_1_59' title="bbox 2042 2865 3640 2940">
    <p class='ocr_par' dir='ltr' id='par_1_59' title="bbox 2042 2865 3640 2940">
     <span class='ocr_line' id='line_1_59' title="bbox 2042 2865 3640 2940; baseline -0.001 -15"><span class='ocrx_word' id='word_1_461' title='bbox 2042 2877 2128 2925; x_wconf 86' lang='lat' dir='ltr'><strong>ret</strong></span> <span class='ocrx_word' id='word_1_462' title='bbox 2156 2884 2379 2939; x_wconf 88' lang='lat' dir='ltr'><strong>regnum</strong></span> <span class='ocrx_word' id='word_1_463' title='bbox 2424 2868 2540 2939; x_wconf 91' lang='lat' dir='ltr'><strong>ejus</strong></span> <span class='ocrx_word' id='word_1_464' title='bbox 2591 2865 2687 2940; x_wconf 82' lang='lat' dir='ltr'><strong>[h.</strong></span> <span class='ocrx_word' id='word_1_465' title='bbox 2730 2878 2782 2924; x_wconf 91' lang='lat' dir='ltr'><strong>et</strong></span> <span class='ocrx_word' id='word_1_466' title='bbox 2816 2866 3059 2923; x_wconf 75' lang='lat' dir='ltr'><strong>firmaret</strong></span> <span class='ocrx_word' id='word_1_467' title='bbox 3107 2882 3329 2939; x_wconf 89' lang='lat' dir='ltr'><strong>regnum</strong></span> <span class='ocrx_word' id='word_1_468' title='bbox 3377 2866 3432 2922; x_wconf 91' lang='lat' dir='ltr'><strong>in</strong></span> <span class='ocrx_word' id='word_1_469' title='bbox 3478 2883 3640 2923; x_wconf 90' lang='lat' dir='ltr'><strong>manu</strong></span> 
     </span>
    </p>
   </div>
   <div class='ocr_carea' id='block_1_60' title="bbox 2045 2956 3641 3035">
    <p class='ocr_par' dir='ltr' id='par_1_60' title="bbox 2045 2956 3641 3035">
     <span class='ocr_line' id='line_1_60' title="bbox 2045 2956 3641 3035; baseline -0.003 -17"><span class='ocrx_word' id='word_1_470' title='bbox 2045 2960 2205 3035; x_wconf 88' lang='lat' dir='ltr'><strong>ejus].</strong></span> <span class='ocrx_word' id='word_1_471' title='bbox 2240 2960 2541 3031; x_wconf 86' lang='lat' dir='ltr'><strong>Indixitque</strong></span> <span class='ocrx_word' id='word_1_472' title='bbox 2581 2957 2767 3033; x_wconf 84' lang='lat' dir='ltr'><strong>[Vulg.</strong></span> <span class='ocrx_word' id='word_1_473' title='bbox 2799 2960 2924 3013; x_wconf 83' lang='lat' dir='ltr'><strong>add.</strong></span> <span class='ocrx_word' id='word_1_474' title='bbox 2951 2956 3025 3033; x_wconf 88' lang='lat' dir='ltr'><strong>ei]</strong></span> <span class='ocrx_word' id='word_1_475' title='bbox 3054 2957 3335 3014; x_wconf 85' lang='lat' dir='ltr'><strong>Manahem</strong></span> <span class='ocrx_word' id='word_1_476' title='bbox 3359 2968 3641 3030; x_wconf 87' lang='lat' dir='ltr'><strong>argentum</strong></span> 
     </span>
    </p>
   </div>
   <div class='ocr_carea' id='block_1_61' title="bbox 2045 3052 3647 3125">
    <p class='ocr_par' dir='ltr' id='par_1_61' title="bbox 2045 3052 3647 3125">
     <span class='ocr_line' id='line_1_61' title="bbox 2045 3052 3647 3125; baseline -0.001 -15"><span class='ocrx_word' id='word_1_477' title='bbox 2045 3071 2209 3125; x_wconf 88' lang='lat' dir='ltr'><strong>super</strong></span> <span class='ocrx_word' id='word_1_478' title='bbox 2230 3054 2395 3109; x_wconf 89' lang='lat' dir='ltr'><strong>Israel</strong></span> <span class='ocrx_word' id='word_1_479' title='bbox 2423 3053 2633 3110; x_wconf 88' lang='lat' dir='ltr'><strong>cunctis</strong></span> <span class='ocrx_word' id='word_1_480' title='bbox 2665 3053 2977 3124; x_wconf 88' lang='lat' dir='ltr'><strong>potentibus</strong></span> <span class='ocrx_word' id='word_1_481' title='bbox 3008 3064 3062 3109; x_wconf 91' lang='lat' dir='ltr'><strong>et</strong></span> <span class='ocrx_word' id='word_1_482' title='bbox 3094 3052 3373 3124; x_wconf 82' lang='lat' dir='ltr'><strong>divitibus,</strong></span> <span class='ocrx_word' id='word_1_483' title='bbox 3404 3064 3461 3108; x_wconf 90' lang='lat' dir='ltr'><strong>ut</strong></span> <span class='ocrx_word' id='word_1_484' title='bbox 3490 3053 3647 3108; x_wconf 88' lang='lat' dir='ltr'><strong>daret</strong></span> 
     </span>
    </p>
   </div>
   <div class='ocr_carea' id='block_1_62' title="bbox 2047 3138 3645 3217">
    <p class='ocr_par' dir='ltr' id='par_1_62' title="bbox 2047 3138 3645 3217">
     <span class='ocr_line' id='line_1_62' title="bbox 2047 3138 3645 3217; baseline -0.001 -16"><span class='ocrx_word' id='word_1_485' title='bbox 2047 3144 2159 3215; x_wconf 83' lang='lat' dir='ltr'><strong>regi</strong></span> <span class='ocrx_word' id='word_1_486' title='bbox 2206 3144 2556 3217; x_wconf 85' lang='lat' dir='ltr'><strong>Assyriorum</strong></span> <span class='ocrx_word' id='word_1_487' title='bbox 2617 3145 3001 3216; x_wconf 84' lang='lat' dir='ltr'><strong>quinquaginta</strong></span> <span class='ocrx_word' id='word_1_488' title='bbox 3050 3138 3227 3201; x_wconf 34' lang='lat' dir='ltr'><strong>‘siclos</strong></span> <span class='ocrx_word' id='word_1_489' title='bbox 3291 3145 3500 3215; x_wconf 83' lang='lat' dir='ltr'><strong>argenti</strong></span> <span class='ocrx_word' id='word_1_490' title='bbox 3548 3160 3645 3216; x_wconf 88' lang='lat' dir='ltr'><strong>per</strong></span> 
     </span>
    </p>
   </div>
   <div class='ocr_carea' id='block_1_63' title="bbox 348 3230 3643 3312">
    <p class='ocr_par' dir='ltr' id='par_1_63' title="bbox 348 3230 3643 3312">
     <span class='ocr_line' id='line_1_63' title="bbox 348 3230 3643 3312; baseline -0.001 -17"><span class='ocrx_word' id='word_1_491' title='bbox 348 3234 652 3295; x_wconf 85' lang='lat' dir='ltr'><strong>Verborum</strong></span> <span class='ocrx_word' id='word_1_492' title='bbox 682 3238 895 3295; x_wconf 90' lang='lat' dir='ltr'><strong>dierum</strong></span> <span class='ocrx_word' id='word_1_493' title='bbox 937 3254 1128 3309; x_wconf 87' lang='lat' dir='ltr'><strong>regum</strong></span> <span class='ocrx_word' id='word_1_494' title='bbox 1163 3237 1339 3294; x_wconf 72' lang='lat' dir='ltr'><strong>Iuda?</strong></span> <span class='ocrx_word' id='word_1_495' title='bbox 1376 3236 1461 3312; x_wconf 87' lang='grc' dir='ltr'><strong>[Τ.</strong></span> <span class='ocrx_word' id='word_1_496' title='bbox 1505 3235 1834 3312; x_wconf 82' lang='lat' dir='ltr'><strong>CLXXVII.]</strong></span> <span class='ocrx_word' id='word_1_497' title='bbox 1876 3238 1943 3294; x_wconf 87' lang='lat' dir='ltr'><strong>Et</strong></span> <span class='ocrx_word' id='word_1_498' title='bbox 1972 3230 2017 3293; x_wconf 86' lang='lat' dir='ltr'><strong><em>C</em></strong></span> <span class='ocrx_word' id='word_1_499' title='bbox 2050 3236 2293 3309; x_wconf 83' lang='lat' dir='ltr'><strong>singulos</strong></span> <span class='ocrx_word' id='word_1_500' title='bbox 2332 3255 2345 3291; x_wconf 86' lang='lat'><strong>:</strong></span> <span class='ocrx_word' id='word_1_501' title='bbox 2380 3250 2738 3307; x_wconf 87' lang='lat' dir='ltr'><strong>reversusque</strong></span> <span class='ocrx_word' id='word_1_502' title='bbox 2768 3244 2855 3293; x_wconf 90' lang='lat' dir='ltr'><strong>est</strong></span> <span class='ocrx_word' id='word_1_503' title='bbox 2900 3251 3001 3292; x_wconf 88' lang='lat' dir='ltr'><strong>rex</strong></span> <span class='ocrx_word' id='word_1_504' title='bbox 3028 3236 3405 3308; x_wconf 76' lang='lat' dir='ltr'><strong>Assyriorum,</strong></span> <span class='ocrx_word' id='word_1_505' title='bbox 3441 3245 3495 3292; x_wconf 92' lang='lat' dir='ltr'><strong>et</strong></span> <span class='ocrx_word' id='word_1_506' title='bbox 3532 3250 3643 3291; x_wconf 90' lang='lat' dir='ltr'><strong>non</strong></span> 
     </span>
    </p>
   </div>
   <div class='ocr_carea' id='block_1_64' title="bbox 345 3328 1941 3402">
    <p class='ocr_par' dir='ltr' id='par_1_64' title="bbox 345 3328 1941 3402">
     <span class='ocr_line' id='line_1_64' title="bbox 345 3328 1941 3402; baseline -0.001 -15"><span class='ocrx_word' id='word_1_507' title='bbox 345 3329 609 3387; x_wconf 86' lang='lat' dir='ltr'><strong>dormivit</strong></span> <span class='ocrx_word' id='word_1_508' title='bbox 638 3331 867 3387; x_wconf 87' lang='lat' dir='ltr'><strong>Azarias</strong></span> <span class='ocrx_word' id='word_1_509' title='bbox 888 3345 1012 3386; x_wconf 91' lang='lat' dir='ltr'><strong>cum</strong></span> <span class='ocrx_word' id='word_1_510' title='bbox 1042 3330 1287 3402; x_wconf 89' lang='lat' dir='ltr'><strong>patribus</strong></span> <span class='ocrx_word' id='word_1_511' title='bbox 1319 3329 1433 3385; x_wconf 91' lang='lat' dir='ltr'><strong>suis</strong></span> <span class='ocrx_word' id='word_1_512' title='bbox 1459 3346 1472 3385; x_wconf 90' lang='lat'><strong>:</strong></span> <span class='ocrx_word' id='word_1_513' title='bbox 1505 3328 1941 3402; x_wconf 88' lang='lat' dir='ltr'><strong>sepelieruutque</strong></span> 
     </span>
    </p>
   </div>
   <div class='ocr_carea' id='block_1_65' title="bbox 346 3422 1942 3495">
    <p class='ocr_par' dir='ltr' id='par_1_65' title="bbox 346 3422 1942 3495">
     <span class='ocr_line' id='line_1_65' title="bbox 346 3422 1942 3495; baseline -0.003 -14"><span class='ocrx_word' id='word_1_514' title='bbox 346 3440 469 3481; x_wconf 90' lang='lat' dir='ltr'><strong>eum</strong></span> <span class='ocrx_word' id='word_1_515' title='bbox 499 3439 622 3480; x_wconf 89' lang='lat' dir='ltr'><strong>eum</strong></span> <span class='ocrx_word' id='word_1_516' title='bbox 652 3423 949 3494; x_wconf 85' lang='lat' dir='ltr'><strong>majoribus</strong></span> <span class='ocrx_word' id='word_1_517' title='bbox 977 3422 1092 3480; x_wconf 91' lang='lat' dir='ltr'><strong>suis</strong></span> <span class='ocrx_word' id='word_1_518' title='bbox 1124 3423 1176 3478; x_wconf 91' lang='lat' dir='ltr'><strong>in</strong></span> <span class='ocrx_word' id='word_1_519' title='bbox 1208 3423 1426 3479; x_wconf 90' lang='lat' dir='ltr'><strong>civitate</strong></span> <span class='ocrx_word' id='word_1_520' title='bbox 1456 3422 1645 3491; x_wconf 93' lang='lat' dir='ltr'><strong>David,</strong></span> <span class='ocrx_word' id='word_1_521' title='bbox 1670 3432 1725 3478; x_wconf 91' lang='lat' dir='ltr'><strong>et</strong></span> <span class='ocrx_word' id='word_1_522' title='bbox 1752 3438 1942 3495; x_wconf 86' lang='lat' dir='ltr'><strong>regna-</strong></span> 
     </span>
    </p>
   </div>
   <div class='ocr_carea' id='block_1_66' title="bbox 347 3516 1939 3589">
    <p class='ocr_par' dir='ltr' id='par_1_66' title="bbox 347 3516 1939 3589">
     <span class='ocr_line' id='line_1_66' title="bbox 347 3516 1939 3589; baseline -0.001 -15"><span class='ocrx_word' id='word_1_523' title='bbox 347 3519 427 3574; x_wconf 89' lang='lat' dir='ltr'><strong>vit</strong></span> <span class='ocrx_word' id='word_1_524' title='bbox 472 3516 726 3575; x_wconf 78' lang='lat' dir='ltr'><strong>Ioatham</strong></span> <span class='ocrx_word' id='word_1_525' title='bbox 785 3516 927 3572; x_wconf 82' lang='lat' dir='ltr'><strong>Illius</strong></span> <span class='ocrx_word' id='word_1_526' title='bbox 958 3516 1076 3589; x_wconf 91' lang='lat' dir='ltr'><strong>ejus</strong></span> <span class='ocrx_word' id='word_1_527' title='bbox 1108 3533 1205 3589; x_wconf 90' lang='lat' dir='ltr'><strong>pro</strong></span> <span class='ocrx_word' id='word_1_528' title='bbox 1233 3532 1320 3573; x_wconf 91' lang='lat' dir='ltr'><strong>eo.</strong></span> <span class='ocrx_word' id='word_1_529' title='bbox 1347 3517 1508 3572; x_wconf 86' lang='lat' dir='ltr'><strong>Anno</strong></span> <span class='ocrx_word' id='word_1_530' title='bbox 1538 3517 1815 3588; x_wconf 88' lang='lat' dir='ltr'><strong>trigesimo</strong></span> <span class='ocrx_word' id='word_1_531' title='bbox 1844 3531 1939 3573; x_wconf 87' lang='lat' dir='ltr'><strong>oc-</strong></span> 
     </span>
    </p>
   </div>
   <div class='ocr_carea' id='block_1_67' title="bbox 344 3607 1941 3681">
    <p class='ocr_par' dir='ltr' id='par_1_67' title="bbox 344 3607 1941 3681">
     <span class='ocr_line' id='line_1_67' title="bbox 344 3607 1941 3681; baseline 0.001 -17"><span class='ocrx_word' id='word_1_532' title='bbox 344 3616 471 3665; x_wconf 82' lang='lat' dir='ltr'><strong>tavo</strong></span> <span class='ocrx_word' id='word_1_533' title='bbox 513 3610 727 3666; x_wconf 84' lang='lat' dir='ltr'><strong>Azariae</strong></span> <span class='ocrx_word' id='word_1_534' title='bbox 777 3610 921 3681; x_wconf 83' lang='lat' dir='ltr'><strong>regis</strong></span> <span class='ocrx_word' id='word_1_535' title='bbox 949 3609 1107 3674; x_wconf 79' lang='lat' dir='ltr'><strong>Iuda,</strong></span> <span class='ocrx_word' id='word_1_536' title='bbox 1162 3610 1417 3681; x_wconf 89' lang='lat' dir='ltr'><strong>regnavit</strong></span> <span class='ocrx_word' id='word_1_537' title='bbox 1460 3607 1752 3666; x_wconf 83' lang='lat' dir='ltr'><strong>Zacharias</strong></span> <span class='ocrx_word' id='word_1_538' title='bbox 1798 3609 1941 3666; x_wconf 84' lang='lat' dir='ltr'><strong>lilius</strong></span> 
     </span>
    </p>
   </div>
   <div class='ocr_carea' id='block_1_68' title="bbox 344 3698 1941 3773">
    <p class='ocr_par' dir='ltr' id='par_1_68' title="bbox 344 3698 1941 3773">
     <span class='ocr_line' id='line_1_68' title="bbox 344 3698 1941 3773; baseline -0.001 -15"><span class='ocrx_word' id='word_1_539' title='bbox 344 3699 636 3759; x_wconf 82' lang='lat' dir='ltr'><strong>Jcroboam</strong></span> <span class='ocrx_word' id='word_1_540' title='bbox 667 3717 831 3773; x_wconf 91' lang='lat' dir='ltr'><strong>super</strong></span> <span class='ocrx_word' id='word_1_541' title='bbox 862 3698 1030 3758; x_wconf 88' lang='lat' dir='ltr'><strong>Israel</strong></span> <span class='ocrx_word' id='word_1_542' title='bbox 1068 3701 1121 3755; x_wconf 94' lang='lat' dir='ltr'><strong>iu</strong></span> <span class='ocrx_word' id='word_1_543' title='bbox 1153 3701 1394 3757; x_wconf 86' lang='lat' dir='ltr'><strong>Samaria</strong></span> <span class='ocrx_word' id='word_1_544' title='bbox 1420 3716 1516 3757; x_wconf 79' lang='lat' dir='ltr'><strong>sex</strong></span> <span class='ocrx_word' id='word_1_545' title='bbox 1548 3700 1851 3767; x_wconf 90' lang='lat' dir='ltr'><strong>mensibus,</strong></span> <span class='ocrx_word' id='word_1_546' title='bbox 1886 3715 1941 3757; x_wconf 88' lang='lat' dir='ltr'><strong>et</strong></span> 
     </span>
    </p>
   </div>
   <div class='ocr_carea' id='block_1_69' title="bbox 345 3790 1938 3865">
    <p class='ocr_par' dir='ltr' id='par_1_69' title="bbox 345 3790 1938 3865">
     <span class='ocr_line' id='line_1_69' title="bbox 345 3790 1938 3865; baseline -0.002 -17"><span class='ocrx_word' id='word_1_547' title='bbox 345 3793 471 3849; x_wconf 82' lang='lat' dir='ltr'><strong>fecit</strong></span> <span class='ocrx_word' id='word_1_548' title='bbox 512 3790 656 3863; x_wconf 91' lang='lat' dir='ltr'><strong>quod</strong></span> <span class='ocrx_word' id='word_1_549' title='bbox 710 3792 910 3848; x_wconf 87' lang='lat' dir='ltr'><strong>malum</strong></span> <span class='ocrx_word' id='word_1_550' title='bbox 944 3803 1025 3847; x_wconf 89' lang='lat' dir='ltr'><strong>est</strong></span> <span class='ocrx_word' id='word_1_551' title='bbox 1056 3807 1240 3848; x_wconf 91' lang='lat' dir='ltr'><strong>coram</strong></span> <span class='ocrx_word' id='word_1_552' title='bbox 1296 3790 1532 3848; x_wconf 91' lang='lat' dir='ltr'><strong>Domino</strong></span> <span class='ocrx_word' id='word_1_553' title='bbox 1560 3790 1637 3865; x_wconf 91' lang='lat' dir='ltr'><strong>[h.</strong></span> <span class='ocrx_word' id='word_1_554' title='bbox 1671 3793 1726 3848; x_wconf 90' lang='lat' dir='ltr'><strong>in</strong></span> <span class='ocrx_word' id='word_1_555' title='bbox 1761 3792 1938 3848; x_wconf 83' lang='lat' dir='ltr'><strong>oculis</strong></span> 
     </span>
    </p>
   </div>
   <div class='ocr_carea' id='block_1_70' title="bbox 344 3882 1941 3957">
    <p class='ocr_par' dir='ltr' id='par_1_70' title="bbox 344 3882 1941 3957">
     <span class='ocr_line' id='line_1_70' title="bbox 344 3882 1941 3957; baseline -0.003 -16"><span class='ocrx_word' id='word_1_556' title='bbox 344 3883 606 3957; x_wconf 89' lang='lat' dir='ltr'><strong>Domini],</strong></span> <span class='ocrx_word' id='word_1_557' title='bbox 638 3885 780 3941; x_wconf 87' lang='lat' dir='ltr'><strong>sicut</strong></span> <span class='ocrx_word' id='word_1_558' title='bbox 810 3883 1058 3940; x_wconf 82' lang='lat' dir='ltr'><strong>fecerant</strong></span> <span class='ocrx_word' id='word_1_559' title='bbox 1098 3893 1282 3952; x_wconf 90' lang='lat' dir='ltr'><strong>patres</strong></span> <span class='ocrx_word' id='word_1_560' title='bbox 1330 3882 1447 3952; x_wconf 91' lang='lat' dir='ltr'><strong>ejus</strong></span> <span class='ocrx_word' id='word_1_561' title='bbox 1476 3899 1491 3939; x_wconf 87' lang='lat'><strong>:</strong></span> <span class='ocrx_word' id='word_1_562' title='bbox 1519 3898 1627 3938; x_wconf 91' lang='lat' dir='ltr'><strong>non</strong></span> <span class='ocrx_word' id='word_1_563' title='bbox 1657 3884 1885 3939; x_wconf 87' lang='lat' dir='ltr'><strong>recessit</strong></span> <span class='ocrx_word' id='word_1_564' title='bbox 1912 3898 1941 3937; x_wconf 91' lang='lat' dir='ltr'><strong>a</strong></span> 
     </span>
    </p>
   </div>
   <div class='ocr_carea' id='block_1_71' title="bbox 345 3972 1941 4050">
    <p class='ocr_par' dir='ltr' id='par_1_71' title="bbox 345 3972 1941 4050">
     <span class='ocr_line' id='line_1_71' title="bbox 345 3972 1941 4050; baseline 0 -19"><span class='ocrx_word' id='word_1_565' title='bbox 345 3977 585 4050; x_wconf 81' lang='lat' dir='ltr'><strong>peccatis</strong></span> <span class='ocrx_word' id='word_1_566' title='bbox 633 3973 925 4032; x_wconf 82' lang='lat' dir='ltr'><strong>Jeroboam</strong></span> <span class='ocrx_word' id='word_1_567' title='bbox 961 3974 1051 4029; x_wconf 87' lang='lat' dir='ltr'><strong>lilii</strong></span> <span class='ocrx_word' id='word_1_568' title='bbox 1085 3972 1278 4037; x_wconf 88' lang='lat' dir='ltr'><strong>Nabat,</strong></span> <span class='ocrx_word' id='word_1_569' title='bbox 1322 3974 1413 4044; x_wconf 91' lang='lat' dir='ltr'><strong>qui</strong></span> <span class='ocrx_word' id='word_1_570' title='bbox 1454 3988 1681 4045; x_wconf 89' lang='lat' dir='ltr'><strong>peccare</strong></span> <span class='ocrx_word' id='word_1_571' title='bbox 1713 3973 1837 4029; x_wconf 83' lang='lat' dir='ltr'><strong>iecit</strong></span> <span class='ocrx_word' id='word_1_572' title='bbox 1865 3973 1941 4031; x_wconf 90' lang='lat' dir='ltr'><strong>Is-</strong></span> 
     </span>
    </p>
   </div>
   <div class='ocr_carea' id='block_1_72' title="bbox 346 4063 1939 4140">
    <p class='ocr_par' dir='ltr' id='par_1_72' title="bbox 346 4063 1939 4140">
     <span class='ocr_line' id='line_1_72' title="bbox 346 4063 1939 4140; baseline -0.003 -14"><span class='ocrx_word' id='word_1_573' title='bbox 346 4064 483 4126; x_wconf 89' lang='lat' dir='ltr'><strong>rael.</strong></span> <span class='ocrx_word' id='word_1_574' title='bbox 534 4064 849 4137; x_wconf 88' lang='lat' dir='ltr'><strong>Conjuravit</strong></span> <span class='ocrx_word' id='word_1_575' title='bbox 898 4065 974 4140; x_wconf 91' lang='lat' dir='ltr'><strong>[h.</strong></span> <span class='ocrx_word' id='word_1_576' title='bbox 1004 4063 1331 4136; x_wconf 83' lang='lat' dir='ltr'><strong>Rebellavit]</strong></span> <span class='ocrx_word' id='word_1_577' title='bbox 1373 4074 1555 4120; x_wconf 89' lang='lat' dir='ltr'><strong>autem</strong></span> <span class='ocrx_word' id='word_1_578' title='bbox 1597 4073 1788 4120; x_wconf 89' lang='lat' dir='ltr'><strong>contra</strong></span> <span class='ocrx_word' id='word_1_579' title='bbox 1817 4081 1939 4121; x_wconf 90' lang='lat' dir='ltr'><strong>eum</strong></span> 
     </span>
    </p>
   </div>
   <div class='ocr_carea' id='block_1_73' title="bbox 347 4155 1938 4231">
    <p class='ocr_par' dir='ltr' id='par_1_73' title="bbox 347 4155 1938 4231">
     <span class='ocr_line' id='line_1_73' title="bbox 347 4155 1938 4231; baseline -0.001 -14"><span class='ocrx_word' id='word_1_580' title='bbox 347 4159 553 4217; x_wconf 88' lang='lat' dir='ltr'><strong>Sellum</strong></span> <span class='ocrx_word' id='word_1_581' title='bbox 581 4159 725 4215; x_wconf 88' lang='lat' dir='ltr'><strong>illius</strong></span> <span class='ocrx_word' id='word_1_582' title='bbox 747 4157 930 4215; x_wconf 79' lang='lat' dir='ltr'><strong>Iabes.</strong></span> <span class='ocrx_word' id='word_1_583' title='bbox 947 4156 1032 4231; x_wconf 89' lang='grc' dir='ltr'><strong>[Τ.</strong></span> <span class='ocrx_word' id='word_1_584' title='bbox 1048 4155 1395 4229; x_wconf 69' lang='lat' dir='ltr'><strong>CLXXVIII]</strong></span> <span class='ocrx_word' id='word_1_585' title='bbox 1420 4158 1797 4230; x_wconf 81' lang='lat' dir='ltr'><strong>Percussitque</strong></span> <span class='ocrx_word' id='word_1_586' title='bbox 1817 4168 1938 4216; x_wconf 91' lang='lat' dir='ltr'><strong>eum</strong></span> 
     </span>
    </p>
   </div>
   <div class='ocr_carea' id='block_1_74' title="bbox 348 4247 1939 4324">
    <p class='ocr_par' dir='ltr' id='par_1_74' title="bbox 348 4247 1939 4324">
     <span class='ocr_line' id='line_1_74' title="bbox 348 4247 1939 4324; baseline -0.001 -17"><span class='ocrx_word' id='word_1_587' title='bbox 348 4261 373 4291; x_wconf 77' lang='grc' dir='ltr'>ι</span> <span class='ocrx_word' id='word_1_588' title='bbox 391 4252 563 4323; x_wconf 85' lang='lat' dir='ltr'><strong>palam</strong></span> <span class='ocrx_word' id='word_1_589' title='bbox 587 4251 665 4324; x_wconf 91' lang='lat' dir='ltr'><strong>[h.</strong></span> <span class='ocrx_word' id='word_1_590' title='bbox 681 4251 738 4306; x_wconf 90' lang='lat' dir='ltr'><strong>in</strong></span> <span class='ocrx_word' id='word_1_591' title='bbox 757 4247 1059 4322; x_wconf 85' lang='lat' dir='ltr'><strong>Cablaam],</strong></span> <span class='ocrx_word' id='word_1_592' title='bbox 1077 4258 1130 4305; x_wconf 90' lang='lat' dir='ltr'><strong>et</strong></span> <span class='ocrx_word' id='word_1_593' title='bbox 1152 4248 1445 4317; x_wconf 83' lang='lat' dir='ltr'><strong>interfecit,</strong></span> <span class='ocrx_word' id='word_1_594' title='bbox 1466 4250 1818 4319; x_wconf 90' lang='lat' dir='ltr'><strong>rcgnavitque</strong></span> <span class='ocrx_word' id='word_1_595' title='bbox 1840 4266 1939 4321; x_wconf 89' lang='lat' dir='ltr'><strong>pro</strong></span> 
     </span>
    </p>
   </div>
   <div class='ocr_carea' id='block_1_75' title="bbox 346 4340 1939 4413">
    <p class='ocr_par' dir='ltr' id='par_1_75' title="bbox 346 4340 1939 4413">
     <span class='ocr_line' id='line_1_75' title="bbox 346 4340 1939 4413; baseline 0.001 -13"><span class='ocrx_word' id='word_1_596' title='bbox 346 4357 429 4400; x_wconf 89' lang='lat' dir='ltr'><strong>eo.</strong></span> <span class='ocrx_word' id='word_1_597' title='bbox 458 4342 683 4413; x_wconf 87' lang='lat' dir='ltr'><strong>Reliqua</strong></span> <span class='ocrx_word' id='word_1_598' title='bbox 714 4353 897 4399; x_wconf 91' lang='lat' dir='ltr'><strong>autem</strong></span> <span class='ocrx_word' id='word_1_599' title='bbox 930 4342 1222 4399; x_wconf 88' lang='lat' dir='ltr'><strong>verborum</strong></span> <span class='ocrx_word' id='word_1_600' title='bbox 1266 4340 1566 4408; x_wconf 63' lang='lat' dir='ltr'><strong>Zachariae,</strong></span> <span class='ocrx_word' id='word_1_601' title='bbox 1597 4356 1779 4399; x_wconf 92' lang='lat' dir='ltr'><strong>nonne</strong></span> <span class='ocrx_word' id='word_1_602' title='bbox 1819 4342 1939 4402; x_wconf 63' lang='lat' dir='ltr'><strong>haec</strong></span> 
     </span>
    </p>
   </div>
   <div class='ocr_carea' id='block_1_76' title="bbox 348 4478 1931 4551">
    <p class='ocr_par' dir='ltr' id='par_1_76' title="bbox 348 4478 1931 4551">
     <span class='ocr_line' id='line_1_76' title="bbox 348 4478 1931 4551; baseline 0 -9"><span class='ocrx_word' id='word_1_603' title='bbox 348 4484 544 4543; x_wconf 76' lang='lat' dir='ltr'><strong>festam</strong></span> <span class='ocrx_word' id='word_1_604' title='bbox 575 4481 755 4551; x_wconf 86' lang='lat' dir='ltr'><strong>arguit</strong></span> <span class='ocrx_word' id='word_1_605' title='bbox 785 4481 838 4536; x_wconf 91' lang='lat' dir='ltr'><strong>in</strong></span> <span class='ocrx_word' id='word_1_606' title='bbox 877 4480 1130 4551; x_wconf 84' lang='lat' dir='ltr'><strong>versione</strong></span> <span class='ocrx_word' id='word_1_607' title='bbox 1178 4478 1513 4551; x_wconf 79' lang='lat' dir='ltr'><strong>Hieronymi</strong></span> <span class='ocrx_word' id='word_1_608' title='bbox 1542 4482 1931 4551; x_wconf 89' lang='lat' dir='ltr'><strong>corruptelam.</strong></span> 
     </span>
    </p>
   </div>
   <div class='ocr_carea' id='block_1_77' title="bbox 346 4550 1937 4613">
    <p class='ocr_par' dir='ltr' id='par_1_77' title="bbox 346 4550 1937 4613">
     <span class='ocr_line' id='line_1_77' title="bbox 346 4550 1937 4613; baseline 0.001 -6"><span class='ocrx_word' id='word_1_609' title='bbox 346 4556 591 4613; x_wconf 70' lang='lat' dir='ltr'><strong>Trailunt</strong></span> <span class='ocrx_word' id='word_1_610' title='bbox 620 4550 800 4606; x_wconf 76' lang='lat' dir='ltr'><strong>autem</strong></span> <span class='ocrx_word' id='word_1_611' title='bbox 826 4551 1037 4608; x_wconf 72' lang='lat' dir='ltr'><strong>Ilebrtei</strong></span> <span class='ocrx_word' id='word_1_612' title='bbox 1068 4550 1261 4606; x_wconf 82' lang='lat' dir='ltr'><strong>Jonam</strong></span> <span class='ocrx_word' id='word_1_613' title='bbox 1295 4550 1417 4607; x_wconf 87' lang='lat' dir='ltr'><strong>esse</strong></span> <span class='ocrx_word' id='word_1_614' title='bbox 1445 4550 1611 4606; x_wconf 88' lang='lat' dir='ltr'><strong>lilium</strong></span> <span class='ocrx_word' id='word_1_615' title='bbox 1634 4550 1811 4609; x_wconf 73' lang='lat' dir='ltr'><strong>vidum</strong></span> <span class='ocrx_word' id='word_1_616' title='bbox 1839 4557 1937 4612; x_wconf 83' lang='lat' dir='ltr'><strong>Sa-</strong></span> 
     </span>
    </p>
   </div>
   <div class='ocr_carea' id='block_1_78' title="bbox 348 4621 1936 4697">
    <p class='ocr_par' dir='ltr' id='par_1_78' title="bbox 348 4621 1936 4697">
     <span class='ocr_line' id='line_1_78' title="bbox 348 4621 1936 4697; baseline -0.002 -15"><span class='ocrx_word' id='word_1_617' title='bbox 348 4628 650 4697; x_wconf 72' lang='lat' dir='ltr'><strong>rephtanze,</strong></span> <span class='ocrx_word' id='word_1_618' title='bbox 675 4639 839 4691; x_wconf 83' lang='lat' dir='ltr'><strong>quem</strong></span> <span class='ocrx_word' id='word_1_619' title='bbox 867 4622 1013 4697; x_wconf 53' lang='lat' dir='ltr'><strong>[ﬁlias</strong></span> <span class='ocrx_word' id='word_1_620' title='bbox 1036 4621 1299 4697; x_wconf 67' lang='lat' dir='ltr'><strong>propheta</strong></span> <span class='ocrx_word' id='word_1_621' title='bbox 1324 4630 1600 4697; x_wconf 75' lang='lat' dir='ltr'><strong>mortuum</strong></span> <span class='ocrx_word' id='word_1_622' title='bbox 1629 4625 1936 4697; x_wconf 75' lang='lat' dir='ltr'><strong>suscitavit.</strong></span> 
     </span>
    </p>
   </div>
   <div class='ocr_carea' id='block_1_79' title="bbox 2044 3328 3633 3402">
    <p class='ocr_par' dir='ltr' id='par_1_79' title="bbox 2044 3328 3633 3402">
     <span class='ocr_line' id='line_1_79' title="bbox 2044 3328 3633 3402; baseline 0 -16"><span class='ocrx_word' id='word_1_623' title='bbox 2044 3340 2128 3387; x_wconf 89' lang='lat' dir='ltr'><strong>est</strong></span> <span class='ocrx_word' id='word_1_624' title='bbox 2173 3340 2414 3387; x_wconf 88' lang='lat' dir='ltr'><strong>moratus</strong></span> <span class='ocrx_word' id='word_1_625' title='bbox 2445 3331 2495 3386; x_wconf 93' lang='lat' dir='ltr'><strong>in</strong></span> <span class='ocrx_word' id='word_1_626' title='bbox 2532 3340 2554 3368; x_wconf 77' lang='grc'><strong><em>⁸</em></strong></span> <span class='ocrx_word' id='word_1_627' title='bbox 2585 3338 2754 3387; x_wconf 90' lang='lat' dir='ltr'><strong>terra.</strong></span> <span class='ocrx_word' id='word_1_628' title='bbox 2803 3328 3039 3402; x_wconf 84' lang='lat' dir='ltr'><strong>Reliqua</strong></span> <span class='ocrx_word' id='word_1_629' title='bbox 3083 3339 3263 3386; x_wconf 90' lang='lat' dir='ltr'><strong>autem</strong></span> <span class='ocrx_word' id='word_1_630' title='bbox 3315 3344 3633 3386; x_wconf 87' lang='lat' dir='ltr'><strong>sermonum</strong></span> 
     </span>
    </p>
   </div>
   <div class='ocr_carea' id='block_1_80' title="bbox 2043 3422 3641 3494">
    <p class='ocr_par' dir='ltr' id='par_1_80' title="bbox 2043 3422 3641 3494">
     <span class='ocr_line' id='line_1_80' title="bbox 2043 3422 3641 3494; baseline -0.001 -16"><span class='ocrx_word' id='word_1_631' title='bbox 2043 3422 2352 3489; x_wconf 82' lang='lat' dir='ltr'><strong>Manahem,</strong></span> <span class='ocrx_word' id='word_1_632' title='bbox 2381 3433 2435 3479; x_wconf 92' lang='lat' dir='ltr'><strong>et</strong></span> <span class='ocrx_word' id='word_1_633' title='bbox 2457 3423 2710 3478; x_wconf 88' lang='lat' dir='ltr'><strong>universa</strong></span> <span class='ocrx_word' id='word_1_634' title='bbox 2739 3438 2859 3494; x_wconf 74' lang='lat' dir='ltr'><strong>qum</strong></span> <span class='ocrx_word' id='word_1_635' title='bbox 2890 3422 3041 3493; x_wconf 81' lang='lat' dir='ltr'><strong>fecit,</strong></span> <span class='ocrx_word' id='word_1_636' title='bbox 3072 3438 3253 3478; x_wconf 91' lang='lat' dir='ltr'><strong>nonne</strong></span> <span class='ocrx_word' id='word_1_637' title='bbox 3281 3422 3398 3477; x_wconf 80' lang='lat' dir='ltr'><strong>lucc</strong></span> <span class='ocrx_word' id='word_1_638' title='bbox 3439 3422 3641 3493; x_wconf 89' lang='lat' dir='ltr'><strong>scripta</strong></span> 
     </span>
    </p>
   </div>
   <div class='ocr_carea' id='block_1_81' title="bbox 2042 3512 3634 3585">
    <p class='ocr_par' dir='ltr' id='par_1_81' title="bbox 2042 3512 3634 3585">
     <span class='ocr_line' id='line_1_81' title="bbox 2042 3512 3634 3585; baseline -0.002 -14"><span class='ocrx_word' id='word_1_639' title='bbox 2042 3522 2170 3571; x_wconf 89' lang='lat' dir='ltr'><strong>sunt</strong></span> <span class='ocrx_word' id='word_1_640' title='bbox 2199 3514 2250 3568; x_wconf 92' lang='lat' dir='ltr'><strong>in</strong></span> <span class='ocrx_word' id='word_1_641' title='bbox 2283 3513 2421 3569; x_wconf 89' lang='lat' dir='ltr'><strong>libro</strong></span> <span class='ocrx_word' id='word_1_642' title='bbox 2445 3514 2769 3571; x_wconf 90' lang='lat' dir='ltr'><strong>Sermonnm</strong></span> <span class='ocrx_word' id='word_1_643' title='bbox 2801 3512 3012 3568; x_wconf 90' lang='lat' dir='ltr'><strong>dierum</strong></span> <span class='ocrx_word' id='word_1_644' title='bbox 3050 3528 3239 3585; x_wconf 90' lang='lat' dir='ltr'><strong>regum</strong></span> <span class='ocrx_word' id='word_1_645' title='bbox 3281 3512 3487 3569; x_wconf 83' lang='lat' dir='ltr'><strong>Israel?</strong></span> <span class='ocrx_word' id='word_1_646' title='bbox 3530 3512 3634 3585; x_wconf 90' lang='grc' dir='ltr'><strong>[Τ.</strong></span> 
     </span>
    </p>
   </div>
   <div class='ocr_carea' id='block_1_82' title="bbox 2040 3604 3638 3679">
    <p class='ocr_par' dir='ltr' id='par_1_82' title="bbox 2040 3604 3638 3679">
     <span class='ocr_line' id='line_1_82' title="bbox 2040 3604 3638 3679; baseline 0 -18"><span class='ocrx_word' id='word_1_647' title='bbox 2040 3604 2349 3679; x_wconf 72' lang='lat' dir='ltr'><strong>CLXXXI]</strong></span> <span class='ocrx_word' id='word_1_648' title='bbox 2384 3607 2448 3662; x_wconf 88' lang='lat' dir='ltr'><strong>Et</strong></span> <span class='ocrx_word' id='word_1_649' title='bbox 2470 3606 2729 3662; x_wconf 87' lang='lat' dir='ltr'><strong>dormivit</strong></span> <span class='ocrx_word' id='word_1_650' title='bbox 2750 3604 3030 3661; x_wconf 82' lang='lat' dir='ltr'><strong>Manahem</strong></span> <span class='ocrx_word' id='word_1_651' title='bbox 3060 3620 3182 3662; x_wconf 92' lang='lat' dir='ltr'><strong>cum</strong></span> <span class='ocrx_word' id='word_1_652' title='bbox 3217 3606 3462 3674; x_wconf 88' lang='lat' dir='ltr'><strong>patribus</strong></span> <span class='ocrx_word' id='word_1_653' title='bbox 3486 3607 3638 3662; x_wconf 90' lang='lat' dir='ltr'><strong>suis:</strong></span> 
     </span>
    </p>
   </div>
   <div class='ocr_carea' id='block_1_83' title="bbox 2044 3696 3643 3772">
    <p class='ocr_par' dir='ltr' id='par_1_83' title="bbox 2044 3696 3643 3772">
     <span class='ocr_line' id='line_1_83' title="bbox 2044 3696 3643 3772; baseline -0.002 -16"><span class='ocrx_word' id='word_1_654' title='bbox 2044 3701 2398 3770; x_wconf 81' lang='lat' dir='ltr'><strong>rcgnavitque</strong></span> <span class='ocrx_word' id='word_1_655' title='bbox 2424 3699 2657 3755; x_wconf 89' lang='lat' dir='ltr'><strong>Phaceia</strong></span> <span class='ocrx_word' id='word_1_656' title='bbox 2687 3697 2788 3772; x_wconf 82' lang='lat' dir='ltr'><strong>[h.</strong></span> <span class='ocrx_word' id='word_1_657' title='bbox 2816 3696 3078 3772; x_wconf 88' lang='lat' dir='ltr'><strong>Phacaia]</strong></span> <span class='ocrx_word' id='word_1_658' title='bbox 3108 3698 3250 3754; x_wconf 84' lang='lat' dir='ltr'><strong>Illius</strong></span> <span class='ocrx_word' id='word_1_659' title='bbox 3276 3699 3395 3769; x_wconf 91' lang='lat' dir='ltr'><strong>ejus</strong></span> <span class='ocrx_word' id='word_1_660' title='bbox 3424 3714 3524 3769; x_wconf 88' lang='lat' dir='ltr'><strong>pro</strong></span> <span class='ocrx_word' id='word_1_661' title='bbox 3553 3713 3643 3755; x_wconf 91' lang='lat' dir='ltr'><strong>eo.</strong></span> 
     </span>
    </p>
   </div>
   <div class='ocr_carea' id='block_1_84' title="bbox 2044 3786 3646 3865">
    <p class='ocr_par' dir='ltr' id='par_1_84' title="bbox 2044 3786 3646 3865">
     <span class='ocr_line' id='line_1_84' title="bbox 2044 3786 3646 3865; baseline 0.001 -19"><span class='ocrx_word' id='word_1_662' title='bbox 2044 3789 2205 3848; x_wconf 84' lang='lat' dir='ltr'><strong>Anno</strong></span> <span class='ocrx_word' id='word_1_663' title='bbox 2234 3793 2683 3865; x_wconf 89' lang='lat' dir='ltr'><strong>quinquagesimo</strong></span> <span class='ocrx_word' id='word_1_664' title='bbox 2725 3792 2938 3848; x_wconf 66' lang='lat' dir='ltr'><strong>Azarire</strong></span> <span class='ocrx_word' id='word_1_665' title='bbox 2980 3793 3123 3863; x_wconf 90' lang='lat' dir='ltr'><strong>regis</strong></span> <span class='ocrx_word' id='word_1_666' title='bbox 3172 3789 3311 3848; x_wconf 77' lang='lat' dir='ltr'><strong>Iuda</strong></span> <span class='ocrx_word' id='word_1_667' title='bbox 3336 3834 3351 3859; x_wconf 95' lang='lat'><strong>,</strong></span> <span class='ocrx_word' id='word_1_668' title='bbox 3400 3786 3646 3863; x_wconf 89' lang='lat' dir='ltr'><strong>regnavit</strong></span> 
     </span>
    </p>
   </div>
   <div class='ocr_carea' id='block_1_85' title="bbox 2044 3883 3637 3957">
    <p class='ocr_par' dir='ltr' id='par_1_85' title="bbox 2044 3883 3637 3957">
     <span class='ocr_line' id='line_1_85' title="bbox 2044 3883 3637 3957; baseline 0 -18"><span class='ocrx_word' id='word_1_669' title='bbox 2044 3883 2277 3941; x_wconf 87' lang='lat' dir='ltr'><strong>Phaceia</strong></span> <span class='ocrx_word' id='word_1_670' title='bbox 2324 3885 2466 3940; x_wconf 82' lang='lat' dir='ltr'><strong>ﬁlius</strong></span> <span class='ocrx_word' id='word_1_671' title='bbox 2515 3884 2801 3942; x_wconf 81' lang='lat' dir='ltr'><strong>Manahem</strong></span> <span class='ocrx_word' id='word_1_672' title='bbox 2850 3899 3015 3957; x_wconf 87' lang='lat' dir='ltr'><strong>super</strong></span> <span class='ocrx_word' id='word_1_673' title='bbox 3064 3883 3232 3941; x_wconf 88' lang='lat' dir='ltr'><strong>Israel</strong></span> <span class='ocrx_word' id='word_1_674' title='bbox 3291 3885 3343 3939; x_wconf 91' lang='lat' dir='ltr'><strong>in</strong></span> <span class='ocrx_word' id='word_1_675' title='bbox 3394 3884 3637 3942; x_wconf 88' lang='lat' dir='ltr'><strong>Samaria</strong></span> 
     </span>
    </p>
   </div>
   <div class='ocr_carea' id='block_1_86' title="bbox 2046 3974 3640 4051">
    <p class='ocr_par' dir='ltr' id='par_1_86' title="bbox 2046 3974 3640 4051">
     <span class='ocr_line' id='line_1_86' title="bbox 2046 3974 3640 4051; baseline 0.001 -18"><span class='ocrx_word' id='word_1_676' title='bbox 2046 3977 2287 4045; x_wconf 89' lang='lat' dir='ltr'><strong>biennio,</strong></span> <span class='ocrx_word' id='word_1_677' title='bbox 2327 3987 2381 4034; x_wconf 91' lang='lat' dir='ltr'><strong>et</strong></span> <span class='ocrx_word' id='word_1_678' title='bbox 2419 3974 2549 4035; x_wconf 81' lang='lat' dir='ltr'><strong>fecit</strong></span> <span class='ocrx_word' id='word_1_679' title='bbox 2577 3978 2721 4051; x_wconf 91' lang='lat' dir='ltr'><strong>quod</strong></span> <span class='ocrx_word' id='word_1_680' title='bbox 2763 3988 2881 4036; x_wconf 90' lang='lat' dir='ltr'><strong>erat</strong></span> <span class='ocrx_word' id='word_1_681' title='bbox 2927 3980 3130 4036; x_wconf 91' lang='lat' dir='ltr'><strong>malum</strong></span> <span class='ocrx_word' id='word_1_682' title='bbox 3174 3993 3360 4036; x_wconf 90' lang='lat' dir='ltr'><strong>coram</strong></span> <span class='ocrx_word' id='word_1_683' title='bbox 3408 3978 3640 4035; x_wconf 87' lang='lat' dir='ltr'><strong>Domino</strong></span> 
     </span>
    </p>
   </div>
   <div class='ocr_carea' id='block_1_87' title="bbox 2046 4068 3645 4147">
    <p class='ocr_par' dir='ltr' id='par_1_87' title="bbox 2046 4068 3645 4147">
     <span class='ocr_line' id='line_1_87' title="bbox 2046 4068 3645 4147; baseline 0.004 -22"><span class='ocrx_word' id='word_1_684' title='bbox 2046 4068 2127 4145; x_wconf 89' lang='lat' dir='ltr'><strong>[h.</strong></span> <span class='ocrx_word' id='word_1_685' title='bbox 2161 4071 2213 4127; x_wconf 93' lang='lat' dir='ltr'><strong>in</strong></span> <span class='ocrx_word' id='word_1_686' title='bbox 2238 4071 2409 4129; x_wconf 92' lang='lat' dir='ltr'><strong>oculis</strong></span> <span class='ocrx_word' id='word_1_687' title='bbox 2438 4072 2673 4147; x_wconf 85' lang='lat' dir='ltr'><strong>Domini]</strong></span> <span class='ocrx_word' id='word_1_688' title='bbox 2709 4091 2722 4129; x_wconf 91' lang='lat'><strong>:</strong></span> <span class='ocrx_word' id='word_1_689' title='bbox 2757 4090 2864 4131; x_wconf 90' lang='lat' dir='ltr'><strong>non</strong></span> <span class='ocrx_word' id='word_1_690' title='bbox 2895 4076 3122 4131; x_wconf 88' lang='lat' dir='ltr'><strong>recessit</strong></span> <span class='ocrx_word' id='word_1_691' title='bbox 3166 4090 3196 4129; x_wconf 91' lang='lat' dir='ltr'><strong>a</strong></span> <span class='ocrx_word' id='word_1_692' title='bbox 3226 4073 3463 4146; x_wconf 88' lang='lat' dir='ltr'><strong>peccatis</strong></span> <span class='ocrx_word' id='word_1_693' title='bbox 3488 4072 3645 4131; x_wconf 81' lang='lat' dir='ltr'><strong>Jeru-</strong></span> 
     </span>
    </p>
   </div>
   <div class='ocr_carea' id='block_1_88' title="bbox 2045 4162 3636 4240">
    <p class='ocr_par' dir='ltr' id='par_1_88' title="bbox 2045 4162 3636 4240">
     <span class='ocr_line' id='line_1_88' title="bbox 2045 4162 3636 4240; baseline 0.001 -19"><span class='ocrx_word' id='word_1_694' title='bbox 2045 4162 2205 4221; x_wconf 74' lang='lat' dir='ltr'><strong>lioam</strong></span> <span class='ocrx_word' id='word_1_695' title='bbox 2266 4165 2361 4222; x_wconf 86' lang='lat' dir='ltr'><strong>lilii</strong></span> <span class='ocrx_word' id='word_1_696' title='bbox 2420 4165 2611 4235; x_wconf 82' lang='lat' dir='ltr'><strong>Nabal,</strong></span> <span class='ocrx_word' id='word_1_697' title='bbox 2663 4170 2753 4240; x_wconf 89' lang='lat' dir='ltr'><strong>qui</strong></span> <span class='ocrx_word' id='word_1_698' title='bbox 2808 4183 3034 4240; x_wconf 86' lang='lat' dir='ltr'><strong>peccare</strong></span> <span class='ocrx_word' id='word_1_699' title='bbox 3089 4167 3219 4226; x_wconf 81' lang='lat' dir='ltr'><strong>fecit</strong></span> <span class='ocrx_word' id='word_1_700' title='bbox 3263 4167 3450 4225; x_wconf 88' lang='lat' dir='ltr'><strong>Israel.</strong></span> <span class='ocrx_word' id='word_1_701' title='bbox 3528 4166 3636 4240; x_wconf 92' lang='lat' dir='ltr'><strong>[T.</strong></span> 
     </span>
    </p>
   </div>
   <div class='ocr_carea' id='block_1_89' title="bbox 2043 4254 3641 4334">
    <p class='ocr_par' dir='ltr' id='par_1_89' title="bbox 2043 4254 3641 4334">
     <span class='ocr_line' id='line_1_89' title="bbox 2043 4254 3641 4334; baseline 0.003 -21"><span class='ocrx_word' id='word_1_702' title='bbox 2043 4254 2376 4332; x_wconf 70' lang='lat' dir='ltr'><strong>CLXXXII]</strong></span> <span class='ocrx_word' id='word_1_703' title='bbox 2398 4258 2712 4331; x_wconf 89' lang='lat' dir='ltr'><strong>Conjuravit</strong></span> <span class='ocrx_word' id='word_1_704' title='bbox 2737 4259 2816 4333; x_wconf 92' lang='lat' dir='ltr'><strong>[h.</strong></span> <span class='ocrx_word' id='word_1_705' title='bbox 2834 4261 3058 4319; x_wconf 86' lang='lat' dir='ltr'><strong>Rebella</strong></span> <span class='ocrx_word' id='word_1_706' title='bbox 3071 4261 3163 4334; x_wconf 85' lang='lat' dir='ltr'><strong>vit]</strong></span> <span class='ocrx_word' id='word_1_707' title='bbox 3181 4272 3365 4318; x_wconf 89' lang='lat' dir='ltr'><strong>autem</strong></span> <span class='ocrx_word' id='word_1_708' title='bbox 3382 4262 3641 4319; x_wconf 88' lang='lat' dir='ltr'><strong>adversus</strong></span> 
     </span>
    </p>
   </div>
   <div class='ocr_carea' id='block_1_90' title="bbox 2040 4352 3641 4429">
    <p class='ocr_par' dir='ltr' id='par_1_90' title="bbox 2040 4352 3641 4429">
     <span class='ocr_line' id='line_1_90' title="bbox 2040 4352 3641 4429; baseline 0.003 -22"><span class='ocrx_word' id='word_1_709' title='bbox 2040 4366 2163 4408; x_wconf 92' lang='lat' dir='ltr'><strong>eum</strong></span> <span class='ocrx_word' id='word_1_710' title='bbox 2195 4352 2406 4410; x_wconf 88' lang='lat' dir='ltr'><strong>Phacee</strong></span> <span class='ocrx_word' id='word_1_711' title='bbox 2433 4352 2513 4428; x_wconf 90' lang='lat' dir='ltr'><strong>[h.</strong></span> <span class='ocrx_word' id='word_1_712' title='bbox 2541 4352 2742 4429; x_wconf 85' lang='lat' dir='ltr'><strong>Pheca]</strong></span> <span class='ocrx_word' id='word_1_713' title='bbox 2772 4355 2914 4411; x_wconf 87' lang='lat' dir='ltr'><strong>illius</strong></span> <span class='ocrx_word' id='word_1_714' title='bbox 2937 4353 3197 4413; x_wconf 79' lang='lat' dir='ltr'><strong>Romelize</strong></span> <span class='ocrx_word' id='word_1_715' title='bbox 3220 4397 3237 4426; x_wconf 97' lang='lat'><strong>,</strong></span> <span class='ocrx_word' id='word_1_716' title='bbox 3266 4356 3374 4412; x_wconf 85' lang='lat' dir='ltr'><strong>dux</strong></span> <span class='ocrx_word' id='word_1_717' title='bbox 3406 4356 3553 4426; x_wconf 91' lang='lat' dir='ltr'><strong>ejus,</strong></span> <span class='ocrx_word' id='word_1_718' title='bbox 3585 4366 3641 4414; x_wconf 87' lang='lat' dir='ltr'><strong>et</strong></span> 
     </span>
    </p>
   </div>
   <div class='ocr_carea' id='block_1_91' title="bbox 2046 4490 3637 4568">
    <p class='ocr_par' dir='ltr' id='par_1_91' title="bbox 2046 4490 3637 4568">
     <span class='ocr_line' id='line_1_91' title="bbox 2046 4490 3637 4568; baseline 0.004 -23"><span class='ocrx_word' id='word_1_719' title='bbox 2046 4490 2205 4568; x_wconf 78' lang='lat' dir='ltr'><strong>C_abal</strong></span> <span class='ocrx_word' id='word_1_720' title='bbox 2244 4510 2352 4568; x_wconf 86' lang='lat' dir='ltr'><strong>a_m,</strong></span> <span class='ocrx_word' id='word_1_721' title='bbox 2386 4494 2440 4549; x_wconf 88' lang='lat' dir='ltr'><strong>id</strong></span> <span class='ocrx_word' id='word_1_722' title='bbox 2492 4503 2614 4568; x_wconf 83' lang='lat' dir='ltr'><strong>est,</strong></span> <span class='ocrx_word' id='word_1_723' title='bbox 2650 4493 2717 4548; x_wconf 87' lang='lat' dir='ltr'><strong>Et</strong></span> <span class='ocrx_word' id='word_1_724' title='bbox 2759 4494 3007 4568; x_wconf 64' lang='lat' dir='ltr'><strong>percussit</strong></span> <span class='ocrx_word' id='word_1_725' title='bbox 3054 4511 3168 4549; x_wconf 84' lang='lat' dir='ltr'><strong>eum</strong></span> <span class='ocrx_word' id='word_1_726' title='bbox 3196 4510 3371 4550; x_wconf 83' lang='lat' dir='ltr'><strong>coram</strong></span> <span class='ocrx_word' id='word_1_727' title='bbox 3414 4497 3637 4568; x_wconf 50' lang='lat' dir='ltr'><strong>populo,</strong></span> 
     </span>
    </p>
   </div>
   <div class='ocr_carea' id='block_1_92' title="bbox 2046 4564 3632 4637">
    <p class='ocr_par' dir='ltr' id='par_1_92' title="bbox 2046 4564 3632 4637">
     <span class='ocr_line' id='line_1_92' title="bbox 2046 4564 3632 4637; baseline 0.004 -22"><span class='ocrx_word' id='word_1_728' title='bbox 2046 4564 2387 4637; x_wconf 27' lang='lat' dir='ltr'><strong>sive‘palam,</strong></span> <span class='ocrx_word' id='word_1_729' title='bbox 2420 4577 2478 4618; x_wconf 86' lang='lat' dir='ltr'><strong>ut</strong></span> <span class='ocrx_word' id='word_1_730' title='bbox 2506 4567 2708 4635; x_wconf 88' lang='lat' dir='ltr'><strong>optime</strong></span> <span class='ocrx_word' id='word_1_731' title='bbox 2735 4566 2903 4637; x_wconf 77' lang='lat' dir='ltr'><strong>vertit</strong></span> <span class='ocrx_word' id='word_1_732' title='bbox 2923 4565 3310 4637; x_wconf 83' lang='lat' dir='ltr'><strong>Hieronymus,</strong></span> <span class='ocrx_word' id='word_1_733' title='bbox 3341 4578 3393 4622; x_wconf 89' lang='lat' dir='ltr'><strong>et</strong></span> <span class='ocrx_word' id='word_1_734' title='bbox 3414 4564 3543 4623; x_wconf 72' lang='lat' dir='ltr'><strong>cum</strong></span> <span class='ocrx_word' id='word_1_735' title='bbox 3566 4583 3632 4624; x_wconf 87' lang='lat' dir='ltr'><strong>eo</strong></span> 
     </span>
    </p>
   </div>
   <div class='ocr_carea' id='block_1_93' title="bbox 2047 4632 3637 4706">
    <p class='ocr_par' dir='ltr' id='par_1_93' title="bbox 2047 4632 3637 4706">
     <span class='ocr_line' id='line_1_93' title="bbox 2047 4632 3637 4706; baseline 0.005 -19"><span class='ocrx_word' id='word_1_736' title='bbox 2047 4632 2355 4706; x_wconf 74' lang='lat' dir='ltr'><strong>Citaldmus,</strong></span> <span class='ocrx_word' id='word_1_737' title='bbox 2387 4632 2579 4706; x_wconf 82' lang='lat' dir='ltr'><strong>Syrus,</strong></span> <span class='ocrx_word' id='word_1_738' title='bbox 2600 4646 2653 4691; x_wconf 90' lang='lat' dir='ltr'><strong>et</strong></span> <span class='ocrx_word' id='word_1_739' title='bbox 2673 4637 2864 4691; x_wconf 86' lang='lat' dir='ltr'><strong>Arabs.</strong></span> <span class='ocrx_word' id='word_1_740' title='bbox 2882 4632 3258 4706; x_wconf 79' lang='lat' dir='ltr'><strong>Septuaginta,</strong></span> <span class='ocrx_word' id='word_1_741' title='bbox 3281 4632 3365 4695; x_wconf 68' lang='grc' dir='ltr'><strong>πὲαὶ</strong></span> <span class='ocrx_word' id='word_1_742' title='bbox 3380 4641 3637 4706; x_wconf 79' lang='grc' dir='ltr'><strong>ἐπάταξαν</strong></span> 
     </span>
    </p>
   </div>
   <div class='ocr_carea' id='block_1_94' title="bbox 351 4692 1940 4779">
    <p class='ocr_par' dir='ltr' id='par_1_94' title="bbox 351 4692 1938 4779">
     <span class='ocr_line' id='line_1_94' title="bbox 351 4692 1938 4779; baseline 0.016 -51"><span class='ocrx_word' id='word_1_743' title='bbox 351 4692 485 4753; x_wconf 62' lang='lat' dir='ltr'><strong>ld&#39;si</strong></span> <span class='ocrx_word' id='word_1_744' title='bbox 508 4702 838 4779; x_wconf 51' lang='lat' dir='ltr'><strong>verum-est,</strong></span> <span class='ocrx_word' id='word_1_745' title='bbox 867 4693 1034 4773; x_wconf 66' lang='lat' dir='ltr'><strong>Ionas</strong></span> <span class='ocrx_word' id='word_1_746' title='bbox 1056 4709 1170 4779; x_wconf 50' lang='grc' dir='ltr'><strong>περ</strong></span> <span class='ocrx_word' id='word_1_747' title='bbox 1196 4692 1296 4746; x_wconf 81' lang='lat' dir='ltr'><strong>fuit</strong></span> <span class='ocrx_word' id='word_1_748' title='bbox 1325 4692 1472 4747; x_wconf 83' lang='lat' dir='ltr'><strong>ﬁlius</strong></span> <span class='ocrx_word' id='word_1_749' title='bbox 1504 4694 1809 4777; x_wconf 65' lang='lat' dir='ltr'><strong>prophetae,</strong></span> <span class='ocrx_word' id='word_1_750' title='bbox 1835 4698 1938 4753; x_wconf 88' lang='lat' dir='ltr'><strong>nisi</strong></span> 
     </span>
    </p>
   </div>
   <div class='ocr_carea' id='block_1_95' title="bbox 2042 4692 3634 4779">
    <p class='ocr_par' dir='ltr' id='par_1_95' title="bbox 2049 4692 3634 4779">
     <span class='ocr_line' id='line_1_95' title="bbox 2049 4692 3634 4779; baseline 0.003 -20"><span class='ocrx_word' id='word_1_751' title='bbox 2049 4703 2200 4759; x_wconf 80' lang='grc' dir='ltr'>αὐτόν</span> <span class='ocrx_word' id='word_1_752' title='bbox 2226 4692 2463 4779; x_wconf 38' lang='lat' dir='ltr'><strong>magna};</strong></span> <span class='ocrx_word' id='word_1_753' title='bbox 2486 4752 2498 4773; x_wconf 93' lang='lat'><strong>,</strong></span> <span class='ocrx_word' id='word_1_754' title='bbox 2534 4692 2579 4779; x_wconf 59' lang='lat' dir='ltr'><strong>ei</strong></span> <span class='ocrx_word' id='word_1_755' title='bbox 2602 4692 2972 4779; x_wconf 53' lang='lat' dir='ltr'><strong>percusserunt</strong></span> <span class='ocrx_word' id='word_1_756' title='bbox 3008 4692 3123 4779; x_wconf 59' lang='lat' dir='ltr'><strong>eum</strong></span> <span class='ocrx_word' id='word_1_757' title='bbox 3150 4692 3634 4765; x_wconf 17' lang='lat' dir='ltr'><strong>Ceb&#39;luuinialdva‘nV-t—</strong></span> 
     </span>
    </p>
   </div>
   <div class='ocr_carea' id='block_1_96' title="bbox 350 4762 1947 4826">
    <p class='ocr_par' dir='ltr' id='par_1_96' title="bbox 350 4762 1947 4826">
     <span class='ocr_line' id='line_1_96' title="bbox 350 4762 1947 4826; baseline 0.002 -3"><span class='ocrx_word' id='word_1_758' title='bbox 350 4770 491 4823; x_wconf 79' lang='lat' dir='ltr'><strong>iorte</strong></span> <span class='ocrx_word' id='word_1_759' title='bbox 512 4778 633 4818; x_wconf 82' lang='lat' dir='ltr'><strong>cum</strong></span> <span class='ocrx_word' id='word_1_760' title='bbox 662 4763 726 4816; x_wconf 91' lang='lat' dir='ltr'><strong>ad</strong></span> <span class='ocrx_word' id='word_1_761' title='bbox 752 4762 1059 4818; x_wconf 87' lang='lat' dir='ltr'><strong>orationem</strong></span> <span class='ocrx_word' id='word_1_762' title='bbox 1091 4764 1224 4819; x_wconf 74' lang='lat' dir='ltr'><strong>Elia:</strong></span> <span class='ocrx_word' id='word_1_763' title='bbox 1269 4773 1520 4820; x_wconf 88' lang='lat' dir='ltr'><strong>mortuus</strong></span> <span class='ocrx_word' id='word_1_764' title='bbox 1547 4762 1760 4822; x_wconf 78' lang='lat' dir='ltr'><strong>revixit.</strong></span> <span class='ocrx_word' id='word_1_765' title='bbox 1797 4762 1947 4826; x_wconf 83' lang='lat' dir='ltr'><strong>Con-</strong></span> 
     </span>
    </p>
   </div>
   <div class='ocr_carea' id='block_1_97' title="bbox 349 4830 1943 4908">
    <p class='ocr_par' dir='ltr' id='par_1_97' title="bbox 349 4830 1943 4908">
     <span class='ocr_line' id='line_1_97' title="bbox 349 4830 1943 4908; baseline 0.001 -14"><span class='ocrx_word' id='word_1_766' title='bbox 349 4838 473 4894; x_wconf 80' lang='lat' dir='ltr'><strong>sule</strong></span> <span class='ocrx_word' id='word_1_767' title='bbox 505 4836 829 4908; x_wconf 61' lang='lat' dir='ltr'><strong>prudentium</strong></span> <span class='ocrx_word' id='word_1_768' title='bbox 857 4830 1164 4908; x_wconf 73' lang='lat' dir='ltr'><strong>Qnmment.</strong></span> <span class='ocrx_word' id='word_1_769' title='bbox 1188 4834 1248 4908; x_wconf 10' lang='lat' dir='ltr'><strong>Si.</strong></span> <span class='ocrx_word' id='word_1_770' title='bbox 1285 4834 1599 4907; x_wconf 89' lang='lat' dir='ltr'><strong>llieronymi</strong></span> <span class='ocrx_word' id='word_1_771' title='bbox 1631 4841 1683 4892; x_wconf 89' lang='lat' dir='ltr'><strong>in</strong></span> <span class='ocrx_word' id='word_1_772' title='bbox 1713 4841 1906 4896; x_wconf 85' lang='lat' dir='ltr'><strong>Jonam</strong></span> <span class='ocrx_word' id='word_1_773' title='bbox 1927 4882 1943 4908; x_wconf 94' lang='lat'><strong>,</strong></span> 
     </span>
    </p>
   </div>
   <div class='ocr_carea' id='block_1_98' title="bbox 350 4902 1945 4975">
    <p class='ocr_par' dir='ltr' id='par_1_98' title="bbox 350 4902 1945 4975">
     <span class='ocr_line' id='line_1_98' title="bbox 350 4902 1945 4975; baseline 0.003 -11"><span class='ocrx_word' id='word_1_774' title='bbox 350 4910 442 4965; x_wconf 90' lang='lat' dir='ltr'><strong>ubi</strong></span> <span class='ocrx_word' id='word_1_775' title='bbox 487 4902 659 4960; x_wconf 80' lang='lat' dir='ltr'><strong>totum</strong></span> <span class='ocrx_word' id='word_1_776' title='bbox 704 4904 849 4958; x_wconf 90' lang='lat' dir='ltr'><strong>hunc</strong></span> <span class='ocrx_word' id='word_1_777' title='bbox 880 4902 1059 4959; x_wconf 90' lang='lat' dir='ltr'><strong>locum</strong></span> <span class='ocrx_word' id='word_1_778' title='bbox 1105 4906 1337 4975; x_wconf 89' lang='lat' dir='ltr'><strong>replicat</strong></span> <span class='ocrx_word' id='word_1_779' title='bbox 1381 4902 1677 4964; x_wconf 76' lang='lat' dir='ltr'><strong>secundum</strong></span> <span class='ocrx_word' id='word_1_780' title='bbox 1708 4902 1945 4968; x_wconf 82' lang='lat' dir='ltr'><strong>veterem</strong></span> 
     </span>
    </p>
   </div>
   <div class='ocr_carea' id='block_1_99' title="bbox 352 4976 1187 5042">
    <p class='ocr_par' dir='ltr' id='par_1_99' title="bbox 352 4976 1187 5042">
     <span class='ocr_line' id='line_1_99' title="bbox 352 4976 1187 5042; baseline -0.01 -7"><span class='ocrx_word' id='word_1_781' title='bbox 352 4976 603 5035; x_wconf 82' lang='lat' dir='ltr'><strong>Latinam</strong></span> <span class='ocrx_word' id='word_1_782' title='bbox 654 4977 1187 5042; x_wconf 85' lang='lat' dir='ltr'><strong>interpretationem,</strong></span> 
     </span>
    </p>
   </div>
   <div class='ocr_carea' id='block_1_100' title="bbox 353 5046 1948 5117">
    <p class='ocr_par' dir='ltr' id='par_1_100' title="bbox 353 5046 1948 5117">
     <span class='ocr_line' id='line_1_100' title="bbox 353 5046 1948 5117; baseline 0.005 -13"><span class='ocrx_word' id='word_1_783' title='bbox 353 5050 542 5105; x_wconf 81' lang='lat' dir='ltr'><strong>verbis</strong></span> <span class='ocrx_word' id='word_1_784' title='bbox 563 5049 635 5104; x_wconf 90' lang='lat' dir='ltr'><strong>ab</strong></span> <span class='ocrx_word' id='word_1_785' title='bbox 661 5064 747 5117; x_wconf 90' lang='lat' dir='ltr'><strong>ea,</strong></span> <span class='ocrx_word' id='word_1_786' title='bbox 782 5062 941 5111; x_wconf 83' lang='lat' dir='ltr'><strong>uuam</strong></span> <span class='ocrx_word' id='word_1_787' title='bbox 966 5046 1216 5103; x_wconf 81' lang='lat' dir='ltr'><strong>Nobilius</strong></span> <span class='ocrx_word' id='word_1_788' title='bbox 1237 5048 1406 5105; x_wconf 88' lang='lat' dir='ltr'><strong>edidit</strong></span> <span class='ocrx_word' id='word_1_789' title='bbox 1439 5065 1560 5106; x_wconf 89' lang='lat' dir='ltr'><strong>cum</strong></span> <span class='ocrx_word' id='word_1_790' title='bbox 1583 5061 1731 5110; x_wconf 84' lang='lat' dir='ltr'><strong>textu</strong></span> <span class='ocrx_word' id='word_1_791' title='bbox 1756 5054 1948 5112; x_wconf 84' lang='lat' dir='ltr'><strong>Graeco</strong></span> 
     </span>
    </p>
   </div>
   <div class='ocr_carea' id='block_1_101' title="bbox 356 5118 1112 5189">
    <p class='ocr_par' dir='ltr' id='par_1_101' title="bbox 356 5118 1112 5189">
     <span class='ocr_line' id='line_1_101' title="bbox 356 5118 1112 5189; baseline -0.011 -10"><span class='ocrx_word' id='word_1_792' title='bbox 356 5122 497 5179; x_wconf 80' lang='lat' dir='ltr'><strong>LXX</strong></span> <span class='ocrx_word' id='word_1_793' title='bbox 524 5119 907 5189; x_wconf 88' lang='lat' dir='ltr'><strong>Interpretum.</strong></span> <span class='ocrx_word' id='word_1_794' title='bbox 936 5118 1112 5174; x_wconf 68' lang='lat' dir='ltr'><strong>Mur.</strong></span> 
     </span>
    </p>
   </div>
   <div class='ocr_carea' id='block_1_102' title="bbox 425 5189 1950 5269">
    <p class='ocr_par' dir='ltr' id='par_1_102' title="bbox 425 5189 1950 5269">
     <span class='ocr_line' id='line_1_102' title="bbox 425 5189 1950 5269; baseline 0.007 -26"><span class='ocrx_word' id='word_1_795' title='bbox 425 5192 738 5269; x_wconf 77' lang='lat' dir='ltr'><strong>—-_L_ougius</strong></span> <span class='ocrx_word' id='word_1_796' title='bbox 754 5191 1023 5269; x_wconf 77' lang='lat' dir='ltr'><strong>a_verita_te</strong></span> <span class='ocrx_word' id='word_1_797' title='bbox 1044 5190 1264 5269; x_wconf 76' lang='lat' dir='ltr'><strong>aberrat</strong></span> <span class='ocrx_word' id='word_1_798' title='bbox 1290 5189 1645 5269; x_wconf 63' lang='lat' dir='ltr'><strong>Sclioliastes,</strong></span> <span class='ocrx_word' id='word_1_799' title='bbox 1662 5205 1715 5251; x_wconf 90' lang='lat' dir='ltr'><strong>et</strong></span> <span class='ocrx_word' id='word_1_800' title='bbox 1732 5198 1819 5269; x_wconf 86' lang='lat' dir='ltr'><strong>qui</strong></span> <span class='ocrx_word' id='word_1_801' title='bbox 1833 5200 1950 5269; x_wconf 91' lang='lat' dir='ltr'><strong>ejus</strong></span> 
     </span>
    </p>
   </div>
   <div class='ocr_carea' id='block_1_103' title="bbox 356 5259 1951 5339">
    <p class='ocr_par' dir='ltr' id='par_1_103' title="bbox 356 5259 1951 5339">
     <span class='ocr_line' id='line_1_103' title="bbox 356 5259 1951 5339; baseline 0.004 -21"><span class='ocrx_word' id='word_1_802' title='bbox 356 5264 584 5339; x_wconf 83' lang='lat' dir='ltr'><strong>vestigia</strong></span> <span class='ocrx_word' id='word_1_803' title='bbox 627 5259 907 5339; x_wconf 37' lang='lat' dir='ltr'><strong>“sequitur,</strong></span> <span class='ocrx_word' id='word_1_804' title='bbox 946 5259 1204 5339; x_wconf 71' lang='lat' dir='ltr'><strong>canonis,</strong></span> <span class='ocrx_word' id='word_1_805' title='bbox 1259 5259 1715 5339; x_wconf 73' lang='lat' dir='ltr'><strong>ut_h_lartian:eus</strong></span> <span class='ocrx_word' id='word_1_806' title='bbox 1748 5259 1951 5339; x_wconf 63' lang='lat' dir='ltr'><strong>&#39;vocat,</strong></span> 
     </span>
    </p>
   </div>
   <div class='ocr_carea' id='block_1_104' title="bbox 359 5331 1953 5407">
    <p class='ocr_par' dir='ltr' id='par_1_104' title="bbox 359 5331 1953 5407">
     <span class='ocr_line' id='line_1_104' title="bbox 359 5331 1953 5407; baseline 0.004 -17"><span class='ocrx_word' id='word_1_807' title='bbox 359 5331 700 5390; x_wconf 72' lang='lat' dir='ltr'><strong>emendator.</strong></span> <span class='ocrx_word' id='word_1_808' title='bbox 727 5334 954 5407; x_wconf 17' lang='lat' dir='ltr'><strong>llic‘non</strong></span> <span class='ocrx_word' id='word_1_809' title='bbox 982 5332 1222 5407; x_wconf 66' lang='lat' dir='ltr'><strong>Amatlti,</strong></span> <span class='ocrx_word' id='word_1_810' title='bbox 1252 5332 1348 5407; x_wconf 90' lang='lat' dir='ltr'><strong>sed</strong></span> <span class='ocrx_word' id='word_1_811' title='bbox 1374 5331 1538 5407; x_wconf 81' lang='lat' dir='ltr'><strong>Ionas</strong></span> <span class='ocrx_word' id='word_1_812' title='bbox 1567 5334 1829 5407; x_wconf 82' lang='lat' dir='ltr'><strong>propheta</strong></span> <span class='ocrx_word' id='word_1_813' title='bbox 1860 5331 1953 5398; x_wconf 59' lang='lat' dir='ltr'><strong>cel</strong></span> 
     </span>
    </p>
   </div>
   <div class='ocr_carea' id='block_1_105' title="bbox 360 5402 1955 5479">
    <p class='ocr_par' dir='ltr' id='par_1_105' title="bbox 360 5402 1955 5479">
     <span class='ocr_line' id='line_1_105' title="bbox 360 5402 1955 5479; baseline 0.006 -19"><span class='ocrx_word' id='word_1_814' title='bbox 360 5407 703 5479; x_wconf 51' lang='lat' dir='ltr'><strong>leberr&#39;imus</strong></span> <span class='ocrx_word' id='word_1_815' title='bbox 733 5404 1069 5479; x_wconf 68' lang='lat' dir='ltr'><strong>designatur,</strong></span> <span class='ocrx_word' id='word_1_816' title='bbox 1111 5402 1499 5479; x_wconf 67' lang='lat' dir='ltr'><strong>liliusAmathi</strong></span> <span class='ocrx_word' id='word_1_817' title='bbox 1529 5402 1839 5479; x_wconf 59' lang='lat' dir='ltr'><strong>e&#39;Galilaza,</strong></span> <span class='ocrx_word' id='word_1_818' title='bbox 1887 5411 1955 5468; x_wconf 87' lang='lat' dir='ltr'><strong>de</strong></span> 
     </span>
    </p>
   </div>
   <div class='ocr_carea' id='block_1_106' title="bbox 363 5473 1955 5558">
    <p class='ocr_par' dir='ltr' id='par_1_106' title="bbox 363 5473 1955 5558">
     <span class='ocr_line' id='line_1_106' title="bbox 363 5473 1955 5558; baseline 0 -26"><span class='ocrx_word' id='word_1_819' title='bbox 363 5478 504 5558; x_wconf 73' lang='lat' dir='ltr'><strong>tribu</strong></span> <span class='ocrx_word' id='word_1_820' title='bbox 534 5474 806 5558; x_wconf 60' lang='lat' dir='ltr'><strong>Zaimlop,</strong></span> <span class='ocrx_word' id='word_1_821' title='bbox 834 5476 991 5558; x_wconf 62' lang='lat' dir='ltr'><strong>urbe</strong></span> <span class='ocrx_word' id='word_1_822' title='bbox 1010 5473 1386 5558; x_wconf 66' lang='lat' dir='ltr'><strong>Octb-Opiter.</strong></span> <span class='ocrx_word' id='word_1_823' title='bbox 1429 5475 1492 5558; x_wconf 85' lang='lat' dir='ltr'><strong>Si_</strong></span> <span class='ocrx_word' id='word_1_824' title='bbox 1532 5479 1679 5558; x_wconf 79' lang='lat' dir='ltr'><strong>nulla</strong></span> <span class='ocrx_word' id='word_1_825' title='bbox 1708 5484 1776 5540; x_wconf 84' lang='lat' dir='ltr'><strong>de</strong></span> <span class='ocrx_word' id='word_1_826' title='bbox 1800 5473 1955 5539; x_wconf 57' lang='grc' dir='ltr'><strong>Ι[εει-ο-</strong></span> 
     </span>
    </p>
   </div>
   <div class='ocr_carea' id='block_1_107' title="bbox 364 5546 1962 5619">
    <p class='ocr_par' dir='ltr' id='par_1_107' title="bbox 364 5546 1962 5619">
     <span class='ocr_line' id='line_1_107' title="bbox 364 5546 1962 5619; baseline 0.003 -16"><span class='ocrx_word' id='word_1_827' title='bbox 364 5550 548 5603; x_wconf 79' lang='lat' dir='ltr'><strong>Imami</strong></span> <span class='ocrx_word' id='word_1_828' title='bbox 574 5546 814 5601; x_wconf 89' lang='lat' dir='ltr'><strong>victoriis</strong></span> <span class='ocrx_word' id='word_1_829' title='bbox 836 5546 1089 5601; x_wconf 86' lang='lat' dir='ltr'><strong>vaticinia</strong></span> <span class='ocrx_word' id='word_1_830' title='bbox 1116 5546 1169 5619; x_wconf 80' lang='lat' dir='ltr'><strong>in</strong></span> <span class='ocrx_word' id='word_1_831' title='bbox 1192 5546 1312 5617; x_wconf 88' lang='lat' dir='ltr'><strong>ejus</strong></span> <span class='ocrx_word' id='word_1_832' title='bbox 1340 5549 1624 5619; x_wconf 88' lang='lat' dir='ltr'><strong>prophetia</strong></span> <span class='ocrx_word' id='word_1_833' title='bbox 1654 5570 1962 5610; x_wconf 13' lang='lat' dir='ltr'><strong>mli-moran—</strong></span> 
     </span>
    </p>
   </div>
   <div class='ocr_carea' id='block_1_108' title="bbox 368 5617 1964 5698">
    <p class='ocr_par' dir='ltr' id='par_1_108' title="bbox 368 5617 1964 5698">
     <span class='ocr_line' id='line_1_108' title="bbox 368 5617 1964 5698; baseline 0.006 -25"><span class='ocrx_word' id='word_1_834' title='bbox 368 5629 477 5698; x_wconf 78' lang='lat' dir='ltr'><strong>tur,</strong></span> <span class='ocrx_word' id='word_1_835' title='bbox 513 5633 609 5698; x_wconf 39' lang='lat' dir='ltr'><strong>p-ar</strong></span> <span class='ocrx_word' id='word_1_836' title='bbox 640 5632 855 5698; x_wconf 80' lang='lat' dir='ltr'><strong>quoque</strong></span> <span class='ocrx_word' id='word_1_837' title='bbox 881 5628 963 5698; x_wconf 79' lang='lat' dir='ltr'><strong>est</strong></span> <span class='ocrx_word' id='word_1_838' title='bbox 1002 5617 1253 5682; x_wconf 87' lang='lat' dir='ltr'><strong>credere,</strong></span> <span class='ocrx_word' id='word_1_839' title='bbox 1285 5633 1393 5674; x_wconf 92' lang='lat' dir='ltr'><strong>non</strong></span> <span class='ocrx_word' id='word_1_840' title='bbox 1431 5617 1610 5677; x_wconf 84' lang='lat' dir='ltr'><strong>omnia</strong></span> <span class='ocrx_word' id='word_1_841' title='bbox 1642 5641 1761 5695; x_wconf 69' lang='lat' dir='ltr'><strong>qua)</strong></span> <span class='ocrx_word' id='word_1_842' title='bbox 1791 5628 1964 5698; x_wconf 89' lang='lat' dir='ltr'><strong>scrip-</strong></span> 
     </span>
    </p>
   </div>
   <div class='ocr_carea' id='block_1_109' title="bbox 368 5687 1030 5757">
    <p class='ocr_par' dir='ltr' id='par_1_109' title="bbox 368 5687 1030 5757">
     <span class='ocr_line' id='line_1_109' title="bbox 368 5687 1030 5757; baseline -0.003 -12"><span class='ocrx_word' id='word_1_843' title='bbox 368 5693 461 5757; x_wconf 83' lang='lat' dir='ltr'><strong>sit,</strong></span> <span class='ocrx_word' id='word_1_844' title='bbox 490 5689 555 5743; x_wconf 86' lang='lat' dir='ltr'><strong>ad</strong></span> <span class='ocrx_word' id='word_1_845' title='bbox 588 5687 687 5744; x_wconf 85' lang='lat' dir='ltr'><strong>nos</strong></span> <span class='ocrx_word' id='word_1_846' title='bbox 715 5687 1030 5746; x_wconf 87' lang='lat' dir='ltr'><strong>devenisse.</strong></span> 
     </span>
    </p>
   </div>
   <div class='ocr_carea' id='block_1_110' title="bbox 444 5760 1969 5839">
    <p class='ocr_par' dir='ltr' id='par_1_110' title="bbox 444 5760 1969 5839">
     <span class='ocr_line' id='line_1_110' title="bbox 444 5760 1969 5839; baseline 0.006 -24"><span class='ocrx_word' id='word_1_847' title='bbox 444 5770 469 5797; x_wconf 73' lang='grc' dir='ltr'><strong>ει</strong></span> <span class='ocrx_word' id='word_1_848' title='bbox 499 5760 763 5816; x_wconf 78' lang='lat' dir='ltr'><strong>Hebraeus</strong></span> <span class='ocrx_word' id='word_1_849' title='bbox 817 5775 925 5817; x_wconf 84' lang='lat' dir='ltr'><strong>non</strong></span> <span class='ocrx_word' id='word_1_850' title='bbox 994 5760 1159 5817; x_wconf 90' lang='lat' dir='ltr'><strong>habet</strong></span> <span class='ocrx_word' id='word_1_851' title='bbox 1216 5762 1271 5816; x_wconf 85' lang='lat' dir='ltr'><strong>in</strong></span> <span class='ocrx_word' id='word_1_852' title='bbox 1327 5760 1576 5820; x_wconf 82' lang='lat' dir='ltr'><strong>Cablaam</strong></span> <span class='ocrx_word' id='word_1_853' title='bbox 1641 5782 1766 5824; x_wconf 93' lang='lat' dir='ltr'><strong>cum</strong></span> <span class='ocrx_word' id='word_1_854' title='bbox 1824 5784 1969 5839; x_wconf 64' lang='lat' dir='ltr'><strong>pra:-</strong></span> 
     </span>
    </p>
   </div>
   <div class='ocr_carea' id='block_1_111' title="bbox 379 5839 1969 5947">
    <p class='ocr_par' dir='ltr' id='par_1_111' title="bbox 379 5839 1969 5947">
     <span class='ocr_line' id='line_1_111' title="bbox 379 5839 1969 5947; baseline 0.007 -36"><span class='ocrx_word' id='word_1_855' title='bbox 379 5855 679 5928; x_wconf 84' lang='lat' dir='ltr'><strong>positionc;</strong></span> <span class='ocrx_word' id='word_1_856' title='bbox 732 5854 829 5913; x_wconf 87' lang='lat' dir='ltr'><strong>sed</strong></span> <span class='ocrx_word' id='word_1_857' title='bbox 877 5855 985 5914; x_wconf 87' lang='lat' dir='ltr'><strong>hoc</strong></span> <span class='ocrx_word' id='word_1_858' title='bbox 1033 5855 1226 5927; x_wconf 86' lang='lat' dir='ltr'><strong>modo,</strong></span> <span class='ocrx_word' id='word_1_859' title='bbox 1258 5839 1631 5947; x_wconf 61' lang='lat' dir='ltr'><strong>1:13:52me</strong></span> <span class='ocrx_word' id='word_1_860' title='bbox 1659 5862 1969 5935; x_wconf 79' lang='lat' dir='ltr'><strong>vaijakkelm</strong></span> 
     </span>
    </p>
   </div>
   <div class='ocr_carea' id='block_1_112' title="bbox 1239 4981 2001 5046">
    <p class='ocr_par' dir='ltr' id='par_1_112' title="bbox 1239 4981 2001 5046">
     <span class='ocr_line' id='line_1_112' title="bbox 1239 4981 2001 5046; baseline 0.013 -16"><span class='ocrx_word' id='word_1_861' title='bbox 1239 4992 1360 5046; x_wconf 72' lang='lat' dir='ltr'><strong>qua:</strong></span> <span class='ocrx_word' id='word_1_862' title='bbox 1416 4981 1644 5034; x_wconf 92' lang='lat' dir='ltr'><strong>multum</strong></span> <span class='ocrx_word' id='word_1_863' title='bbox 1686 4981 1855 5037; x_wconf 88' lang='lat' dir='ltr'><strong>distat</strong></span> <span class='ocrx_word' id='word_1_864' title='bbox 1891 4986 1948 5039; x_wconf 88' lang='lat' dir='ltr'><strong>in</strong></span> <span class='ocrx_word' id='word_1_865' title='bbox 1994 5026 2001 5028; x_wconf 85' lang='grc'><strong>-</strong></span> 
     </span>
    </p>
   </div>
   <div class='ocr_carea' id='block_1_113' title="bbox 2053 4778 3640 4851">
    <p class='ocr_par' dir='ltr' id='par_1_113' title="bbox 2053 4778 3640 4851">
     <span class='ocr_line' id='line_1_113' title="bbox 2053 4778 3640 4851; baseline 0.006 -26"><span class='ocrx_word' id='word_1_866' title='bbox 2053 4791 2175 4851; x_wconf 55' lang='lat' dir='ltr'><strong>sunt</strong></span> <span class='ocrx_word' id='word_1_867' title='bbox 2196 4778 2678 4851; x_wconf 35' lang='lat' dir='ltr'><strong>errandi’praabuit</strong></span> <span class='ocrx_word' id='word_1_868' title='bbox 2708 4778 2982 4851; x_wconf 84' lang='lat' dir='ltr'><strong>scholiasti</strong></span> <span class='ocrx_word' id='word_1_869' title='bbox 3007 4778 3266 4849; x_wconf 84' lang='lat' dir='ltr'><strong>Canonis,</strong></span> <span class='ocrx_word' id='word_1_870' title='bbox 3306 4782 3394 4851; x_wconf 89' lang='lat' dir='ltr'><strong>qui</strong></span> <span class='ocrx_word' id='word_1_871' title='bbox 3433 4782 3640 4851; x_wconf 81' lang='lat' dir='ltr'><strong>putavit</strong></span> 
     </span>
    </p>
   </div>
   <div class='ocr_carea' id='block_1_114' title="bbox 2053 4847 3630 4919">
    <p class='ocr_par' dir='ltr' id='par_1_114' title="bbox 2053 4847 3630 4919">
     <span class='ocr_line' id='line_1_114' title="bbox 2053 4847 3630 4919; baseline 0.006 -20"><span class='ocrx_word' id='word_1_872' title='bbox 2053 4847 2371 4919; x_wconf 77' lang='lat' dir='ltr'><strong>Zachariam</strong></span> <span class='ocrx_word' id='word_1_873' title='bbox 2401 4864 2584 4917; x_wconf 70' lang='lat' dir='ltr'><strong>regem</strong></span> <span class='ocrx_word' id='word_1_874' title='bbox 2610 4848 2780 4905; x_wconf 89' lang='lat' dir='ltr'><strong>Israel</strong></span> <span class='ocrx_word' id='word_1_875' title='bbox 2815 4864 3130 4919; x_wconf 89' lang='lat' dir='ltr'><strong>percussum</strong></span> <span class='ocrx_word' id='word_1_876' title='bbox 3171 4847 3342 4908; x_wconf 77' lang='lat' dir='ltr'><strong>i‘uiSsé</strong></span> <span class='ocrx_word' id='word_1_877' title='bbox 3382 4847 3446 4907; x_wconf 81' lang='lat' dir='ltr'><strong>in</strong></span> <span class='ocrx_word' id='word_1_878' title='bbox 3481 4854 3630 4916; x_wconf 87' lang='lat' dir='ltr'><strong>loco,</strong></span> 
     </span>
    </p>
   </div>
   <div class='ocr_carea' id='block_1_115' title="bbox 2054 4918 3637 4993">
    <p class='ocr_par' dir='ltr' id='par_1_115' title="bbox 2054 4918 3637 4993">
     <span class='ocr_line' id='line_1_115' title="bbox 2054 4918 3637 4993; baseline 0.004 -20"><span class='ocrx_word' id='word_1_879' title='bbox 2054 4935 2217 4993; x_wconf 65' lang='lat' dir='ltr'><strong>quem</strong></span> <span class='ocrx_word' id='word_1_880' title='bbox 2256 4918 2505 4993; x_wconf 74' lang='lat' dir='ltr'><strong>Cablqam</strong></span> <span class='ocrx_word' id='word_1_881' title='bbox 2544 4918 2886 4993; x_wconf 81' lang='lat' dir='ltr'><strong>appellabant</strong></span> <span class='ocrx_word' id='word_1_882' title='bbox 2924 4939 2937 4975; x_wconf 87' lang='lat'><strong>:</strong></span> <span class='ocrx_word' id='word_1_883' title='bbox 2988 4921 3261 4977; x_wconf 81' lang='lat' dir='ltr'><strong>Cabal—am</strong></span> <span class='ocrx_word' id='word_1_884' title='bbox 3288 4932 3466 4978; x_wconf 90' lang='lat' dir='ltr'><strong>autem</strong></span> <span class='ocrx_word' id='word_1_885' title='bbox 3495 4922 3637 4993; x_wconf 88' lang='lat' dir='ltr'><strong>apud</strong></span> 
     </span>
    </p>
   </div>
   <div class='ocr_carea' id='block_1_116' title="bbox 2056 4988 3631 5115">
    <p class='ocr_par' dir='ltr' id='par_1_116' title="bbox 2056 4988 3631 5115">
     <span class='ocr_line' id='line_1_116' title="bbox 2056 4988 3631 5068; baseline 0.001 -21"><span class='ocrx_word' id='word_1_886' title='bbox 2056 4988 2319 5047; x_wconf 85' lang='lat' dir='ltr'><strong>Hebraeos</strong></span> <span class='ocrx_word' id='word_1_887' title='bbox 2355 4992 2496 5047; x_wconf 91' lang='lat' dir='ltr'><strong>idem</strong></span> <span class='ocrx_word' id='word_1_888' title='bbox 2548 4988 2629 5047; x_wconf 78' lang='lat' dir='ltr'><strong>est</strong></span> <span class='ocrx_word' id='word_1_889' title='bbox 2664 4992 2839 5063; x_wconf 87' lang='lat' dir='ltr'><strong>quod,</strong></span> <span class='ocrx_word' id='word_1_890' title='bbox 2871 5002 3131 5066; x_wconf 83' lang='lat' dir='ltr'><strong>spectante</strong></span> <span class='ocrx_word' id='word_1_891' title='bbox 3171 4994 3403 5068; x_wconf 82' lang='lat' dir='ltr'><strong>populo,</strong></span> <span class='ocrx_word' id='word_1_892' title='bbox 3454 4988 3631 5050; x_wconf 66' lang='lat' dir='ltr'><strong>coram</strong></span> 
     </span>
     <span class='ocr_line' id='line_1_117' title="bbox 2056 5060 2611 5115; baseline 0 0"><span class='ocrx_word' id='word_1_893' title='bbox 2056 5060 2272 5115; x_wconf 75' lang='lat' dir='ltr'><strong>oonulo.</strong></span> <span class='ocrx_word' id='word_1_894' title='bbox 2301 5072 2405 5115; x_wconf 88' lang='lat' dir='ltr'><strong>etc.</strong></span> <span class='ocrx_word' id='word_1_895' title='bbox 2436 5063 2611 5115; x_wconf 74' lang='grc' dir='ltr'><strong>ΜΑιιτ.</strong></span> 
     </span>
    </p>
   </div>
   <div class='ocr_carea' id='block_1_117' title="bbox 2053 5063 3637 5204">
    <p class='ocr_par' dir='ltr' id='par_1_117' title="bbox 2053 5063 3637 5204">
     <span class='ocr_line' id='line_1_118' title="bbox 2053 5063 3252 5174; baseline 0.002 -59"><span class='ocrx_word' id='word_1_896' title='bbox 2053 5063 2272 5174; x_wconf 52' lang='lat' dir='ltr'><strong>populo,</strong></span> <span class='ocrx_word' id='word_1_897' title='bbox 2296 5072 2405 5147; x_wconf 77' lang='lat' dir='ltr'><strong>etc.</strong></span> <span class='ocrx_word' id='word_1_898' title='bbox 2436 5063 2611 5119; x_wconf 73' lang='grc' dir='ltr'><strong>ΜΑιιτ.</strong></span> <span class='ocrx_word' id='word_1_899' title='bbox 2898 5063 2908 5066; x_wconf 69' lang='grc'>⁷</span> <span class='ocrx_word' id='word_1_900' title='bbox 3111 5136 3124 5149; x_wconf 36' lang='grc' dir='ltr'><strong><em>ο</em></strong></span> <span class='ocrx_word' id='word_1_901' title='bbox 3172 5063 3181 5066; x_wconf 74' lang='grc'>⁷</span> <span class='ocrx_word' id='word_1_902' title='bbox 3242 5063 3252 5068; x_wconf 76' lang='grc'>⁷</span> 
     </span>
     <span class='ocr_line' id='line_1_119' title="bbox 2184 5134 3637 5204; baseline 0.001 -13"><span class='ocrx_word' id='word_1_903' title='bbox 2184 5134 2377 5191; x_wconf 81' lang='lat' dir='ltr'><strong>Verius</strong></span> <span class='ocrx_word' id='word_1_904' title='bbox 2407 5151 2528 5191; x_wconf 92' lang='lat' dir='ltr'><strong>cum</strong></span> <span class='ocrx_word' id='word_1_905' title='bbox 2571 5135 2797 5191; x_wconf 84' lang='lat' dir='ltr'><strong>Hebraeo</strong></span> <span class='ocrx_word' id='word_1_906' title='bbox 2826 5135 3124 5204; x_wconf 82' lang='lat' dir='ltr'><strong>exemplari</strong></span> <span class='ocrx_word' id='word_1_907' title='bbox 3159 5143 3301 5192; x_wconf 89' lang='lat' dir='ltr'><strong>tacet</strong></span> <span class='ocrx_word' id='word_1_908' title='bbox 3329 5136 3637 5195; x_wconf 89' lang='lat' dir='ltr'><strong>Veronens.</strong></span> 
     </span>
    </p>
   </div>
   <div class='ocr_carea' id='block_1_118' title="bbox 2056 5206 3648 5280">
    <p class='ocr_par' dir='ltr' id='par_1_118' title="bbox 2056 5206 3648 5280">
     <span class='ocr_line' id='line_1_120' title="bbox 2056 5206 3648 5280; baseline 0.001 -17"><span class='ocrx_word' id='word_1_909' title='bbox 2056 5220 2161 5263; x_wconf 87' lang='lat' dir='ltr'><strong>ms.</strong></span> <span class='ocrx_word' id='word_1_910' title='bbox 2184 5208 2427 5280; x_wconf 73' lang='lat' dir='ltr'><strong>tui._Mox</strong></span> <span class='ocrx_word' id='word_1_911' title='bbox 2456 5209 2575 5275; x_wconf 88' lang='lat' dir='ltr'><strong>plus</strong></span> <span class='ocrx_word' id='word_1_912' title='bbox 2598 5206 2780 5272; x_wconf 89' lang='lat' dir='ltr'><strong>habet,</strong></span> <span class='ocrx_word' id='word_1_913' title='bbox 2797 5207 3045 5280; x_wconf 69' lang='lat' dir='ltr'><strong>sedebant</strong></span> <span class='ocrx_word' id='word_1_914' title='bbox 3070 5208 3134 5280; x_wconf 72' lang='lat' dir='ltr'><strong>de</strong></span> <span class='ocrx_word' id='word_1_915' title='bbox 3158 5217 3204 5263; x_wconf 83' lang='lat' dir='ltr'><strong>te</strong></span> <span class='ocrx_word' id='word_1_916' title='bbox 3226 5224 3400 5280; x_wconf 78' lang='lat' dir='ltr'><strong>super,</strong></span> <span class='ocrx_word' id='word_1_917' title='bbox 3426 5218 3539 5279; x_wconf 81' lang='lat' dir='ltr'><strong>etc.</strong></span> <span class='ocrx_word' id='word_1_918' title='bbox 3556 5211 3648 5264; x_wconf 89' lang='lat' dir='ltr'><strong>ubi</strong></span> 
     </span>
    </p>
   </div>
   <div class='ocr_carea' id='block_1_119' title="bbox 2059 5277 3650 5351">
    <p class='ocr_par' dir='ltr' id='par_1_119' title="bbox 2059 5277 3650 5351">
     <span class='ocr_line' id='line_1_121' title="bbox 2059 5277 3650 5351; baseline 0.001 -16"><span class='ocrx_word' id='word_1_919' title='bbox 2059 5294 2251 5335; x_wconf 82' lang='lat' dir='ltr'><strong>rursus</strong></span> <span class='ocrx_word' id='word_1_920' title='bbox 2278 5278 2562 5334; x_wconf 68' lang='lat' dir='ltr'><strong>Hebraeum</strong></span> <span class='ocrx_word' id='word_1_921' title='bbox 2589 5280 2828 5349; x_wconf 88' lang='lat' dir='ltr'><strong>pressius</strong></span> <span class='ocrx_word' id='word_1_922' title='bbox 2854 5277 3041 5347; x_wconf 77' lang='lat' dir='ltr'><strong>refert,</strong></span> <span class='ocrx_word' id='word_1_923' title='bbox 3065 5279 3118 5335; x_wconf 92' lang='lat' dir='ltr'><strong>in</strong></span> <span class='ocrx_word' id='word_1_924' title='bbox 3144 5294 3250 5351; x_wconf 90' lang='lat' dir='ltr'><strong>quo</strong></span> <span class='ocrx_word' id='word_1_925' title='bbox 3268 5277 3510 5337; x_wconf 80' lang='lat' dir='ltr'><strong>additum</strong></span> <span class='ocrx_word' id='word_1_926' title='bbox 3536 5277 3650 5349; x_wconf 86' lang='lat' dir='ltr'><strong>est,</strong></span> 
     </span>
    </p>
   </div>
   <div class='ocr_carea' id='block_1_120' title="bbox 2059 5352 2650 5455">
    <p class='ocr_par' dir='ltr' id='par_1_120' title="bbox 2059 5352 2650 5455">
     <span class='ocr_line' id='line_1_122' title="bbox 2059 5352 2650 5455; baseline 0.002 -32"><span class='ocrx_word' id='word_1_927' title='bbox 2059 5352 2151 5455; x_wconf 62' lang='grc' dir='ltr'><strong>η’),</strong></span> <span class='ocrx_word' id='word_1_928' title='bbox 2181 5371 2291 5455; x_wconf 53' lang='lat' dir='ltr'><strong>tibi,</strong></span> <span class='ocrx_word' id='word_1_929' title='bbox 2324 5371 2456 5435; x_wconf 90' lang='lat' dir='ltr'><strong>sive,</strong></span> <span class='ocrx_word' id='word_1_930' title='bbox 2489 5371 2555 5455; x_wconf 65' lang='lat' dir='ltr'><strong>de</strong></span> <span class='ocrx_word' id='word_1_931' title='bbox 2582 5380 2650 5455; x_wconf 60' lang='lat' dir='ltr'><strong>te.</strong></span> 
     </span>
    </p>
   </div>
   <div class='ocr_carea' id='block_1_121' title="bbox 2066 5440 3650 5517">
    <p class='ocr_par' dir='ltr' id='par_1_121' title="bbox 2066 5440 3650 5517">
     <span class='ocr_line' id='line_1_123' title="bbox 2066 5440 3650 5517; baseline 0.001 -18"><span class='ocrx_word' id='word_1_932' title='bbox 2066 5440 2100 5455; x_wconf 85' lang='lat'><strong>&quot;</strong></span> <span class='ocrx_word' id='word_1_933' title='bbox 2138 5454 2160 5483; x_wconf 75' lang='grc' dir='ltr'><strong>σ</strong></span> <span class='ocrx_word' id='word_1_934' title='bbox 2186 5444 2375 5499; x_wconf 80' lang='lat' dir='ltr'><strong>Denuo</strong></span> <span class='ocrx_word' id='word_1_935' title='bbox 2394 5442 2597 5517; x_wconf 75' lang='lat' dir='ltr'><strong>rectius</strong></span> <span class='ocrx_word' id='word_1_936' title='bbox 2618 5444 2919 5500; x_wconf 88' lang='lat' dir='ltr'><strong>Veronens.</strong></span> <span class='ocrx_word' id='word_1_937' title='bbox 2945 5457 3049 5499; x_wconf 92' lang='lat' dir='ltr'><strong>ms.</strong></span> <span class='ocrx_word' id='word_1_938' title='bbox 3077 5442 3348 5499; x_wconf 77' lang='lat' dir='ltr'><strong>verborum</strong></span> <span class='ocrx_word' id='word_1_939' title='bbox 3368 5443 3529 5502; x_wconf 78' lang='lat' dir='ltr'><strong>habet</strong></span> <span class='ocrx_word' id='word_1_940' title='bbox 3552 5459 3650 5517; x_wconf 89' lang='lat' dir='ltr'><strong>pro</strong></span> 
     </span>
    </p>
   </div>
   <div class='ocr_carea' id='block_1_122' title="bbox 2064 5515 3553 5585">
    <p class='ocr_par' dir='ltr' id='par_1_122' title="bbox 2064 5515 3553 5585">
     <span class='ocr_line' id='line_1_124' title="bbox 2064 5515 3553 5585; baseline -0.007 -12"><span class='ocrx_word' id='word_1_941' title='bbox 2064 5531 2377 5573; x_wconf 72' lang='lat' dir='ltr'><strong>sermonum.</strong></span> <span class='ocrx_word' id='word_1_942' title='bbox 2405 5515 2541 5571; x_wconf 88' lang='lat' dir='ltr'><strong>Vide</strong></span> <span class='ocrx_word' id='word_1_943' title='bbox 2562 5531 2684 5585; x_wconf 65' lang='lat' dir='ltr'><strong>quae</strong></span> <span class='ocrx_word' id='word_1_944' title='bbox 2712 5518 2963 5585; x_wconf 86' lang='lat' dir='ltr'><strong>superius</strong></span> <span class='ocrx_word' id='word_1_945' title='bbox 2985 5524 3327 5571; x_wconf 88' lang='lat' dir='ltr'><strong>annotamus.</strong></span> <span class='ocrx_word' id='word_1_946' title='bbox 3548 5556 3553 5563; x_wconf 90' lang='lat'><strong>.</strong></span> 
     </span>
    </p>
   </div>
   <div class='ocr_carea' id='block_1_123' title="bbox 2140 5585 3653 5644">
    <p class='ocr_par' dir='ltr' id='par_1_123' title="bbox 2140 5585 3653 5644">
     <span class='ocr_line' id='line_1_125' title="bbox 2140 5585 3653 5644; baseline 0 -1"><span class='ocrx_word' id='word_1_947' title='bbox 2140 5585 2164 5623; x_wconf 72' lang='grc' dir='ltr'>ά</span> <span class='ocrx_word' id='word_1_948' title='bbox 2189 5586 2354 5643; x_wconf 83' lang='lat' dir='ltr'><strong>Juxta</strong></span> <span class='ocrx_word' id='word_1_949' title='bbox 2386 5587 2550 5642; x_wconf 81' lang='lat' dir='ltr'><strong>Iiebr.</strong></span> <span class='ocrx_word' id='word_1_950' title='bbox 2574 5595 2714 5642; x_wconf 88' lang='lat' dir='ltr'><strong>tacet</strong></span> <span class='ocrx_word' id='word_1_951' title='bbox 2747 5586 3040 5644; x_wconf 88' lang='lat' dir='ltr'><strong>Veronens.</strong></span> <span class='ocrx_word' id='word_1_952' title='bbox 3077 5602 3180 5641; x_wconf 90' lang='lat' dir='ltr'><strong>ms.</strong></span> <span class='ocrx_word' id='word_1_953' title='bbox 3212 5586 3300 5641; x_wconf 90' lang='lat' dir='ltr'><strong>hic</strong></span> <span class='ocrx_word' id='word_1_954' title='bbox 3332 5588 3398 5641; x_wconf 82' lang='lat' dir='ltr'><strong>ei.</strong></span> <span class='ocrx_word' id='word_1_955' title='bbox 3430 5586 3545 5642; x_wconf 88' lang='lat' dir='ltr'><strong>Non</strong></span> <span class='ocrx_word' id='word_1_956' title='bbox 3578 5587 3653 5643; x_wconf 86' lang='lat' dir='ltr'><strong>ita</strong></span> 
     </span>
    </p>
   </div>
   <div class='ocr_carea' id='block_1_124' title="bbox 2068 5659 2924 5729">
    <p class='ocr_par' dir='ltr' id='par_1_124' title="bbox 2068 5659 2924 5729">
     <span class='ocr_line' id='line_1_126' title="bbox 2068 5659 2924 5729; baseline 0.007 -20"><span class='ocrx_word' id='word_1_957' title='bbox 2068 5659 2214 5729; x_wconf 85' lang='lat' dir='ltr'><strong>quod</strong></span> <span class='ocrx_word' id='word_1_958' title='bbox 2247 5674 2368 5715; x_wconf 82' lang='lat' dir='ltr'><strong>mox</strong></span> <span class='ocrx_word' id='word_1_959' title='bbox 2396 5660 2506 5729; x_wconf 75' lang='lat' dir='ltr'><strong>ejus</strong></span> <span class='ocrx_word' id='word_1_960' title='bbox 2534 5659 2924 5729; x_wconf 54' lang='lat' dir='ltr'><strong>praetermittit.</strong></span> 
     </span>
    </p>
   </div>
   <div class='ocr_carea' id='block_1_125' title="bbox 2141 5727 3661 5862">
    <p class='ocr_par' dir='ltr' id='par_1_125' title="bbox 2141 5727 3661 5862">
     <span class='ocr_line' id='line_1_127' title="bbox 2141 5727 3661 5862; baseline 0.003 -79"><span class='ocrx_word' id='word_1_961' title='bbox 2141 5730 2351 5862; x_wconf 25' lang='lat' dir='ltr'><strong>gulam</strong></span> <span class='ocrx_word' id='word_1_962' title='bbox 2377 5727 2480 5787; x_wconf 81' lang='lat' dir='ltr'><strong>nis.</strong></span> <span class='ocrx_word' id='word_1_963' title='bbox 2512 5730 2568 5787; x_wconf 82' lang='lat' dir='ltr'><strong>in</strong></span> <span class='ocrx_word' id='word_1_964' title='bbox 2595 5728 2792 5787; x_wconf 70' lang='lat' dir='ltr'><strong>Tllet-sa</strong></span> <span class='ocrx_word' id='word_1_965' title='bbox 2811 5744 2829 5787; x_wconf 87' lang='lat'><strong><em>:</em></strong></span> <span class='ocrx_word' id='word_1_966' title='bbox 2850 5729 2995 5789; x_wconf 87' lang='lat' dir='ltr'><strong>male</strong></span> <span class='ocrx_word' id='word_1_967' title='bbox 3021 5744 3091 5790; x_wconf 85' lang='lat' dir='ltr'><strong>ex</strong></span> <span class='ocrx_word' id='word_1_968' title='bbox 3130 5728 3283 5789; x_wconf 85' lang='lat' dir='ltr'><strong>scioli</strong></span> <span class='ocrx_word' id='word_1_969' title='bbox 3307 5727 3661 5802; x_wconf 79' lang='lat' dir='ltr'><strong>descriptoris</strong></span> 
     </span>
     <span class='ocr_line' id='line_1_128' title="bbox 2178 5817 2327 5860; baseline 0 0"><span class='ocrx_word' id='word_1_970' title='bbox 2178 5817 2193 5860; x_wconf 94' lang='lat' dir='ltr'><strong>l</strong></span> <span class='ocrx_word' id='word_1_971' title='bbox 2250 5817 2269 5860; x_wconf 84' lang='grc' dir='ltr'>ι</span> <span class='ocrx_word' id='word_1_972' title='bbox 2310 5840 2327 5860; x_wconf 92' lang='grc'><strong>.</strong></span> 
     </span>
    </p>
   </div>
   <div class='ocr_carea' id='block_1_126' title="bbox 2075 5810 2327 5864">
    <p class='ocr_par' dir='ltr' id='par_1_126' title="bbox 2075 5810 2327 5864">
     <span class='ocr_line' id='line_1_129' title="bbox 2075 5810 2327 5864; baseline -0.02 0"><span class='ocrx_word' id='word_1_973' title='bbox 2075 5810 2327 5864; x_wconf 71' lang='grc' dir='ltr'><strong>ιῐυιιηο.</strong></span> 
     </span>
    </p>
   </div>
  </div>
