4114 6364
485 335 592 396 ⁸181

1488 320 1549 378 S.
1589 311 1974 376 HIEBONYMI
2011 306 2249 370 DIVINA
2286 302 2776 364 BIBLIOTHECA.

3697 303 3806 363 752

474 449 768 523 percussit
812 465 939 510 eum
986 450 1044 508 in
1093 443 1345 506 Samaria
1390 438 1448 496 in
1494 445 1648 494 turre
1690 433 1885 491 domus
1912 431 2096 503 regiae.
2123 425 2292 523 Aliis
2327 423 2514 486 Israel.
2563 419 2885 523 Immolabat
2927 433 3144 493 quoque
3164 414 3441 523 victimas,
3465 425 3525 477 et
3549 415 3808 474 adolebat

491 522 649 614 juxta
677 543 887 614 Argob,
937 549 994 602 et
1027 540 1184 611 juxta
1223 534 1340 601 Ari,
1373 539 1429 588 et
1456 543 1576 586 cum
1608 541 1676 582 eo
1704 522 2097 614 quinquaginta

478 612 652 696 .viros
679 612 781 707 [h.
806 632 944 706 viri]
987 631 1056 688 de
1089 628 1217 685 ﬁliis
1253 621 1658 683 Galaaditarum
1680 659 1696 685 ,
1741 625 1799 673 et
1826 612 2099 671 interfecit

497 742 652 795 cum,
681 726 1038 799 regnavitque
1067 736 1168 793 pro
1197 733 1284 777 eo.
1310 715 1538 786 Reliqua
1568 722 1750 768 autem
1781 721 2096 766 sermonum

498 818 759 885 Pbaceia,
788 827 842 874 et
874 815 1126 872 universa
1151 824 1275 882 quae
1313 805 1462 873 fecit,
1509 817 1693 873 nonne
1737 801 1855 857 haec
1900 799 2127 877 scripta’

498 920 632 969 sunt
651 910 709 966 in
735 911 876 966 libro
899 907 1227 965 Sermonum
1250 903 1461 960 dierum
1490 913 1678 970 regum
1708 894 1877 952 Israel
1897 894 1920 948 ’ὲ
1941 893 2101 948 Anno

501 1002 956 1076 quinquagesimo
983 997 1226 1056 secundo
1255 994 1464 1053 Azarize
1488 992 1636 1064 regis
1656 989 1817 1057 Juda,
1856 984 2104 1057 regnavit

478 1092 714 1158 Phacee
733 1092 877 1148 Illius
901 1091 1166 1148 Romeliaa
1185 1103 1352 1160 super
1375 1085 1541 1143 Israel
1567 1085 1622 1140 in
1647 1080 1894 1139 Samaria
1914 1077 2100 1149 viginti

503 1185 688 1249 annis.
739 1183 808 1241 Et
852 1184 983 1242 fecit
1030 1183 1178 1256 quod
1238 1180 1440 1238 malum
1488 1185 1609 1236 erat
1647 1188 1831 1232 coram
1871 1170 2102 1227 Domino

505 1280 589 1353 [h.
616 1279 669 1335 in
699 1278 876 1335 oculis
900 1275 1139 1350 Domini]
1171 1293 1188 1332 :
1236 1289 1344 1332 non
1375 1271 1609 1330 recessit
1631 1284 1662 1324 a
1686 1265 1924 1340 peccatis
1945 1263 2103 1319 Jeru-

494 1373 660 1428 boam
689 1369 789 1426 ﬁlii
817 1369 1014 1436 Nabat,
1041 1369 1134 1441 qui
1163 1381 1398 1440 peccare
1428 1365 1557 1420 fecit
1586 1359 1776 1417 Israel.
1828 1357 1884 1412 ln
1912 1354 2100 1412 diebus

497 1461 717 1520 Phacee
771 1461 921 1534 regis
971 1461 1145 1518 Israel
1190 1459 1344 1516 venit
1391 1450 1948 1527 Tbeglatb-Pltala'sar
1997 1461 2100 1504 rex

495 1559 694 1630 Assur,
734 1564 791 1611 et
829 1553 977 1626 cepit
1007 1552 1172 1623 Aion,
1223 1559 1280 1609 et
1326 1540 2001 1608 Abel-Domum-Maacha,
2047 1548 2103 1594 et

474 1647 697 1715 .Janoe,
744 1655 801 1702 et
829 1645 1026 1712 Cedes,
1053 1653 1111 1701 et
1138 1645 1312 1708 Asor,
1344 1649 1402 1698 et
1443 1636 1671 1703 Galaad,
1713 1644 1769 1691 et
1797 1632 2100 1697 Galilaeam,

495 1741 812 1798 universam
845 1748 1046 1795 terram
1078 1733 1368 1807 Nephthali
1416 1732 1564 1805 [Ms.
1591 1725 1933 1798 Nephthalim
1955 1723 1976 1796 ]
2002 1768 2016 1792 ,
2047 1731 2105 1779 et

2199 517 2480 574 incensum
2509 517 2562 571 in
2595 514 2848 581 excelsis,
2894 519 2950 569 et
2992 513 3047 568 in
3092 511 3363 581 collibus,
3411 517 3466 567 et
3509 510 3614 567 sub
3655 513 3804 568 omni

2200 611 2348 682 ligno
2393 608 2676 665 frondoso.
2722 607 2876 663 'I‘unc
2905 606 3152 664 ascendit
3183 604 3350 662 Rasin
3379 619 3491 670 irex
3523 604 3721 676 Syria,
3748 614 3807 662 et

2199 701 2412 758 Phacee
2441 702 2582 757 ﬁlius
2619 699 2884 756 Romelia:
2926 714 3024 756 rex
3054 698 3251 766 Israel,
3298 698 3354 753 in
3390 696 3702 754 Jerusalem
3733 699 3807 754 ad

2200 795 2584 866 prmliandum.
2635 791 2882 864 Cumque
2913 791 3235 848 obsiderent
3259 790 3431 857 Ahaz,
3477 804 3587 846 non
3620 790 3811 847 value-

2203 895 2332 942 runt
2359 900 2622 957 superare
2651 900 2798 942 eum.
2853 883 2911 940 In
2960 891 3211 954 tempore
3237 882 3330 937 illo
3375 882 3614 939 restituit
3635 881 3808 938 Rasin

2202 995 2300 1036 rex
2329 978 2506 1051 Syria:
2530 1022 2547 1048 ,
2592 978 2772 1034 Ailam
2803 977 2896 1050 [h.
2933 974 3136 1048 Eleth]
3164 974 3364 1048 Syriae,
3395 983 3450 1030 et
3473 971 3503 1012 δ
3528 973 3690 1044 ejecit
3713 973 3811 1030 Ju-

2203 1069 2350 1127 daaos
2380 1070 2448 1126 de
2478 1069 2619 1134 Aila,
2674 1077 2731 1125 et
2770 1069 2989 1124 Idumaei
3035 1078 3056 1106 ε
3091 1077 3149 1124 et
3184 1065 3310 1138 Syri
3335 1075 3604 1121 venerunt
3630 1066 3686 1121 in
3713 1065 3811 1120 Ai-

2177 1161 2334 1230 .lam,
2365 1170 2422 1218 et
2446 1161 2832 1216 habitaverunt
2867 1159 2940 1215 ibi
2970 1172 3143 1229 usque
3183 1157 3237 1212 in
3268 1156 3417 1212 diem
3449 1156 3610 1213 hanc.
3660 1157 3812 1212 Misit

2202 1261 2384 1309 autem
2434 1254 2586 1308 Ahaz
2632 1252 2856 1308 nuntios
2904 1251 2970 1307 ad
3019 1247 3584 1323 Theglatb-Pbalasar
3623 1264 3808 1322 regem

2202 1345 2550 1418 Assyriorum
2584 1343 2713 1418 [Με.
2754 1339 3083 1415 Syriornm],
3115 1343 3308 1399 dicens
3353 1358 3370 1397 :
3420 1339 3622 1397 Servus
3661 1350 3810 1408 tuus,

2204 1448 2260 1497 et
2283 1439 2428 1494 ﬁlius
2457 1447 2580 1494 tuus
2605 1453 2708 1510 ego
2744 1451 2866 1495 sum
2923 1455 2938 1491 :
2977 1435 3235 1502 ascende,
3266 1442 3322 1492 ct
3362 1434 3571 1489 salvum
3601 1448 3688 1490 me
3723 1431 3812 1488 {ac

2204 1535 2275 1591 de
2301 1549 2464 1589 manu
2492 1534 2638 1604 regis
2663 1532 2860 1605 Syrim,
2909 1539 2968 1588 et
3005 1530 3074 1587 de
3102 1545 3265 1587 manu
3311 1529 3455 1600 regis
3483 1528 3669 1596 Israel,
3715 1526 3809 1599 qui

2204 1632 2671 1682 consurrexerunt
2707 1623 3002 1680 adversum
3052 1637 3162 1678 me.
3219 1620 3291 1676 Et
3337 1635 3465 1674 cum
3497 1619 3814 1688 collegisset

2207 1716 2303 1790 [h.
2337 1717 2407 1772 Et
2441 1714 2604 1788 tulit]
2635 1715 2784 1772 Ahaz
2814 1714 2834 1787 [
2863 1713 3016 1786 Vulg.
3059 1723 3160 1768 tac.
3203 1710 3390 1784 Abaz]
3431 1719 3724 1780 argentum
3756 1716 3815 1765 et

504 1832 787 1890 transtulit
812 1845 909 1889 eos
931 1831 985 1887 in
1007 1799 1284 1902 Assyrios.
1329 1799 1806 1900 [TICLXXXIII]
1835 1815 2102 1886 Conjnra-
2128 1809 2179 1872 B
2205 1823 2417 1902 aurum,
2438 1807 2597 1902 quod
2628 1805 2873 1862 invenire
2902 1804 3079 1877 potuit
3116 1803 3171 1859 in
3204 1802 3368 1858 domo
3398 1800 3638 1870 Domini,
3677 1809 3730 1856 et
3752 1799 3810 1854 in

507 1927 588 1998 vit
615 1934 819 1993 autem,
846 1933 900 1980 et
929 1921 1158 1980 tetendit
1185 1919 1410 1976 insidias
1433 1916 1575 1973 Osee
1598 1914 1740 1968 ﬁlius
1768 1910 1864 1966 Ela
1888 1908 1966 1980 [h.
1995 1906 2102 1962 Re-

499 2017 721 2075 bellavit
744 2020 942 2085 :autem
971 2014 1112 2071 Osee
1141 2012 1280 2068 ﬁlius
1319 2009 1440 2082 Ela]
1470 2015 1660 2064 contra
1689 2001 1904 2060 Phacee
1929 1999 2098 2054 ﬁlium

507 2107 794 2174 Romelim,
824 2115 881 2164 et
916 2103 1184 2178 percussit
1209 2117 1356 2166 eum,
1383 2109 1439 2156 et
1466 2095 1735 2154 interiecit
1764 2109 1780 2149 :
1831 2091 2103 2178 regnavit-

505 2215 614 2272 que
639 2213 741 2271 pro
767 2213 836 2255 eo
863 2197 1129 2255 vicesimo
1148 2209 1290 2250 anno
1310 2191 1560 2249 Joatham
1589 2189 1683 2243 ﬁlii
1715 2196 1742 2224 ἰ
1770 2185 1941 2243 Ozias.
1993 2182 2103 2239 Re-

508 2293 655 2363 liqua
684 2298 866 2347 autem
897 2303 1208 2346 sermonum
1235 2285 1468 2350 Pbacee,
1508 2291 1565 2339 et
1593 2280 1844 2337 universa
1876 2291 1998 2348 qua:
2025 2274 2104 2330 fe-

511 2383 605 2450 cit,
635 2397 818 2438 nonne
846 2381 963 2438 hate
983 2379 1181 2450 scripta
1203 2384 1332 2434 sunt
1358 2375 1447 2449 [h.
1482 2389 1613 2431 ecce
1638 2371 1840 2442 scripta
1871 2366 2018 2439 sunt]
2048 2367 2102 2423 in

501 2473 648 2530 libro
657 2471 983 2531 Sermonum
1003 2471 1213 2528 dierum
1228 2484 1414 2540 regum
1429 2465 1630 2523 Israel?
1645 2463 1708 2536 [Τ
1720 2501 1732 2517 .
1744 2458 2052 2520 CLXXXIV
2063 2457 2103 2530 .]

479 2564 668 2645 ‘Anno
711 2562 954 2622 secundo
1000 2562 1234 2629 Phacee,
1288 2559 1386 2615 ﬁlii
1430 2556 1706 2645 Romelize
1733 2553 1877 2645 regis
1901 2551 2099 2645 Israel,

504 2656 756 2728 regnavit
798 2653 1056 2710 Joatbam
1105 2653 1251 2707 ﬁlius
1302 2649 1447 2707 Oziae
1490 2647 1632 2718 regis
1683 2644 1843 2701 Juda.
1900 2641 2104 2712 Viginti

501 2751 742 2822 quinque
766 2761 1030 2804 annorum
1060 2743 1140 2818 [h.
1174 2744 1342 2800 Filius
1370 2757 1474 2798 xxv
1499 2736 1787 2809 annorum]
1835 2744 1954 2793 erat
1979 2750 2103 2791 cum

509 2855 744 2914 regnare
773 2840 1031 2911 cmpisset
1052 2881 1067 2905 ,
1097 2845 1154 2893 et
1179 2834 1414 2892 sedecim
1447 2832 1606 2888 annis
1646 2829 1890 2901 regnavit
1931 2828 1984 2882 in
2015 2826 2107 2883 Je-

504 2930 795 2988 rusalem:
852 2943 1050 2985 nomen
1093 2927 1284 2983 matris
1326 2924 1444 2994 ejus
1489 2923 1704 2989 Jerusa,
1753 2920 1861 2975 lilia
1907 2919 2102 2976 Sadoc.

503 3021 770 3093 Fecitque
815 3019 959 3091 quod
1007 3027 1126 3076 erat
1169 3017 1421 3088 placitum
1458 3029 1642 3070 coram
1673 3010 1903 3068 Domino
1931 3009 2024 3084 [h.
2050 3009 2105 3065 in

509 3114 685 3173 oculis
711 3109 951 3184 Domini]
977 3130 990 3166 :
1014 3111 1168 3183 juxta
1197 3110 1376 3167 omnia
1399 3123 1520 3179 qua:
1547 3106 1753 3162 fecerat
1777 3103 1934 3160 Ozias
1952 3112 2106 3174 pater

2207 1901 2481 1958 thesauris
2523 1902 2690 1974 regis,
2717 1900 2868 1956 misit
2906 1899 2986 1972 [h.
3021 1906 3077 1954 et
3105 1898 3158 1953 in
3202 1896 3473 1954 thesauris
3503 1895 3702 1950 domus
3730 1907 3812 1949 re—

2203 1995 2308 2068 gis,
2339 2003 2394 2050 et
2423 1993 2609 2065 misit]
2637 1993 2750 2065 regi
2793 1992 3144 2065 Assyriorum
3191 2005 3437 2046 munera.
3483 1987 3587 2056 Qui
3631 1994 3689 2043 et
3714 2001 3813 2042 ac-

2204 2084 2412 2156 quievit
2443 2084 2713 2140 voluntati
2743 2083 2862 2154 ejus
2895 2100 2908 2137 :
2940 2081 3184 2138 ascendit
3225 2082 3372 2138 enim
3413 2095 3510 2136 rex
3549 2078 3811 2150 Assyrio-

2204 2192 2324 2233 rum
2355 2178 2411 2232 in
2460 2175 2811 2244 Damascum,
2858 2183 2915 2232 et
2961 2175 3194 2232 vastavit
3236 2189 3382 2243 eam,
3431 2182 3486 2230 et
3533 2172 3814 2227 transtulit

2207 2266 2543 2325 habitatores
2569 2268 2690 2339 ejus
2718 2268 2964 2341 Cyrenen
2995 2267 3081 2340 [h.
3113 2265 3278 2322 Chira
3304 2265 3324 2338 ]
3367 2283 3381 2323 ς
3427 2265 3592 2321 Rasin
3623 2274 3811 2321 autem

2205 2361 2499 2419 interfecit.
2551 2362 2911 2434 Porrexitque
2933 2362 3084 2417 Ahaz
3124 2362 3178 2416 in
3205 2374 3492 2416 occursum
3513 2357 3817 2429 Theglatb-

2207 2453 2468 2511 Phalasar
2489 2455 2602 2526 regi
2635 2453 2763 2526 [Με.
2790 2450 2958 2524 regis]
2990 2451 3338 2523 Assyriorum
3371 2451 3424 2505 in
3459 2449 3806 2504 Damascum.

2206 2546 2450 2617 Cumque
2478 2546 2705 2602 vidisset
2743 2544 2912 2600 altare
2936 2543 3206 2612 Damasci,
3245 2541 3394 2598 misit
3433 2556 3528 2596 rex
3555 2539 3705 2595 Ahaz
3742 2539 3813 2594 ad

2205 2639 2393 2698 Uriam
2430 2639 2768 2696 sacerdotem
2795 2637 3076 2708 exemplar
3104 2636 3243 2706 ejus,
3292 2645 3348 2690 et
3393 2634 3811 2690 similitudinem

2201 2731 2355 2804 juxta
2400 2747 2563 2786 omne
2603 2745 2739 2801 opus
2784 2729 2920 2800 ejus.
2981 2726 3066 2798 ['l‘.
3091 2724 3469 2797 CLXXXVII]
3505 2724 3812 2780 Exstruxit-

2205 2841 2309 2897 que
2354 2824 2513 2881 Urias
2539 2822 2798 2880 sacerdos
2840 2823 3058 2878 altare:
3101 2822 3256 2890 juxta
3297 2819 3475 2874 omnia
3529 2834 3648 2889 quto
3679 2833 3812 2888 pra:-

2207 2929 2428 2990 ceperat
2491 2933 2588 2974 rex
2644 2917 2794 2972 Ahaz
2841 2915 2910 2970 de
2958 2914 3266 2983 Damasco,
3337 2913 3409 2968 ita
3466 2911 3594 2968 fecit
3655 2911 3810 2968 Urias

2205 3011 2499 3077 sacerdos,
2545 3010 2721 3066 donec
2780 3008 2992 3064 veniret
3047 3023 3146 3063 rex
3185 3006 3334 3062 Ahaz
3395 3005 3463 3062 de
3519 3005 3805 3060 Damasco.

2206 3101 2448 3172 Cumque
2475 3101 2716 3156 venisset
2760 3115 2856 3156 rex
2901 3098 2970 3154 de
3014 3098 3301 3163 Damasco,
3352 3097 3486 3152 vidit
3530 3097 3722 3163 altare,
3754 3079 3813 3152 et

497 3206 668 3276 suns',
701 3214 958 3278 operatus
978 3213 1081 3262 est.
1119 3202 1504 3261 Verumtamen
1537 3199 1749 3256 excelsa
1782 3213 1889 3254 non
1920 3196 2107 3252 abstu-
2133 3190 2180 3255 C
2213 3203 2506 3249 veneratus
2532 3203 2617 3248 est
2648 3192 2803 3259 illud,
2841 3190 3194 3260 ascenditque
3227 3199 3284 3245 et
3322 3188 3624 3245 immolavit
3654 3189 3812 3244 holo—

494 3300 564 3358 Iit
585 3299 661 3374 [h.
695 3313 806 3356 non
828 3307 957 3354 sunt
980 3295 1198 3367 ablata]
1231 3312 1247 3351 :
1278 3293 1456 3350 adhuc
1485 3291 1715 3363 populus
1752 3288 2098 3352 immolabat,

499 3402 558 3449 et
596 3391 848 3448 adolebat
891 3391 1174 3446 incensum
1223 3388 1279 3443 in
1327 3384 1604 3443 excelsis:
1653 3385 1770 3455 ipse
1818 3381 2103 3438 aediﬁcavit

500 3491 721 3555 portam
751 3481 947 3538 domus
991 3479 1207 3536 Domini
1233 3475 1702 3534 sublimissimam.
1754 3473 1979 3544 Reliqua
2015 3487 2104 3528 au-

501 3586 616 3632 tem
646 3589 960 3632 sermonum
990 3571 1264 3640 Joatbam,
1293 3581 1351 3628 et
1374 3571 1617 3625 universa
1644 3567 1723 3640 [h.
1757 3583 1866 3622 non
1895 3563 2100 3638 habet],

502 3681 628 3740 qua
650 3667 799 3734 fecit,
818 3681 1002 3723 nonne
1027 3665 1146 3720 haec
1173 3664 1377 3734 scripta
1404 3672 1530 3719 sunt
1554 3662 1606 3716 in
1629 3661 1774 3716 libro
1796 3659 2100 3716 Verborum

500 3759 715 3817 dierum
747 3774 938 3831 regum
964 3756 1150 3814 Juda?
1177 3755 1235 3811 In
1263 3741 1457 3811 diebus
1499 3753 1607 3809 illis
1638 3751 1805 3823 cespit
1843 3749 2104 3806 Dominus

496 3851 717 3908 mittere
757 3851 813 3906 in
857 3849 1053 3906 Iudam
1096 3847 1264 3904 Rasin
1307 3861 1490 3918 regem
1543 3842 1751 3916 Syrize,
1799 3852 1855 3898 et
1895 3841 2103 3898 Phacee

501 3942 675 3999 ﬁlium
698 3942 983 4000 Romelite.
1011 3941 1096 4015 [Τ.
1127 3937 1464 4011 CLXXXV]
1481 3938 1547 3994 Et
1571 3935 1828 3994 dormivit
1853 3935 2102 3994 Joatham

496 4049 623 4091 cum
649 4033 893 4106 patribus
915 4032 1417 4103 suis,sepultusque
1435 4039 1519 4087 est
1545 4044 1669 4085 cum
1698 4029 1850 4085 eisin
1878 4028 2103 4085 civitate

498 4126 671 4184 David
701 4128 868 4199 patris
893 4127 997 4195 sui,
1027 4135 1085 4183 et
1116 4125 1362 4198 regnavit
1392 4123 1542 4180 Abaz
1571 4123 1711 4178 ﬁlius
1736 4123 1857 4192 eius
1889 4138 1988 4194 pro
2013 4137 2099 4178 eo.

573 4217 748 4295 (Cap.
800 4218 986 4290 XVI.]
1030 4218 1189 4274 Anno
1231 4217 1446 4273 decimo
1491 4216 1724 4288 septimo
1752 4215 1964 4271 Phacee
2009 4214 2105 4270 ﬁlii

503 4311 790 4378 Itomeliae,
827 4310 1078 4383 regnavit
1123 4309 1273 4366 Altaz
1314 4309 1456 4364 ﬁlius
1482 4307 1734 4364 Joatham
1765 4307 1910 4378 regis
1947 4306 2103 4362 Juda.

507 4402 592 4475 [h.
618 4401 812 4474 Filius]
843 4402 1040 4474 Viginti
1079 4416 1345 4457 annorum
1378 4409 1494 4456 erat
1532 4397 1680 4454 Ahaz
1717 4412 1843 4453 cum
1876 4413 2106 4470 regnare

502 4495 792 4566 coepisset,
819 4505 877 4551 et
901 4493 1143 4551 sedecim
1187 4492 1346 4548 annis
1391 4489 1638 4562 regnavit
1669 4489 1722 4544 in
1750 4489 2054 4545 Jerusalcm
2089 4508 2100 4543 :

2203 3296 2415 3352 causta,
2448 3296 2502 3342 ct
2529 3283 2854 3342 sacriﬁcium
2883 3299 3064 3349 suurn,
3101 3291 3158 3338 et
3199 3282 3386 3336 libavit
3433 3282 3722 3348 libamina,
3752 3291 3810 3338 et

2204 3376 2342 3431 fudit
2372 3377 2692 3447 sanguinem
2738 3375 3112 3447 paciﬁcorum,
3161 3389 3282 3445 qua:
3327 3373 3604 3430 obtulerat
3643 3389 3809 3444 super

2201 3470 2397 3526 altare.
2425 3468 2598 3524 Porro
2627 3469 2798 3525 altare
2821 3466 3216 3538 :ereum,qnod
3244 3475 3361 3522 erat
3389 3481 3575 3523 coram
3625 3466 3808 3522 Domi-

2203 3577 2277 3617 no
2304 3604 2319 3630 ,
2363 3561 2638 3616 transtulit
2672 3561 2742 3616 de
2785 3559 2921 3616 facie
2953 3560 3157 3630 templi,
3211 3567 3268 3614 et
3317 3558 3387 3614 de
3427 3557 3552 3615 loco
3595 3560 3803 3626 altaris,

2202 3660 2258 3708 et
2281 3651 2350 3707 de
2375 3651 2495 3707 loco
2523 3649 2714 3720 templi
2739 3650 2951 3706 Domini
2983 3669 2997 3705 :
3041 3650 3328 3720 posuitque
3359 3648 3495 3704 illud
3539 3665 3606 3704 ex
3634 3650 3804 3706 latere

2203 3746 2394 3801 altaris
2423 3745 2490 3800 ad
2515 3745 2838 3816 Aquilonem
2869 3744 2945 3817 [h.
2972 3745 3145 3800 Porro
3174 3743 3346 3798 altare
3373 3757 3583 3798 aeneum
3603 3784 3618 3808 ,
3660 3744 3808 3814 quod

2202 3848 2318 3894 erat
2358 3852 2542 3893 coram
2575 3836 2806 3892 Domino
2845 3838 2986 3892 inter
3013 3836 3191 3892 altare
3237 3842 3293 3890 et
3315 3834 3534 3889 domum
3566 3835 3804 3905 Domini,

2205 3932 2483 3991 transtulit
2510 3930 2578 3987 de
2603 3931 2741 3987 facie
2767 3930 2960 3986 domus
2987 3946 3004 3988 ;
3035 3939 3090 3985 et
3121 3929 3300 3998 posuit
3327 3946 3393 3988 ex
3421 3931 3592 3986 latere
3620 3929 3808 3984 altaris

2204 4028 2272 4083 ad
2302 4022 2674 4098 Aquilonem].
2707 4023 2813 4096 [T.
2844 4022 3258 4096 CLXXXVIII]
3290 4024 3557 4093 Praecepit
3587 4036 3804 4092 quoque

2204 4138 2300 4178 rex
2329 4122 2476 4177 Aliaz
2506 4119 2651 4176 Uria:
2680 4118 2970 4184 sacerdoti,
2997 4117 3184 4173 dicens
3216 4133 3233 4173 :
3268 4119 3441 4188 Super
3469 4115 3642 4170 altare
3672 4128 3791 4169 ma-

2200 4215 2292 4286 jus
2321 4213 2454 4269 oll’er
2478 4213 2854 4268 holocaustum
2883 4210 3232 4278 matutinum,
3265 4219 3320 4266 et
3354 4207 3680 4264 sacrilicium
3710 4220 3803 4260 vc-

2205 4305 2557 4377 spertinum,
2608 4311 2665 4359 et
2712 4301 3088 4358 holocausmm
3143 4301 3324 4372 regis,
3373 4309 3428 4356 et
3475 4298 3805 4354 sacriﬁcium

2207 4400 2346 4471 ejus,
2379 4407 2434 4454 ct
2479 4396 2856 4454 holocaustum
2884 4394 3123 4450 universi
3161 4393 3348 4464 populi
3381 4403 3558 4460 terrm,
3611 4399 3667 4447 et
3712 4405 3805 4445 sa-

2207 4491 2411 4548 criﬁcia
2437 4504 2625 4545 eorum
2653 4531 2668 4556 ,
2702 4497 2756 4543 et
2791 4486 3048 4542 libamina
3077 4501 3268 4541 eorum
3295 4526 3310 4550 ,
3341 4495 3398 4540 et
3426 4497 3643 4539 omnem
3676 4496 3804 4536 san-

499 4601 612 4642 non
657 4587 784 4642 fecit
812 4585 958 4657 quod
987 4592 1107 4640 erat
1137 4583 1393 4655 placitum
1443 4582 1496 4636 in
1543 4590 1838 4650 conspectu
1887 4579 2100 4636 Domini
2127 4569 2182 4630 Ῑ)
2204 4583 2424 4655 guinem
2445 4579 2769 4646 holocauSti,
2803 4587 2860 4634 ct
2885 4579 3196 4634 universum
3223 4577 3538 4645 sanguinem
3567 4574 3802 4629 victimae

494 4680 579 4752 [h.
610 4680 667 4736 in
697 4678 872 4735 oculis
902 4676 1142 4748 Domini]
1169 4676 1266 4732 Dei
1306 4674 1494 4747 [ναις.
1523 4673 1653 4728 add.
1681 4673 1809 4745 sui],
1833 4672 1976 4727 sicut
1994 4672 2096 4727 Da-

493 4773 594 4829 vid
639 4781 792 4844 pater
832 4770 973 4842 ejus.
1021 4768 1130 4828 Sed
1160 4767 1460 4824 ambulavit
1489 4767 1542 4821 in
1575 4765 1660 4822 via
1700 4781 1886 4833 regum
1913 4765 2097 4821 Israel.

499 4866 587 4940 ιτ.
612 4863 970 4937 CLXXXVI]
1000 4865 1227 4934 Insuper
1252 4869 1309 4918 et
1334 4861 1505 4916 ﬁlium
1535 4874 1692 4916 suum
1734 4857 2096 4926 consecravit,

497 4958 838 5015 transferens
867 4971 966 5028 per
990 4957 1170 5028 ignem
1203 4952 1502 5011 secundum
1532 4949 1673 5007 idola
1707 4949 1784 5022 [h.
1819 4949 2100 5005 abomina-

497 5047 698 5119 tiones]
721 5047 1002 5117 Gentium,
1049 5060 1174 5119 quae
1200 5043 1485 5115 dissipavit
1512 5041 1782 5097 Dominus
1822 5055 2006 5096 coram
2037 5038 2101 5112 ﬁ-

566 5265 597 5292 ⁸
639 5249 870 5323 Sequinr
909 5261 1100 5306 manus
1126 5244 1209 5323 in
1239 5241 1542 5323 Veronens.
1583 5253 1688 5293 ms.
1737 5235 1802 5318 ad
1843 5233 2092 5323 Crmcnm

493 5305 777 5395 exemplar
791 5305 892 5379 hic
930 5329 1094 5391 atque
1126 5315 1264 5373 infra
1307 5330 1404 5385 pro
1446 5311 1589 5365 θείω
1629 5305 1910 5378 rescripsit
1951 5311 2092 5360 Aza-

496 5415 609 5453 1⁸Ιῶ.

564 5447 607 5511 ἶ
627 5465 929 5522 Veronens.
956 5475 1060 5516 ms.
1094 5456 1310 5528 ἄεθλοι-ξι,
1335 5451 1477 5526 quod
1504 5450 1685 5528 m‘alim
1717 5450 1924 5521 disjecit
1961 5447 2086 5518 legi.

567 5553 594 5584 ο
621 5537 738 5593 Non
768 5536 932 5590 habet
972 5523 1274 5587 Veronens.
1323 5523 1424 5581 ms.
1459 5535 1507 5578 et
1535 5523 1691 5594 Syri,
1724 5536 1881 5594 quem
1914 5534 2088 5591 popu-

488 5611 604 5668 lum
623 5591 829 5664 nedum
860 5603 1121 5660 Hebraeus
1147 5610 1345 5664 textus,
1378 5596 1474 5652 sed
1507 5591 1787 5668 et_'rcliqni
1813 5591 1932 5668 libri
1965 5607 2086 5668 orn-

491 5663 603 5738 ita;
618 5663 706 5734 hic
754 5674 1188 5748 printermittunt.
1226 5663 1530 5748 Variantcm
1566 5666 1702 5748 hanc
1728 5677 1852 5718 esse
1890 5663 2083 5744 lectio-

492 5732 860 5808 iieinnll'eh'raei
905 5743 1184 5815 archetypi
1231 5748 1385 5796 notat
1433 5737 1605 5794 Lucas
1652 5732 1983 5815 Brugensis,
2015 5747 2084 5815 ex

491 5805 846 5886 similitudine
875 5828 1048 5877 ortam
1079 5805 1383 5875 litterarum
1409 5819 1465 5881 τ,
1489 5819 1544 5868 et
1567 5822 1607 5871 ’π
1644 5824 1658 5864 :
1701 5808 1843 5866 unde
1871 5805 2084 5863 Hebraei

2199 5376 2466 5432 ltlumaros
2539 5374 2808 5445 signiﬁcat
2856 5391 2871 5430 :

2199 5462 2492 5518 utcumque
2520 5440 2730 5518 poiest;
2772 5460 3095 5518 quamquam
3140 5445 3309 5516 Syrus
3338 5440 3457 5503 tim:
3484 5481 3499 5508 ,
3543 5440 3792 5518 sine-van

2198 5508 2536 5574 intermédio'
2564 5508 2730 5573 scribi
2773 5508 2969 5572 soleat:
3015 5516 3086 5571 At
3123 5508 3254 5572 ve'ro
3296 5524 3582 5580 utramque
3634 5508 3793 5564 simul

2194 5590 2701 5659 interpretationem
2745 5587 3079 5657 I'lierOnytno
3127 5585 3293 5659 fuisse
3347 5583 3647 5659 probatam,
3684 5593 3791 5633 non

2194 5671 2278 5715 est
2307 5651 2644 5724 verosimile,
2675 5667 2865 5728 estque
2906 5651 3047 5712 adeo
3078 5656 3249 5728 nostri
3297 5651 3417 5711 cum
3450 5651 3642 5728 primis
3685 5663 3789 5703 ms.

2193 5730 2464 5813 laudanda
2507 5723 2751 5798 casﬁtas,
2778 5723 2884 5801 'qui
2931 5745 3050 5787 eant
3093 5727 3411 5806 glossatoris
3451 5723 3786 5780 additionem

2194 5813 2418 5878 respuzt.

2203 4690 2371 4747 super
2400 4672 2534 4728 illud
2579 4671 2825 4728 eﬁ‘undes
2851 4687 2865 4725 :
2895 4671 3069 4727 altare
3101 4685 3230 4726 vero
3258 4682 3462 4724 aereum
3507 4666 3612 4721 crit
3641 4679 3800 4736 para-

2205 4773 2322 4820 tum
2347 4764 2415 4820 ad
2442 4763 2773 4819 voluntatem
2805 4776 3003 4818 meam.
3053 4761 3206 4816 Fecit
3233 4760 3398 4831 igitur
3424 4758 3589 4815 llrias
3624 4769 3804 4811 sacer-

2205 4856 2307 4914 dos
2345 4857 2501 4927 juxta
2553 4855 2758 4918 omnia,
2804 4869 2924 4924 qua:
2952 4861 3285 4924 prmceperat
3316 4866 3410 4907 rex
3439 4848 3613 4907 Ahaz.
3653 4846 3803 4903 Tulit

2207 4949 2285 5022 [h.
2310 4945 2549 5020 abscidit]
2579 4957 2762 5002 autem
2811 4961 2906 5002 rex
2937 4945 3086 5001 Ahaz
3120 4945 3339 5000 caelatas
3366 4941 3552 5008 bases,
3582 4947 3640 4996 et
3663 4939 3801 4994 lutc‘

2205 5057 2344 5111 rem,
2381 5040 2474 5112 qui
2505 5049 2626 5097 erat
2653 5039 2911 5111 desuper,
2964 5045 3023 5094 et
3061 5051 3212 5093 mare
3241 5035 3498 5108 deposuit
3529 5032 3599 5089 de
3625 5030 3802 5088 bobus

2206 5234 2457 5292 scribunt
2503 5231 2594 5289 hic
2647 5231 2752 5289 loci
2799 5239 3025 5292 ωηετπκ
3069 5228 3375 5295 Harontim,
3427 5228 3624 5298 legunt,
3668 5239 3800 5298 vero

2204 5316 2422 5366 D'm'm
2479 5304 2789 5360 Hadomim.
2837 5303 2969 5360 Nam
3019 5303 3159 5358 istud
3193 5301 3424 5372 quidem
3475 5296 3798 5372 vocabulum

2925 5374 3055 5429 illud
3127 5369 3256 5428 vero
3311 5371 3480 5441 Syros
3532 5369 3796 5441 denotare
