4114 6364
376 292 484 350 753
502 302 507 303 ⁷

1662 289 1863 347 LIBER
1903 288 1949 346 ll
1988 287 2377 349 MALACHIM.

3569 287 3698 353 75"

372 402 560 467 aereis,
588 400 683 473 qui
721 399 1102 457 sustentabant
1144 397 1299 466 illud,
1341 408 1396 455 et
1432 397 1614 470 posuit
1636 398 1969 471 superpavi-
1992 399 2049 463 Α
2073 399 2126 456 in
2157 414 2317 456 manu
2346 413 2628 457 servorum
2668 412 2915 457 meorum
2945 396 3363 473 prophetarum.
3409 401 3515 473 Qui
3560 419 3673 462 non

374 506 625 552 mentum
676 502 904 550 stratum
952 491 1152 563 lapide.
1220 491 1436 548 Musach
1491 506 1710 563 quoque
1738 492 1973 559 sabbati,

370 589 522 663 quod
555 600 581 627 α
626 588 1002 645 aediﬁcaverat
1028 588 1080 642 in
1111 586 1345 657 templo,
1387 597 1440 643 et
1477 586 1783 655 ingressum
1833 586 1977 656 regis

374 681 648 748 exterius,
676 678 955 737 convertit
976 679 1031 734 in
1065 677 1323 748 templum
1359 678 1437 752 [h.
1469 677 1714 750 domum]
1741 677 1976 745 Domini,

375 784 600 847 propter
631 790 814 847 regem
844 773 1215 845 Assyriorum.
1247 772 1334 845 [Τ.
1363 771 1722 844 CLXXXIX.]
1751 772 1975 842 Reliqua

375 878 559 924 autem
593 866 885 923 verborum
914 864 1086 933 Ahaz,
1119 881 1240 936 quae
1279 865 1444 931 fecit,
1491 881 1672 921 nonne
1704 868 1821 921 haec
1844 865 1980 921 scri-

376 970 466 1030 pta
510 968 640 1015 sunt
685 958 740 1013 in
773 957 913 1013 libro
944 956 1267 1013 Sermonum
1310 955 1521 1011 dierum
1568 970 1755 1027 regum
1805 954 1978 1010 Juda?

380 1051 763 1120 Dormivitque
792 1047 948 1104 Altaz
994 1064 1116 1104 cum
1156 1046 1399 1117 patribus
1436 1046 1586 1115 suis,
1632 1057 1685 1103 et
1736 1046 1980 1116 sepultus

379 1152 465 1200 est
508 1159 635 1200 cum
662 1143 744 1199 eis
770 1143 824 1197 in
857 1143 1076 1198 civitate
1105 1140 1304 1210 David,
1337 1150 1390 1197 et
1433 1142 1681 1213 regnavit
1722 1140 1979 1198 Ezechias

377 1235 519 1291 ﬁlius
546 1234 664 1304 ejus
697 1247 795 1303 pro
828 1248 916 1289 eo.

452 1327 540 1401 [T.
569 1324 729 1393 CXC,
762 1325 895 1398 Cap.
930 1322 1116 1397 XVll.]
1143 1324 1302 1381 Anno
1323 1323 1647 1380 duodecimo
1669 1323 1821 1379 Abaz
1839 1324 1981 1397 regis

379 1417 541 1485 Juda,
592 1418 841 1489 regnavit
870 1416 1010 1473 Osee
1042 1416 1190 1473 ﬁlius
1218 1416 1316 1472 Eia
1346 1417 1399 1470 in
1430 1416 1673 1473 Samaria
1713 1431 1875 1487 super
1907 1417 1983 1473 Is-

377 1513 494 1569 rael
542 1527 736 1567 novem
772 1510 954 1566 annis.
1012 1509 1273 1581 Fecitque
1304 1511 1503 1565 malum
1535 1524 1720 1565 coram
1754 1510 1982 1565 Domino

376 1604 475 1677 [h.
520 1604 578 1659 in
614 1603 787 1658 oculis
819 1601 1074 1671 Domini]
1120 1618 1135 1656 :
1166 1601 1261 1658 sed
1292 1617 1400 1656 non
1438 1601 1582 1656 sicut
1629 1615 1788 1671 reges
1816 1601 1982 1656 lsrael

376 1696 470 1767 qni
499 1704 629 1752 ante
658 1710 782 1750 eum
813 1693 1051 1750 fuerant.
1092 1692 1298 1749 Contra
1325 1694 1474 1749 hunc
1499 1694 1741 1749 ascendit
1771 1693 1983 1749 Salma-

2075 490 2383 560 audierunt,
2428 492 2524 550 sed
2574 491 2962 549 induraverunt
3005 492 3274 550 cervicem
3321 509 3473 550 suam
3517 496 3683 567 juxta.

2077 586 2347 642 cervicem
2373 595 2590 654 patrum
2616 600 2860 651 suorum,
2888 585 2981 657 qui
3013 585 3304 655 noluerunt
3332 586 3561 647 obedire
3590 589 3681 664 [h.

2077 694 2183 733 non
2210 678 2565 750 crediderunt]
2589 678 2820 735 Domino
2851 678 2965 735 Deo
2993 693 3117 736 suo.
3159 677 3231 735 Et
3255 679 3572 750 abjecerunt
3600 681 3681 739 le-

2078 770 2262 842 gitima
2292 770 2433 840 ejus,
2464 779 2521 826 et
2567 778 2784 840 pactum
2807 809 2824 835 ,
2851 769 2996 842 quod
3030 770 3237 843 pepigit
3275 786 3400 828 cum
3432 774 3680 844 patribus

2078 877 2289 929 eorum,
2335 870 2392 918 et
2437 861 2873 931 testiﬁcationes,
2924 860 3122 933 quibus
3170 861 3491 919 testiﬁcatus
3521 861 3675 937 (Me.

2078 954 2437 1027 contestatus]
2467 963 2553 1012 est
2598 969 2693 1011 eos
2744 972 2759 1010 :
2812 955 3093 1026 secutique
3121 965 3249 1012 sunt
3272 957 3544 1014 vanitates
3573 956 3593 1030 [
3620 956 3678 1013 ιι.

2077 1049 2389 1122 vanitatem]
2416 1090 2433 1118 ,
2466 1058 2523 1106 et
2562 1063 2704 1106 vane
2732 1057 2981 1121 egerunt,
3013 1057 3069 1105 et
3096 1049 3269 1106 secuti
3306 1059 3434 1107 sunt
3459 1058 3678 1123 gentes.

2078 1158 2199 1214 qua:
2227 1153 2382 1199 erant
2410 1157 2507 1212 per
2531 1142 2817 1200 circuitum
2845 1158 3034 1201 eorum
3060 1185 3078 1211 ,
3119 1158 3285 1215 super
3310 1144 3510 1215 quibus
3536 1161 3680 1217 prte-

2080 1246 2299 1308 ceperat
2326 1236 2591 1295 Dominus
2620 1238 2721 1307 eis,
2764 1245 2824 1293 ut
2860 1253 2969 1293 non
3014 1235 3258 1295 facerent
3293 1239 3435 1294 sicut
3477 1247 3535 1295 et
3569 1238 3679 1296 illa:

2080 1327 2367 1386 faciebant.
2398 1330 2468 1386 Et
2495 1329 2902 1400 dereliquerunt
2930 1328 3110 1385 omnia
3145 1336 3421 1400 praecepta
3464 1328 3683 1386 Domini

2084 1422 2179 1478 Dei
2220 1423 2305 1478 sui
2347 1439 2363 1477 :
2411 1412 2763 1494 feceruntque
2793 1422 2897 1478 sibi
2925 1420 3233 1479 conﬁatiles
3269 1421 3407 1477 duos
3454 1420 3678 1489 vitulos,

2083 1523 2138 1571 et
2176 1514 2349 1579 lucos,
2396 1524 2450 1571 et
2478 1516 2842 1572 adoraverunt
2881 1515 3191 1571 universam
3234 1514 3483 1570 militiam
3508 1514 3676 1571 cceli:

2083 1607 2497 1678 servieruntque
2540 1607 2701 1674 Baal,
2734 1615 2790 1664 et
2822 1607 3215 1664 consecrabant
3244 1604 3265 1679 [
3291 1606 3398 1663 Mt.
3424 1607 3550 1662 add.
3582 1610 3631 1663 ei
3660 1604 3681 1679 Ι

2088 1700 2225 1756 ﬁlios
2256 1715 2409 1767 suos,
2448 1713 2505 1757 et
2532 1701 2673 1758 ﬁlias
2697 1716 2845 1769 suas,
2878 1716 2977 1773 per
3003 1703 3209 1773 ignem,
3250 1710 3305 1757 et
3332 1700 3686 1759 divinationi-

382 1806 545 1845 nasar
573 1804 668 1845 rex
692 1788 1058 1860 Assyriorum,
1094 1796 1155 1844 et
1185 1788 1360 1843 factus
1390 1798 1476 1844 est
1503 1787 1555 1843 ei
1583 1787 1727 1843 Osee
1757 1803 1971 1856 serVUS.
2004 1782 2055 1843 Β
2080 1793 2181 1849 bus
2230 1793 2596 1848 inserviebant
2625 1802 2683 1849 et
2719 1793 2982 1864 auguriis,
3034 1804 3090 1849 et
3119 1791 3464 1849 tradiderunt
3494 1806 3589 1860 se,
3620 1800 3683 1848 ut

376 1881 746 1951 reddebatque
770 1880 848 1935 illi
879 1880 1078 1935 tributa
1111 1879 1189 1953 [h.
1216 1878 1482 1951 munera].
1510 1878 1755 1949 Cumque
1782 1878 1975 1949 depre-

377 1978 657 2034 hendisset
681 1992 775 2033 rex
802 1976 1153 2048 Assyriorum
1196 1975 1360 2040 Osee,
1404 1973 1549 2044 quod
1582 1974 1847 2030 rebellare
1892 1975 1975 2028 ni-

378 2079 501 2127 tens
550 2069 789 2129 misisset
831 2069 1051 2123 nuntios
1092 2070 1160 2122 ad
1207 2066 1235 2106 b
1265 2066 1372 2122 Sua
1424 2065 1518 2138 [h.
1545 2064 1612 2121 ad
1642 2064 1759 2138 Zo]
1793 2080 1974 2137 regem

376 2162 621 2235 Egypti,
652 2177 722 2219 ne
751 2168 1040 2232 prmstaret
1067 2161 1265 2216 tributa
1291 2161 1370 2234 [h.
1402 2158 1649 2231 munera]
1681 2170 1703 2198 ο
1736 2161 1851 2229 regi
1873 2160 1977 2215 As-

375 2260 673 2332 syriorum,
698 2257 843 2313 sicut
871 2255 1099 2327 singulis
1145 2255 1301 2310 annis
1342 2254 1535 2309 solitus
1559 2260 1712 2316 erat,
1762 2254 1978 2310 obsedit

377 2366 526 2415 eum,
559 2359 611 2403 et
656 2347 894 2403 vinctum
924 2347 1071 2402 misit
1099 2346 1154 2401 in
1186 2359 1487 2401 carcerem.
1541 2343 1977 2416 Pervagatusque

377 2453 464 2501 est
493 2456 711 2498 omnem
745 2449 969 2507 terram,
1000 2448 1055 2494 et
1079 2437 1379 2494 ascendens
1402 2436 1728 2506 Samariam,
1763 2436 1977 2494 obsedit

379 2551 498 2591 eam
534 2534 707 2589 tribus
735 2532 913 2587 annis.
944 2522 1104 2587 Anno
1129 2539 1316 2586 autem
1348 2543 1493 2585 nono
1513 2528 1677 2595 Osee,
1708 2529 1853 2599 cepit
1878 2545 1976 2584 rex

382 2624 730 2697 Assyriorum
759 2621 1089 2688 Samariam,
1124 2628 1180 2675 et
1209 2619 1485 2675 transtulit
1518 2619 1682 2674 lsrael
1712 2618 1764 2674 in
1809 2621 1997 2692 Assy-g

383 2719 495 2774 rios
529 2735 542 2770 :
573 2715 858 2786 posuitque
891 2729 986 2769 eos
1026 2713 1083 2768 in
1112 2712 1271 2779 Hala,
1300 2720 1356 2768 et
1384 2711 1437 2766 in
1478 2710 1664 2766 Habor
1685 2710 1846 2779 juxta
1877 2712 1979 2766 ﬁu-

381 2811 525 2863 vium
553 2808 650 2881 [h.
679 2804 942 2876 flumine]
972 2805 1156 2860 Gozan
1179 2843 1196 2869 ,
1229 2803 1283 2858 in
1313 2801 1627 2857 civitatibus
1669 2799 1972 2858 Medorum.

380 2903 463 2977 [Τ.
496 2901 723 2974 CXCI.]
763 2901 987 2956 Factum
1018 2907 1103 2955 est
1131 2908 1333 2966 autem,
1382 2911 1504 2951 cum
1536 2904 1853 2966 peccassent
1880 2894 1976 2950 ﬁlii

378 2998 548 3055 lsrael
576 2997 804 3052 Domino
832 2996 944 3050 Deo
970 3008 1093 3056 suo.
1134 2992 1226 3063 qui
1275 2990 1542 3047 eduxerat
1582 3003 1678 3045 eos
1716 2988 1785 3045 de
1832 2999 1977 3044 terra

381 3089 628 3159 Egypti,
686 3086 753 3143 de
799 3102 964 3142 manu
997 3082 1297 3140 Pharaonis
1324 3083 1467 3151 regis
1494 3080 1716 3152 [Egypti
1737 3124 1752 3149 ,
1790 3079 1977 3135 colue-

2078 1889 2321 1945 l‘acerent
2359 1887 2558 1943 malum
2589 1901 2775 1943 coram
2815 1887 3043 1943 Domino
3092 1886 3193 1961 [h.
3222 1886 3589 1943 vendiderunt
3626 1900 3683 1942 se

2079 1991 2139 2038 ut
2167 1981 2409 2037 facerent
2443 1980 2643 2036 malum
2685 1980 2739 2035 in
2788 1978 2962 2036 oculis
2990 1978 3268 2050 Domini],
3300 1988 3364 2034 ut
3401 1978 3684 2034 irritarent

2080 2072 2209 2145 [Ms.
2231 2070 2597 2143 irritaverunt]
2627 2086 2774 2128 eum.
2802 2071 3085 2141 [ratusque
3109 2078 3193 2126 est
3221 2069 3484 2126 Dominus
3510 2066 3679 2126 veheo

2078 2174 2291 2220 menter
2322 2162 2530 2230 lsraeli,
2566 2171 2624 2219 et
2662 2161 2887 2218 abstulit
2927 2175 3023 2218 eos
3047 2160 3117 2218 de
3141 2167 3437 2230 conspectu
3464 2174 3594 2226 suo,
3624 2166 3684 2215 et

2080 2274 2187 2314 non
2214 2258 2479 2314 remansit
2503 2257 2607 2312 nisi
2639 2256 2813 2312 tribus
2836 2254 2976 2312 Juda
3007 2252 3413 2310 tantummodo.
3438 2252 3547 2310 Sed
3580 2263 3683 2308 nec

2080 2352 2196 2423 ipse
2216 2350 2357 2408 Juda
2384 2348 2679 2405 custodivit
2695 2347 2949 2404 mandata
2974 2344 3191 2403 Domini
3218 2344 3315 2402 Dei
3340 2345 3427 2401 sui
3450 2359 3465 2400 :
3488 2359 3682 2401 verum

2080 2444 2381 2499 ambulavit
2406 2442 2461 2498 in
2493 2440 2775 2499 erroribus
2803 2440 2994 2507 Israel,
3024 2455 3162 2511 quos
3188 2448 3449 2512 operatus
3475 2439 3679 2495 fuerat.

2078 2534 2426 2606 Projecitque
2460 2533 2721 2589 Dominus
2748 2548 2909 2589 omne
2936 2546 3129 2589 semen
3158 2531 3345 2599 lsrael,
3394 2540 3452 2587 et
3488 2530 3686 2588 afﬂixit

2080 2641 2198 2693 eos,
2214 2636 2268 2683 et
2285 2625 2503 2682 tradidit
2519 2625 2573 2681 in
2595 2640 2755 2681 manu
2777 2624 3174 2695 diripientium,
3189 2623 3369 2680 donec
3385 2623 3681 2695 projiceret

2080 2733 2175 2773 eos
2201 2731 2230 2770 a
2253 2717 2391 2772 facie
2406 2730 2503 2772 sua
2530 2732 2543 2770 :
2570 2732 2640 2772 ex
2665 2731 2733 2772 eo
2756 2716 2867 2787 jam
2896 2726 3139 2787 tempore
3161 2756 3178 2782 ,
3207 2729 3317 2786 quo
3354 2714 3559 2771 scissus
3586 2724 3676 2771 est

2080 2808 2240 2864 lsrael
2269 2823 2300 2863 a
2318 2807 2481 2863 domo
2498 2806 2687 2873 David,
2701 2818 2756 2864 et
2784 2807 3190 2863 constituerunt
3202 2806 3307 2863 sibi
3326 2821 3506 2877 regem
3518 2806 3673 2862 Jero-

2079 2902 2240 2958 boam
2264 2901 2431 2958 ﬁlium
2458 2902 2628 2958 Nabat
2650 2919 2665 2956 :
2684 2903 2961 2973 separavit
2985 2900 3130 2958 enim
3153 2900 3441 2958 Jeroboam
3456 2899 3623 2956 lsrael
3645 2915 3677 2954 a

2084 2994 2334 3064 Domino,
2361 3005 2418 3052 et
2445 3011 2671 3064 peccare
2692 3010 2789 3052 eos
2817 2996 2943 3052 iecit
2986 3003 3265 3066 peccatum
3292 3008 3570 3064 magnum.
3610 2993 3677 3048 Et

2082 3088 2498 3145 ambulaverunt
2527 3088 2621 3144 ﬁlii
2654 3088 2819 3144 lsrael
2842 3087 2908 3142 in
2941 3086 3206 3143 universis
3242 3086 3481 3156 peccatis
3518 3084 3680 3139 Jeroo

383 3192 507 3237 runt
537 3181 617 3251 [h.
648 3178 982 3249 timuerunt]
1013 3178 1144 3233 deos
1185 3174 1412 3231 alienos.
1465 3173 1532 3228 Bt
1560 3172 1978 3227 ambulaverunt
2002 3169 2046 3233 C
2081 3181 2237 3236 beam
2278 3194 2398 3249 qua;
2429 3179 2632 3235 fecerat
2666 3197 2680 3233 ε
2711 3193 2819 3234 non
2856 3184 3203 3235 recesserunt
3229 3174 3298 3231 ab
3338 3175 3455 3242 eis,
3481 3190 3683 3245 usque-

381 3273 531 3347 juxta
564 3273 729 3328 ritum
777 3271 1020 3343 gentium
1046 3310 1061 3335 ,
1107 3284 1244 3339 quas
1271 3272 1690 3336 consumpserat
1719 3264 1980 3320 Dominus

387 3368 439 3420 in
471 3371 766 3436 conspectu
808 3363 1042 3418 ﬁliorum
1090 3359 1278 3427 lsrael,
1326 3367 1382 3414 et
1407 3372 1593 3426 regum
1614 3356 1779 3413 Israel
1811 3374 1822 3410 :
1855 3356 1978 3426 quia

386 3458 630 3514 similiter
658 3457 920 3513 fecerant.
953 3456 1021 3511 Et
1048 3452 1077 3491 ἀ
1101 3458 1436 3525 operuerunt
1464 3450 1561 3505 lilii
1590 3448 1755 3506 Israel
1794 3450 1982 3505 verbis

389 3568 498 3607 non
541 3552 707 3607 rectis
748 3549 1035 3605 Dominum
1064 3548 1233 3603 Deum
1274 3560 1457 3609 suum,
1496 3552 1553 3600 et
1578 3543 1984 3599 aediﬁcaverunt

391 3646 494 3702 sibi
524 3646 737 3703 excelsa
768 3646 819 3699 in
852 3643 1063 3700 cunctis
1107 3640 1334 3697 urbibus
1367 3640 1502 3704 suis,
1542 3652 1572 3692 a
1603 3645 1754 3693 turre
1792 3636 1985 3693 Custo-

394 3738 521 3793 dum
549 3751 722 3807 usque
761 3735 826 3791 ad
854 3733 1126 3790 civitatem
1158 3730 1437 3787 Munitam.
1479 3727 1853 3799 Feceruntque
1881 3729 1987 3786 sibi

400 3842 603 3888 statuas
631 3831 710 3904 [h.
742 3828 974 3902 titulos],
1005 3837 1058 3883 ct
1107 3828 1259 3884 lucos
1306 3826 1364 3881 in
1392 3825 1542 3881 omni
1572 3825 1713 3881 colle
1741 3825 1984 3893 sublimi,

401 3935 456 3980 et
493 3925 680 3980 subter
718 3938 883 3979 omne
917 3923 1122 3992 lignum
1167 3935 1543 3988 nemorosum,
1590 3927 1646 3974 et
1701 3918 1990 3973 adolebant

400 4017 469 4071 ibi
496 4016 778 4075 incensum
811 4029 976 4085 super
996 4028 1116 4068 aras
1143 4011 1227 4084 [h.
1254 4009 1503 4081 excelsa]
1532 4010 1587 4064 in
1618 4024 1823 4065 morem
1854 4026 1991 4082 gen-

402 4112 552 4176 tium,
581 4122 716 4180 quas
744 4106 1097 4162 transtulerat
1125 4103 1384 4161 Dominus
1417 4118 1447 4158 a
1477 4102 1610 4159 facie
1636 4117 1823 4157 eorum
1857 4119 1870 4155 :
1915 4103 1991 4158 fec

400 4212 700 4273 ceruntque
728 4211 751 4240 ε
779 4201 943 4256 verba
983 4199 1217 4270 pessima
1257 4196 1534 4251 irritantes
1565 4194 1877 4250 Dominum.
1924 4194 1993 4249 Et

402 4298 683 4353 coluerunt
711 4293 1103 4358 immunditias,
1132 4290 1199 4346 de
1237 4290 1433 4360 quibus
1477 4297 1811 4360 praeceperat
1839 4286 1857 4359 [
1884 4286 1991 4342 Ms.

2082 3289 2191 3344 quo
2209 3272 2450 3329 auferret
2475 3273 2738 3329 Dominus
2769 3272 2934 3328 lsrael
2952 3288 2982 3326 a
3005 3270 3143 3327 facie
3163 3283 3285 3335 sua,
3306 3269 3449 3326 sicut
3465 3269 3681 3326 locutus

2082 3366 2259 3421 fuerat
2296 3364 2349 3419 in
2395 3379 2555 3419 manu
2592 3362 2835 3419 omnium
2868 3377 3150 3419 servorum
3185 3376 3409 3417 suorum
3441 3359 3681 3431 prophco

2083 3468 2262 3514 tarum
2296 3474 2310 3512 :
2336 3457 2743 3527 translatusque
2769 3464 2853 3512 est
2890 3453 3059 3511 Israel
3091 3454 3159 3510 de
3185 3462 3331 3510 terra
3360 3468 3458 3509 sua
3486 3452 3541 3506 in
3572 3452 3679 3507 A84

2084 3553 2291 3625 syrios,
2332 3565 2504 3622 usque
2549 3550 2602 3605 in
2638 3549 2781 3605 diem
2829 3548 2987 3604 hanc.
3020 3546 3119 3621 [Τ.
3151 3543 3396 3617 CXCll.]
3445 3542 3689 3601 Adduxit

2086 3652 2266 3700 autem
2295 3658 2392 3699 rex
2420 3642 2770 3712 Assyriorum
2795 3640 2866 3696 de
2892 3639 3198 3711 Babylone,
3222 3646 3280 3692 et
3305 3636 3377 3692 de
3397 3634 3570 3692 Cutha
3586 3675 3601 3699 ,
3632 3633 3695 3687 et

2087 3738 2156 3793 de
2198 3737 2309 3792 Ava
2352 3731 2493 3806 [Με.
2520 3731 2799 3805 liavath],
2829 3742 2885 3788 et
2913 3730 2982 3787 de
3018 3730 3246 3793 Emath,
3272 3735 3328 3783 et
3353 3725 3423 3783 de
3441 3723 3685 3795 Sephar-

2086 3828 2230 3884 vaim
2252 3870 2267 3895 ,
2306 3835 2362 3881 et
2401 3822 2690 3880 collocavit
2724 3837 2820 3879 eos
2850 3823 2902 3877 in
2933 3821 3249 3878 civitatibus
3289 3815 3554 3876 Samaria
3584 3829 3687 3885 pro

2091 3920 2218 3976 ﬁliis
2244 3918 2410 3975 lsrael
2442 3936 2465 3976 ει
2481 3919 2572 3989 qui
2602 3915 2969 3989 possederunt
3003 3913 3301 3972 Samariam
3336 3950 3352 3977 ,
3400 3918 3457 3966 et
3482 3909 3693 3965 habita.

2089 4022 2285 4070 verunt
2314 4013 2369 4068 in
2398 4011 2621 4067 urbibus
2664 4009 2805 4080 ejus.
2835 4009 3079 4081 Cumque
3110 4006 3185 4062 ibi
3216 4005 3468 4062 habitare
3494 4001 3694 4073 capis-

2092 4116 2237 4174 sent,
2269 4122 2377 4163 non
2401 4105 2669 4162 timebant
2698 4104 3021 4170 Dominum,
3054 4110 3109 4157 et
3131 4099 3357 4157 immisit
3378 4098 3429 4152 in
3462 4111 3560 4151 eos
3587 4095 3693 4150 De-

2095 4200 2273 4256 minus
2297 4200 2516 4263 leones,
2563 4195 2656 4267 qui
2688 4194 3087 4252 interﬁciebant
3124 4207 3240 4248 eos.
3267 4190 3691 4254 Nuntiatumque

2093 4301 2177 4349 est
2205 4291 2317 4362 regi
2342 4289 2707 4362 Assyriorum,
2741 4286 3019 4345 etdictum
3054 4283 3324 4346 :Centes,
3352 4294 3486 4350 quas
3508 4287 3687 4331 trans-

403 4387 682 4460 praucepit]
713 4388 969 4443 Dominus
999 4386 1103 4449 eis.
1142 4398 1209 4439 ne
1238 4381 1473 4438 facerent
1512 4382 1736 4435 verbum
1768 4379 1889 4435 hoc.
1926 4378 1998 4433 Et
2099 4381 2304 4445 tulisti,
2353 4391 2408 4437 et
2450 4380 2699 4436 habitare
2745 4377 2922 4435 fecisti
2966 4376 3021 4430 in
3059 4372 3369 4431 civitatibus
3401 4367 3697 4429 Samarim,

404 4485 722 4540 testilicatus
752 4491 836 4538 est
876 4479 1139 4536 Dominus
1183 4479 1235 4533 in
1264 4477 1429 4532 Israel
1478 4484 1533 4532 et
1562 4474 1723 4544 Juda,
1749 4490 1846 4545 per
1875 4489 1995 4529 ma-

2097 4474 2419 4547 ignnrabant
2455 4471 2695 4542 legitima
2735 4470 2831 4526 Dei
2884 4477 3084 4534 terrae,
3129 4474 3187 4521 et
3216 4462 3441 4518 immisit
3500 4462 3554 4515 in
3607 4470 3705 4514 eos

407 4594 534 4639 num
575 4577 815 4631 omnium
856 4575 1246 4646 prophetarum
1276 4578 1333 4625 et
1366 4569 1662 4625 videntium
1690 4611 1706 4637 ,
1756 4568 1941 4624 dicens
1979 4584 1992 4624 :
2023 4585 2078 4645 ι)
2104 4567 2356 4622 Dominus
2385 4564 2463 4637 [h.
2494 4579 2601 4619 non
2636 4558 2817 4631 habet]
2855 4560 3046 4615 leones
3069 4598 3083 4623 ,
3116 4567 3172 4614 et
3200 4570 3328 4614 ecce
3368 4551 3705 4609 interﬁciunt

408 4667 763 4723 Revertimini
808 4682 836 4721 a
886 4666 987 4721 viis
1034 4665 1229 4721 vestris
1276 4661 1569 4733 pessimis,
1624 4670 1679 4717 et
1728 4661 1997 4717 custodite

408 4767 691 4829 prtecepta
714 4772 851 4823 mea,
885 4767 940 4813 et
973 4755 1347 4825 caeremonias,
1373 4755 1523 4825 juxta
1555 4768 1770 4810 omnem
1802 4753 1997 4823 legem,

409 4866 571 4924 quam
603 4851 835 4923 prmcepi
864 4850 1104 4923 patribus
1134 4849 1352 4920 vestris,
1391 4859 1447 4906 et
1477 4850 1619 4906 sicut
1646 4847 1767 4903 misi
1808 4846 1875 4902 ad
1907 4861 2003 4902 vos

413 5088 425 5103 '
492 5093 518 5122 ἰ
546 5082 791 5139 Plurium
822 5093 1049 5137 numero
1078 5095 1200 5136 cum
1229 5079 1455 5135 Hebraeo
1496 5085 1645 5134 textu
1685 5092 1789 5133 ms.
1839 5075 2013 5133 Vero-

419 5171 581 5215 nens.
612 5155 1014 5223 wdiﬁcnverqnt.

492 5227 519 5267 ι’
546 5219 885 5284 Scholiastes
903 5222 1141 5279 Canonis
1166 5221 1297 5287 legit
1321 5220 1407 5276 hic
1428 5235 1526 5276 suo
1548 5234 1701 5276 more
1720 5231 1759 5280 ε)
1784 5219 2010 5277 Samech

421 5314 595 5371 ινιτ-ι,
629 5296 771 5363 quod
820 5295 1067 5371 n_uspiai_n
1119 5294 1366 5363 reperies
1418 5292 1559 5359 apud
1591 5292 2010 5371 Hieronymum,

424 5361 515 5438 qui
562 5361 797 5423 litteram
826 5361 1046 5422 Samech
1076 5361 1244 5438 peris
1280 5377 1511 5438 semper
1540 5361 1877 5438 pronuntiari
1913 5377 2013 5438 vo-

427 5432 531 5495 l'uit
561 5458 572 5493 :
604 5439 748 5494 unde
772 5439 936 5492 habet
954 5453 1048 5490 sua
1074 5432 1174 5505 pro
1197 5434 1426 5505 Hebraeo
1446 5442 1549 5491 N‘D
1579 5474 1593 5497 ,
1612 5432 2011 5505 quodscliolia-

429 5521 544 5568 stes
586 5519 842 5578 corrupte
874 5509 1004 5575 legit
1033 5502 1115 5561 zo.
1145 5504 1385 5578 Latinus“
1407 5504 1677 5578 interpres
1702 5502 2013 5578 Clialdnicte

432 5574 836 5651 paraphraséws
866 5574 1177 5651 corruptam
1220 5574 1526 5651 scholiaszis
1568 5576 1735 5629 nostri
1779 5575 2023 5651 imitatur

439 5644 968 5722 pronuntiationem;
1002 5644 1193 5704 scribit
1222 5649 1363 5722 enim
1404 5662 1524 5722 z_._zo,
1581 5662 1680 5722 pro
1714 5655 1820 5722 mp
1858 5644 2025 5722 Chal-

443 5715 620 5792 daico.
652 5721 797 5777 LXX
829 5725 881 5777 in
908 5717 1539 5792 aliquotgexemplaribus
1566 5719 1777 5792 _Segor,
1811 5717 1865 5771 in
1882 5715 2029 5792 'Ale-

446 5791 723 5863 xandripo
762 5793 869 5851 Soa
908 5786 1323 5850 transtulerunt.
1356 5788 1525 5861 Syrus
1554 5786 1703 5859 Sou',
1732 5797 1827 5845 aut
1873 5786 1987 5843 Sau
2013 5825 2030 5855 ,

2104 4675 2222 4728 eos,
2243 4674 2309 4715 eo
2329 4657 2470 4729 quod
2496 4658 2745 4728 ignorent
2779 4654 2941 4710 ritum
2973 4653 3066 4706 Dei
3098 4659 3278 4707 terrae.
3309 4645 3578 4718 Prtrcepit
3603 4660 3700 4698 au-

2109 4765 2215 4812 tem
2239 4770 2335 4810 rex
2366 4752 2712 4825 Assyriorum
2737 4789 2754 4816 ,
2784 4748 2971 4805 dicens
3001 4764 3014 4801 :
3049 4743 3238 4801 Ducite
3281 4742 3413 4798 illuc
3441 4754 3605 4795 unum
3633 4738 3704 4793 de

2110 4847 2482 4905 sacerdotibus
2510 4890 2525 4916 ,
2556 4858 2693 4916 quos
2723 4841 2849 4899 inde
2876 4840 3120 4912 captivos
3145 4833 3453 4893 adduxistis
3473 4872 3488 4900 ,
3529 4838 3585 4887 et
3613 4843 3705 4884 va-

2123 5080 2298 5136 Arabs
2327 5078 2473 5138 Saou
2499 5079 2680 5135 habet.
2709 5078 2886 5134 Mnn'r.

2195 5164 2219 5190 ο
2272 5154 2369 5209 llic
2414 5168 2547 5207 vero
2592 5152 2790 5206 minori
2844 5158 3073 5203 numero
3103 5142 3366 5200 Hebraeus
3394 5145 3560 5209 atque
3606 5141 3713 5192 ms.

2123 5222 2423 5279 Veronens.
2461 5223 2667 5294 habent
2695 5221 2960 5294 tributum.
3315 5283 3330 5294 ,
3442 5278 3477 5294 ,,

2195 5295 2221 5331 ί¹
2249 5277 2329 5349 Ita
2343 5277 2526 5349 Canon
2560 5293 2699 5347 Heb.
2731 5290 2976 5347 veritatis
3008 5297 3061 5343 et
3102 5300 3201 5343 ms.
3232 5277 3709 5357 codexhColbertiv

2125 5382 2226 5420 nus
2271 5365 2608 5426 Aniciensis,
2651 5378 2754 5418 nec
2783 5376 2888 5415 non
2923 5361 3273 5428 perantiquus
3302 5355 3360 5409 S.
3399 5350 3657 5407 Germani
3687 5359 3717 5397 tt

2119 5436 2297 5492 Pratis
2323 5438 2542 5499 num.3,
2560 5435 2659 5489 etsi
2692 5426 3025 5501 abimperito
3050 5426 3404 5501 emendatore
3432 5428 3727 5501 corruptus

2129 5509 2358 5577 legatur.
2392 5493 2801 5577 Cmterilrgunt
2842 5493 3203 5577 offenderunt,
3246 5493 3732 5577 velirritarerttut.

2130 5557 2556 5632 'ciiia'iiméii'iii
2576 5557 2745 5631 Hebr.
2778 5557 3035 5642 scriptum
3064 5573 3137 5626 sit
3173 5557 3396 5642 manu,
3438 5557 3582 5633 quod
3610 5569 3731 5627 ope-

2136 5659 2347 5703 ruerunt
2380 5656 2436 5702 ct
2463 5646 2849 5701 Occullarerunt
2869 5640 3163 5713 signiﬁcat.
3190 5640 3372 5697 MART.

2214 5728 2237 5756 ο
2265 5718 2430 5778 Tacet
2458 5718 2605 5776 Idem
2624 5732 2754 5787 ms.,
2786 5716 2959 5773 verba.
