3994 6342
344 243 452 303 755

1343 240 1403 296 S.
1445 233 1831 295 HIERONYMI
1872 233 2103 295 DIVINA
2145 236 2623 297 BIBLIO’I‘IIECA.

3535 237 3648 299 ’156

342 358 466 427 dat,
492 367 549 416 et
586 357 794 416 habitet
833 371 958 414 cum
981 353 1064 414 eis
1084 397 1100 424 ,
1129 363 1185 413 et
1219 353 1418 412 doceat
1443 367 1540 410 eos
1569 352 1810 424 legitima
1841 351 1942 409 Del
1967 355 2020 416 A
2045 363 2202 426 pater
2223 355 2347 426 ejus
2371 355 2500 429 [Με.
2529 355 2704 430 suus].
2752 355 2859 433 [τ.
2893 354 3142 431 CXCV.]
3195 357 3320 430 Ipse
3360 356 3652 428 dissipavit

345 463 530 510 terrae.
563 451 736 522 Igitur
757 465 880 506 cum
893 450 1134 507 venisset
1163 461 1305 502 unus
1333 445 1402 502 de
1427 443 1804 502 sacerdotibus
1830 443 1938 512 his,

347 547 438 618 qui
481 543 682 616 captivi
707 543 856 600 ducti
892 543 1108 600 fuerant
1145 541 1214 596 de
1254 539 1496 597 Samaria
1523 583 1538 609 ,
1584 538 1849 594 habitavit
1889 539 1944 594 in

345 639 578 696 Beth-EI
606 680 622 706 ,
667 647 724 695 et
759 638 992 694 docebat
1028 649 1123 692 eos
1153 638 1429 706 quomodo
1481 634 1728 690 colerent
1757 632 1943 688 Domi-

345 749 499 788 num.
527 731 597 787 Et
625 740 960 802 unaquaeque
978 743 1112 801 gens
1139 725 1404 783 fabricata
1434 734 1519 782 est
1539 726 1716 782 Deum
1741 740 1897 780 suum
1927 741 1943 778 :

347 835 760 898 posueruntque
787 827 882 880 eos
909 822 966 877 in
989 819 1130 877 fanis
1156 820 1418 887 excelsis,
1443 833 1562 890 qua!
1585 818 1830 876 fecerant
1848 817 1948 875 Sa-

237 968 242 976 .
347 920 739 988 ntaritte,gens
766 923 820 972 et
844 927 977 986 gens
999 913 1052 970 in
1077 913 1301 969 urbibus
1330 913 1473 982 suis,
1519 911 1574 967 in
1614 911 1810 983 quibus
1851 909 1948 966 ha-

347 1011 623 1067 bitabant.
680 1007 792 1065 Viri
845 1007 992 1064 enim
1045 1006 1332 1080 Babylonii
1387 1006 1634 1062 fecerunt
1687 1004 1950 1062 Sochoth-

349 1102 561 1159 Benoth
593 1120 606 1156 :
640 1102 738 1158 viri
772 1109 952 1156 autem
986 1098 1194 1156 Chutaai
1236 1097 1369 1172 [Με.
1406 1095 1663 1170 Chuteni]
1703 1096 1951 1160 fecerunt

347 1196 577 1268 Nergel,
627 1204 683 1251 et
714 1195 815 1250 viri
872 1195 943 1251 de
995 1193 1191 1249 Emath
1229 1195 1481 1250 fecerunt
1514 1192 1721 1248 Asima.
1777 1193 1948 1250 Porro

345 1291 494 1348 Avari
525 1288 653 1363 [Με.
693 1287 843 1360 Evcl]
868 1288 1116 1344 fecerunt
1148 1287 1363 1343 Nebaaz
1401 1296 1454 1342 et
1486 1285 1766 1342 Tharthac
1801 1284 1944 1358 [Με.

351 1381 670 1453 Therthac].
705 1381 771 1437 Ili
796 1390 978 1438 autem
1001 1382 1093 1452 qui
1135 1389 1296 1436 erant
1324 1380 1393 1435 de
1423 1367 1778 1451 Sepharvaim
1806 1391 1950 1433 com-

344 1476 614 1534 burebant
644 1476 785 1531 ﬁlios
811 1488 942 1530 suos
973 1474 1106 1544 igni,
1139 1471 1501 1528 Adramelech
1532 1479 1586 1527 et
1614 1468 1947 1526 Anamelech

347 1569 454 1626 diis
499 1567 862 1640 Sepharvaim
897 1584 909 1621 :
942 1574 998 1622 et
1030 1565 1394 1621 nihilominus
1451 1563 1704 1620 colebant
1758 1562 1945 1618 Domi-

348 1679 502 1720 num.
527 1662 798 1718 Fecerunt
822 1659 923 1715 sibi
959 1658 1029 1716 de
1085 1658 1397 1715 novissimis
1425 1656 1738 1714 sacerdotes
1761 1655 1949 1711 excel-

2046 449 2282 517 excelsa,
2314 459 2369 505 et
2393 451 2651 506 contrivit
2673 459 2880 507 statuas
2904 451 2983 525 [h.
3015 450 3266 523 titulos],
3313 459 3369 508 et
3410 449 3652 507 succidit

2045 542 2220 610 lucos,
2245 543 2618 615 confregitqne
2639 555 2951 616 serpentem
2974 560 3182 602 sericum
3200 545 3325 617 [ιε.
3365 544 3598 617 aereum]
3631 588 3648 613 ,

2047 651 2208 708 quem
2237 636 2442 693 fecerat
2476 637 2656 694 Moses
2686 656 2702 692 :
2729 640 2996 710 siquidem
3050 654 3222 711 usque
3247 639 3315 696 ad
3342 640 3474 696 illud
3506 647 3652 696 tent-

2049 743 2150 800 pus
2178 729 2273 785 ﬁlii
2309 729 2475 786 Israel
2525 728 2821 788 adolehaut
2871 733 2924 788 ei
2967 732 3249 790 incensum
3282 749 3295 786 :
3327 731 3655 800 voeavitque

2053 836 2254 878 nomen
2298 821 2419 893 ejus
2448 832 2472 862 α
2501 821 2798 880 Naasthan.
2842 824 2902 880 lu
2932 827 3162 882 Dentan
3191 827 3303 882 Deo
3328 824 3498 881 Israel
3525 837 3658 892 spe-

2049 914 2225 970 ravit:
2259 914 2443 985 itaque
2469 924 2595 986 post
2617 930 2740 972 eum
2775 929 2885 972 non
2915 917 3017 972 fuit
3038 917 3234 973 similis
3263 917 3318 973 ei
3348 917 3419 973 de
3434 917 3658 972 cunctis

2048 1009 2267 1080 regibus
2289 1009 2450 1076 Iuda,
2478 1009 2575 1066 sed
2598 1025 2776 1081 neque
2797 1012 2850 1066 in
2877 1011 2961 1067 his
2983 1013 3072 1084 qui
3095 1020 3224 1068 ante
3247 1017 3384 1068 eum
3402 1011 3652 1068 fuerunt:

2049 1111 2106 1160 et
2131 1102 2360 1160 adhaesit
2383 1103 2638 1172 Domino,
2687 1114 2872 1160 etnon
2905 1105 3137 1160 recessit
3161 1119 3189 1160 a
3213 1104 3461 1175 vestigiis
3489 1103 3610 1173 ejus
3635 1143 3654 1168 ,

2049 1195 2284 1267 fecitque
2323 1195 2400 1267 [h.
2431 1195 2864 1269 custodivitque]
2897 1197 3151 1253 mandata
3181 1197 3328 1268 ejus,
3365 1213 3486 1268 quae
3512 1205 3658 1267 prm-

2049 1297 2270 1358 ceperat
2297 1287 2560 1342 Dominus
2583 1287 2742 1344 Mosi.
2777 1287 2934 1344 Unde
2970 1298 3022 1345 et
3065 1296 3186 1344 erat
3238 1290 3503 1345 Dominus
3525 1304 3654 1344 cum

2049 1394 2137 1445 eo,
2163 1387 2216 1435 et
2246 1379 2301 1435 in
2341 1379 2571 1448 cunctis,
2613 1380 2679 1435 ad
2702 1395 2828 1452 qute
2863 1380 3228 1452 procedebat,
3281 1381 3555 1452 sapienter
3592 1395 3660 1436 se

2049 1471 2267 1542 agebat.
2298 1470 2606 1528 Rebellavit
2659 1486 2878 1543 quoque
2923 1481 3115 1530 contra
3168 1487 3352 1545 regem
3400 1472 3660 1544 Assyrio-

2049 1579 2194 1632 rum,
2217 1573 2272 1619 et
2299 1579 2406 1618 non
2439 1565 2668 1620 servivit
2697 1565 2770 1620 ei.
2813 1565 2933 1635 Ipse
2990 1565 3260 1635 percussit
3301 1563 3660 1620 Philisthaeos

2049 1671 2220 1726 usque
2268 1657 2471 1712 Gazam
2504 1699 2520 1725 ,
2575 1665 2630 1713 et
2678 1670 2872 1712 omnes
2898 1657 3164 1712 terminos
3194 1672 3406 1722 eorum,
3437 1671 3467 1711 a
3499 1665 3656 1712 turre

349 1772 562 1824 sorum,
592 1762 648 1811 et
675 1753 950 1825 ponebant
977 1765 1074 1808 eos
1100 1752 1155 1806 in
1191 1751 1330 1806 fanis
1354 1750 1481 1823 [Ms.
1518 1749 1751 1822 finibus]
1777 1748 1945 1804 subli-
1974 1748 2024 1810 Il
2050 1751 2346 1809 Custodum
2381 1765 2553 1823 usque
2582 1751 2651 1807 ad
2681 1751 2958 1807 civitatem
2988 1751 3251 1806 Munitam
3285 1749 3414 1823 [Με.
3461 1765 3655 1806 mura-

350 1851 548 1905 mibus.
577 1849 643 1902 Et
669 1861 795 1901 cum
821 1845 1109 1900 Dominum
1132 1843 1412 1910 colerent,
1443 1841 1547 1898 diis
1589 1855 1804 1912 quaque
1832 1840 1946 1894 suis

349 1940 664 1998 serviebant
684 1937 842 2009 juxta
862 1933 1310 1992 consuetudinem
1338 1933 1581 2006 gentium
1609 1974 1623 2000 ,
1650 1933 1720 1988 de
1748 1931 1948 2002 quibus

347 2030 596 2088 translati
637 2031 851 2086 fuerant
897 2028 1201 2085 Samariam
1249 2044 1263 2082 :
1307 2042 1484 2099 usque
1524 2027 1577 2082 in
1621 2035 1944 2097 praesentem

348 2125 490 2183 diem
520 2139 729 2180 morem
759 2134 1066 2194 sequuntur
1091 2122 1397 2192 antiquum.
1431 2119 1515 2192 [T.
1548 2117 1799 2190 CXCIII]
1826 2118 1944 2174 Non

350 2215 868 2286 timentDominum,
889 2229 1064 2287 neque
1085 2212 1400 2270 custodiunt
1422 2210 1780 2268 caeremonias
1801 2211 1944 2280 ejus,

343 2311 568 2383 judicia,
593 2319 647 2366 et
675 2311 872 2382 legem,
915 2315 974 2365 et
1021 2306 1376 2373 mandatum,
1424 2303 1570 2376 quod
1614 2310 1948 2375 praeceperat

353 2401 614 2458 Dominus
637 2400 765 2456 filiis
792 2399 982 2466 Jacob,
1017 2411 1182 2470 quem
1212 2394 1616 2468 cognominavit
1657 2393 1854 2461 Israel,
1891 2399 1950 2449 et

354 2504 702 2565 percusserat
745 2507 869 2548 cum
919 2491 1001 2548 eis
1042 2499 1283 2563 pactum,
1332 2498 1386 2544 et
1445 2487 1800 2544 mandaverat
1842 2486 1944 2552 eis,

348 2591 540 2647 dicens
571 2607 584 2645 :
618 2589 796 2645 Nolite
825 2587 1020 2645 timere
1045 2587 1180 2644 deos
1201 2586 1410 2642 alienos
1433 2623 1450 2652 ,
1484 2589 1542 2639 et
1569 2597 1674 2637 non
1706 2580 1948 2637 adoretis

349 2699 471 2753 eos,
496 2679 670 2755 neque
693 2681 888 2738 colatis
913 2695 1008 2736 eos
1038 2679 1188 2753 [Με.
1214 2688 1314 2735 tas.
1347 2675 1463 2748 eos]
1487 2721 1501 2746 ,
1534 2687 1587 2734 et
1619 2690 1725 2733 non
1755 2671 1949 2729 immo-

346 2779 476 2835 letis
503 2779 583 2835 eis
612 2798 625 2832 :
658 2777 756 2832 sed
784 2774 1071 2831 Dominum
1097 2772 1264 2828 Deum
1282 2781 1505 2827 vestrum
1552 2769 1648 2843 [h.
1686 2783 1793 2824 non
1850 2767 1948 2821 ha-

347 2870 466 2944 bet]
490 2911 507 2938 ,
546 2871 639 2942 qui
669 2869 862 2926 eduxit
889 2881 988 2922 vos
1009 2867 1076 2922 de
1103 2874 1246 2921 terra
1284 2863 1506 2936 Egypti
1537 2864 1590 2917 in
1628 2857 1950 2917 fortitudine

349 2978 578 3035 magna,
613 2972 670 3018 et
707 2963 761 3017 in
801 2959 1025 3017 brachio
1063 2965 1288 3015 extento
1323 2973 1336 3011 :
1377 2955 1554 3026 ipsum
1615 2955 1836 3018 timete.
1891 2957 1950 3008 et

350 3057 503 3113 illum
528 3055 774 3119 adorato,
799 3061 857 3109 et
882 3051 984 3123 ipsi
1011 3049 1314 3106 immolate.
1336 3047 1707 3103 Caeremonias
1727 3059 1947 3116 quoque

2049 1843 2203 1915 tam].
2239 1845 2397 1898 Anno
2454 1852 2651 1914 quarto
2699 1844 2845 1915 regis
2875 1843 3160 1914 Ezechiae,
3190 1844 3280 1916 qui
3307 1852 3427 1900 erat
3477 1857 3657 1899 annus

2047 1936 2313 2006 septimus
2339 1936 2482 1992 Osee
2512 1935 2604 1990 ﬁlii
2632 1937 2727 1992 Ela
2756 1937 2896 2008 regis
2923 1937 3091 1994 Israel
3123 1978 3139 2005 ,
3169 1936 3416 1993 ascendit
3441 1935 3658 1993 Salma-

2050 2041 2213 2081 nasar
2237 2041 2332 2082 rex
2362 2025 2718 2096 Assyriorum
2749 2027 2802 2082 in
2830 2023 2960 2100 [Mm
2989 2036 3128 2084 facet
3155 2026 3245 2100 in]
3300 2025 3601 2083 Samariam
3633 2067 3652 2095 ,

2049 2129 2102 2175 et
2126 2120 2461 2191 oppugnavit
2485 2131 2604 2174 eam
2627 2161 2642 2188 ,
2667 2131 2724 2176 et
2752 2121 2917 2192 cepit.
2947 2121 3080 2177 Nam
3107 2129 3229 2192 post
3281 2135 3460 2178 annos
3501 2128 3613 2177 tres
3633 2161 3651 2189 ,

2048 2227 2196 2268 anno
2221 2221 2401 2288 .sexto
2425 2211 2681 2270 Ezechiae
2709 2255 2725 2277 ,
2757 2213 2812 2269 id
2841 2222 2924 2269 est
2953 2225 3100 2269 nono
3149 2227 3295 2268 anno
3337 2212 3358 2288 [
3385 2212 3490 2269 la.
3517 2222 3652 2287 tacet

2048 2305 2214 2380 anno]
2245 2305 2385 2364 Osee
2411 2307 2553 2378 regis
2572 2307 2763 2372 Israel,
2790 2313 2951 2376 capta
2973 2315 3057 2364 est
3084 2307 3354 2375 Samaria,
3378 2317 3435 2364 et
3460 2315 3654 2364 trans-

2049 2399 2173 2456 tulit
2213 2412 2311 2453 rex
2345 2398 2696 2470 Assyriorum
2717 2397 2884 2455 Israel
2915 2399 2967 2454 in
2995 2399 3252 2472 Assyrios
3273 2442 3288 2465 ,
3320 2399 3651 2456 collocavit-

2049 2505 2156 2563 que
2181 2505 2276 2547 eos
2305 2491 2361 2546 in
2403 2491 2538 2546 Mala
2564 2500 2618 2546 et
2656 2491 2708 2546 in
2737 2491 2926 2548 Habor
2963 2491 3142 2547 fluviis
3181 2491 3363 2548 Gozan
3394 2491 3521 2565 [Δια.
3545 2490 3655 2548 Ga-

2048 2583 2172 2658 zan]
2203 2584 2256 2639 in
2286 2582 2595 2640 civitatibus
2623 2583 2704 2658 [h.
2733 2595 2787 2640 et
2826 2585 2881 2640 in
2926 2585 3280 2659 civitatibus]
3325 2587 3601 2642 Medorum
3635 2603 3649 2640 :

2049 2677 2175 2748 quia
2203 2691 2306 2732 non
2331 2674 2628 2731 audierunt
2656 2692 2847 2732 vocem
2879 2676 3098 2734 Domini
3126 2678 3223 2734 Dei
3254 2679 3361 2746 sui,
3393 2678 3488 2734 sed
3516 2693 3656 2749 prat-

2051 2769 2310 2839 tergressi
2337 2778 2462 2825 sunt
2493 2779 2713 2841 paetum
2739 2769 2860 2841 ejus
2892 2787 2908 2828 :
2941 2773 3126 2828 omnia
3165 2787 3286 2844 quae
3315 2778 3657 2844 praeceperat

2049 2862 2229 2918 Moses
2260 2849 2450 2918 servus
2476 2861 2713 2932 Domini,
2754 2879 2862 2920 non
2894 2864 3227 2934 audierunt,
3279 2879 3457 2936 neque
3499 2865 3652 2920 fece-

2049 2963 2198 3010 runt.
2231 2953 2317 3027 [Τ.
2343 2951 2599 3027 CXCVI]
2632 2955 2792 3012 Anno
2837 2965 3036 3027 quarto
3071 2957 3287 3014 decimo
3327 2957 3473 3029 regis
3514 2955 3654 3013 Eze-

2049 3047 2228 3113 chiae,
2259 3044 2509 3101 ascendit
2558 3046 2934 3105 Sennacherih
2974 3046 3003 3088 ά
3053 3065 3150 3106 rex
3190 3049 3539 3122 Assyriorum
3579 3049 3653 3106 ad

348 3156 406 3204 et
431 3146 632 3219 judicia
653 3187 670 3212 ,
701 3155 755 3201 et
783 3143 967 3214 legem
996 3182 1012 3210 ,
1049 3150 1105 3198 et
1149 3139 1461 3195 mandatum
1485 3179 1500 3205 ,
1549 3138 1695 3208 quod
1729 3136 1948 3206 scripsit
1973 3139 2020 3204 C
2052 3140 2340 3199 universas
2361 3143 2620 3198 civitates
2646 3140 2782 3197 Juda
2815 3143 3074 3211 munitas,
3109 3143 3333 3213 etcepit
3360 3157 3475 3198 eas.
3498 3141 3654 3199 Tunc

345 3240 536 3309 vobis,
566 3237 869 3307 custodite,
896 3245 955 3292 ut
983 3235 1198 3292 faciatis
1221 3231 1433 3289 cunctis
1459 3229 1652 3287 diebus
1681 3271 1697 3296 ,
1733 3238 1793 3286 et
1835 3243 1944 3285 non

349 3332 584 3389 timeatis
618 3332 751 3386 deos
791 3329 1019 3384 alienos.
1053 3326 1119 3382 Et
1162 3332 1412 3395 pactum,
1445 3321 1589 3394 quod
1621 3329 1648 3360 ι
1675 3318 1946 3392 percussit

345 3429 628 3485 vobiscum
659 3468 674 3494 ,
699 3424 868 3481 nolite
895 3422 1140 3480 oblivisci
1167 3437 1182 3476 :
1209 3435 1310 3476 nec
1336 3417 1532 3475 colatis
1552 3417 1686 3474 deos
1710 3416 1941 3483 alienos,

345 3521 441 3579 sed
473 3523 758 3578 Dominum
789 3521 958 3575 Deum
987 3525 1227 3573 vestrum
1257 3516 1444 3571 timete
1468 3511 1489 3586 [
1510 3512 1567 3566 h.
1611 3522 1668 3568 et
1717 3527 1824 3568 non
1878 3511 1945 3566 ti-

347 3616 541 3671 meatis
585 3615 716 3670 deos
765 3611 972 3668 alienos
1008 3655 1021 3680 ,
1056 3608 1151 3665 sed
1190 3608 1476 3663 Dominum
1507 3605 1678 3661 Deum
1702 3613 1941 3660 vestrum

342 3705 564 3778 timete]
589 3748 604 3774 ,
651 3713 706 3760 et
757 3705 872 3775 ipse
900 3710 1056 3760 eruet
1079 3716 1176 3756 vos
1203 3699 1274 3756 de
1297 3715 1460 3755 manu
1486 3699 1728 3754 omnium
1760 3697 1944 3752 inimi-

345 3812 535 3853 corum
561 3804 892 3853 vestrorum.
920 3794 1001 3850 Illi
1021 3807 1152 3849 vero
1177 3807 1286 3849 non
1313 3791 1635 3856 audierunt;
1666 3789 1760 3846 sed
1788 3789 1942 3860 juxta

345 3891 793 3948 consuetudinem
822 3903 974 3945 suam
1017 3886 1300 3958 pristinam
1343 3883 1745 3956 perpetrabant.
1797 3882 1941 3940 Fue-

345 3997 476 4047 runt
491 3985 653 4055 igitur
671 3991 859 4054 gentes
884 3981 1002 4036 ista:
1015 3979 1267 4034 timentes
1288 3976 1503 4048 quidem
1523 3975 1829 4042 Dominum,
1844 3975 1941 4031 sed

344 4083 699 4143 nihilominus
720 4089 776 4136 et
801 4077 960 4134 idolis
985 4074 1097 4130 suis
1117 4071 1416 4129 servientes
1436 4067 1564 4144 [Με.
1585 4068 1938 4141 serviebant]:

343 4195 468 4237 nam
487 4187 542 4235 et
587 4175 681 4230 ﬁlii
709 4186 918 4236 eorum,
944 4178 1002 4225 et
1025 4174 1270 4236 nepotes,
1310 4163 1452 4220 sicut
1472 4163 1714 4218 fecerunt
1760 4169 1942 4232 patres

343 4264 750 4345 [Ms.parentes]
767 4263 870 4329 sui,
887 4263 959 4318 ita
973 4256 1419 4329 faciuntusquelu
1434 4264 1756 4326 praesentem
1769 4255 1935 4312 diem.

413 4362 502 4436 [T.
528 4357 755 4429 CXCIV,
789 4357 917 4429 Cap.
960 4350 1184 4425 εγω]
1240 4351 1400 4406 Anno
1445 4349 1609 4406 tertio
1653 4348 1798 4405 Osee
1844 4348 1939 4404 ﬁlii

343 4454 441 4511 Ela
472 4452 614 4523 regis
643 4451 832 4516 Israel,
862 4446 1106 4519 regnavit
1134 4443 1397 4500 Ezechias
1433 4442 1580 4497 ﬁlius
1610 4440 1759 4498 Ahaz
1794 4443 1939 4514 regis

2051 3233 2180 3308 [Ma.
2209 3234 2276 3291 Et
2296 3234 2475 3308 nunc]
2515 3235 2664 3292 misit
2697 3234 2960 3291 Ezechias
3003 3251 3098 3292 rex
3145 3235 3283 3292 Iuda
3321 3238 3542 3292 nuntios
3579 3237 3652 3294 ad

2049 3343 2236 3399 regem
2259 3326 2606 3400 Assyriorum
2657 3327 2712 3383 in
2737 3325 2864 3401 [M3,
2899 3335 3001 3382 tac.
3037 3326 3114 3398 in]
3159 3327 3380 3394 Lachis,
3414 3328 3601 3386 dicens
3634 3347 3650 3383 :

2047 3418 2299 3488 Peccavi,
2323 3421 2520 3477 recede
2545 3437 2574 3474 a
2605 3435 2712 3488 me,
2743 3431 2797 3476 et
2822 3435 3014 3486 omne,
3040 3420 3186 3491 quod
3222 3421 3653 3492 imposuerimus

2048 3513 2204 3579 mihi,
2235 3515 2424 3571 feram.
2467 3513 2666 3570 Indixit
2687 3513 2870 3584 itaque
2892 3529 2987 3569 rex
3013 3515 3364 3586 Assyriorum
3398 3513 3652 3570 Ezechiae

2048 3609 2162 3680 regi
2181 3610 2338 3666 Indae
2361 3617 2602 3664 trecenta
2629 3608 2831 3663 talenta
2852 3608 3084 3679 argenti,
3115 3617 3170 3664 et
3193 3608 3415 3678 triginta
3444 3608 3649 3665 talenta

2047 3701 2186 3756 auri.
2230 3700 2494 3773 Deditque
2533 3699 2800 3756 Ezechias
2849 3715 3016 3758 omne
3060 3709 3344 3770 argentum
3377 3700 3522 3772 quod
3560 3717 3655 3756 re-

2046 3801 2258 3866 pertum
2293 3792 2468 3850 fuerat
2499 3794 2550 3848 in
2573 3793 2740 3848 dumo
2784 3793 3020 3861 Domini,
3046 3803 3098 3849 et
3116 3793 3172 3848 in
3206 3792 3480 3849 thesauris
3502 3793 3652 3864 regis

2046 3885 2126 3960 [h.
2157 3895 2213 3943 et
2253 3887 2306 3942 in
2349 3884 2614 3941 thesauris
2663 3884 2860 3939 domus
2913 3883 3100 3956 regis].
3153 3885 3209 3940 In
3263 3894 3510 3954 tempore
3552 3885 3654 3939 ilio

2045 3979 2313 4051 confregit
2334 3977 2599 4034 Ezechias
2621 3977 2804 4032 valvas
2827 3976 3012 4046 templi
3046 3973 3260 4029 Domini
3283 4016 3298 4041 ,
3327 3986 3380 4030 et
3410 3975 3647 4030 laminas

2045 4074 2165 4126 auri
2193 4072 2272 4144 [h.
2301 4087 2410 4126 non
2441 4069 2658 4142 habet],
2683 4084 2815 4139 quas
2847 4069 2965 4140 ipse
2995 4067 3268 4136 afﬁxerat,
3296 4079 3349 4123 et
3380 4067 3528 4123 dedit
3550 4083 3650 4122 eas

2044 4168 2156 4240 regi
2183 4165 2550 4239 Assyriorum.
2585 4164 2730 4220 Misit
2757 4173 2939 4220 autem
2970 4179 3065 4218 rex
3088 4163 3433 4234 Assyriorum
3468 4162 3644 4218 Thar-

2046 4262 2198 4328 than,
2223 4270 2279 4317 et
2303 4260 2578 4326 Rabsaris,
2621 4269 2675 4315 et
2703 4257 2980 4316 Ilabsacen
3028 4257 3156 4332 [Ms.
3185 4257 3527 4330 Rabsachen]
3573 4255 3649 4311 de

2043 4353 2243 4410 Laehis
2270 4352 2337 4408 ad
2361 4368 2543 4424 regem
2563 4352 2889 4418 Ezechiam,
2922 4366 3044 4407 cum
3095 4366 3260 4406 manu
3295 4351 3502 4414 valida,
3549 4349 3647 4404 .Ie-

2043 4446 2279 4503 rusalem
2313 4461 2329 4500 :
2360 4445 2451 4516 qui
2498 4460 2621 4500 cum
2677 4445 3049 4500 ascendissent
3078 4485 3092 4508 ,
3128 4453 3392 4499 venerunt
3421 4444 3648 4499 Jerusa-

339 4546 499 4603 Juda.
528 4545 730 4615 Viginti
763 4542 840 4614 [h.
871 4539 1042 4595 Filius
1069 4536 1197 4608 xxv]
1221 4537 1461 4608 quinque
1491 4549 1760 4590 annorum
1791 4545 1932 4606 erat,
1963 4533 2017 4594 D
2043 4539 2148 4596 lem
2170 4584 2184 4609 ,
2236 4549 2292 4596 et
2347 4547 2614 4595 steterunt
2663 4537 2812 4607 juxta
2856 4537 3234 4610 aquaeductum
3287 4537 3505 4607 piscina:
3548 4550 3648 4590 su~

338 4657 464 4696 cum
497 4652 726 4708 regnare
746 4635 1026 4704 empisset,
1052 4639 1106 4686 et
1125 4629 1311 4700 viginti
1340 4643 1533 4684 novem
1556 4628 1714 4684 annis
1742 4644 1934 4700 regna-

335 4734 416 4788 vit
447 4733 499 4788 in
527 4729 828 4788 Jerusalem
865 4739 1098 4781 :nomen
1130 4721 1318 4777 matris
1355 4721 1474 4789 ejus
1515 4719 1620 4776 Abi
1672 4719 1782 4775 ﬁlia
1833 4721 1933 4775 Za-

337 4822 562 4880 chariae.
587 4822 844 4891 Fecitque
868 4817 1009 4889 quod
1038 4822 1157 4871 erat
1184 4812 1213 4851 ι)
1248 4811 1450 4867 bonum
1483 4825 1667 4868 coram
1702 4812 1933 4868 Domino

339 4918 419 4989 [h.
445 4918 496 4971 in
519 4915 690 4971 oculis
717 4909 976 4981 Domini],
994 4907 1153 4980 juxta
1171 4905 1353 4963 Omnia
1382 4917 1504 4975 quas
1528 4903 1730 4959 fecerat
1763 4904 1931 4961 David

409 5107 436 5136 ι
474 5096 531 5151 In
554 5093 886 5155 Veronens.,
933 5107 1038 5146 ms.
1067 5089 1236 5156 prima
1271 5102 1500 5154 persona
1531 5099 1634 5158 εει,
1665 5091 1928 5160 percussi,

337 5163 791 5244 quemadmodum
822 5173 877 5217 et
897 5162 949 5216 in
981 5161 1206 5216 Hebraeo
1226 5200 1240 5225 ,
1264 5167 1422 5218 ’τὶ-ι).

408 5259 435 5298 b
462 5256 606 5314 Idem
635 5267 736 5308 ms.
755 5250 894 5321 quod
918 5259 1024 5303 erat
1050 5249 1297 5318 placitum
1319 5249 1372 5302 in
1393 5259 1669 5316 conspectu
1696 5249 1924 5308 Domini.

409 5354 430 5380 c
461 5339 644 5394 Canon
684 5330 1000 5385 emendatus
1027 5330 1175 5395 juxta
1208 5327 1611 5396 punetationem
1643 5330 1910 5388 Massnre-

328 5415 527 5468 thiram
557 5403 819 5470 scriptum
865 5399 1020 5452 habet
1047 5397 1356 5470 iNelmstan,
1389 5399 1674 5470 dilfertque
1703 5403 1899 5458 solum-

324 5479 489 5540 modo
522 5493 625 5532 una
655 5472 826 5527 vocali
858 5471 926 5523 ab
957 5469 1214 5540 liod'terno
1250 5470 1544 5538 thuslau,
1577 5469 1668 5526 tibi
1699 5472 1904 5529 Masso-

321 5539 494 5608 rem-.e
538 5550 723 5613 legunt
768 5540 950 5613 schcua
994 5539 1097 5613 sub
1137 5539 1312 5594 littera
1336 5553 1366 5613 ξι
1400 5540 1552 5607 Nun;
1584 5557 1705 5596 cum
1739 5546 1903 5599 scho-

317 5607 530 5684 Iiastes,
576 5607 668 5672 a'ut
711 5611 1034 5670 emendator
1057 5607 1299 5684 Cononis
1330 5610 1554 5677 Pam/th,
1589 5615 1671 5666 vel
1701 5613 1903 5672 Camers

317 5680 537 5762 legerit.
581 5686 778 5762 Caneri
824 5681 1217 5762 mss.__cod-tces
1247 5680 1817 5762 NeastltarLretinent,
1843 5698 1902 5743 ut

313 5751 415 5822 uo":
471 5759 765 5820 edidimus.
832 5755 893 5812 In
957 5753 1094 5813 libro
1161 5751 1448 5810 Nominum
1507 5753 1897 5814 Hebraicorum

2041 4629 2300 4702 perioris,
2355 4646 2475 4701 quae
2529 4639 2616 4686 est
2681 4631 2733 4686 in
2787 4629 2873 4684 via
2920 4631 3050 4700 Agri
3116 4629 3358 4685 fullonis.
3401 4627 3646 4683 Vocave-

2040 4731 2270 4795 rnntque
2322 4737 2550 4793 regem:
2597 4736 2847 4792 egressus
2880 4731 2966 4778 est
3009 4733 3191 4779 autem
3242 4722 3308 4777 ad
3354 4735 3452 4778 eos
3500 4721 3645 4776 Elia-

2040 4817 2145 4872 cim
2168 4814 2309 4871 ﬁlius
2333 4815 2530 4871 lIclcia:
2557 4814 2880 4886 praepositus
2900 4814 3117 4883 domus,
3144 4822 3198 4870 et
3227 4814 3408 4870 Sobna
3435 4813 3639 4880 scriba,

2045 4917 2068 4946 ε
2097 4907 2342 4965 etJoahc
2368 4909 2514 4964 ﬁlius
2550 4907 2736 4980 Asaph
2765 4924 2795 4964 a
2827 4907 3264 4965 commentariis.
3297 4906 3548 4977 Dixitque
3571 4907 3641 4962 ad

2041 5093 2691 5169 [Vocat/tanﬂreperimus,
2753 5097 2900 5168 quod
2952 5098 3101 5153 favet
3137 5095 3363 5154 lectioni
3399 5096 3647 5169 Vulgata:

2039 5164 2264 5234 Latinae,
2302 5164 2595 5226 Nohestan.
2631 5164 2812 5224 Macr.

2106 5268 2177 5279 —
2216 5239 2508 5296 Verissime
2538 5241 2699 5296 habet
2742 5241 2883 5297 idem
2916 5255 3020 5296 ms.
3057 5241 3354 5311 vocavilque
3393 5257 3509 5295 eunt
3541 5256 3646 5308 pro

2024 5325 2207 5462 agonum
2238 5313 2370 5381 ejus.
2401 5311 2604 5382 Nempe
2629 5320 2714 5367 est
2739 5313 2792 5366 in
2827 5312 3057 5369 IIebrteo
3095 5327 3312 5383 quoque
3340 5311 3646 5383 archetypo

2024 5415 2033 5462 I
2095 5449 2108 5462 .
2143 5419 2251 5458 non
2280 5414 2430 5462 ἾὩΨ.

2012 5411 2068 5462 ῚἺ
2095 5449 2108 5467 ,
2143 5419 2251 5458 non
2280 5414 2430 5463 vos».

2083 5472 2109 5510 ά
2148 5474 2264 5530 Νοη
2291 5475 2696 5546 dissimulamus
2720 5518 2734 5540 ,
2784 5475 2941 5546 juxta
2971 5475 3196 5531 Grzecos
3223 5475 3440 5532 codices
3466 5475 3644 5544 Vero-

2011 5559 2167 5619 nens.
2190 5561 2295 5619 ms.
2332 5545 2416 5619 hic
2447 5549 2646 5613 legere,
2673 5545 3055 5604 Sennacherim
3077 5589 3092 5614 ,
3121 5547 3264 5619 quod
3301 5555 3478 5602 tamen
3513 5548 3640 5603 eul-

2009 5629 2091 5686 pae
2116 5616 2337 5686 librario
2365 5616 2576 5673 damus.
2625 5672 2634 5682 ,

2080 5695 2105 5724 ο
2132 5686 2240 5745 Pro
2285 5685 2454 5746 Joahe
2497 5679 2683 5747 CanOn
2715 5689 3042 5748 emendatus
3073 5688 3223 5746 Joha
3253 5701 3399 5818 una:
3441 5687 3632 5814 igtbet.

3393 5775 3461 5815 n
3506 5800 3518 5815 .

3393 5775 3518 5815 ΔΙτ.
