4114 6364
454 284 560 346 757

1707 294 1917 355 LIBER
1956 294 2003 355 II
2043 292 2425 359 MALACHIM.

3640 310 3749 371 758

447 421 543 463 eos
584 406 855 466 Rabsaces
884 424 900 464 :
925 408 1238 480 Loquimini
1283 408 1565 467 Ezechiae:
1597 411 1725 469 Haec
1765 414 1899 470 dicit
1935 427 2030 470 rex
2060 416 2351 486 Aceptuth
2377 414 2876 492 regis‘acceperant
2900 459 2916 488 ,
2972 426 3038 477 ut
3078 433 3189 477 non
3232 422 3626 492 responderent
3672 425 3743 480 ei.

447 513 705 567 magnus,
738 514 835 555 rex
867 501 1215 574 Assyriorum
1252 520 1267 557 :
1300 517 1423 573 qum
1457 512 1546 560 est
1578 504 1681 559 ista
1718 503 1913 560 ﬁducia
1940 520 2043 575 qua

446 591 679 646 niteris?
710 591 961 648 Forsitan
994 593 1140 649 inisti
1164 596 1474 663 consilium,
1501 605 1561 651 ut
1586 611 1861 667 prosperes
1906 607 1958 653 te
1976 598 2041 653 ad

445 684 714 754 pretium.
760 683 818 740 In
842 701 949 756 quo
969 686 1220 756 confidis,
1250 696 1311 743 ut
1355 690 1559 746 audeas
1598 690 1912 747 rebellare?
1974 707 2041 746 an

441 789 628 847 speras
654 775 733 850 [h.
764 775 823 832 In
855 793 962 849 quo
993 779 1261 836 conﬂdisti
1287 823 1301 849 ,
1352 793 1407 837 ιιι
1438 796 1600 837 ausus
1640 783 1836 838 fuisses
1866 784 2045 839 rebel-

438 868 554 925 lare
588 869 759 926 mihi?
784 870 1050 945 sperasti]
1102 873 1154 928 in
1180 875 1373 931 baculo
1399 876 1702 933 arundinea
1728 887 1888 949 atque
1914 893 2045 935 eon-
2128 900 2129 903 η

439 964 611 1019 fracto
640 963 875 1038 [Egypte
906 1010 919 1033 ,
955 979 1121 1037 super
1148 981 1307 1039 quem
1335 1011 1350 1035 ,
1403 970 1445 1024 si
1491 969 1792 1026 incubuerit
1837 971 2036 1038 homo,

436 1057 804 1111 eommiuutus
845 1057 1181 1128 ingredietur
1219 1059 1415 1132 [Vulg.
1445 1061 1777 1134 ingreditur]
1823 1078 2039 1118 manum

435 1150 555 1219 ejus
576 1191 592 1216 ,
636 1157 691 1207 et
721 1150 1013 1222 periorabit
1044 1154 1204 1209 eam?
1232 1154 1312 1210 sic
1343 1162 1425 1210 est
1453 1154 1665 1211 Pharao
1690 1170 1784 1212 rex
1816 1155 2038 1227 Egypti

434 1242 712 1309 omnibus,
738 1243 826 1312 qui
855 1243 1131 1300 conﬁdunt
1159 1247 1211 1300 in
1234 1261 1301 1301 eo
1331 1246 1457 1319 [Με.
1490 1256 1540 1301 et
1581 1246 1731 1320 Vulg.
1755 1247 1855 1319 se].
1883 1246 2039 1315 Quod

431 1334 478 1388 si
512 1332 760 1390 dixeritis
807 1336 980 1392 mihi:
1028 1337 1083 1392 In
1134 1336 1360 1393 Domino
1386 1338 1502 1395 Deo
1554 1352 1742 1396 nostro
1778 1340 2039 1397 habemus

431 1425 682 1482 ﬁduciam
713 1469 729 1494 ,
774 1444 961 1486 nonne
1002 1429 1105 1487 iste
1148 1440 1264 1500 est,
1316 1432 1470 1502 cujus
1508 1432 1730 1511 abstulit
1776 1434 2038 1491 Ezechias

428 1521 645 1577 excelsa
666 1520 945 1593 etfaItaria,
960 1533 1013 1579 et
1033 1526 1291 1595 przecepit
1308 1524 1460 1581 Judae
1479 1534 1536 1582 et
1554 1526 1851 1584 Jerusalem
1868 1545 1882 1582 :
1898 1527 2036 1586 Ante

432 1611 605 1669 altare
624 1613 727 1670 hoc
745 1615 1043 1672 adorabitis
1064 1617 1118 1671 in
1139 1616 1485 1675 Jerusalem?
1506 1618 1658 1675 Nune
1680 1621 1843 1691 igitur
1863 1631 2037 1675 trans-

427 1705 502 1763 ite
535 1708 601 1763 ad
641 1708 917 1766 dominum
964 1728 1141 1768 meum
1178 1718 1360 1785 regem
1401 1716 1769 1787 Assyriorum,
1801 1727 1857 1774 et
1896 1718 2035 1773 dabo

2152 508 2418 580 Venitque
2446 510 2666 565 Eliaeim
2696 510 2823 583 [Μδ.
2853 512 3139 585 Eliachim]
3164 513 3306 570 filius
3339 514 3541 571 HeIcire
3560 556 3575 581 ,
3602 531 3741 584 prae-

2147 600 2354 671 positus
2380 600 2594 668 domus,
2619 612 2673 657 et
2688 601 2866 658 Sobna
2890 602 3090 672 scriba,
3114 614 3168 659 et
3195 604 3364 661 .Iohae
3393 605 3534 661 Illius
3558 604 3740 677 Asaph

2147 706 2175 745 a
2203 695 2606 751 commentariis
2637 734 2654 761 ,
2706 695 2772 751 ad
2805 696 3088 753 Ezechiam
3114 738 3130 765 ,
3178 698 3365 753 scissis
3389 698 3659 766 vestibus,
3688 709 3742 755 et

2145 788 2532 844 nuntiaverunt
2561 789 2609 843 ei
2640 790 2803 845 verba
2833 790 3114 847 Rabsacis.

2216 879 2297 952 [(3.
2329 879 2562 937 CXCVII
2591 923 2603 946 ,
2634 880 2764 951 Cap.
2792 881 2959 956 XIX]
2982 883 3116 953 Quae
3160 898 3284 941 cum
3314 884 3556 940 audisset
3601 884 3738 940 Eze.

2143 971 2296 1028 chias
2318 976 2411 1028 rex
2449 972 2586 1046 [Ms.
2610 966 2722 1029 'mc.
2755 976 2920 1049 rex],
2949 978 3106 1033 scidit
3136 979 3458 1036 vestimenta
3487 994 3583 1033 sua
3617 1020 3632 1043 ,
3683 987 3739 1035 et

2142 1070 2363 1133 apertus
2391 1073 2475 1119 est
2505 1078 2682 1131 sacco,
2716 1067 3099 1140 ingressusque
3139 1078 3223 1126 est
3248 1070 3468 1125 domum
3498 1069 3735 1127 Domini.

2142 1157 2209 1212 Et
2237 1158 2384 1214 misit
2412 1158 2635 1215 Eliacim
2681 1161 3029 1232 praepositum
3086 1163 3323 1233 domus,
3383 1173 3438 1219 et
3497 1163 3737 1220 Sobuam

2141 1250 2398 1317 scribam,
2421 1259 2477 1306 et
2497 1265 2658 1307 senes
2686 1253 2756 1308 de
2778 1253 3414 1326 sacerdotibus,0pertos
3438 1256 3632 1321 saccis,
3665 1254 3732 1310 ad

2141 1342 2331 1397 Isaiam
2377 1343 2695 1413 prophetam
2726 1344 2896 1402 Iiiinm
2919 1346 3106 1402 Amos.
3149 1347 3252 1414 Qui
3275 1346 3531 1403 dixerunt
3564 1365 3579 1402 :
3607 1348 3737 1402 Ilaec

2120 1434 2268 1489 dicit
2294 1436 2589 1491 Ezechias:
2614 1437 2744 1493 Dies
2774 1438 3157 1509 tribulationis,
3197 1449 3252 1495 et
3295 1439 3684 1509 increpationis
3715 1479 3729 1502 ,

2139 1535 2194 1583 et
2235 1527 2589 1599 blaSphemizc
2618 1574 2633 1599 ,
2689 1530 2805 1586 dies
2844 1532 2991 1592 iste:
3033 1544 3297 1589 venerunt
3328 1534 3421 1588 tilii
3462 1547 3635 1603 usque
3663 1533 3730 1587 ad

2139 1630 2377 1691 partum,
2407 1633 2460 1678 et
2487 1624 2630 1682 vires
2664 1626 2963 1683 nonlhabet
2993 1627 3320 1698 parturiens.
3353 1627 3411 1684 Si
3443 1628 3580 1683 forte
3626 1641 3728 1682 au-

2139 1713 2531 1770 diatDominus
2581 1717 2720 1771 Deus
2759 1727 2885 1774 tuus
2934 1721 3183 1775 universa
3221 1720 3386 1777 verba
3430 1720 3688 1777 Rabsacis
3715 1761 3730 1783 ,

426 1800 582 1857 vobis
629 1801 740 1859 duo
770 1804 935 1861 millia
966 1820 1235 1878 equorum
1266 1850 1280 1872 ,
1309 1817 1365 1866 et
1388 1809 1564 1865 videte
1598 1827 1665 1866 an
1698 1810 1897 1868 habere
1930 1828 2026 1868 va-
2059 1799 2107 1861 Β
2135 1820 2293 1877 quem
2327 1808 2472 1861 misit
2495 1822 2587 1863 rex
2614 1811 2958 1881 Assyriorum
2981 1812 3231 1867 dominus
3267 1826 3420 1881 suus,
3456 1820 3732 1884 utexpro-

428 1891 587 1948 leatis
610 1908 934 1954 aseensores
979 1914 1190 1957 eorum.
1222 1900 1292 1957 Et
1334 1901 1605 1972 quomodo
1637 1904 1864 1972 potestis
1888 1906 2027 1960 resi-

424 1993 569 2043 stere
585 1997 710 2053 ante
732 2003 901 2043 unum
929 1999 1202 2061 satrapam
1225 1992 1305 2063 [h.
1330 2008 1441 2049 uno
1462 1994 1712 2067 satrapae]
1752 1995 1821 2051 de
1855 1998 2028 2053 servis

425 2076 631 2133 domini
651 2082 757 2136 mei
790 2081 1066 2138 minimis?
1114 2084 1198 2141 An
1229 2086 1478 2142 fiduciam
1506 2089 1669 2145 habes
1700 2090 1754 2144 in
1786 2088 2027 2163 Egyplo

422 2182 647 2242 propter
676 2186 872 2231 currus
904 2185 959 2232 et
985 2177 1237 2248 equites?
1264 2179 1532 2253 Numquid
1556 2183 1673 2237 sine
1700 2182 2027 2245 Dominivo-

426 2266 636 2321 luntate
662 2269 883 2323 ascendi
905 2269 973 2325 ad
1005 2272 1183 2327 locum
1215 2273 1373 2329 istum
1395 2316 1409 2342 ,
1454 2284 1512 2330 ut
1537 2275 1802 2331 demoliar
1828 2276 1952 2350 [Ηε.
1980 2289 2025 2332 et

433 2358 1101 2435 Vulg.demolirer]eumi
1130 2365 1391 2422 Dominus
1415 2367 1554 2423 dixit
1585 2368 1716 2424 mihi
1742 2388 1753 2422 :
1776 2369 2027 2429 Ascende

427 2453 493 2508 ad
529 2466 728 2510 terram
772 2456 911 2512 hanc
934 2499 949 2524 ,
979 2469 1029 2512 et
1056 2459 1317 2515 demolirc
1345 2476 1485 2517 eam.
1519 2462 1773 2518 Dixerunt
1800 2474 1983 2521 autem
2007 2510 2021 2535 ,

426 2546 652 2601 Eliacim
685 2548 828 2604 filius
857 2550 1075 2621 Helcite,
1101 2561 1158 2607 et
1182 2553 1361 2607 Snbna
1394 2554 1471 2625 [h.
1502 2555 1725 2628 Sebna],
1751 2568 1805 2611 et
1832 2557 2021 2625 Joahe,

430 2638 658 2695 liabsaci
687 2656 702 2694 :
738 2641 1028 2697 Precamur
1053 2655 1108 2697 ut
1134 2645 1369 2715 loquaris
1402 2647 1558 2701 nobis
1588 2649 1760 2702 servis
1791 2650 1895 2704 tuis
1925 2650 2026 2722 Sy-

425 2730 571 2786 riaee
601 2750 613 2785 :
643 2733 909 2803 siquidem
960 2736 1315 2807 intelligimus
1370 2739 1506 2795 hanc
1532 2740 1803 2809 linguam,
1836 2749 1892 2797 et
1916 2758 2023 2799 non

427 2825 668 2897 loquaris
690 2828 847 2884 nobis
868 2830 1111 2899 Judaice,
1139 2832 1392 2887 audiente
1422 2834 1619 2903 populo
1640 2876 1654 2899 ,
1706 2836 1797 2905 qui
1822 2844 1905 2890 est
1930 2850 2023 2891 su-

425 2933 523 2989 per
549 2935 785 2975 murum.
833 2920 1244 2994 Responditque
1296 2926 1376 2980 eis
1409 2925 1678 2981 ﬂabsaces
1708 2941 1723 2981 :
1754 2925 2024 2999 Numquid

424 3011 492 3065 ad
516 3010 797 3067 dominum
830 3023 1005 3078 tuum,
1030 3024 1085 3070 et
1112 3016 1176 3069 ad
1204 3023 1256 3071 te
1283 3016 1429 3071 misit
1448 3032 1533 3072 me
1562 3016 1818 3073 dominus
1848 3035 2020 3088 meus,

425 3113 483 3157 ut
502 3103 759 3174 loquerer
781 3119 1065 3161 sermones
1096 3107 1195 3162 ltus
1217 3151 1231 3176 ,
1275 3117 1331 3164 et
1361 3124 1468 3164 non
1494 3118 1520 3149 ι
1546 3110 1723 3180 potius
1750 3114 1818 3169 ad
1853 3113 2020 3179 viros,

2134 1897 2317 1953 brarct
2341 1898 2514 1955 Deum
2540 1903 2811 1957 viventem
2833 1944 2847 1968 ,
2876 1914 2930 1959 et
2956 1914 3213 1974 argueret
3238 1904 3443 1967 verbis,
3486 1919 3608 1971 quas
3638 1918 3733 1958 au-

2130 1988 2264 2044 divit
2295 1990 2556 2045 Dominus
2586 1991 2727 2047 Deus
2749 1991 2878 2064 [Ms.
2909 2002 3008 2048 tae.
3042 1994 3201 2066 Deus]
3228 2004 3349 2050 tuus
3370 2035 3386 2062 ,
3422 2004 3478 2051 et
3524 1996 3605 2048 tae
3631 1993 3727 2068 [h.

2131 2079 2269 2150 leva]
2315 2081 2618 2137 orationem
2661 2098 2762 2154 pro
2800 2085 3045 2155 reliquiis
3076 2126 3091 2151 ,
3139 2101 3260 2156 qua:
3309 2093 3539 2156 reperta!
3563 2094 3722 2143 sunt:

2130 2173 2404 2230 Venerunt
2447 2192 2577 2244 ergo
2626 2178 2772 2232 servi
2820 2180 2961 2249 regis
3016 2178 3264 2236 Ezechiae
3291 2180 3358 2233 ad
3389 2180 3604 2234 Isaiam.
3633 2177 3720 2251 [T.

2127 2264 2424 2339 CXCVIII]
2452 2266 2701 2338 Dixitque
2731 2269 2807 2324 eis
2837 2267 3001 2326 Isaias
3034 2286 3049 2326 :
3081 2271 3211 2326 Haec
3260 2270 3453 2326 dicetis
3503 2271 3726 2324 domino

2127 2367 2311 2414 vestro
2339 2371 2355 2413 :
2387 2361 2513 2415 ilzec
2535 2359 2671 2415 dicit
2692 2361 2991 2418 Dominus:
3022 2363 3145 2421 Noli
3176 2365 3371 2420 timere
3402 2380 3429 2417 a
3455 2362 3590 2421 facie
3617 2377 3728 2419 ser-

2129 2465 2390 2517 monum,
2452 2467 2590 2523 quos
2647 2451 2899 2520 audisti,
2949 2455 3147 2525 quibus
3216 2456 3727 2525 blaspbemaverunt

2128 2544 2280 2614 pueri
2323 2545 2466 2614 regis
2512 2544 2857 2618 Assyriorum
2899 2560 3005 2603 me.
3081 2549 3224 2603 Ecce
3253 2591 3266 2615 ,
3297 2563 3400 2617 ego
3435 2548 3722 2603 immittam

2129 2637 2230 2711 [h.
2288 2638 2477 2712 dabo]
2542 2641 2589 2695 ei
2640 2640 2927 2712 spiritum,
2982 2650 3037 2696 et
3088 2641 3269 2696 audite
3323 2641 3609 2707 nuntium,
3669 2649 3731 2695 et

2129 2740 2434 2786 revertetur
2466 2732 2520 2785 in
2554 2741 2755 2786 terram
2788 2748 2967 2799 suam,
3016 2743 3071 2788 et
3106 2733 3356 2802 dejiciam
3386 2749 3511 2786 etim
3548 2732 3727 2801 gladio

2127 2822 2183 2877 in
2216 2833 2360 2877 terra
2388 2836 2506 2876 sua.
2539 2822 2625 2895 [T.
2660 2822 2919 2897 CXCIX]
2950 2826 3231 2880 lieversus‘
3252 2837 3338 2879 est
3386 2825 3549 2894 igitur
3579 2823 3726 2883 Rab-

2126 2930 2305 2984 saces,
2351 2925 2407 2971 et
2446 2916 2656 2973 invenit
2704 2932 2888 2988 regem
2932 2920 3284 2991 Assyriorum
3328 2926 3725 2988 expugnantetn

2128 3007 2369 3063 Lobnam
2396 3007 2415 3079 [
2440 3010 2492 3061 Ιι.
2528 3008 2774 3081 Libna]:
2812 3010 3058 3067 audierat
3098 3012 3242 3067 enim
3275 3011 3419 3081 quod
3464 3012 3728 3067 recessis-

2126 3110 2212 3155 set
2250 3100 2320 3156 de
2367 3100 2586 3156 Lachis.
2636 3103 2883 3170 Cumque
2913 3103 3154 3159 audisset
3200 3104 3269 3159 de
3314 3103 3554 3161 Tharaca
3597 3118 3725 3174 rege

424 3194 514 3263 qui
538 3195 732 3250 sedent
761 3211 925 3265 super
956 3210 1190 3267 murum,
1217 3205 1276 3252 ut
1298 3200 1585 3255 comedam
1609 3211 1854 3259 stercora
1890 3218 1983 3258 sua
2007 3245 2022 3271 ,
2053 3186 2101 3252 C
2130 3193 2447 3264 Ethiopian,
2483 3194 2767 3251 dicentes:
2800 3197 2975 3260 Ecce,
3029 3211 3286 3265 egressus
3311 3207 3396 3253 est
3428 3206 3485 3251 ut
3524 3205 3725 3266 pugnet

432 3296 488 3342 et
510 3288 698 3343 bibant
725 3290 939 3345 urinam
983 3306 1136 3345 suam
1172 3292 1497 3349 vobiscum?
1535 3296 1803 3366 Stetitque
1847 3298 2029 3366 itaque

430 3379 736 3445 liabsaees,
792 3391 847 3437 et
889 3382 1295 3445 clamavitvere
1337 3400 1529 3456 magna
1556 3385 1804 3454 Judaiee,
1830 3398 1886 3444 et
1907 3391 2023 3447 ait:

427 3473 626 3529 Audite
649 3474 813 3529 verba
839 3475 982 3545 regis
1011 3475 1190 3546 magni
1219 3517 1233 3542 ,
1294 3477 1442 3547 regis
1484 3479 1854 3549 Assyriorum.
1901 3481 2027 3539 liae

426 3566 559 3622 dicit
591 3583 682 3622 rex
712 3585 725 3621 :
756 3566 873 3623 Non
899 3583 995 3624 vos
1025 3569 1252 3625 seducat
1283 3571 1545 3627 Ezechias
1580 3590 1590 3624 :
1626 3589 1734 3627 non
1762 3574 1905 3629 enim
1931 3590 2029 3645 po-

428 3662 556 3715 terit
583 3677 777 3718 eruere
797 3676 896 3716 vos
921 3661 986 3716 dc
1022 3679 1184 3717 manu
1214 3680 1352 3719 mea.
1391 3664 1576 3735 Neque
1600 3666 1852 3723 ﬁduciam
1874 3670 2026 3725 vobis

426 3754 625 3808 tribuat
645 3769 812 3824 super
838 3754 1102 3821 Domino,
1137 3754 1327 3811 dicens
1361 3774 1375 3811 :
1408 3756 1624 3814 Eruens
1653 3758 1904 3816 liberabit
1928 3777 2026 3818 nos

430 3847 708 3916 Dominus,
734 3858 789 3904 et
817 3864 923 3903 non
947 3850 1193 3905 tradetur
1221 3851 1412 3906 civitas
1445 3851 1559 3907 haec
1601 3853 1653 3906 in
1687 3868 1850 3908 manu
1884 3856 2026 3925 regis

428 3938 799 4009 Assyriorum.
825 3939 1000 3994 Nolite
1028 3939 1219 3995 audire
1250 3940 1559 3996 Ezechiam.
1582 3942 1707 3997 Haec
1730 3946 1874 3999 enim
1897 3945 2029 4001 dicit

427 4044 520 4083 rex
543 4029 916 4100 A~syriorumz
935 4030 1119 4086 Facite
1148 4046 1358 4086 mecum
1380 4033 1520 4103 quod
1546 4034 1697 4089 vobis
1715 4045 1795 4089 est
1828 4036 2026 4092 utileet

428 4123 750 4191 egredimini
778 4124 844 4177 ad
875 4139 983 4191 me,
1018 4133 1072 4179 et
1107 4126 1352 4180 comedet
1381 4126 1748 4196 unusquisque
1778 4126 1847 4181 de
1869 4129 2022 4183 vinea

427 4228 546 4279 sua,
576 4226 631 4271 et
651 4216 718 4272 de
748 4216 849 4271 ticu
873 4232 968 4273 sua
990 4259 1003 4284 ,
1036 4226 1091 4273 et
1128 4216 1330 4273 bibetis
1354 4232 1525 4288 aquas
1553 4218 1622 4274 de
1648 4218 1903 4275 cisternis
1932 4235 2025 4275 ve-

427 4309 554 4363 stris
586 4327 597 4362 :
626 4309 795 4365 donec
816 4312 1027 4365 veniam
1059 4352 1074 4377 ,
1109 4319 1163 4366 et
1202 4309 1528 4366 transferam
1562 4326 1662 4366 vos
1686 4312 1739 4366 in
1773 4322 1975 4368 terram
2003 4359 2017 4383 ,

428 4417 547 4472 qur
577 4403 773 4459 similis
793 4413 957 4459 terra:
978 4413 1179 4459 vestrae
1201 4415 1285 4458 est
1311 4449 1326 4473 ,
1352 4404 1404 4458 in
1433 4412 1632 4458 terram
1660 4404 2016 4476 fructiferam,

429 4506 485 4552 et
513 4494 747 4553 iertilem
778 4499 913 4564 vini,
941 4510 1136 4555 terram
1163 4499 1316 4569 panis
1350 4506 1407 4554 et
1445 4498 1725 4553 vinearum
1752 4540 1768 4565 ,
1822 4508 2020 4554 terram

431 4590 722 4656 olivarum,
754 4600 809 4645 et
831 4591 937 4645 olei
967 4607 1029 4645 ac
1061 4592 1240 4647 meiiis
1287 4609 1301 4646 :

434 4679 672 4733 ricmini.
699 4680 875 4735 Nolite
903 4682 1094 4736 audire
1120 4680 1407 4737 Ezechiam
1433 4724 1449 4750 ,
1504 4684 1595 4752 qui
1640 4696 1739 4738 vos
1782 4683 1986 4753 decipit
2009 4724 2025 4747 ,

433 4768 631 4825 dicens
686 4783 701 4824 :
748 4770 1013 4830 Dominus
1039 4772 1286 4827 liberabit
1326 4789 1448 4830 nos.
1475 4774 1741 4844 Numquid
1766 4776 2031 4830 liberave-

432 4872 562 4919 runt
591 4863 666 4919 dii
694 4867 935 4936 gentium
965 4874 1164 4921 terram
1204 4881 1358 4922 suam
1385 4868 1456 4924 de
1505 4885 1668 4923 manu
1689 4869 1832 4939 regis
1864 4871 2031 4940 Assy-

428 4956 632 5011 riorum
654 4957 680 5009 7
719 4956 820 5013 Ubi
851 4965 936 5013 est
966 4956 1107 5012 Deus
1158 4959 1352 5014 Ematb
1377 5002 1392 5029 ,
1436 4969 1491 5017 et
1539 4960 1804 5030 Arphad?
1833 4961 1924 5017 ubi
1948 4969 2034 5017 est

433 5048 561 5121 [Μδ.
592 5059 694 5104 ωε.
720 5050 823 5122 est]
850 5051 992 5107 Dens
1018 5038 1393 5121 Sepharvaim,
1421 5054 1450 5094 δ
1479 5057 1594 5111 Ana
1613 5066 1666 5113 et
1694 5058 1847 5112 Avat
1875 5074 2031 5112 num-

433 5141 560 5212 quid
591 5142 959 5199 liberaverunt
986 5142 1285 5199 Samariam
1319 5156 1341 5183 ο
1367 5146 1437 5201 de
1478 5163 1639 5204 manu
1674 5150 1839 5203 mea?
1895 5149 2030 5217 Qui-

434 5248 561 5288 nam
591 5232 668 5288 illi
707 5234 913 5290 suntin
952 5235 1219 5291 universis
1257 5235 1361 5291 diis
1392 5248 1656 5297 terrarum
1683 5284 1698 5310 ,
1742 5240 1835 5310 qui
1876 5256 2033 5298 erue-

433 5333 559 5379 runt
580 5325 857 5396 regionem
883 5340 1037 5382 suam
1069 5328 1136 5382 de
1160 5343 1319 5381 manu
1350 5343 1491 5391 mea,
1535 5340 1596 5386 ut
1641 5335 1809 5400 possit
1839 5348 2032 5390 eruere

433 5416 695 5472 Dominus
714 5418 1019 5475 Jerusalem
1046 5419 1114 5476 de
1144 5436 1305 5476 manu
1342 5422 1493 5477 mea?
1521 5422 1712 5479 Tacuit
1733 5424 1910 5497 itaque
1938 5441 2032 5496 po-

435 5510 615 5581 putus,
640 5520 695 5568 et
724 5527 830 5568 non
864 5513 1139 5585 respondit
1169 5516 1219 5570 ei
1250 5514 1541 5585 quidquam
1569 5535 1581 5571 :
1609 5517 1875 5588 siquidem
1902 5533 2034 5588 pra:-

507 5653 533 5682 ι
579 5645 910 5726 Adverbium
932 5651 1101 5718 potius
1121 5650 1187 5707 ad
1212 5651 1422 5707 Hebraei
1445 5653 1771 5726 exemplaris
1796 5668 2039 5710 normam

448 5725 589 5774 tacet
616 5726 672 5771 et
696 5718 999 5777 Veronens.
1037 5736 1135 5777 tns.

506 5782 538 5826 ι
566 5786 719 5843 lena
741 5799 786 5845 ιι
812 5789 992 5847 Hiva.’
1017 5793 1127 5851 Iloc
1158 5793 1319 5852 modo
1370 5796 1551 5867 posuit
1597 5795 1651 5854 in
1679 5794 1900 5855 Canens
1926 5812 2040 5856 ma-

2129 3288 2421 3344 adversum
2455 3300 2543 3343 te:
2570 3294 2625 3343 et
2646 3288 2748 3342 iret
2777 3299 2969 3349 contra
2998 3304 3146 3353 eum,
3182 3290 3330 3343 misit
3364 3287 3627 3361 nuntios[
3662 3288 3719 3343 h.

2128 3397 2385 3441 reversus
2416 3382 2559 3435 misit
2595 3380 2942 3453 nuntios]ad
2980 3381 3299 3446 Ezechiam,
3337 3380 3567 3439 dicens:
3599 3381 3725 3436 time

2127 3475 2292 3532 dicite
2320 3474 2569 3530 Ezechiae
2599 3472 2871 3543 rcgiJuda
2894 3490 2908 3527 :
2933 3473 3053 3528 Non
3080 3482 3133 3527 te
3154 3472 3378 3529 seducat
3407 3472 3551 3528 Deus
3572 3481 3719 3541 tuus,

2130 3570 2182 3623 in
2212 3586 2319 3637 quo
2351 3568 2519 3623 habes
2547 3567 2803 3623 ﬁduciam
2834 3584 2849 3626 ς
2891 3582 3069 3637 neque
3098 3567 3248 3622 dicas
3274 3582 3291 3621 :
3331 3566 3449 3622 Non
3480 3566 3724 3623 tradetur

2127 3662 2429 3717 Jerusalem
2464 3661 2517 3714 in
2543 3674 2735 3714 manus
2768 3660 2908 3730 regis
2930 3659 3300 3731 Assyriorum.
3333 3660 3412 3712 Tu
3436 3658 3581 3715 cnitn
3607 3658 3721 3728 ipse

2126 3755 2325 3810 audisti
2352 3770 2474 3825 quae
2516 3753 2761 3809 fecerunt
2786 3753 2806 3827 [
2834 3753 2936 3808 Ms.
2969 3752 3244 3825 iecerint]
3282 3767 3440 3822 reges
3467 3751 3725 3823 Assyrio-

2127 3864 2247 3903 rum
2276 3846 2541 3905 universis
2562 3846 2745 3911 terris,
2773 3845 3046 3915 quomodo
3069 3853 3420 3899 vastaverunt
3440 3857 3534 3897 eas
3556 3858 3571 3898 :
3592 3857 3719 3899 num

2128 3954 2257 4007 ergo
2288 3939 2434 3993 solus
2458 3938 2661 4007 poteris
2683 3936 2941 3993 liberari?
2963 3935 3235 4007 Numquid
3257 3936 3629 3993 liberaverunt
3647 3934 3720 3990 d‘i

2128 4029 2367 4099 gentium
2423 4029 2689 4097 singulos,
2751 4044 2892 4099 quos
2940 4038 3291 4084 vastaverunt
3340 4038 3519 4099 patres
3574 4027 3722 4094 mei,

2127 4122 2310 4179 Gozan
2344 4122 2619 4187 videlicet,
2650 4132 2704 4176 ct
2733 4123 2903 4189 Aran,
2934 4129 2991 4176 et
3020 4120 3262 4191 Reseph,
3294 4129 3350 4176 et
3380 4120 3522 4175 ﬁlios
3544 4119 3718 4184 Eden,

2126 4218 2217 4288 qui
2247 4226 2404 4273 erant
2435 4217 2486 4271 in
2512 4215 2805 4271 Thelassar
2830 4213 2974 4287 [Ms.
3002 4210 3345 4283 'I‘halassar].
3382 4212 3482 4268 Ubi
3515 4221 3598 4266 est
3629 4226 3724 4265 rex

2127 4309 2350 4371 Emath,
2373 4317 2427 4362 et
2454 4323 2545 4361 rex
2575 4305 2815 4376 Arphatl,
2848 4315 2902 4359 et
2929 4321 3021 4360 rex
3053 4305 3288 4360 civitatis
3336 4300 3718 4371 Sepharvaim,

2127 4401 2242 4455 Ana
2295 4409 2352 4455 et
2381 4399 2527 4454 Ava?
2574 4398 2762 4467 Itaque
2806 4412 2932 4451 cum
2980 4397 3284 4465 accepisset
3334 4392 3593 4449 Ezechias
3638 4393 3725 4445 lit-

2130 4500 2274 4547 teras
2300 4491 2378 4562 [Ιι.
2419 4488 2615 4561 libros]
2641 4489 2711 4544 de
2737 4503 2899 4544 manu
2928 4488 3264 4552 nuntiorum,
3291 4496 3345 4540 et
3371 4485 3587 4555 legisset
3609 4498 3726 4548 eas,

1344 4601 1397 4647 et
1430 4591 1641 4658 vivctis,
1673 4599 1854 4647 etnon
1911 4607 2026 4646 mo-
2053 4570 2107 4629 D
2131 4584 2379 4640 ascendit
2412 4585 2464 4637 in
2493 4582 2713 4637 domum
2736 4580 2976 4647 Domini,
3025 4589 3079 4636 et
3110 4580 3372 4649 expandit
3417 4593 3513 4635 eas
3543 4591 3726 4634 coram

2135 4676 2384 4741 Domino,
2433 4683 2487 4729 et
2518 4671 2692 4728 oravit
2724 4673 2775 4728 in
2818 4680 3113 4742 conspectu
3152 4671 3304 4741 ejus,
3355 4671 3544 4727 dicens
3576 4684 3590 4724 ς
3621 4669 3729 4724 Do-

2131 4771 2280 4826 mine
2324 4769 2464 4823 Dens
2494 4767 2682 4835 Israel,
2718 4768 2806 4837 qui
2839 4766 3001 4822 sedes
3039 4781 3206 4835 super
3233 4762 3540 4828 cherubim,
3584 4772 3639 4815 tu
3669 4774 3732 4815 es

2135 4863 2279 4917 Dens
2303 4861 2459 4916 solus
2488 4875 2677 4929 regum
2724 4859 2965 4915 omnium
3000 4868 3203 4916 terrm:
3233 4864 3291 4915 tu
3332 4855 3506 4912 fecisti
3534 4853 3729 4909 etelum

2134 4965 2189 5011 et
2216 4964 2437 5011 terram.
2475 4953 2672 5008 lnclina
2701 4968 2891 5009 aurem
2922 4962 3067 5008 tuam
3090 4995 3106 5020 ,
3144 4961 3200 5008 et
3222 4950 3347 5007 audi
3373 4966 3388 5006 :
3415 4948 3590 5019 aperi,
3620 4948 3728 5002 Deo

2137 5051 2281 5104 utine
2313 5050 2332 5120 [
2360 5048 2465 5103 Ms.
2499 5058 2602 5101 (ac.
2647 5045 2941 5117 Domine],
2973 5046 3163 5103 oculos
3194 5054 3340 5111 tuos,
3389 5052 3447 5099 et
3493 5042 3637 5107 vide,
3679 5049 3735 5094 et

2136 5142 2258 5196 audi
2290 5141 2472 5196 omnia
2505 5138 2673 5195 verba
2701 5138 3106 5207 Seunacherib,
3139 5138 3229 5208 qui
3268 5138 3416 5192 misit
3451 5144 3509 5190 ut
3535 5149 3733 5203 expro-

2134 5234 2320 5290 braret
2348 5232 2496 5287 nobis
2524 5231 2603 5304 [h.
2646 5245 2754 5287 non
2798 5228 2998 5302 habet]
3029 5229 3195 5284 Deum
3236 5228 3533 5283 viventem.
3568 5224 3730 5287 Vere,

2138 5326 2388 5388 Domine,
2428 5324 2833 5391 dissipaverunt
2865 5335 3023 5390 reges
3060 5319 3405 5390 Assyriorum
3434 5324 3645 5387 gentes,
3676 5323 3731 5368 et

2140 5428 2312 5475 terras
2337 5418 2597 5475 omnium.
2629 5414 2697 5470 Et
2727 5416 2989 5469 miserunt
3022 5412 3115 5485 [h.
3148 5413 3414 5468 dederunt
3439 5410 3458 5483 ]
3487 5411 3617 5465 deos
3642 5424 3736 5461 eo-

2136 5529 2264 5569 rum
2298 5514 2350 5568 in
2378 5512 2503 5583 igne
2536 5528 2549 5563 :
2586 5524 2692 5565 non
2724 5509 2867 5564 enim
2894 5516 3046 5563 erant
3067 5506 3166 5573 dii,
3189 5504 3283 5561 Sed
3299 5520 3458 5576 opera
3476 5515 3730 5558 manuum
3756 5580 3759 5581 ν

2143 5670 2247 5711 nus
2295 5651 2670 5707 emendaturis
2703 5667 2717 5703 :
2747 5650 2923 5721 capite
2971 5665 3100 5704 veto
3146 5647 3399 5718 sequenti
3450 5659 3594 5701 vers.
3641 5646 3735 5713 55,

2145 5726 2299 5785 Hena
2329 5736 2377 5778 rt
2409 5724 2594 5779 Hera?
2620 5721 2797 5777 ΜΑιιτ.

2221 5809 2241 5838 τ
2284 5797 2511 5854 ΙΙριπατο
2537 5801 2633 5855 ν.)
2660 5792 2896 5863 pressius
2924 5791 3069 5850 idem
3098 5807 3202 5850 ms.
3233 5792 3287 5845 in
3318 5804 3493 5846 manu.
