4114 6364
437 317 542 379 759

1434 310 1499 374 S.
1539 309 1921 372 IIIERONYMI
1957 309 2192 372 DIVINA
2232 305 2713 369 BIBLIOTHECA.

3625 303 3736 366 760

435 435 720 495 hominum
763 447 833 493 ex
859 433 1006 508 ligno
1034 439 1092 492 et
1134 432 1348 504 lapide,
1405 438 1460 487 et
1504 429 1856 500 perdiderunt
1907 445 2028 487 eos.
2058 439 2108 500 Α
2135 435 2462 494 revertetur,
2504 435 2560 484 et
2601 425 2882 484 civitatem
2910 424 3052 481 hanc
3070 437 3178 480 non
3206 422 3572 496 ingredietur,
3602 422 3734 482 dicit

443 528 596 585 Nune
620 528 805 598 igitur,
841 528 1066 584 Domine
1092 526 1238 580 Deus
1266 530 1476 591 noster,
1500 522 1680 578 salvos
1712 536 1814 578 nos
1851 521 1935 578 fac
1965 522 2034 579 de

442 635 608 677 manu
633 619 772 690 ejus,
803 629 862 675 ut
895 619 1072 676 sciam
1093 616 1273 672 omnia
1311 628 1478 685 regna
1509 621 1693 680 terrae,
1731 615 1856 685 quia
1892 621 1948 669 tu
1975 628 2035 671 es

445 713 710 770 Dominus
736 713 878 768 Deus
906 711 1074 766 solus.
1102 709 1207 780 [Τ.
1228 706 1358 779 CC.]
1397 707 1547 768 Misit
1572 716 1754 763 autem
1779 707 1946 762 Isaias
1974 707 2040 760 fi-

441 804 552 860 lius
577 802 748 859 Amos
777 802 846 858 ad
871 799 1180 866 Ezechiam,
1213 798 1403 855 dicens
1428 815 1440 852 :
1471 797 1600 854 llzec
1625 797 1760 854 dicit
1777 797 2038 854 Dominus

447 899 594 956 Deus
622 897 786 954 Israel
816 913 829 950 :
860 897 995 964 Quae
1035 893 1363 965 deprecatus
1411 908 1471 949 es
1503 907 1593 948 me
1632 906 1800 962 super
1827 891 2040 948 Senna-

445 989 637 1048 cberib
686 1002 810 1059 rege
849 984 1236 1059 Assyriorum,
1287 983 1490 1040 audivi.
1536 982 1647 1039 Iste
1699 990 1784 1039 est
1832 996 2038 1048 sermo,

449 1097 610 1156 quem
652 1081 869 1136 locutus
893 1086 980 1136 est
1018 1078 1280 1135 Dominus
1328 1077 1398 1134 de
1453 1088 1565 1132 eo:
1596 1073 1814 1146 Sprevit
1862 1082 1939 1141 te,
1985 1080 2044 1130 et

447 1173 806 1231 subsannavit
834 1182 887 1228 te
934 1171 954 1245 [
981 1171 1086 1227 Ms.
1115 1180 1217 1226 tac.
1249 1168 1365 1242 te],
1397 1170 1554 1239 virgo
1583 1167 1694 1223 filia
1724 1167 1855 1224 Sion
1881 1183 1896 1220 :
1920 1173 2045 1237 post

445 1275 657 1337 tergum
690 1272 842 1320 tuum
867 1271 1032 1334 caput
1075 1261 1266 1328 movit,
1309 1261 1421 1315 lilia
1449 1259 1774 1316 Jerusalem.
1807 1255 1906 1312 Cui
1951 1271 2046 1312 ex-

445 1356 744 1428 probrasti,
769 1363 828 1412 et
855 1369 1018 1427 quem
1042 1353 1466 1424 blasphemasti?
1489 1359 1683 1408 contra
1707 1365 1870 1422 quem
1898 1348 2048 1405 exal-

448 1448 576 1505 tasti
601 1463 790 1505 vocem
826 1448 845 1522 [
873 1447 1031 1521 Vulg.
1054 1447 1182 1502 add.
1213 1456 1358 1502 tuam
1384 1443 1427 1518 ],
1456 1455 1512 1501 et
1538 1444 1764 1502 elevasti
1795 1443 1850 1498 in
1867 1441 2049 1499 excel-

447 1555 568 1597 sum
597 1540 787 1596 oculos
821 1539 982 1596 tuos?
1010 1547 1199 1595 contra
1223 1550 1468 1594 sanctum
1487 1536 1672 1593 Israel.
1697 1536 1804 1592 Per
1826 1550 2048 1592 manum

448 1650 732 1694 servorum
784 1644 1001 1691 tuorum
1033 1632 1378 1705 exprobraSti
1422 1632 1690 1700 Domino,
1740 1639 1796 1686 et
1825 1629 2047 1685 dixisti:

451 1726 514 1783 In
544 1725 896 1782 multitudine
933 1740 1193 1780 curruum
1236 1739 1514 1792 meorum,
1566 1721 1786 1779 aseendi
1817 1722 1835 1794 [
1861 1721 1918 1776 h.
1949 1735 2051 1792 ego

449 1819 712 1892 ascendi]
743 1819 960 1877 excelsa
1004 1821 1267 1875 montium
1321 1819 1374 1874 in
1404 1817 1716 1872 summitate
1746 1815 1964 1881 Libani,
1996 1822 2051 1870 et
2077 1825 2129 1888 Β

451 1914 659 1971 succidi
686 1913 707 1986 [
733 1914 790 1969 h.
833 1913 994 1968 latere
1030 1913 1218 1968 Libani
1246 1921 1296 1966 et
1324 1911 1639 1983 succidam]
1669 1911 1934 1966 sublimes
1963 1923 2051 1966 ce-

456 2005 589 2062 dros
617 2005 756 2077 ejus,
786 2013 842 2060 et
865 2005 1068 2074 electas
1097 2004 1311 2060 abietes
1334 2003 1504 2059 illius.
1535 2001 1606 2058 Et
1633 2003 1909 2073 ingressus
1931 2016 2052 2056 sum

454 2111 630 2168 usque
671 2096 740 2152 ad
773 2095 1036 2154 terminos
1078 2097 1198 2165 ejus
1228 2095 1246 2168 [
1273 2095 1330 2150 li.
1362 2095 1432 2150 Et
1458 2094 1735 2165 ingrediar
1776 2093 2056 2148 habitacu-

455 2191 569 2246 lum
621 2190 838 2246 termini
877 2189 996 2261 ejus
1017 2188 1058 2261 ].
1092 2198 1147 2246 et
1177 2188 1197 2261 [
1232 2188 1338 2244 Ms.
1392 2198 1494 2246 tac.
1537 2187 1632 2260 et]
1663 2189 1857 2244 saltum
1889 2187 2059 2242 Char-

453 2284 585 2340 meli
614 2283 733 2354 ejus
759 2293 786 2321 ει
814 2298 916 2355 ego
941 2283 1145 2339 succidi
1172 2283 1264 2356 [h.
1293 2281 1463 2354 fodi].
1493 2283 1560 2337 Et
1587 2282 1698 2338 bibi
1725 2297 1895 2353 aquas
1917 2281 2056 2338 alie-

461 2392 583 2446 nas,
618 2388 674 2434 et
703 2378 903 2433 siccavi
922 2376 1165 2448 vestigiis
1186 2376 1384 2447 pedum
1406 2391 1652 2432 meorum
1679 2391 1869 2431 omnes
1890 2389 2058 2445 aquas

462 2471 702 2528 clausas.
748 2471 1020 2544 Numquid
1059 2485 1171 2527 non
1217 2471 1415 2526 audisti
1447 2471 1575 2542 quid
1619 2471 1689 2526 ab
1728 2471 1883 2526 initio
1912 2470 2060 2526 fece-

464 2565 610 2622 rim?
657 2565 737 2620 Ex
784 2564 982 2621 diebus
1025 2563 1262 2634 antiquis
1288 2563 1554 2636 plasmavi
1596 2563 1765 2630 illud;
1806 2571 1864 2619 et
1915 2577 2059 2618 nunc

465 2655 710 2712 adduxi:
742 2666 1009 2728 eruntque
1057 2656 1113 2712 in
1169 2657 1385 2712 ruinam
1429 2655 1652 2712 collium
1705 2655 2058 2726 pugnantium

469 2750 722 2806 civitates
749 2751 994 2806 munitae.
1029 2750 1095 2805 Et
1125 2751 1215 2820 qui
1245 2750 1440 2806 sedent
1465 2751 1520 2805 in
1549 2751 1649 2819 eis,
1684 2749 1916 2805 humiles
1947 2765 2061 2803 ma-

2140 521 2424 578 Dominus.
2448 520 2844 592 Protegamque
2871 519 3067 574 urbem
3106 517 3267 584 hanc,
3296 527 3351 574 et
3371 517 3592 574 salvabo
3612 532 3730 573 eam

2138 626 2362 687 propter
2390 630 2500 682 me,
2543 623 2600 670 et
2649 622 2870 686 propter
2902 611 3073 668 David
3117 626 3334 668 servum
3360 626 3560 667 meum.
3598 610 3735 667 Fac-

2140 717 2253 764 tum
2279 716 2362 763 est
2409 708 2572 778 igitur
2617 707 2669 762 in
2714 717 2876 762 nocte
2904 706 3017 772 illa,
3048 706 3197 762 venit
3237 705 3462 776 angelus
3493 704 3730 774 Domini,

2139 809 2196 856 et
2226 799 2499 871 percussit
2524 799 2578 854 in
2604 799 2799 854 castris
2825 797 3176 871 Assyriorum
3204 808 3426 854 centum
3460 797 3733 868 octoginta

2142 894 2382 964 quinque
2409 893 2598 948 millia.
2648 892 2894 964 Cumque
2923 893 3162 949 diluculo
3199 891 3560 961 surrexisset,
3607 892 3739 948 vidit

2143 987 2325 1043 omnia
2371 1001 2600 1058 corpora
2653 986 3046 1060 mortuorum[
3090 986 3146 1042 h.
3184 986 3424 1042 diluculo
3471 985 3741 1041 surrexis-

2144 1090 2268 1137 sent
2296 1099 2310 1136 :
2338 1096 2466 1139 ecce
2495 1095 2686 1138 omnes
2705 1097 2935 1152 corpora
2968 1080 3376 1152 mortuorum],
3407 1088 3464 1136 et
3478 1079 3740 1151 recedens

2145 1173 2302 1242 abiit,
2347 1183 2403 1230 et
2430 1189 2688 1231 reversus
2716 1181 2804 1230 est
2841 1172 3214 1231 Sennacherib
3242 1188 3338 1228 rex
3366 1172 3737 1244 Assyriorum,

2146 1277 2202 1324 et
2241 1268 2437 1323 mansit
2493 1267 2546 1324 in
2590 1267 2803 1323 Ninive.
2853 1266 3097 1336 Cumque
3139 1264 3393 1320 adoraret
3434 1264 3490 1319 in
3541 1264 3742 1334 templo

2149 1360 2254 1432 [h.
2286 1359 2488 1432 domo]
2531 1359 2772 1416 Nesroeh
2805 1359 2825 1431 [
2851 1358 2956 1414 Ma.
3001 1356 3309 1430 Neserath]
3355 1357 3518 1414 deum
3564 1371 3742 1423 suum,

2147 1449 2510 1509 Adramelech
2551 1451 2694 1524 [Μδ.
2726 1449 3129 1521 Adarmeleeh]
3159 1459 3217 1505 et
3241 1451 3470 1506 Sarazar
3491 1448 3586 1504 filii
3627 1448 3745 1519 ejus

2150 1555 2536 1618 percusserunt
2559 1561 2681 1603 eum
2706 1545 2907 1617 gladio,
2935 1544 3300 1615 fugeruntque
3330 1544 3383 1598 in
3415 1551 3613 1599 terram
3645 1542 3747 1598 Ar-

2151 1643 2482 1710 meniorum,
2506 1652 2562 1698 et
2591 1639 2842 1714 regnavit
2867 1639 3182 1696 Esaraddon
3210 1636 3354 1712 [£13.
3382 1634 3745 1708 Aseraddon]

2153 1735 2296 1791 filius
2319 1736 2439 1806 ejus
2471 1749 2569 1804 pro
2597 1748 2686 1792 eo.

2230 1828 2315 1901 [Τ.
2345 1827 2477 1894 CCI,
2505 1826 2636 1896 Cap.
2678 1825 2822 1898 XX.]
2849 1825 2909 1881 In
2938 1823 3131 1882 diebus
3167 1824 3274 1880 illis
3303 1821 3591 1896 agrotavit
3619 1821 3780 1877 Eze-'

2157 1921 2308 1978 ehias
2339 1935 2515 1990 usque
2542 1921 2608 1976 ad
2633 1930 2886 1987 mortem,
2931 1927 2987 1976 et
3006 1919 3156 1974 venit
3180 1919 3247 1974 ad
3270 1933 3394 1974 eum
3421 1916 3590 1973 Isaias
3611 1915 3752 1972 ﬁlius

2155 2017 2347 2083 Amos,
2401 2015 2686 2086 propheta,
2735 2014 2980 2086 dixitque
3008 2015 3057 2070 ei
3101 2031 3115 2069 :
3151 2011 3281 2070 Haec
3317 2011 3450 2068 dicit
3492 2011 3753 2066 Dominus

2159 2106 2306 2178 [Ms.
2359 2116 2407 2162 et
2442 2107 2603 2181 Vulg.
2649 2105 2777 2160 add.
2827 2104 3013 2176 Deus]
3042 2121 3054 2158 :
3087 2103 3332 2174 Praecipe
3373 2101 3556 2158 domui
3602 2110 3752 2156 tuzc:

2159 2199 2408 2255 morieris
2439 2199 2583 2254 enim
2639 2209 2695 2254 tu
2721 2197 2741 2271 [
2768 2197 2872 2253 Ms.
2909 2206 3011 2252 tae.
3046 2197 3163 2268 tu],
3216 2204 3273 2252 et
3296 2212 3406 2251 non
3453 2195 3624 2251 vives.
3653 2193 3754 2261 Qui

2159 2295 2431 2348 convertit
2458 2290 2650 2348 faciem
2679 2307 2833 2347 suam
2859 2291 2927 2345 ad
2952 2290 3244 2360 parietem,
3285 2298 3342 2344 et
3377 2287 3552 2343 oravit
3580 2284 3758 2342 Domi-

2160 2401 2314 2454 num,
2367 2384 2556 2440 dicens
2588 2401 2601 2438 :
2649 2383 2914 2451 Obsecro,
2947 2383 3198 2448 Domine,
3224 2388 3500 2438 memento
3544 2379 3562 2451 [
3595 2378 3758 2450 Vulg.

2161 2476 2288 2532 add.
2321 2490 2506 2543 quaeso
2531 2474 2548 2546 ]
2578 2475 2852 2546 quomodo
2881 2473 3272 2530 ambulaverim
3303 2487 3488 2528 coram
3514 2480 3568 2526 te
3590 2471 3645 2525 in
3668 2485 3762 2524 ve-

2161 2568 2343 2633 ritate,
2395 2577 2450 2623 et
2494 2566 2547 2622 in
2575 2567 2740 2623 corde
2789 2565 3052 2637 perfecto,
3100 2573 3154 2622 et
3184 2565 3332 2636 quod
3377 2563 3636 2634 placitum
3677 2570 3765 2616 est

2162 2673 2348 2714 coram
2376 2669 2429 2714 te
2455 2657 2472 2732 [
2503 2657 2560 2713 b.
2593 2659 2646 2713 in
2695 2658 2871 2713 oculis
2905 2656 3048 2729 tuis]
3077 2657 3323 2712 fecerim.
3365 2655 3542 2711 Flevit
3581 2654 3764 2724 itaque

2164 2750 2432 2806 Ezechias
2454 2751 2584 2806 fletu
2614 2766 2832 2823 magno.
2862 2750 2965 2823 [Τ.
2989 2749 3170 2821 CCII.]
3203 2749 3270 2804 Et
3287 2758 3580 2819 antequam
3603 2761 3766 2818 egre-

464 2861 564 2912 nu,
590 2851 1042 2900 contremuerunt
1069 2851 1126 2898 et
1157 2843 1372 2898 confusi
1402 2851 1552 2909 sunt,
1583 2841 1710 2898 facti
1745 2850 1873 2896 sunt
1904 2840 2064 2912 quasi
2164 2842 2390 2900 deretur
2416 2842 2581 2899 Isaias
2606 2845 2846 2900 mediam
2871 2851 3079 2914 partem
3100 2843 3250 2911 atrii,
3270 2841 3446 2898 factus
3469 2851 3555 2898 est
3582 2854 3764 2896 sermo

460 2937 650 2993 fenum
670 2936 809 3005 agri,
841 2943 897 2991 et
926 2937 1109 2991 virens
1140 2934 1310 2989 herba
1338 2943 1628 3001 tectorum,
1668 2949 1792 3005 qua:
1823 2934 2062 2990 arefacta
2165 2938 2380 2994 Domini
2411 2939 2479 2993 ad
2511 2954 2660 3008 eum,
2683 2938 2911 2994 dicens:
2943 2938 3260 3004 Revertere,
3309 2945 3366 2992 et
3394 2935 3484 2992 dic
3516 2933 3765 2990 Ezet-hiu:

462 3036 550 3084 est
575 3036 867 3098 antequam
900 3026 1112 3082 veniret
1139 3027 1207 3082 ad
1243 3027 1634 3084 maturitatem.
1679 3027 2060 3084 Habitaculum
2167 3031 2290 3088 duci
2331 3031 2520 3103 populi
2557 3031 2664 3088 mei
2697 3050 2710 3086 :
2741 3032 2871 3088 Haec
2907 3030 3043 3087 dicit
3092 3030 3357 3084 Dominus
3403 3027 3547 3083 Deus
3594 3025 3762 3082 Dauid
3815 3039 3820 3044 ·

468 3129 648 3189 tuum,
692 3129 748 3175 et
777 3133 1057 3192 egressum
1087 3129 1263 3185 tuum,
1319 3129 1373 3174 et
1401 3119 1430 3159 δ
1460 3120 1742 3176 introitum
1788 3131 1962 3189 tuum,
2013 3130 2062 3176 et

2166 3127 2338 3194 patris
2369 3125 2444 3180 tui
2477 3141 2492 3180 :
2529 3124 2724 3180 Audivi
2751 3124 3052 3180 orationem
3085 3132 3254 3187 tuam,
3295 3119 3406 3176 vidi
3437 3131 3458 3158 ο
3499 3119 3766 3192 lucrymas

465 3214 603 3268 uiam
640 3221 782 3267 tuam
812 3211 909 3285 [h.
938 3226 1048 3268 non
1081 3211 1284 3283 habet]
1313 3227 1414 3282 ego
1459 3213 1710 3283 praescivi
1739 3223 1796 3270 et
1824 3215 2060 3273 furorem
2092 3206 2139 3271 C
2171 3227 2292 3274 tuas
2326 3234 2342 3276 :
2371 3225 2428 3273 et
2476 3231 2605 3273 ecce
2630 3216 2817 3272 sanavi
2860 3223 2936 3284 te,
2976 3214 3066 3271 die
3111 3213 3272 3270 tertio
3319 3212 3584 3269 aseendes
3627 3220 3766 3266 teni-

468 3315 645 3372 tuum,
689 3314 881 3360 contra
919 3321 1028 3361 me.
1075 3304 1444 3377 Insanisti[b.
1479 3306 1556 3361 Eo
1594 3307 1741 3377 quod
1770 3309 2063 3384 insanisti]

468 3399 525 3454 in
548 3414 657 3466 me,
688 3407 744 3454 et
783 3398 1040 3470 superbia
1069 3406 1158 3454 tua
1193 3399 1438 3454 ascendit
1465 3398 1520 3454 in
1549 3414 1712 3456 aures
1740 3417 1888 3460 meas
1918 3422 1932 3460 :
1968 3420 2066 3476 po-

470 3505 598 3547 nam
621 3493 794 3562 itaque
821 3490 841 3563 [
866 3491 922 3545 h.
953 3506 1058 3546 non
1080 3490 1284 3563 habet]
1311 3492 1577 3547 circulum
1607 3493 1661 3548 in
1687 3495 1906 3552 naribus
1930 3498 2059 3565 tuis,

471 3596 529 3643 et
555 3601 770 3642 camum
805 3586 821 3656 ]
850 3587 904 3639 h.
937 3583 1188 3655 frenum]
1219 3584 1272 3639 in
1313 3585 1474 3641 labiis
1500 3589 1518 3660 [
1544 3586 1650 3642 Ma.
1684 3589 1887 3661 labris]
1931 3593 2058 3661 tuis,

473 3689 529 3737 et
555 3679 813 3735 reducam
847 3686 901 3732 te
945 3679 998 3733 in
1027 3678 1202 3744 viam,
1250 3693 1348 3748 per
1379 3695 1541 3750 quam
1571 3683 1790 3752 venisti.
1818 3683 1943 3740 Tibi
1969 3701 2063 3741 au-

474 3779 614 3837 tem,
646 3769 872 3823 Ezechia
901 3767 980 3840 [h.
1023 3783 1130 3824 non
1159 3767 1368 3840 habet],
1405 3771 1510 3828 hoc
1533 3773 1640 3828 erit
1667 3773 1878 3844 signum
1910 3794 1922 3830 :
1956 3777 2065 3834 Co-

470 3862 636 3919 mede
681 3860 786 3915 hoc
822 3874 964 3915 anno
989 3860 1130 3931 quod
1171 3863 1480 3938 repereris;
1514 3865 1568 3919 in
1611 3867 1852 3923 secundo
1880 3879 2059 3926 autem

475 3969 644 4021 anno,
671 3969 792 4024 qua:
821 3966 1017 4021 sponte
1041 3965 1342 4008 nascuntur
1363 3955 1491 4028 [διε.
1519 3957 1834 4028 nascentur]
1861 3976 1874 4016 :
1901 3978 2063 4030 porro

474 4051 530 4105 in
573 4061 717 4101 anno
747 4046 912 4100 tertio
957 4047 1221 4100 seminate
1259 4057 1312 4100 et
1343 4049 1530 4104 metite
1557 4049 1648 4121 [h.
1674 4049 1914 4109 Comede
1959 4055 2063 4115 hoc

473 4155 620 4195 anno
649 4153 770 4208 qua:
801 4147 996 4210 sponte
1024 4149 1340 4206 nascuntur,
1371 4150 1430 4194 et
1461 4141 1510 4194 in
1541 4156 1682 4196 anno
1705 4147 1945 4202 secundo
1969 4165 2062 4218 po-

468 4234 576 4288 mis
601 4247 821 4288 vescere
851 4247 866 4286 :
900 4232 956 4286 iu
983 4246 1128 4286 anno
1155 4242 1333 4286 autem
1367 4235 1529 4288 tertio
1562 4235 1828 4293 seminate
1867 4248 1921 4294 et
1950 4257 2063 4298 mc-

469 4325 612 4394 tite]
645 4343 656 4378 :
689 4324 930 4394 plantate
957 4323 1166 4390 vineas,
1190 4331 1246 4379 et
1270 4325 1541 4381 comedite
1575 4327 1807 4384 fructum
1849 4346 2057 4390 earum.

469 4417 541 4473 Et
565 4415 946 4488 quodcumque
977 4415 1244 4486 reliquum
1265 4414 1431 4471 fuerit
1449 4417 1518 4472 de
1545 4417 1711 4474 domo
1739 4421 1900 4491 Juda,
1933 4425 2059 4482 mit-

468 4520 550 4566 tet
576 4511 818 4566 radicem
845 4509 1212 4575 deorsum,.et
1233 4508 1395 4565 faciet
1425 4511 1658 4568 fructum
1697 4529 1941 4574 sursum.
1984 4520 2060 4575 De

2168 3311 2316 3382 plum
2344 3310 2363 3382 [
2391 3311 2448 3366 h.
2477 3309 2738 3383 domum]
2773 3309 3011 3364 Domini.
3063 3307 3133 3364 Et
3176 3306 3372 3362 addam
3420 3305 3613 3361 diebus
3655 3305 3764 3358 tuis

2167 3402 2478 3474 quindecim
2507 3416 2683 3458 annos
2713 3419 2725 3455 :
2759 3400 2854 3457 sed
2887 3409 2942 3456 et
2969 3401 3038 3456 de
3060 3415 3223 3455 manu
3246 3399 3392 3468 regis
3413 3398 3762 3469 Assyriorum

2170 3495 2416 3551 liberabo
2449 3504 2522 3562 te,
2556 3503 2614 3550 et
2653 3494 2929 3550 civitatem
2962 3492 3124 3560 hanc,
3159 3500 3216 3548 et
3261 3499 3539 3561 protegam
3571 3488 3762 3544 urbem

2167 3587 2327 3642 istam
2357 3595 2580 3656 propter
2607 3599 2714 3649 me,
2746 3594 2803 3640 et
2830 3590 3057 3655 prepter
3095 3582 3266 3638 David
3295 3597 3515 3638 servum
3554 3596 3759 3636 meum.

2165 3680 2316 3735 Dixit
2359 3679 2528 3733 Isaias
2565 3677 2815 3734 :Al'ferte
2860 3691 3094 3733 massam
3147 3676 3401 3732 ficorum.
3431 3675 3604 3743 Quam
3637 3689 3762 3731 cum

2165 3773 2492 3841 attulissent,
2536 3782 2590 3826 et
2633 3772 2940 3843 posuissent
2987 3785 3151 3840 super
3175 3772 3332 3826 ulcus
3360 3770 3501 3840 ejus,
3535 3776 3757 3824 curatus

2165 3875 2270 3922 cst.
2295 3867 2514 3920 Dixerat
2557 3863 2653 3935 [h.
2685 3863 2875 3935 Dixit]
2905 3873 3085 3920 autem
3119 3861 3378 3919 Ezechias
3418 3860 3484 3916 ad
3519 3859 3710 3915 lsaiam
3747 3875 3761 3912 :

2165 3961 2320 4031 Quod
2362 3962 2469 4017 erit
2506 3961 2747 4032 signum,
2805 3959 2928 4030 quia
2977 3959 3237 4014 Dominus
3287 3971 3374 4012 me
3424 3955 3659 4021 sanabit,
3711 3960 3768 4007 et

2165 4056 2292 4125 quia
2320 4066 2646 4107 ascensurus
2677 4065 2797 4105 sum
2847 4050 2938 4106 die
2981 4051 3139 4105 tertia
3163 4049 3182 4121 [
3207 4048 3312 4103 Ms.
3345 4046 3474 4102 add.
3506 4047 3559 4101 in
3582 4043 3602 4117 ]
3626 4053 3765 4098 tem-

2167 4147 2313 4218 plum
2345 4146 2363 4216 [α
2389 4145 2445 4198 li.
2479 4142 2741 4214 domum]
2776 4143 3030 4198 Domini?
3055 4140 3154 4197 Cui
3180 4142 3256 4197 ait
3290 4141 3456 4196 Isaias
3486 4154 3501 4195 :
3533 4138 3643 4192 lloc
3661 4152 3706 4191 ei
3727 4135 3768 4189 it

2165 4241 2375 4310 signum
2407 4253 2437 4292 a
2468 4237 2723 4298 Domino,
2757 4235 2900 4305 quod
2934 4235 3174 4290 facturus
3223 4233 3297 4287 sit
3340 4232 3606 4286 Dominus
3649 4243 3768 4282 scr—

2164 4345 2404 4395 monem,
2429 4343 2590 4400 quem
2624 4327 2840 4383 locutus
2869 4336 2954 4382 est
2977 4343 2992 4381 :
3019 4325 3112 4381 Vis
3134 4335 3192 4381 ut
3213 4325 3475 4380 ascendat
3496 4323 3515 4394 ]
3539 4320 3643 4376 Ms.
3673 4335 3765 4374 ao

2164 4421 2364 4494 cedat]
2413 4421 2601 4477 umbra
2653 4419 2844 4475 decem
2892 4418 3190 4490 lineis[li.
3221 4415 3543 4488 gradibus],
3595 4430 3662 4468 an
3705 4420 3767 4467 ut

2165 4523 2475 4572 revertatur
2514 4511 2738 4568 t0tidem
2779 4510 3078 4582 gradibus?
3104 4509 3174 4565 Et
3205 4510 3282 4564 ait
3324 4507 3622 4564 Ezechias:
3654 4503 3764 4560 Fa-

463 4603 770 4660 Jerusalem
796 4603 996 4672 quippe
1023 4601 1364 4674 egredientur
1386 4603 1650 4676 reliquiae,
1690 4618 1745 4664 et
1780 4611 1923 4681 quod
1950 4614 2058 4668 sal-
2084 4592 2139 4653 D
2162 4607 2268 4664 cile
2285 4617 2391 4675 est,
2413 4605 2658 4662 umbram
2681 4617 2932 4660 crescere
2950 4602 3143 4659 decem
3166 4601 3324 4657 lineis
3346 4599 3421 4672 [ιι.
3449 4596 3760 4671 gradibus]:

464 4707 626 4753 vetur
646 4697 716 4753 de
746 4705 931 4752 monte
974 4695 1108 4752 Sion
1145 4715 1156 4750 :
1191 4696 1340 4753 zelus
1369 4697 1581 4755 Domini
1610 4702 1941 4760 exercituum
1972 4705 2055 4761 fa-

464 4791 577 4847 ciet
628 4790 758 4846 hoc.
791 4789 1154 4858 Quamobrem
1196 4789 1312 4846 haec
1353 4791 1485 4847 dicit
1531 4792 1788 4850 Dominus
1816 4795 1884 4852 de
1928 4813 2056 4869 rege

459 4883 808 4956 Assyriorum
840 4881 998 4938 :Non
1028 4883 1361 4954 ingredietur
1390 4885 1580 4942 urbem
1610 4886 1767 4953 hanc,
1798 4904 1898 4946 nec
1928 4892 2057 4946 mit-

459 4982 542 5030 tet
575 4977 629 5030 in
675 4990 797 5031 eam
842 4974 1119 5046 sagittam,
1173 4990 1275 5032 nec
1301 4978 1592 5048 occupabit
1633 4993 1754 5034 eam
1801 4982 2048 5051 elypeus,

465 5083 570 5127 nec
597 5070 957 5127 circumdabit
984 5085 1104 5127 eam
1132 5071 1380 5128 munitio.
1413 5070 1516 5128 Per
1548 5071 1714 5138 viam,
1745 5087 1847 5144 qua
1880 5075 2048 5146 venit,

535 5286 562 5314 ι
592 5274 690 5331 Hic
719 5274 1024 5331 absolutum
1055 5273 1220 5331 habet
1243 5289 1460 5336 sensum
1490 5289 1733 5346 praesens
1754 5276 2057 5334 versiculus

461 5363 574 5404 non
606 5349 782 5402 solum
813 5348 865 5401 in
895 5349 1146 5402 Canone:
1199 5347 1294 5401 sed
1321 5347 1462 5416 apud
1492 5363 1686 5404 omnes
1735 5349 1870 5404 alios
1891 5351 2054 5405 etiam

457 5419 821 5488 interpretes,
868 5417 962 5488 qui
1007 5418 1257 5488 versiculi
1297 5419 1572 5488 sequentis
1600 5419 1670 5473 ita
1696 5419 1900 5476 ducunt
1941 5421 2047 5475 iui-

465 5493 599 5545 tium
634 5505 650 5541 :
683 5487 958 5561 Egofodi,
982 5498 1028 5544 et
1055 5487 1179 5554 bibi,
1217 5488 1323 5552 vel,
1355 5487 1449 5561 ego
1474 5490 1680 5561 siccavi,
1711 5500 1761 5548 et
1787 5491 1911 5561 bibi,
1937 5501 2043 5548 etc.

461 5561 556 5619 Cor
579 5562 701 5618 su‘e
730 5559 1059 5632 Polyglotta,
1092 5561 1135 5613 si
1164 5574 1346 5615 vacas.
1380 5559 1556 5616 Mam.

526 5655 556 5694 1³
587 5657 863 5712 Alterutra
910 5669 976 5709 ex
1006 5652 1090 5708 his
1130 5652 1472 5722 lectionibus,
1504 5657 1770 5711 introitum
1813 5665 1955 5711 tuum
1986 5667 2040 5713 et

455 5730 593 5784 viam
623 5737 786 5799 tuam,
832 5724 1338 5799 abutitlat,_eslque
1388 5726 1726 5799 librariorum
1772 5729 1928 5799 culpa
1969 5744 2035 5784 ex

454 5801 581 5856 albo
621 5797 741 5854 libri
772 5798 826 5868 in
856 5805 1069 5868 textum
1114 5794 1423 5868 importata.
1462 5797 1792 5855 Scholiastes
1823 5794 2034 5868 postre-

451 5885 600 5928 mam
646 5865 854 5938 respuit
891 5883 906 5922 :
953 5865 1205 5937 priorem
1238 5867 1537 5926 Veronens.
1581 5885 1684 5926 nis.
1716 5865 1876 5928 tacet.
1922 5868 2036 5927 Suo

2165 4718 2267 4760 nec
2291 4703 2396 4758 hoc
2415 4702 2560 4769 volo,
2607 4708 2668 4755 ut
2698 4699 2813 4765 fiat,
2860 4697 2958 4754 sed
2984 4706 3043 4752 ut
3089 4703 3412 4753 revertatur
3453 4702 3758 4748 retrorsum

2162 4801 2352 4856 decem
2396 4795 2675 4869 gradibus.
2726 4794 3000 4850 Invocavit
3041 4792 3224 4864 itaque
3273 4789 3442 4847 Isaias
3490 4787 3758 4858 propheta

2162 4892 2469 4953 Dominum,
2493 4897 2549 4944 et
2568 4885 2786 4942 reduxit
2812 4886 3059 4941 umbram
3084 4899 3182 4954 per
3206 4883 3381 4939 lineas
3405 4880 3483 4953 [Ιι.
3511 4878 3753 4952 gradus],

2160 4983 2359 5055 quibus
2378 4981 2490 5052 jam
2519 4978 2883 5036 descenderat
2909 4977 2965 5032 in
2994 4975 3282 5046 horologia
3311 4975 3331 5046 [
3361 4973 3416 5028 h.
3451 4970 3712 5044 gradibus
3737 4967 3755 5039 ]

2160 5075 2331 5142 Ahaz,
2352 5081 2649 5131 retrorsum
2677 5069 2866 5126 decem
2891 5067 3169 5140 gradibus.
3201 5066 3285 5140 [T.
3315 5063 3513 5136 CClll.]
3534 5063 3592 5119 lu
3622 5073 3754 5118 tem-

2163 5286 2392 5348 uterque
2419 5288 2582 5348 sensu
2603 5273 2779 5330 bene:
2807 5285 2872 5327 ex
2900 5269 3004 5325 hoc
3031 5276 3211 5324 autem
3233 5267 3354 5348 ipso
3381 5265 3576 5336 liquet,
3611 5261 3756 5318 hunc

2163 5338 2478 5418 sequiorum
2527 5347 2892 5418 glossatorum
2943 5355 3135 5396 manus
3175 5338 3396 5418 minime
3437 5348 3756 5418 perpessum

2162 5406 2306 5489 ess'e,
2335 5406 2636 5489 puramque
2666 5414 3186 5489 additamentgrum,
3237 5409 3559 5489 Vcrsionem
3599 5406 3754 5460 exhi-

2157 5477 2822 5558 bere'I'lieronymianam,
2869 5483 2937 5538 ad
2988 5482 3278 5538 I-lebr:cum
3324 5477 3750 5558 exemplar_ex-

2155 5546 2436 5632 pressam,
2480 5546 2622 5632 quod
2673 5546 2928 5632 tria__h:gc
2966 5562 3174 5632 tantum
3208 5557 3509 5632 memorat,
3523 5546 3749 5632 sedere,

2153 5618 2364 5703 egredi,
2397 5618 2564 5700 atque
2595 5625 2828 5703 ingredi.
2859 5625 3033 5680 Porro
3062 5624 3197 5679 viam
3241 5631 3384 5676 tuam
3433 5619 3567 5676 satis
3609 5618 3752 5673 bene

2151 5701 2437 5760 Ilebracum
2463 5710 2608 5784 3:231
2635 5701 3044 5769 interpretatur.

2221 5809 2243 5837 ο
2283 5781 2689 5855 Contentiosius
2710 5791 2778 5848 ad
2808 5789 2971 5846 Hebr.
3004 5786 3237 5846 verbum
3268 5785 3501 5845 minoris
3522 5781 3746 5842 numeri

2146 5869 2447 5928 Veronens.
2477 5881 2579 5924 ms.
2609 5865 2892 5935 lacrgmam
2923 5869 3088 5916 tuam.
3133 5905 3156 5935 λ
3551 5871 3556 5873 -
