  <div class='ocr_page' id='page_1' title='image "/cluster/home/n/w/nwhite01/storage/ocr_20150623/28/hvd.32044015471410/386.png"; bbox 0 0 4114 6364; ppageno 0'>
   <div class='ocr_carea' id='block_1_1' title="bbox 380 313 482 374">
    <p class='ocr_par' dir='ltr' id='par_1_1' title="bbox 380 313 482 374">
     <span class='ocr_line' id='line_1_1' title="bbox 380 313 482 374; baseline 0.02 -2"><span class='ocrx_word' id='word_1_1' title='bbox 380 313 482 374; x_wconf 81' lang='grc'><strong>761</strong></span> 
     </span>
    </p>
   </div>
   <div class='ocr_carea' id='block_1_2' title="bbox 1670 314 2383 375">
    <p class='ocr_par' dir='ltr' id='par_1_2' title="bbox 1670 314 2383 375">
     <span class='ocr_line' id='line_1_2' title="bbox 1670 314 2383 375; baseline -0.001 -2"><span class='ocrx_word' id='word_1_2' title='bbox 1670 314 1878 374; x_wconf 80' lang='lat' dir='ltr'><strong>LIBER</strong></span> <span class='ocrx_word' id='word_1_3' title='bbox 1913 316 1957 375; x_wconf 91' lang='lat' dir='ltr'><strong>II</strong></span> <span class='ocrx_word' id='word_1_4' title='bbox 1996 315 2383 375; x_wconf 80' lang='lat' dir='ltr'><strong>MALACIIIM.</strong></span> 
     </span>
    </p>
   </div>
   <div class='ocr_carea' id='block_1_3' title="bbox 3569 325 3676 385">
    <p class='ocr_par' dir='ltr' id='par_1_3' title="bbox 3569 325 3676 385">
     <span class='ocr_line' id='line_1_3' title="bbox 3569 325 3676 385; baseline 0.019 -2"><span class='ocrx_word' id='word_1_5' title='bbox 3569 325 3676 385; x_wconf 70' lang='lat'><strong>762</strong></span> 
     </span>
    </p>
   </div>
   <div class='ocr_carea' id='block_1_4' title="bbox 378 428 3674 505">
    <p class='ocr_par' dir='ltr' id='par_1_4' title="bbox 378 428 3674 505">
     <span class='ocr_line' id='line_1_4' title="bbox 378 428 3674 505; baseline 0.002 -17"><span class='ocrx_word' id='word_1_6' title='bbox 378 430 629 504; x_wconf 89' lang='lat' dir='ltr'><strong>poreillo</strong></span> <span class='ocrx_word' id='word_1_7' title='bbox 651 430 800 487; x_wconf 91' lang='lat' dir='ltr'><strong>misit</strong></span> <span class='ocrx_word' id='word_1_8' title='bbox 823 428 1101 488; x_wconf 88' lang='lat' dir='ltr'><strong>Berodacb</strong></span> <span class='ocrx_word' id='word_1_9' title='bbox 1125 429 1359 487; x_wconf 89' lang='lat' dir='ltr'><strong>Baladan</strong></span> <span class='ocrx_word' id='word_1_10' title='bbox 1387 430 1409 504; x_wconf 89' lang='lat'>[</span> <span class='ocrx_word' id='word_1_11' title='bbox 1435 429 1539 486; x_wconf 83' lang='lat' dir='ltr'><strong>Ms.</strong></span> <span class='ocrx_word' id='word_1_12' title='bbox 1573 430 1975 505; x_wconf 85' lang='lat' dir='ltr'><strong>tac.Baladan],</strong></span> <span class='ocrx_word' id='word_1_13' title='bbox 2005 441 2060 502; x_wconf 77' lang='grc' dir='ltr'><strong>Α</strong></span> <span class='ocrx_word' id='word_1_14' title='bbox 2083 446 2187 500; x_wconf 90' lang='lat' dir='ltr'><strong>que</strong></span> <span class='ocrx_word' id='word_1_15' title='bbox 2217 445 2339 486; x_wconf 90' lang='lat' dir='ltr'><strong>aras</strong></span> <span class='ocrx_word' id='word_1_16' title='bbox 2384 429 2436 485; x_wconf 95' lang='lat' dir='ltr'><strong>in</strong></span> <span class='ocrx_word' id='word_1_17' title='bbox 2466 429 2632 486; x_wconf 86' lang='lat' dir='ltr'><strong>domo</strong></span> <span class='ocrx_word' id='word_1_18' title='bbox 2669 428 2904 500; x_wconf 84' lang='lat' dir='ltr'><strong>Domini,</strong></span> <span class='ocrx_word' id='word_1_19' title='bbox 2952 428 3021 488; x_wconf 91' lang='lat' dir='ltr'><strong>de</strong></span> <span class='ocrx_word' id='word_1_20' title='bbox 3055 444 3159 505; x_wconf 88' lang='lat' dir='ltr'><strong>qua</strong></span> <span class='ocrx_word' id='word_1_21' title='bbox 3205 431 3343 489; x_wconf 80' lang='lat' dir='ltr'><strong>dixit</strong></span> <span class='ocrx_word' id='word_1_22' title='bbox 3374 432 3635 495; x_wconf 79' lang='lat' dir='ltr'><strong>Dominus</strong></span> <span class='ocrx_word' id='word_1_23' title='bbox 3663 456 3674 494; x_wconf 92' lang='lat'><strong>:</strong></span> 
     </span>
    </p>
   </div>
   <div class='ocr_carea' id='block_1_5' title="bbox 379 524 1978 598">
    <p class='ocr_par' dir='ltr' id='par_1_5' title="bbox 379 524 1978 598">
     <span class='ocr_line' id='line_1_5' title="bbox 379 524 1978 598; baseline 0.002 -19"><span class='ocrx_word' id='word_1_24' title='bbox 379 525 525 581; x_wconf 88' lang='lat' dir='ltr'><strong>filius</strong></span> <span class='ocrx_word' id='word_1_25' title='bbox 556 524 818 592; x_wconf 91' lang='lat' dir='ltr'><strong>Baladan,</strong></span> <span class='ocrx_word' id='word_1_26' title='bbox 848 540 941 580; x_wconf 92' lang='lat' dir='ltr'><strong>rex</strong></span> <span class='ocrx_word' id='word_1_27' title='bbox 972 524 1419 597; x_wconf 83' lang='lat' dir='ltr'><strong>Babyloniorum,</strong></span> <span class='ocrx_word' id='word_1_28' title='bbox 1445 526 1657 581; x_wconf 75' lang='lat' dir='ltr'><strong>litteras</strong></span> <span class='ocrx_word' id='word_1_29' title='bbox 1687 524 1763 598; x_wconf 91' lang='lat' dir='ltr'><strong>[h.</strong></span> <span class='ocrx_word' id='word_1_30' title='bbox 1789 525 1978 597; x_wconf 86' lang='lat' dir='ltr'><strong>libros]</strong></span> 
     </span>
    </p>
   </div>
   <div class='ocr_carea' id='block_1_6' title="bbox 376 616 1980 688">
    <p class='ocr_par' dir='ltr' id='par_1_6' title="bbox 376 616 1980 688">
     <span class='ocr_line' id='line_1_6' title="bbox 376 616 1980 688; baseline -0.001 -15"><span class='ocrx_word' id='word_1_31' title='bbox 376 627 437 673; x_wconf 89' lang='lat' dir='ltr'><strong>et</strong></span> <span class='ocrx_word' id='word_1_32' title='bbox 467 632 691 673; x_wconf 89' lang='lat' dir='ltr'><strong>munera</strong></span> <span class='ocrx_word' id='word_1_33' title='bbox 723 616 790 672; x_wconf 88' lang='lat' dir='ltr'><strong>ad</strong></span> <span class='ocrx_word' id='word_1_34' title='bbox 819 616 1106 673; x_wconf 85' lang='lat' dir='ltr'><strong>Ezechiam</strong></span> <span class='ocrx_word' id='word_1_35' title='bbox 1128 635 1143 673; x_wconf 88' lang='lat'><strong><em>:</em></strong></span> <span class='ocrx_word' id='word_1_36' title='bbox 1169 617 1421 674; x_wconf 82' lang='lat' dir='ltr'><strong>audierat</strong></span> <span class='ocrx_word' id='word_1_37' title='bbox 1445 618 1592 674; x_wconf 91' lang='lat' dir='ltr'><strong>enim</strong></span> <span class='ocrx_word' id='word_1_38' title='bbox 1616 618 1761 688; x_wconf 85' lang='lat' dir='ltr'><strong>quod</strong></span> <span class='ocrx_word' id='word_1_39' title='bbox 1802 632 1980 688; x_wconf 69' lang='lat' dir='ltr'><strong>aegro-</strong></span> 
     </span>
    </p>
   </div>
   <div class='ocr_carea' id='block_1_7' title="bbox 375 708 1979 768">
    <p class='ocr_par' dir='ltr' id='par_1_7' title="bbox 375 708 1979 768">
     <span class='ocr_line' id='line_1_7' title="bbox 375 708 1979 768; baseline 0.001 -2"><span class='ocrx_word' id='word_1_40' title='bbox 375 719 550 766; x_wconf 90' lang='lat' dir='ltr'><strong>tasset</strong></span> <span class='ocrx_word' id='word_1_41' title='bbox 577 708 863 766; x_wconf 83' lang='lat' dir='ltr'><strong>Ezechias.</strong></span> <span class='ocrx_word' id='word_1_42' title='bbox 887 709 1128 766; x_wconf 64' lang='lat' dir='ltr'><strong>Laetatus</strong></span> <span class='ocrx_word' id='word_1_43' title='bbox 1152 718 1236 767; x_wconf 88' lang='lat' dir='ltr'><strong>est</strong></span> <span class='ocrx_word' id='word_1_44' title='bbox 1254 720 1432 767; x_wconf 92' lang='lat' dir='ltr'><strong>autem</strong></span> <span class='ocrx_word' id='word_1_45' title='bbox 1462 711 1515 768; x_wconf 90' lang='lat' dir='ltr'><strong>in</strong></span> <span class='ocrx_word' id='word_1_46' title='bbox 1536 712 1772 767; x_wconf 90' lang='lat' dir='ltr'><strong>adventu</strong></span> <span class='ocrx_word' id='word_1_47' title='bbox 1792 725 1979 767; x_wconf 90' lang='lat' dir='ltr'><strong>eorum</strong></span> 
     </span>
    </p>
   </div>
   <div class='ocr_carea' id='block_1_8' title="bbox 376 803 1977 880">
    <p class='ocr_par' dir='ltr' id='par_1_8' title="bbox 376 803 1977 880">
     <span class='ocr_line' id='line_1_8' title="bbox 376 803 1977 880; baseline 0 -19"><span class='ocrx_word' id='word_1_48' title='bbox 376 803 666 872; x_wconf 86' lang='lat' dir='ltr'><strong>Ezechias,</strong></span> <span class='ocrx_word' id='word_1_49' title='bbox 693 814 748 862; x_wconf 91' lang='lat' dir='ltr'><strong>et</strong></span> <span class='ocrx_word' id='word_1_50' title='bbox 768 805 1008 862; x_wconf 90' lang='lat' dir='ltr'><strong>ostendit</strong></span> <span class='ocrx_word' id='word_1_51' title='bbox 1037 805 1116 880; x_wconf 77' lang='lat' dir='ltr'><strong>[h.</strong></span> <span class='ocrx_word' id='word_1_52' title='bbox 1140 804 1339 861; x_wconf 82' lang='lat' dir='ltr'><strong>Audito</strong></span> <span class='ocrx_word' id='word_1_53' title='bbox 1385 816 1566 863; x_wconf 89' lang='lat' dir='ltr'><strong>autem</strong></span> <span class='ocrx_word' id='word_1_54' title='bbox 1599 805 1833 862; x_wconf 90' lang='lat' dir='ltr'><strong>adventu</strong></span> <span class='ocrx_word' id='word_1_55' title='bbox 1881 819 1977 861; x_wconf 89' lang='lat' dir='ltr'><strong>eo-</strong></span> 
     </span>
    </p>
   </div>
   <div class='ocr_carea' id='block_1_9' title="bbox 377 898 1981 971">
    <p class='ocr_par' dir='ltr' id='par_1_9' title="bbox 377 898 1981 971">
     <span class='ocr_line' id='line_1_9' title="bbox 377 898 1981 971; baseline -0.001 -16"><span class='ocrx_word' id='word_1_56' title='bbox 377 915 526 966; x_wconf 91' lang='lat' dir='ltr'><strong>rum,</strong></span> <span class='ocrx_word' id='word_1_57' title='bbox 572 899 831 956; x_wconf 82' lang='lat' dir='ltr'><strong>Ezechias</strong></span> <span class='ocrx_word' id='word_1_58' title='bbox 858 898 1141 971; x_wconf 90' lang='lat' dir='ltr'><strong>ostendit]</strong></span> <span class='ocrx_word' id='word_1_59' title='bbox 1192 900 1270 956; x_wconf 90' lang='lat' dir='ltr'><strong>eis</strong></span> <span class='ocrx_word' id='word_1_60' title='bbox 1304 900 1526 957; x_wconf 90' lang='lat' dir='ltr'><strong>domum</strong></span> <span class='ocrx_word' id='word_1_61' title='bbox 1566 908 1893 968; x_wconf 86' lang='lat' dir='ltr'><strong>aromatum,</strong></span> <span class='ocrx_word' id='word_1_62' title='bbox 1925 906 1981 957; x_wconf 92' lang='lat' dir='ltr'><strong>et</strong></span> 
     </span>
    </p>
   </div>
   <div class='ocr_carea' id='block_1_10' title="bbox 374 990 1976 1069">
    <p class='ocr_par' dir='ltr' id='par_1_10' title="bbox 374 990 1976 1069">
     <span class='ocr_line' id='line_1_10' title="bbox 374 990 1976 1069; baseline -0.001 -20"><span class='ocrx_word' id='word_1_63' title='bbox 374 1009 567 1050; x_wconf 89' lang='lat' dir='ltr'><strong>aurum</strong></span> <span class='ocrx_word' id='word_1_64' title='bbox 589 1008 642 1051; x_wconf 91' lang='lat' dir='ltr'><strong>et</strong></span> <span class='ocrx_word' id='word_1_65' title='bbox 669 1003 974 1066; x_wconf 77' lang='lat' dir='ltr'><strong>argentum,</strong></span> <span class='ocrx_word' id='word_1_66' title='bbox 992 1005 1047 1051; x_wconf 91' lang='lat' dir='ltr'><strong>et</strong></span> <span class='ocrx_word' id='word_1_67' title='bbox 1066 994 1337 1066; x_wconf 87' lang='lat' dir='ltr'><strong>pigmenta</strong></span> <span class='ocrx_word' id='word_1_68' title='bbox 1360 995 1501 1049; x_wconf 72' lang='lat' dir='ltr'><strong>varia</strong></span> <span class='ocrx_word' id='word_1_69' title='bbox 1527 994 1606 1069; x_wconf 85' lang='lat' dir='ltr'><strong>[h.</strong></span> <span class='ocrx_word' id='word_1_70' title='bbox 1630 1008 1739 1049; x_wconf 89' lang='lat' dir='ltr'><strong>non</strong></span> <span class='ocrx_word' id='word_1_71' title='bbox 1769 990 1976 1065; x_wconf 81' lang='lat' dir='ltr'><strong>habet],</strong></span> 
     </span>
    </p>
   </div>
   <div class='ocr_carea' id='block_1_11' title="bbox 374 1085 1973 1160">
    <p class='ocr_par' dir='ltr' id='par_1_11' title="bbox 374 1085 1973 1160">
     <span class='ocr_line' id='line_1_11' title="bbox 374 1085 1973 1160; baseline 0 -19"><span class='ocrx_word' id='word_1_72' title='bbox 374 1095 656 1157; x_wconf 83' lang='lat' dir='ltr'><strong>unguenta</strong></span> <span class='ocrx_word' id='word_1_73' title='bbox 684 1102 900 1159; x_wconf 89' lang='lat' dir='ltr'><strong>quoque</strong></span> <span class='ocrx_word' id='word_1_74' title='bbox 928 1085 1021 1160; x_wconf 88' lang='lat' dir='ltr'><strong>[h.</strong></span> <span class='ocrx_word' id='word_1_75' title='bbox 1046 1095 1378 1157; x_wconf 89' lang='lat' dir='ltr'><strong>unguentum</strong></span> <span class='ocrx_word' id='word_1_76' title='bbox 1408 1102 1623 1158; x_wconf 89' lang='lat' dir='ltr'><strong>quoque</strong></span> <span class='ocrx_word' id='word_1_77' title='bbox 1642 1086 1905 1158; x_wconf 89' lang='lat' dir='ltr'><strong>optimum</strong></span> <span class='ocrx_word' id='word_1_78' title='bbox 1931 1086 1973 1158; x_wconf 87' lang='lat' dir='ltr'><strong>J,</strong></span> 
     </span>
    </p>
   </div>
   <div class='ocr_carea' id='block_1_12' title="bbox 374 1179 1977 1249">
    <p class='ocr_par' dir='ltr' id='par_1_12' title="bbox 374 1179 1977 1249">
     <span class='ocr_line' id='line_1_12' title="bbox 374 1179 1977 1249; baseline 0.001 -16"><span class='ocrx_word' id='word_1_79' title='bbox 374 1187 436 1233; x_wconf 83' lang='lat' dir='ltr'><strong>et</strong></span> <span class='ocrx_word' id='word_1_80' title='bbox 462 1179 688 1234; x_wconf 90' lang='lat' dir='ltr'><strong>domum</strong></span> <span class='ocrx_word' id='word_1_81' title='bbox 735 1193 987 1234; x_wconf 82' lang='lat' dir='ltr'><strong>vasorum</strong></span> <span class='ocrx_word' id='word_1_82' title='bbox 1034 1194 1286 1245; x_wconf 89' lang='lat' dir='ltr'><strong>suorum,</strong></span> <span class='ocrx_word' id='word_1_83' title='bbox 1317 1186 1373 1234; x_wconf 86' lang='lat' dir='ltr'><strong>et</strong></span> <span class='ocrx_word' id='word_1_84' title='bbox 1399 1180 1581 1235; x_wconf 89' lang='lat' dir='ltr'><strong>omnia</strong></span> <span class='ocrx_word' id='word_1_85' title='bbox 1608 1194 1726 1249; x_wconf 66' lang='lat' dir='ltr'><strong>qua:</strong></span> <span class='ocrx_word' id='word_1_86' title='bbox 1774 1179 1977 1235; x_wconf 87' lang='lat' dir='ltr'><strong>habere</strong></span> 
     </span>
    </p>
   </div>
   <div class='ocr_carea' id='block_1_13' title="bbox 376 1270 1970 1345">
    <p class='ocr_par' dir='ltr' id='par_1_13' title="bbox 376 1270 1970 1345">
     <span class='ocr_line' id='line_1_13' title="bbox 376 1270 1970 1345; baseline -0.001 -17"><span class='ocrx_word' id='word_1_87' title='bbox 376 1281 592 1343; x_wconf 86' lang='lat' dir='ltr'><strong>poterat</strong></span> <span class='ocrx_word' id='word_1_88' title='bbox 624 1271 678 1326; x_wconf 93' lang='lat' dir='ltr'><strong>in</strong></span> <span class='ocrx_word' id='word_1_89' title='bbox 714 1270 986 1327; x_wconf 86' lang='lat' dir='ltr'><strong>thesauris</strong></span> <span class='ocrx_word' id='word_1_90' title='bbox 1027 1272 1159 1328; x_wconf 87' lang='lat' dir='ltr'><strong>suis.</strong></span> <span class='ocrx_word' id='word_1_91' title='bbox 1212 1271 1328 1327; x_wconf 86' lang='lat' dir='ltr'><strong>Non</strong></span> <span class='ocrx_word' id='word_1_92' title='bbox 1376 1272 1478 1327; x_wconf 88' lang='lat' dir='ltr'><strong>fuit</strong></span> <span class='ocrx_word' id='word_1_93' title='bbox 1506 1271 1796 1343; x_wconf 84' lang='lat' dir='ltr'><strong>quidquam</strong></span> <span class='ocrx_word' id='word_1_94' title='bbox 1828 1270 1970 1345; x_wconf 72' lang='grc' dir='ltr'><strong>[Με.</strong></span> 
     </span>
    </p>
   </div>
   <div class='ocr_carea' id='block_1_14' title="bbox 372 1362 1974 1437">
    <p class='ocr_par' dir='ltr' id='par_1_14' title="bbox 372 1362 1974 1437">
     <span class='ocr_line' id='line_1_14' title="bbox 372 1362 1974 1437; baseline 0.002 -19"><span class='ocrx_word' id='word_1_95' title='bbox 372 1375 477 1419; x_wconf 86' lang='lat' dir='ltr'><strong>tac.</strong></span> <span class='ocrx_word' id='word_1_96' title='bbox 510 1362 824 1437; x_wconf 88' lang='lat' dir='ltr'><strong>quidquam]</strong></span> <span class='ocrx_word' id='word_1_97' title='bbox 851 1364 998 1436; x_wconf 92' lang='lat' dir='ltr'><strong>quod</strong></span> <span class='ocrx_word' id='word_1_98' title='bbox 1028 1382 1133 1420; x_wconf 92' lang='lat' dir='ltr'><strong>non</strong></span> <span class='ocrx_word' id='word_1_99' title='bbox 1162 1374 1493 1421; x_wconf 79' lang='lat' dir='ltr'><strong>monstraret</strong></span> <span class='ocrx_word' id='word_1_100' title='bbox 1519 1367 1600 1421; x_wconf 92' lang='lat' dir='ltr'><strong>eis</strong></span> <span class='ocrx_word' id='word_1_101' title='bbox 1635 1365 1892 1421; x_wconf 81' lang='lat' dir='ltr'><strong>Ezechias</strong></span> <span class='ocrx_word' id='word_1_102' title='bbox 1920 1365 1974 1421; x_wconf 92' lang='lat' dir='ltr'><strong>in</strong></span> 
     </span>
    </p>
   </div>
   <div class='ocr_carea' id='block_1_15' title="bbox 370 1458 1970 1528">
    <p class='ocr_par' dir='ltr' id='par_1_15' title="bbox 370 1458 1970 1528">
     <span class='ocr_line' id='line_1_15' title="bbox 370 1458 1970 1528; baseline 0.002 -16"><span class='ocrx_word' id='word_1_103' title='bbox 370 1458 538 1514; x_wconf 91' lang='lat' dir='ltr'><strong>domo</strong></span> <span class='ocrx_word' id='word_1_104' title='bbox 568 1472 699 1522; x_wconf 89' lang='lat' dir='ltr'><strong>sua,</strong></span> <span class='ocrx_word' id='word_1_105' title='bbox 738 1466 795 1514; x_wconf 89' lang='lat' dir='ltr'><strong>et</strong></span> <span class='ocrx_word' id='word_1_106' title='bbox 837 1458 890 1513; x_wconf 92' lang='lat' dir='ltr'><strong>in</strong></span> <span class='ocrx_word' id='word_1_107' title='bbox 937 1459 1084 1513; x_wconf 91' lang='lat' dir='ltr'><strong>omni</strong></span> <span class='ocrx_word' id='word_1_108' title='bbox 1134 1468 1408 1528; x_wconf 84' lang='lat' dir='ltr'><strong>potestate</strong></span> <span class='ocrx_word' id='word_1_109' title='bbox 1437 1474 1555 1514; x_wconf 88' lang='lat' dir='ltr'><strong>sua.</strong></span> <span class='ocrx_word' id='word_1_110' title='bbox 1588 1458 1750 1515; x_wconf 85' lang='lat' dir='ltr'><strong>Venit</strong></span> <span class='ocrx_word' id='word_1_111' title='bbox 1791 1468 1970 1515; x_wconf 91' lang='lat' dir='ltr'><strong>autem</strong></span> 
     </span>
    </p>
   </div>
   <div class='ocr_carea' id='block_1_16' title="bbox 371 1550 1969 1623">
    <p class='ocr_par' dir='ltr' id='par_1_16' title="bbox 371 1550 1969 1623">
     <span class='ocr_line' id='line_1_16' title="bbox 371 1550 1969 1623; baseline 0.002 -18"><span class='ocrx_word' id='word_1_112' title='bbox 371 1550 544 1606; x_wconf 87' lang='lat' dir='ltr'><strong>Isaias</strong></span> <span class='ocrx_word' id='word_1_113' title='bbox 595 1551 857 1621; x_wconf 88' lang='lat' dir='ltr'><strong>prepheta</strong></span> <span class='ocrx_word' id='word_1_114' title='bbox 907 1551 977 1606; x_wconf 93' lang='lat' dir='ltr'><strong>ad</strong></span> <span class='ocrx_word' id='word_1_115' title='bbox 1024 1567 1207 1623; x_wconf 83' lang='lat' dir='ltr'><strong>regem</strong></span> <span class='ocrx_word' id='word_1_116' title='bbox 1255 1551 1567 1619; x_wconf 89' lang='lat' dir='ltr'><strong>Ezechiam,</strong></span> <span class='ocrx_word' id='word_1_117' title='bbox 1607 1552 1849 1623; x_wconf 76' lang='lat' dir='ltr'><strong>dixitque</strong></span> <span class='ocrx_word' id='word_1_118' title='bbox 1878 1555 1969 1608; x_wconf 88' lang='lat' dir='ltr'><strong>ei:</strong></span> 
     </span>
    </p>
   </div>
   <div class='ocr_carea' id='block_1_17' title="bbox 370 1640 1972 1709">
    <p class='ocr_par' dir='ltr' id='par_1_17' title="bbox 370 1640 1972 1709">
     <span class='ocr_line' id='line_1_17' title="bbox 370 1640 1972 1709; baseline 0.002 -14"><span class='ocrx_word' id='word_1_119' title='bbox 370 1640 513 1709; x_wconf 87' lang='lat' dir='ltr'><strong>Quid</strong></span> <span class='ocrx_word' id='word_1_120' title='bbox 542 1641 799 1697; x_wconf 90' lang='lat' dir='ltr'><strong>dixerunt</strong></span> <span class='ocrx_word' id='word_1_121' title='bbox 820 1641 921 1697; x_wconf 89' lang='lat' dir='ltr'><strong>viri</strong></span> <span class='ocrx_word' id='word_1_122' title='bbox 962 1642 1087 1699; x_wconf 87' lang='lat' dir='ltr'><strong>isti?</strong></span> <span class='ocrx_word' id='word_1_123' title='bbox 1117 1654 1211 1698; x_wconf 88' lang='lat' dir='ltr'><strong>aut</strong></span> <span class='ocrx_word' id='word_1_124' title='bbox 1261 1643 1404 1699; x_wconf 89' lang='lat' dir='ltr'><strong>unde</strong></span> <span class='ocrx_word' id='word_1_125' title='bbox 1447 1656 1711 1699; x_wconf 89' lang='lat' dir='ltr'><strong>venerunt</strong></span> <span class='ocrx_word' id='word_1_126' title='bbox 1760 1645 1825 1698; x_wconf 90' lang='lat' dir='ltr'><strong>ad</strong></span> <span class='ocrx_word' id='word_1_127' title='bbox 1877 1645 1972 1699; x_wconf 82' lang='lat' dir='ltr'><strong>te?</strong></span> 
     </span>
    </p>
   </div>
   <div class='ocr_carea' id='block_1_18' title="bbox 369 1732 1967 1809">
    <p class='ocr_par' dir='ltr' id='par_1_18' title="bbox 369 1732 1967 1809">
     <span class='ocr_line' id='line_1_18' title="bbox 369 1732 1967 1809; baseline 0.002 -21"><span class='ocrx_word' id='word_1_128' title='bbox 369 1734 468 1788; x_wconf 88' lang='lat' dir='ltr'><strong>Cui</strong></span> <span class='ocrx_word' id='word_1_129' title='bbox 495 1732 845 1790; x_wconf 88' lang='lat' dir='ltr'><strong>aithechias</strong></span> <span class='ocrx_word' id='word_1_130' title='bbox 869 1753 880 1787; x_wconf 91' lang='lat'><strong>:</strong></span> <span class='ocrx_word' id='word_1_131' title='bbox 908 1734 1138 1791; x_wconf 88' lang='lat' dir='ltr'><strong>Deterra</strong></span> <span class='ocrx_word' id='word_1_132' title='bbox 1164 1735 1457 1806; x_wconf 83' lang='lat' dir='ltr'><strong>longinqua</strong></span> <span class='ocrx_word' id='word_1_133' title='bbox 1484 1744 1754 1792; x_wconf 89' lang='lat' dir='ltr'><strong>venerunt</strong></span> <span class='ocrx_word' id='word_1_134' title='bbox 1781 1734 1967 1809; x_wconf 57' lang='lat' dir='ltr'><strong>[Vulg].</strong></span> 
     </span>
    </p>
   </div>
   <div class='ocr_carea' id='block_1_19' title="bbox 2083 522 3679 593">
    <p class='ocr_par' dir='ltr' id='par_1_19' title="bbox 2083 522 3679 593">
     <span class='ocr_line' id='line_1_19' title="bbox 2083 522 3679 593; baseline 0.004 -15"><span class='ocrx_word' id='word_1_135' title='bbox 2083 522 2140 578; x_wconf 90' lang='lat' dir='ltr'><strong>In</strong></span> <span class='ocrx_word' id='word_1_136' title='bbox 2163 522 2466 578; x_wconf 83' lang='lat' dir='ltr'><strong>JeruSaIem</strong></span> <span class='ocrx_word' id='word_1_137' title='bbox 2493 538 2687 593; x_wconf 87' lang='lat' dir='ltr'><strong>ponam</strong></span> <span class='ocrx_word' id='word_1_138' title='bbox 2716 539 2913 579; x_wconf 88' lang='lat' dir='ltr'><strong>nomen</strong></span> <span class='ocrx_word' id='word_1_139' title='bbox 2949 540 3150 580; x_wconf 92' lang='lat' dir='ltr'><strong>meum.</strong></span> <span class='ocrx_word' id='word_1_140' title='bbox 3187 524 3255 580; x_wconf 89' lang='lat' dir='ltr'><strong>Et</strong></span> <span class='ocrx_word' id='word_1_141' title='bbox 3295 528 3561 583; x_wconf 81' lang='lat' dir='ltr'><strong>exstruxit</strong></span> <span class='ocrx_word' id='word_1_142' title='bbox 3594 530 3679 586; x_wconf 87' lang='lat' dir='ltr'><strong>aI-</strong></span> 
     </span>
    </p>
   </div>
   <div class='ocr_carea' id='block_1_20' title="bbox 2084 615 3679 692">
    <p class='ocr_par' dir='ltr' id='par_1_20' title="bbox 2084 615 3679 692">
     <span class='ocr_line' id='line_1_20' title="bbox 2084 615 3679 692; baseline 0.006 -22"><span class='ocrx_word' id='word_1_143' title='bbox 2084 616 2219 671; x_wconf 90' lang='lat' dir='ltr'><strong>taria</strong></span> <span class='ocrx_word' id='word_1_144' title='bbox 2262 616 2529 671; x_wconf 65' lang='lat' dir='ltr'><strong>universa:</strong></span> <span class='ocrx_word' id='word_1_145' title='bbox 2560 615 2771 670; x_wconf 72' lang='lat' dir='ltr'><strong>militia:</strong></span> <span class='ocrx_word' id='word_1_146' title='bbox 2809 617 2933 673; x_wconf 66' lang='grc' dir='ltr'><strong>εαξιὶ</strong></span> <span class='ocrx_word' id='word_1_147' title='bbox 2963 617 3017 671; x_wconf 92' lang='lat' dir='ltr'><strong>iu</strong></span> <span class='ocrx_word' id='word_1_148' title='bbox 3046 617 3260 673; x_wconf 86' lang='lat' dir='ltr'><strong>duobus</strong></span> <span class='ocrx_word' id='word_1_149' title='bbox 3290 620 3445 676; x_wconf 90' lang='lat' dir='ltr'><strong>atriis</strong></span> <span class='ocrx_word' id='word_1_150' title='bbox 3493 622 3679 692; x_wconf 87' lang='lat' dir='ltr'><strong>templi</strong></span> 
     </span>
    </p>
   </div>
   <div class='ocr_carea' id='block_1_21' title="bbox 2082 706 3681 783">
    <p class='ocr_par' dir='ltr' id='par_1_21' title="bbox 2082 706 3681 783">
     <span class='ocr_line' id='line_1_21' title="bbox 2082 706 3681 783; baseline 0.005 -22"><span class='ocrx_word' id='word_1_151' title='bbox 2082 706 2180 781; x_wconf 80' lang='lat' dir='ltr'><strong>[h.</strong></span> <span class='ocrx_word' id='word_1_152' title='bbox 2219 706 2456 779; x_wconf 91' lang='lat' dir='ltr'><strong>domus]</strong></span> <span class='ocrx_word' id='word_1_153' title='bbox 2490 707 2728 763; x_wconf 87' lang='lat' dir='ltr'><strong>Domini.</strong></span> <span class='ocrx_word' id='word_1_154' title='bbox 2761 708 2826 764; x_wconf 88' lang='lat' dir='ltr'><strong>Et</strong></span> <span class='ocrx_word' id='word_1_155' title='bbox 2857 708 3163 765; x_wconf 77' lang='lat' dir='ltr'><strong>transduxit</strong></span> <span class='ocrx_word' id='word_1_156' title='bbox 3190 710 3359 766; x_wconf 87' lang='lat' dir='ltr'><strong>filium</strong></span> <span class='ocrx_word' id='word_1_157' title='bbox 3392 727 3547 767; x_wconf 92' lang='lat' dir='ltr'><strong>suum</strong></span> <span class='ocrx_word' id='word_1_158' title='bbox 3584 729 3681 783; x_wconf 91' lang='lat' dir='ltr'><strong>per</strong></span> 
     </span>
    </p>
   </div>
   <div class='ocr_carea' id='block_1_22' title="bbox 2080 802 3681 878">
    <p class='ocr_par' dir='ltr' id='par_1_22' title="bbox 2080 802 3681 878">
     <span class='ocr_line' id='line_1_22' title="bbox 2080 802 3681 878; baseline 0.006 -22"><span class='ocrx_word' id='word_1_159' title='bbox 2080 802 2279 873; x_wconf 80' lang='lat' dir='ltr'><strong>ignem,</strong></span> <span class='ocrx_word' id='word_1_160' title='bbox 2306 812 2361 857; x_wconf 91' lang='lat' dir='ltr'><strong>et</strong></span> <span class='ocrx_word' id='word_1_161' title='bbox 2388 802 2653 858; x_wconf 89' lang='lat' dir='ltr'><strong>ariolatus</strong></span> <span class='ocrx_word' id='word_1_162' title='bbox 2682 814 2788 869; x_wconf 88' lang='lat' dir='ltr'><strong>est,</strong></span> <span class='ocrx_word' id='word_1_163' title='bbox 2813 812 2869 860; x_wconf 91' lang='lat' dir='ltr'><strong>et</strong></span> <span class='ocrx_word' id='word_1_164' title='bbox 2896 804 3208 861; x_wconf 77' lang='lat' dir='ltr'><strong>observavit</strong></span> <span class='ocrx_word' id='word_1_165' title='bbox 3236 807 3483 878; x_wconf 91' lang='lat' dir='ltr'><strong>auguria,</strong></span> <span class='ocrx_word' id='word_1_166' title='bbox 3517 818 3571 864; x_wconf 91' lang='lat' dir='ltr'><strong>et</strong></span> <span class='ocrx_word' id='word_1_167' title='bbox 3601 808 3681 865; x_wconf 90' lang='lat' dir='ltr'><strong>fe-</strong></span> 
     </span>
    </p>
   </div>
   <div class='ocr_carea' id='block_1_23' title="bbox 2079 894 3683 970">
    <p class='ocr_par' dir='ltr' id='par_1_23' title="bbox 2079 894 3683 970">
     <span class='ocr_line' id='line_1_23' title="bbox 2079 894 3683 970; baseline 0.005 -21"><span class='ocrx_word' id='word_1_168' title='bbox 2079 894 2153 950; x_wconf 91' lang='lat' dir='ltr'><strong>cit</strong></span> <span class='ocrx_word' id='word_1_169' title='bbox 2183 894 2473 967; x_wconf 90' lang='lat' dir='ltr'><strong>pythones,</strong></span> <span class='ocrx_word' id='word_1_170' title='bbox 2516 905 2576 951; x_wconf 92' lang='lat' dir='ltr'><strong>et</strong></span> <span class='ocrx_word' id='word_1_171' title='bbox 2617 896 2898 968; x_wconf 85' lang='lat' dir='ltr'><strong>aruspices</strong></span> <span class='ocrx_word' id='word_1_172' title='bbox 2928 900 3339 970; x_wconf 88' lang='lat' dir='ltr'><strong>multiplicavit,</strong></span> <span class='ocrx_word' id='word_1_173' title='bbox 3382 910 3439 957; x_wconf 91' lang='lat' dir='ltr'><strong>ut</strong></span> <span class='ocrx_word' id='word_1_174' title='bbox 3476 900 3683 959; x_wconf 86' lang='lat' dir='ltr'><strong>faceret</strong></span> 
     </span>
    </p>
   </div>
   <div class='ocr_carea' id='block_1_24' title="bbox 2079 988 3679 1065">
    <p class='ocr_par' dir='ltr' id='par_1_24' title="bbox 2079 988 3679 1065">
     <span class='ocr_line' id='line_1_24' title="bbox 2079 988 3679 1065; baseline 0.005 -22"><span class='ocrx_word' id='word_1_175' title='bbox 2079 988 2277 1043; x_wconf 90' lang='lat' dir='ltr'><strong>malum</strong></span> <span class='ocrx_word' id='word_1_176' title='bbox 2301 1003 2485 1045; x_wconf 90' lang='lat' dir='ltr'><strong>coram</strong></span> <span class='ocrx_word' id='word_1_177' title='bbox 2512 990 2738 1046; x_wconf 91' lang='lat' dir='ltr'><strong>Domino</strong></span> <span class='ocrx_word' id='word_1_178' title='bbox 2767 991 2855 1065; x_wconf 85' lang='lat' dir='ltr'><strong>[h.</strong></span> <span class='ocrx_word' id='word_1_179' title='bbox 2887 992 2942 1047; x_wconf 91' lang='lat' dir='ltr'><strong>in</strong></span> <span class='ocrx_word' id='word_1_180' title='bbox 2967 992 3171 1065; x_wconf 91' lang='lat' dir='ltr'><strong>oculis]</strong></span> <span class='ocrx_word' id='word_1_181' title='bbox 3208 994 3440 1058; x_wconf 88' lang='lat' dir='ltr'><strong>Domini.</strong></span> <span class='ocrx_word' id='word_1_182' title='bbox 3474 1003 3529 1049; x_wconf 88' lang='lat' dir='ltr'><strong>et</strong></span> <span class='ocrx_word' id='word_1_183' title='bbox 3556 995 3679 1052; x_wconf 89' lang='lat' dir='ltr'><strong>irri-</strong></span> 
     </span>
    </p>
   </div>
   <div class='ocr_carea' id='block_1_25' title="bbox 2080 1082 3676 1157">
    <p class='ocr_par' dir='ltr' id='par_1_25' title="bbox 2080 1082 3676 1157">
     <span class='ocr_line' id='line_1_25' title="bbox 2080 1082 3676 1157; baseline 0.006 -21"><span class='ocrx_word' id='word_1_184' title='bbox 2080 1089 2218 1137; x_wconf 89' lang='lat' dir='ltr'><strong>taret</strong></span> <span class='ocrx_word' id='word_1_185' title='bbox 2237 1097 2381 1137; x_wconf 91' lang='lat' dir='ltr'><strong>eum.</strong></span> <span class='ocrx_word' id='word_1_186' title='bbox 2406 1082 2592 1138; x_wconf 87' lang='lat' dir='ltr'><strong>Posuit</strong></span> <span class='ocrx_word' id='word_1_187' title='bbox 2619 1099 2836 1154; x_wconf 70' lang='lat' dir='ltr'><strong>qniique</strong></span> <span class='ocrx_word' id='word_1_188' title='bbox 2863 1084 3068 1140; x_wconf 91' lang='lat' dir='ltr'><strong>idolum</strong></span> <span class='ocrx_word' id='word_1_189' title='bbox 3102 1085 3230 1149; x_wconf 76' lang='lat' dir='ltr'><strong>luci,</strong></span> <span class='ocrx_word' id='word_1_190' title='bbox 3266 1102 3429 1157; x_wconf 91' lang='lat' dir='ltr'><strong>quem</strong></span> <span class='ocrx_word' id='word_1_191' title='bbox 3468 1086 3676 1145; x_wconf 84' lang='lat' dir='ltr'><strong>fecerat</strong></span> 
     </span>
    </p>
   </div>
   <div class='ocr_carea' id='block_1_26' title="bbox 2078 1176 3680 1253">
    <p class='ocr_par' dir='ltr' id='par_1_26' title="bbox 2078 1176 3680 1253">
     <span class='ocr_line' id='line_1_26' title="bbox 2078 1176 3680 1253; baseline 0.006 -24"><span class='ocrx_word' id='word_1_192' title='bbox 2078 1176 2130 1230; x_wconf 92' lang='lat' dir='ltr'><strong>in</strong></span> <span class='ocrx_word' id='word_1_193' title='bbox 2160 1176 2364 1245; x_wconf 91' lang='lat' dir='ltr'><strong>templo</strong></span> <span class='ocrx_word' id='word_1_194' title='bbox 2390 1177 2408 1250; x_wconf 92' lang='lat'>[</span> <span class='ocrx_word' id='word_1_195' title='bbox 2430 1176 2486 1234; x_wconf 84' lang='lat' dir='ltr'><strong>It.</strong></span> <span class='ocrx_word' id='word_1_196' title='bbox 2518 1176 2717 1249; x_wconf 84' lang='lat' dir='ltr'><strong>domo]</strong></span> <span class='ocrx_word' id='word_1_197' title='bbox 2752 1178 2969 1234; x_wconf 89' lang='lat' dir='ltr'><strong>Domini</strong></span> <span class='ocrx_word' id='word_1_198' title='bbox 3012 1180 3111 1253; x_wconf 87' lang='lat' dir='ltr'><strong>[h.</strong></span> <span class='ocrx_word' id='word_1_199' title='bbox 3139 1196 3246 1236; x_wconf 90' lang='lat' dir='ltr'><strong>non</strong></span> <span class='ocrx_word' id='word_1_200' title='bbox 3278 1180 3482 1253; x_wconf 85' lang='lat' dir='ltr'><strong>habet]</strong></span> <span class='ocrx_word' id='word_1_201' title='bbox 3514 1197 3680 1252; x_wconf 87' lang='lat' dir='ltr'><strong>super</strong></span> 
     </span>
    </p>
   </div>
   <div class='ocr_carea' id='block_1_27' title="bbox 2075 1266 3679 1339">
    <p class='ocr_par' dir='ltr' id='par_1_27' title="bbox 2075 1266 3679 1339">
     <span class='ocr_line' id='line_1_27' title="bbox 2075 1266 3679 1339; baseline 0.003 -17"><span class='ocrx_word' id='word_1_202' title='bbox 2075 1268 2217 1338; x_wconf 90' lang='lat' dir='ltr'><strong>quod</strong></span> <span class='ocrx_word' id='word_1_203' title='bbox 2246 1266 2274 1306; x_wconf 69' lang='grc' dir='ltr'><strong>ιδ</strong></span> <span class='ocrx_word' id='word_1_204' title='bbox 2305 1268 2520 1324; x_wconf 89' lang='lat' dir='ltr'><strong>loeutus</strong></span> <span class='ocrx_word' id='word_1_205' title='bbox 2543 1278 2628 1324; x_wconf 91' lang='lat' dir='ltr'><strong>est</strong></span> <span class='ocrx_word' id='word_1_206' title='bbox 2649 1269 2914 1326; x_wconf 91' lang='lat' dir='ltr'><strong>Dominus</strong></span> <span class='ocrx_word' id='word_1_207' title='bbox 2939 1272 3004 1325; x_wconf 93' lang='lat' dir='ltr'><strong>ad</strong></span> <span class='ocrx_word' id='word_1_208' title='bbox 3032 1270 3223 1339; x_wconf 87' lang='lat' dir='ltr'><strong>David,</strong></span> <span class='ocrx_word' id='word_1_209' title='bbox 3254 1280 3305 1327; x_wconf 92' lang='lat' dir='ltr'><strong>et</strong></span> <span class='ocrx_word' id='word_1_210' title='bbox 3329 1272 3396 1327; x_wconf 91' lang='lat' dir='ltr'><strong>ad</strong></span> <span class='ocrx_word' id='word_1_211' title='bbox 3430 1273 3679 1330; x_wconf 87' lang='lat' dir='ltr'><strong>Salomo-</strong></span> 
     </span>
    </p>
   </div>
   <div class='ocr_carea' id='block_1_28' title="bbox 2075 1359 3675 1437">
    <p class='ocr_par' dir='ltr' id='par_1_28' title="bbox 2075 1359 3675 1437">
     <span class='ocr_line' id='line_1_28' title="bbox 2075 1359 3675 1437; baseline 0.004 -24"><span class='ocrx_word' id='word_1_212' title='bbox 2075 1374 2198 1415; x_wconf 88' lang='lat' dir='ltr'><strong>nem</strong></span> <span class='ocrx_word' id='word_1_213' title='bbox 2232 1359 2399 1415; x_wconf 88' lang='lat' dir='ltr'><strong>filium</strong></span> <span class='ocrx_word' id='word_1_214' title='bbox 2436 1361 2558 1431; x_wconf 86' lang='lat' dir='ltr'><strong>ejus</strong></span> <span class='ocrx_word' id='word_1_215' title='bbox 2592 1379 2603 1413; x_wconf 91' lang='lat'><strong>:</strong></span> <span class='ocrx_word' id='word_1_216' title='bbox 2636 1361 2693 1416; x_wconf 90' lang='lat' dir='ltr'><strong>In</strong></span> <span class='ocrx_word' id='word_1_217' title='bbox 2728 1364 2930 1432; x_wconf 90' lang='lat' dir='ltr'><strong>templo</strong></span> <span class='ocrx_word' id='word_1_218' title='bbox 2962 1362 3067 1417; x_wconf 87' lang='lat' dir='ltr'><strong>hoc</strong></span> <span class='ocrx_word' id='word_1_219' title='bbox 3094 1363 3188 1436; x_wconf 89' lang='lat' dir='ltr'><strong>[h.</strong></span> <span class='ocrx_word' id='word_1_220' title='bbox 3224 1363 3277 1417; x_wconf 93' lang='lat' dir='ltr'><strong>in</strong></span> <span class='ocrx_word' id='word_1_221' title='bbox 3307 1364 3472 1419; x_wconf 89' lang='lat' dir='ltr'><strong>domo</strong></span> <span class='ocrx_word' id='word_1_222' title='bbox 3504 1364 3675 1437; x_wconf 85' lang='lat' dir='ltr'><strong>hac].</strong></span> 
     </span>
    </p>
   </div>
   <div class='ocr_carea' id='block_1_29' title="bbox 2074 1451 3674 1526">
    <p class='ocr_par' dir='ltr' id='par_1_29' title="bbox 2074 1451 3674 1526">
     <span class='ocr_line' id='line_1_29' title="bbox 2074 1451 3674 1526; baseline 0.003 -21"><span class='ocrx_word' id='word_1_223' title='bbox 2074 1460 2133 1506; x_wconf 93' lang='lat' dir='ltr'><strong>et</strong></span> <span class='ocrx_word' id='word_1_224' title='bbox 2163 1451 2214 1506; x_wconf 94' lang='lat' dir='ltr'><strong>in</strong></span> <span class='ocrx_word' id='word_1_225' title='bbox 2242 1451 2569 1518; x_wconf 84' lang='lat' dir='ltr'><strong>Jerusalem,</strong></span> <span class='ocrx_word' id='word_1_226' title='bbox 2604 1469 2763 1524; x_wconf 90' lang='lat' dir='ltr'><strong>quam</strong></span> <span class='ocrx_word' id='word_1_227' title='bbox 2789 1454 2930 1526; x_wconf 88' lang='lat' dir='ltr'><strong>elegi</strong></span> <span class='ocrx_word' id='word_1_228' title='bbox 2980 1454 3049 1509; x_wconf 92' lang='lat' dir='ltr'><strong>de</strong></span> <span class='ocrx_word' id='word_1_229' title='bbox 3078 1456 3289 1511; x_wconf 88' lang='lat' dir='ltr'><strong>cunctis</strong></span> <span class='ocrx_word' id='word_1_230' title='bbox 3314 1456 3562 1511; x_wconf 87' lang='lat' dir='ltr'><strong>tribubus</strong></span> <span class='ocrx_word' id='word_1_231' title='bbox 3594 1457 3674 1512; x_wconf 82' lang='lat' dir='ltr'><strong>Is-</strong></span> 
     </span>
    </p>
   </div>
   <div class='ocr_carea' id='block_1_30' title="bbox 2074 1544 3673 1617">
    <p class='ocr_par' dir='ltr' id='par_1_30' title="bbox 2074 1544 3673 1617">
     <span class='ocr_line' id='line_1_30' title="bbox 2074 1544 3673 1617; baseline 0.005 -21"><span class='ocrx_word' id='word_1_232' title='bbox 2074 1544 2211 1609; x_wconf 88' lang='lat' dir='ltr'><strong>rael,</strong></span> <span class='ocrx_word' id='word_1_233' title='bbox 2241 1558 2437 1611; x_wconf 89' lang='lat' dir='ltr'><strong>ponam</strong></span> <span class='ocrx_word' id='word_1_234' title='bbox 2466 1560 2662 1600; x_wconf 85' lang='lat' dir='ltr'><strong>nomen</strong></span> <span class='ocrx_word' id='word_1_235' title='bbox 2695 1561 2875 1600; x_wconf 88' lang='lat' dir='ltr'><strong>meum</strong></span> <span class='ocrx_word' id='word_1_236' title='bbox 2904 1546 2956 1601; x_wconf 93' lang='lat' dir='ltr'><strong>in</strong></span> <span class='ocrx_word' id='word_1_237' title='bbox 2989 1547 3402 1617; x_wconf 90' lang='lat' dir='ltr'><strong>sempiternum.</strong></span> <span class='ocrx_word' id='word_1_238' title='bbox 3435 1548 3502 1603; x_wconf 89' lang='lat' dir='ltr'><strong>Et</strong></span> <span class='ocrx_word' id='word_1_239' title='bbox 3532 1549 3673 1605; x_wconf 90' lang='lat' dir='ltr'><strong>ultra</strong></span> 
     </span>
    </p>
   </div>
   <div class='ocr_carea' id='block_1_31' title="bbox 2072 1637 3670 1715">
    <p class='ocr_par' dir='ltr' id='par_1_31' title="bbox 2072 1637 3670 1715">
     <span class='ocr_line' id='line_1_31' title="bbox 2072 1637 3670 1715; baseline 0.005 -24"><span class='ocrx_word' id='word_1_240' title='bbox 2072 1652 2181 1691; x_wconf 91' lang='lat' dir='ltr'><strong>non</strong></span> <span class='ocrx_word' id='word_1_241' title='bbox 2213 1637 2405 1693; x_wconf 83' lang='lat' dir='ltr'><strong>faciam</strong></span> <span class='ocrx_word' id='word_1_242' title='bbox 2428 1642 2760 1695; x_wconf 70' lang='lat' dir='ltr'><strong>commoveri</strong></span> <span class='ocrx_word' id='word_1_243' title='bbox 2794 1640 2987 1713; x_wconf 86' lang='lat' dir='ltr'><strong>pedem</strong></span> <span class='ocrx_word' id='word_1_244' title='bbox 3011 1641 3177 1698; x_wconf 91' lang='lat' dir='ltr'><strong>Israel</strong></span> <span class='ocrx_word' id='word_1_245' title='bbox 3209 1642 3277 1698; x_wconf 91' lang='lat' dir='ltr'><strong>de</strong></span> <span class='ocrx_word' id='word_1_246' title='bbox 3302 1651 3464 1711; x_wconf 84' lang='lat' dir='ltr'><strong>terra,</strong></span> <span class='ocrx_word' id='word_1_247' title='bbox 3507 1660 3670 1715; x_wconf 87' lang='lat' dir='ltr'><strong>quam</strong></span> 
     </span>
    </p>
   </div>
   <div class='ocr_carea' id='block_1_32' title="bbox 2073 1729 3665 1805">
    <p class='ocr_par' dir='ltr' id='par_1_32' title="bbox 2073 1729 3665 1805">
     <span class='ocr_line' id='line_1_32' title="bbox 2073 1729 3665 1805; baseline 0.004 -22"><span class='ocrx_word' id='word_1_248' title='bbox 2073 1729 2198 1784; x_wconf 91' lang='lat' dir='ltr'><strong>dedi</strong></span> <span class='ocrx_word' id='word_1_249' title='bbox 2216 1730 2460 1800; x_wconf 87' lang='lat' dir='ltr'><strong>patribus</strong></span> <span class='ocrx_word' id='word_1_250' title='bbox 2478 1742 2721 1798; x_wconf 88' lang='lat' dir='ltr'><strong>eorum,c</strong></span> <span class='ocrx_word' id='word_1_251' title='bbox 2742 1734 2823 1787; x_wconf 92' lang='lat' dir='ltr'><strong>sic</strong></span> <span class='ocrx_word' id='word_1_252' title='bbox 2845 1745 3025 1789; x_wconf 91' lang='lat' dir='ltr'><strong>tamen</strong></span> <span class='ocrx_word' id='word_1_253' title='bbox 3050 1734 3095 1789; x_wconf 90' lang='lat' dir='ltr'><strong>si</strong></span> <span class='ocrx_word' id='word_1_254' title='bbox 3120 1733 3482 1790; x_wconf 82' lang='lat' dir='ltr'><strong>custodierint</strong></span> <span class='ocrx_word' id='word_1_255' title='bbox 3499 1750 3665 1805; x_wconf 86' lang='lat' dir='ltr'><strong>opere</strong></span> 
     </span>
    </p>
   </div>
   <div class='ocr_carea' id='block_1_33' title="bbox 368 1820 3666 1898">
    <p class='ocr_par' dir='ltr' id='par_1_33' title="bbox 368 1820 3666 1898">
     <span class='ocr_line' id='line_1_33' title="bbox 368 1820 3666 1898; baseline 0.002 -21"><span class='ocrx_word' id='word_1_256' title='bbox 368 1824 498 1878; x_wconf 87' lang='lat' dir='ltr'><strong>add.</strong></span> <span class='ocrx_word' id='word_1_257' title='bbox 526 1823 593 1880; x_wconf 88' lang='lat' dir='ltr'><strong>ad</strong></span> <span class='ocrx_word' id='word_1_258' title='bbox 627 1823 787 1897; x_wconf 88' lang='lat' dir='ltr'><strong>me],</strong></span> <span class='ocrx_word' id='word_1_259' title='bbox 818 1824 886 1881; x_wconf 92' lang='lat' dir='ltr'><strong>de</strong></span> <span class='ocrx_word' id='word_1_260' title='bbox 924 1825 1219 1898; x_wconf 86' lang='lat' dir='ltr'><strong>Babylone.</strong></span> <span class='ocrx_word' id='word_1_261' title='bbox 1253 1831 1324 1882; x_wconf 84' lang='lat' dir='ltr'><strong>At</strong></span> <span class='ocrx_word' id='word_1_262' title='bbox 1359 1828 1449 1882; x_wconf 90' lang='lat' dir='ltr'><strong>ille</strong></span> <span class='ocrx_word' id='word_1_263' title='bbox 1480 1827 1799 1897; x_wconf 89' lang='lat' dir='ltr'><strong>respondit:</strong></span> <span class='ocrx_word' id='word_1_264' title='bbox 1828 1826 1967 1895; x_wconf 86' lang='lat' dir='ltr'><strong>Quid</strong></span> <span class='ocrx_word' id='word_1_265' title='bbox 1998 1831 2046 1891; x_wconf 84' lang='grc' dir='ltr'><strong>Β</strong></span> <span class='ocrx_word' id='word_1_266' title='bbox 2075 1822 2092 1894; x_wconf 63' lang='grc'><strong>1⁷¹</strong></span> <span class='ocrx_word' id='word_1_267' title='bbox 2107 1820 2259 1893; x_wconf 85' lang='lat' dir='ltr'><strong>Vulg.</strong></span> <span class='ocrx_word' id='word_1_268' title='bbox 2292 1820 2479 1893; x_wconf 80' lang='lat' dir='ltr'><strong>Opera]</strong></span> <span class='ocrx_word' id='word_1_269' title='bbox 2505 1826 2685 1880; x_wconf 91' lang='lat' dir='ltr'><strong>omnia</strong></span> <span class='ocrx_word' id='word_1_270' title='bbox 2717 1841 2837 1895; x_wconf 86' lang='lat' dir='ltr'><strong>quae</strong></span> <span class='ocrx_word' id='word_1_271' title='bbox 2866 1828 3099 1897; x_wconf 85' lang='lat' dir='ltr'><strong>praecepi</strong></span> <span class='ocrx_word' id='word_1_272' title='bbox 3126 1828 3204 1883; x_wconf 89' lang='lat' dir='ltr'><strong>eis</strong></span> <span class='ocrx_word' id='word_1_273' title='bbox 3225 1870 3241 1895; x_wconf 95' lang='lat'><strong>,</strong></span> <span class='ocrx_word' id='word_1_274' title='bbox 3273 1837 3326 1883; x_wconf 92' lang='lat' dir='ltr'><strong>et</strong></span> <span class='ocrx_word' id='word_1_275' title='bbox 3358 1828 3666 1883; x_wconf 83' lang='lat' dir='ltr'><strong>universam</strong></span> 
     </span>
    </p>
   </div>
   <div class='ocr_carea' id='block_1_34' title="bbox 370 1915 1969 1987">
    <p class='ocr_par' dir='ltr' id='par_1_34' title="bbox 370 1915 1969 1987">
     <span class='ocr_line' id='line_1_34' title="bbox 370 1915 1969 1987; baseline 0.003 -17"><span class='ocrx_word' id='word_1_276' title='bbox 370 1915 626 1972; x_wconf 85' lang='lat' dir='ltr'><strong>viderunt</strong></span> <span class='ocrx_word' id='word_1_277' title='bbox 670 1917 725 1972; x_wconf 90' lang='lat' dir='ltr'><strong>in</strong></span> <span class='ocrx_word' id='word_1_278' title='bbox 770 1917 935 1973; x_wconf 88' lang='lat' dir='ltr'><strong>domo</strong></span> <span class='ocrx_word' id='word_1_279' title='bbox 979 1917 1105 1973; x_wconf 85' lang='lat' dir='ltr'><strong>tua?</strong></span> <span class='ocrx_word' id='word_1_280' title='bbox 1152 1920 1241 1973; x_wconf 84' lang='lat' dir='ltr'><strong>Ait</strong></span> <span class='ocrx_word' id='word_1_281' title='bbox 1290 1918 1809 1974; x_wconf 82' lang='lat' dir='ltr'><strong>Ezechias:0mnia</strong></span> <span class='ocrx_word' id='word_1_282' title='bbox 1849 1933 1969 1987; x_wconf 68' lang='lat' dir='ltr'><strong>qua:</strong></span> 
     </span>
    </p>
   </div>
   <div class='ocr_carea' id='block_1_35' title="bbox 370 2007 1967 2079">
    <p class='ocr_par' dir='ltr' id='par_1_35' title="bbox 370 2007 1967 2079">
     <span class='ocr_line' id='line_1_35' title="bbox 370 2007 1967 2079; baseline -0.001 -15"><span class='ocrx_word' id='word_1_283' title='bbox 370 2017 503 2064; x_wconf 89' lang='lat' dir='ltr'><strong>sunt</strong></span> <span class='ocrx_word' id='word_1_284' title='bbox 554 2008 611 2063; x_wconf 89' lang='lat' dir='ltr'><strong>in</strong></span> <span class='ocrx_word' id='word_1_285' title='bbox 655 2007 821 2065; x_wconf 89' lang='lat' dir='ltr'><strong>domo</strong></span> <span class='ocrx_word' id='word_1_286' title='bbox 862 2024 1007 2075; x_wconf 91' lang='lat' dir='ltr'><strong>mea,</strong></span> <span class='ocrx_word' id='word_1_287' title='bbox 1061 2009 1355 2065; x_wconf 90' lang='lat' dir='ltr'><strong>viderunt:</strong></span> <span class='ocrx_word' id='word_1_288' title='bbox 1386 2009 1520 2064; x_wconf 87' lang='lat' dir='ltr'><strong>nihil</strong></span> <span class='ocrx_word' id='word_1_289' title='bbox 1560 2016 1646 2064; x_wconf 86' lang='lat' dir='ltr'><strong>est</strong></span> <span class='ocrx_word' id='word_1_290' title='bbox 1671 2008 1816 2079; x_wconf 90' lang='lat' dir='ltr'><strong>quod</strong></span> <span class='ocrx_word' id='word_1_291' title='bbox 1859 2023 1967 2063; x_wconf 91' lang='lat' dir='ltr'><strong>non</strong></span> 
     </span>
    </p>
   </div>
   <div class='ocr_carea' id='block_1_36' title="bbox 369 2100 1968 2175">
    <p class='ocr_par' dir='ltr' id='par_1_36' title="bbox 369 2100 1968 2175">
     <span class='ocr_line' id='line_1_36' title="bbox 369 2100 1968 2175; baseline -0.001 -19"><span class='ocrx_word' id='word_1_292' title='bbox 369 2102 790 2158; x_wconf 85' lang='lat' dir='ltr'><strong>monstraverim</strong></span> <span class='ocrx_word' id='word_1_293' title='bbox 812 2102 896 2158; x_wconf 90' lang='lat' dir='ltr'><strong>eis</strong></span> <span class='ocrx_word' id='word_1_294' title='bbox 925 2103 977 2157; x_wconf 92' lang='lat' dir='ltr'><strong>in</strong></span> <span class='ocrx_word' id='word_1_295' title='bbox 1002 2102 1275 2159; x_wconf 88' lang='lat' dir='ltr'><strong>thesauris</strong></span> <span class='ocrx_word' id='word_1_296' title='bbox 1300 2105 1454 2158; x_wconf 90' lang='lat' dir='ltr'><strong>meis.</strong></span> <span class='ocrx_word' id='word_1_297' title='bbox 1483 2101 1570 2175; x_wconf 88' lang='lat' dir='ltr'><strong>[T.</strong></span> <span class='ocrx_word' id='word_1_298' title='bbox 1595 2100 1791 2171; x_wconf 84' lang='lat' dir='ltr'><strong>CCIV].</strong></span> <span class='ocrx_word' id='word_1_299' title='bbox 1827 2100 1968 2156; x_wconf 83' lang='lat' dir='ltr'><strong>Dixit</strong></span> 
     </span>
    </p>
   </div>
   <div class='ocr_carea' id='block_1_37' title="bbox 368 2192 1963 2266">
    <p class='ocr_par' dir='ltr' id='par_1_37' title="bbox 368 2192 1963 2266">
     <span class='ocr_line' id='line_1_37' title="bbox 368 2192 1963 2266; baseline -0.001 -18"><span class='ocrx_word' id='word_1_300' title='bbox 368 2194 553 2266; x_wconf 89' lang='lat' dir='ltr'><strong>itaque</strong></span> <span class='ocrx_word' id='word_1_301' title='bbox 597 2194 765 2251; x_wconf 90' lang='lat' dir='ltr'><strong>Isaias</strong></span> <span class='ocrx_word' id='word_1_302' title='bbox 817 2194 1065 2251; x_wconf 65' lang='lat' dir='ltr'><strong>Ezechiae</strong></span> <span class='ocrx_word' id='word_1_303' title='bbox 1098 2212 1111 2249; x_wconf 89' lang='lat'>:</span> <span class='ocrx_word' id='word_1_304' title='bbox 1145 2193 1286 2250; x_wconf 85' lang='lat' dir='ltr'><strong>Audi</strong></span> <span class='ocrx_word' id='word_1_305' title='bbox 1335 2208 1646 2249; x_wconf 86' lang='lat' dir='ltr'><strong>sermonem</strong></span> <span class='ocrx_word' id='word_1_306' title='bbox 1696 2192 1963 2247; x_wconf 89' lang='lat' dir='ltr'><strong>Domini:</strong></span> 
     </span>
    </p>
   </div>
   <div class='ocr_carea' id='block_1_38' title="bbox 368 2287 1964 2359">
    <p class='ocr_par' dir='ltr' id='par_1_38' title="bbox 368 2287 1964 2359">
     <span class='ocr_line' id='line_1_38' title="bbox 368 2287 1964 2359; baseline -0.001 -16"><span class='ocrx_word' id='word_1_307' title='bbox 368 2287 511 2344; x_wconf 85' lang='lat' dir='ltr'><strong>Ecce</strong></span> <span class='ocrx_word' id='word_1_308' title='bbox 541 2288 659 2344; x_wconf 88' lang='lat' dir='ltr'><strong>dies</strong></span> <span class='ocrx_word' id='word_1_309' title='bbox 684 2288 926 2356; x_wconf 91' lang='lat' dir='ltr'><strong>venient,</strong></span> <span class='ocrx_word' id='word_1_310' title='bbox 954 2296 1010 2345; x_wconf 87' lang='lat' dir='ltr'><strong>et</strong></span> <span class='ocrx_word' id='word_1_311' title='bbox 1029 2288 1344 2343; x_wconf 87' lang='lat' dir='ltr'><strong>auferentur</strong></span> <span class='ocrx_word' id='word_1_312' title='bbox 1372 2287 1577 2355; x_wconf 80' lang='lat' dir='ltr'><strong>omnia,</strong></span> <span class='ocrx_word' id='word_1_313' title='bbox 1607 2303 1730 2359; x_wconf 67' lang='lat' dir='ltr'><strong>quae</strong></span> <span class='ocrx_word' id='word_1_314' title='bbox 1755 2296 1882 2342; x_wconf 91' lang='lat' dir='ltr'><strong>sunt</strong></span> <span class='ocrx_word' id='word_1_315' title='bbox 1911 2290 1964 2342; x_wconf 93' lang='lat' dir='ltr'><strong>in</strong></span> 
     </span>
    </p>
   </div>
   <div class='ocr_carea' id='block_1_39' title="bbox 367 2380 1964 2452">
    <p class='ocr_par' dir='ltr' id='par_1_39' title="bbox 367 2380 1964 2452">
     <span class='ocr_line' id='line_1_39' title="bbox 367 2380 1964 2452; baseline 0 -16"><span class='ocrx_word' id='word_1_316' title='bbox 367 2380 538 2436; x_wconf 91' lang='lat' dir='ltr'><strong>domo</strong></span> <span class='ocrx_word' id='word_1_317' title='bbox 560 2390 673 2447; x_wconf 92' lang='lat' dir='ltr'><strong>tua,</strong></span> <span class='ocrx_word' id='word_1_318' title='bbox 703 2389 759 2437; x_wconf 86' lang='lat' dir='ltr'><strong>et</strong></span> <span class='ocrx_word' id='word_1_319' title='bbox 783 2397 903 2452; x_wconf 84' lang='lat' dir='ltr'><strong>quae</strong></span> <span class='ocrx_word' id='word_1_320' title='bbox 934 2382 1302 2437; x_wconf 80' lang='lat' dir='ltr'><strong>condiderunt</strong></span> <span class='ocrx_word' id='word_1_321' title='bbox 1335 2393 1518 2451; x_wconf 88' lang='lat' dir='ltr'><strong>patres</strong></span> <span class='ocrx_word' id='word_1_322' title='bbox 1550 2381 1626 2436; x_wconf 92' lang='lat' dir='ltr'><strong>tui</strong></span> <span class='ocrx_word' id='word_1_323' title='bbox 1651 2390 1677 2419; x_wconf 73' lang='grc' dir='ltr'>α</span> <span class='ocrx_word' id='word_1_324' title='bbox 1713 2396 1882 2451; x_wconf 89' lang='lat' dir='ltr'><strong>usque</strong></span> <span class='ocrx_word' id='word_1_325' title='bbox 1910 2381 1964 2437; x_wconf 92' lang='lat' dir='ltr'><strong>in</strong></span> 
     </span>
    </p>
   </div>
   <div class='ocr_carea' id='block_1_40' title="bbox 366 2472 1966 2546">
    <p class='ocr_par' dir='ltr' id='par_1_40' title="bbox 366 2472 1966 2546">
     <span class='ocr_line' id='line_1_40' title="bbox 366 2472 1966 2546; baseline 0 -17"><span class='ocrx_word' id='word_1_326' title='bbox 366 2472 514 2530; x_wconf 90' lang='lat' dir='ltr'><strong>diem</strong></span> <span class='ocrx_word' id='word_1_327' title='bbox 570 2473 729 2541; x_wconf 87' lang='lat' dir='ltr'><strong>Itane,</strong></span> <span class='ocrx_word' id='word_1_328' title='bbox 783 2474 837 2529; x_wconf 93' lang='lat' dir='ltr'><strong>in</strong></span> <span class='ocrx_word' id='word_1_329' title='bbox 889 2474 1223 2546; x_wconf 90' lang='lat' dir='ltr'><strong>Babylonem</strong></span> <span class='ocrx_word' id='word_1_330' title='bbox 1263 2491 1276 2528; x_wconf 89' lang='lat'><strong>:</strong></span> <span class='ocrx_word' id='word_1_331' title='bbox 1321 2489 1429 2529; x_wconf 90' lang='lat' dir='ltr'><strong>non</strong></span> <span class='ocrx_word' id='word_1_332' title='bbox 1476 2472 1783 2529; x_wconf 86' lang='lat' dir='ltr'><strong>remanebit</strong></span> <span class='ocrx_word' id='word_1_333' title='bbox 1811 2472 1966 2543; x_wconf 90' lang='lat' dir='ltr'><strong>quid-</strong></span> 
     </span>
    </p>
   </div>
   <div class='ocr_carea' id='block_1_41' title="bbox 365 2564 1967 2636">
    <p class='ocr_par' dir='ltr' id='par_1_41' title="bbox 365 2564 1967 2636">
     <span class='ocr_line' id='line_1_41' title="bbox 365 2564 1967 2636; baseline 0.001 -15"><span class='ocrx_word' id='word_1_334' title='bbox 365 2581 554 2636; x_wconf 89' lang='lat' dir='ltr'><strong>quam,</strong></span> <span class='ocrx_word' id='word_1_335' title='bbox 587 2566 664 2621; x_wconf 88' lang='lat' dir='ltr'><strong>ait</strong></span> <span class='ocrx_word' id='word_1_336' title='bbox 705 2565 987 2622; x_wconf 91' lang='lat' dir='ltr'><strong>Dominus.</strong></span> <span class='ocrx_word' id='word_1_337' title='bbox 1041 2565 1147 2622; x_wconf 87' lang='lat' dir='ltr'><strong>Sed</strong></span> <span class='ocrx_word' id='word_1_338' title='bbox 1181 2576 1235 2623; x_wconf 88' lang='lat' dir='ltr'><strong>et</strong></span> <span class='ocrx_word' id='word_1_339' title='bbox 1280 2566 1347 2621; x_wconf 92' lang='lat' dir='ltr'><strong>de</strong></span> <span class='ocrx_word' id='word_1_340' title='bbox 1396 2564 1528 2620; x_wconf 89' lang='lat' dir='ltr'><strong>filiis</strong></span> <span class='ocrx_word' id='word_1_341' title='bbox 1556 2566 1660 2621; x_wconf 88' lang='lat' dir='ltr'><strong>tuis</strong></span> <span class='ocrx_word' id='word_1_342' title='bbox 1688 2565 1778 2636; x_wconf 91' lang='lat' dir='ltr'><strong>qui</strong></span> <span class='ocrx_word' id='word_1_343' title='bbox 1811 2579 1967 2635; x_wconf 88' lang='lat' dir='ltr'><strong>egre-</strong></span> 
     </span>
    </p>
   </div>
   <div class='ocr_carea' id='block_1_42' title="bbox 365 2655 1961 2729">
    <p class='ocr_par' dir='ltr' id='par_1_42' title="bbox 365 2655 1961 2729">
     <span class='ocr_line' id='line_1_42' title="bbox 365 2655 1961 2729; baseline 0 -16"><span class='ocrx_word' id='word_1_344' title='bbox 365 2657 583 2713; x_wconf 87' lang='lat' dir='ltr'><strong>dientur</strong></span> <span class='ocrx_word' id='word_1_345' title='bbox 606 2672 677 2713; x_wconf 87' lang='lat' dir='ltr'><strong>ex</strong></span> <span class='ocrx_word' id='word_1_346' title='bbox 707 2668 782 2725; x_wconf 88' lang='lat' dir='ltr'><strong>te,</strong></span> <span class='ocrx_word' id='word_1_347' title='bbox 811 2673 952 2729; x_wconf 90' lang='lat' dir='ltr'><strong>quos</strong></span> <span class='ocrx_word' id='word_1_348' title='bbox 981 2658 1296 2729; x_wconf 88' lang='lat' dir='ltr'><strong>generabis,</strong></span> <span class='ocrx_word' id='word_1_349' title='bbox 1326 2657 1513 2714; x_wconf 90' lang='lat' dir='ltr'><strong>tollent</strong></span> <span class='ocrx_word' id='word_1_350' title='bbox 1547 2655 1686 2729; x_wconf 32' lang='lat' dir='ltr'><strong>[.Ms.</strong></span> <span class='ocrx_word' id='word_1_351' title='bbox 1719 2667 1767 2711; x_wconf 87' lang='lat' dir='ltr'><strong>et</strong></span> <span class='ocrx_word' id='word_1_352' title='bbox 1809 2658 1961 2729; x_wconf 86' lang='lat' dir='ltr'><strong>Vulg.</strong></span> 
     </span>
    </p>
   </div>
   <div class='ocr_carea' id='block_1_43' title="bbox 366 2748 1961 2822">
    <p class='ocr_par' dir='ltr' id='par_1_43' title="bbox 366 2748 1961 2822">
     <span class='ocr_line' id='line_1_43' title="bbox 366 2748 1961 2822; baseline 0 -18"><span class='ocrx_word' id='word_1_353' title='bbox 366 2749 662 2822; x_wconf 90' lang='lat' dir='ltr'><strong>tollentur]</strong></span> <span class='ocrx_word' id='word_1_354' title='bbox 689 2758 745 2806; x_wconf 88' lang='lat' dir='ltr'><strong>et</strong></span> <span class='ocrx_word' id='word_1_355' title='bbox 782 2758 944 2805; x_wconf 86' lang='lat' dir='ltr'><strong>erunt</strong></span> <span class='ocrx_word' id='word_1_356' title='bbox 972 2750 1206 2805; x_wconf 89' lang='lat' dir='ltr'><strong>eunuchi</strong></span> <span class='ocrx_word' id='word_1_357' title='bbox 1249 2749 1302 2804; x_wconf 91' lang='lat' dir='ltr'><strong>in</strong></span> <span class='ocrx_word' id='word_1_358' title='bbox 1350 2750 1555 2819; x_wconf 90' lang='lat' dir='ltr'><strong>palatio</strong></span> <span class='ocrx_word' id='word_1_359' title='bbox 1585 2750 1676 2822; x_wconf 84' lang='lat' dir='ltr'><strong>[h.</strong></span> <span class='ocrx_word' id='word_1_360' title='bbox 1715 2748 1961 2821; x_wconf 87' lang='lat' dir='ltr'><strong>templo]</strong></span> 
     </span>
    </p>
   </div>
   <div class='ocr_carea' id='block_1_44' title="bbox 362 2842 1961 2916">
    <p class='ocr_par' dir='ltr' id='par_1_44' title="bbox 362 2842 1961 2916">
     <span class='ocr_line' id='line_1_44' title="bbox 362 2842 1961 2916; baseline -0.003 -15"><span class='ocrx_word' id='word_1_361' title='bbox 362 2846 510 2916; x_wconf 85' lang='lat' dir='ltr'><strong>regis</strong></span> <span class='ocrx_word' id='word_1_362' title='bbox 532 2843 850 2915; x_wconf 85' lang='lat' dir='ltr'><strong>Babylonis.</strong></span> <span class='ocrx_word' id='word_1_363' title='bbox 871 2844 1127 2914; x_wconf 77' lang='lat' dir='ltr'><strong>Dixitque</strong></span> <span class='ocrx_word' id='word_1_364' title='bbox 1148 2843 1411 2899; x_wconf 86' lang='lat' dir='ltr'><strong>Ezechias</strong></span> <span class='ocrx_word' id='word_1_365' title='bbox 1434 2842 1503 2898; x_wconf 94' lang='lat' dir='ltr'><strong>ad</strong></span> <span class='ocrx_word' id='word_1_366' title='bbox 1526 2843 1716 2898; x_wconf 91' lang='lat' dir='ltr'><strong>Isaiam</strong></span> <span class='ocrx_word' id='word_1_367' title='bbox 1744 2859 1757 2897; x_wconf 91' lang='lat'><strong>:</strong></span> <span class='ocrx_word' id='word_1_368' title='bbox 1784 2842 1961 2897; x_wconf 89' lang='lat' dir='ltr'><strong>Bonus</strong></span> 
     </span>
    </p>
   </div>
   <div class='ocr_carea' id='block_1_45' title="bbox 362 2936 1962 3010">
    <p class='ocr_par' dir='ltr' id='par_1_45' title="bbox 362 2936 1962 3010">
     <span class='ocr_line' id='line_1_45' title="bbox 362 2936 1962 3010; baseline -0.002 -16"><span class='ocrx_word' id='word_1_369' title='bbox 362 2954 543 2995; x_wconf 87' lang='lat' dir='ltr'><strong>sermo</strong></span> <span class='ocrx_word' id='word_1_370' title='bbox 570 2939 811 3009; x_wconf 87' lang='lat' dir='ltr'><strong>Domini,</strong></span> <span class='ocrx_word' id='word_1_371' title='bbox 847 2954 1009 3010; x_wconf 91' lang='lat' dir='ltr'><strong>quem</strong></span> <span class='ocrx_word' id='word_1_372' title='bbox 1053 2939 1269 2994; x_wconf 90' lang='lat' dir='ltr'><strong>locutus</strong></span> <span class='ocrx_word' id='word_1_373' title='bbox 1298 2952 1357 2993; x_wconf 94' lang='lat' dir='ltr'><strong>es</strong></span> <span class='ocrx_word' id='word_1_374' title='bbox 1389 2954 1401 2991; x_wconf 90' lang='lat'>:</span> <span class='ocrx_word' id='word_1_375' title='bbox 1435 2937 1505 2991; x_wconf 90' lang='lat' dir='ltr'><strong>sit</strong></span> <span class='ocrx_word' id='word_1_376' title='bbox 1547 2951 1649 3007; x_wconf 89' lang='lat' dir='ltr'><strong>pax</strong></span> <span class='ocrx_word' id='word_1_377' title='bbox 1680 2944 1735 2993; x_wconf 91' lang='lat' dir='ltr'><strong>et</strong></span> <span class='ocrx_word' id='word_1_378' title='bbox 1761 2936 1962 2991; x_wconf 85' lang='lat' dir='ltr'><strong>veritas</strong></span> 
     </span>
    </p>
   </div>
   <div class='ocr_carea' id='block_1_46' title="bbox 357 3028 1955 3102">
    <p class='ocr_par' dir='ltr' id='par_1_46' title="bbox 357 3028 1955 3102">
     <span class='ocr_line' id='line_1_46' title="bbox 357 3028 1955 3102; baseline -0.003 -16"><span class='ocrx_word' id='word_1_379' title='bbox 357 3030 415 3088; x_wconf 88' lang='lat' dir='ltr'><strong>in</strong></span> <span class='ocrx_word' id='word_1_380' title='bbox 445 3031 640 3087; x_wconf 90' lang='lat' dir='ltr'><strong>diebus</strong></span> <span class='ocrx_word' id='word_1_381' title='bbox 668 3033 827 3087; x_wconf 91' lang='lat' dir='ltr'><strong>meis.</strong></span> <span class='ocrx_word' id='word_1_382' title='bbox 855 3031 1082 3102; x_wconf 82' lang='lat' dir='ltr'><strong>Reliqua</strong></span> <span class='ocrx_word' id='word_1_383' title='bbox 1123 3038 1303 3086; x_wconf 89' lang='lat' dir='ltr'><strong>autem</strong></span> <span class='ocrx_word' id='word_1_384' title='bbox 1334 3043 1646 3085; x_wconf 88' lang='lat' dir='ltr'><strong>sermonum</strong></span> <span class='ocrx_word' id='word_1_385' title='bbox 1690 3028 1955 3096; x_wconf 82' lang='lat' dir='ltr'><strong>Ezechiae,</strong></span> 
     </span>
    </p>
   </div>
   <div class='ocr_carea' id='block_1_47' title="bbox 358 3120 1957 3193">
    <p class='ocr_par' dir='ltr' id='par_1_47' title="bbox 358 3120 1957 3193">
     <span class='ocr_line' id='line_1_47' title="bbox 358 3120 1957 3193; baseline -0.001 -14"><span class='ocrx_word' id='word_1_386' title='bbox 358 3133 417 3179; x_wconf 90' lang='lat' dir='ltr'><strong>et</strong></span> <span class='ocrx_word' id='word_1_387' title='bbox 444 3124 622 3180; x_wconf 88' lang='lat' dir='ltr'><strong>omnis</strong></span> <span class='ocrx_word' id='word_1_388' title='bbox 649 3122 911 3180; x_wconf 80' lang='lat' dir='ltr'><strong>fortitudo</strong></span> <span class='ocrx_word' id='word_1_389' title='bbox 940 3123 1083 3193; x_wconf 90' lang='lat' dir='ltr'><strong>ejus,</strong></span> <span class='ocrx_word' id='word_1_390' title='bbox 1135 3132 1192 3178; x_wconf 88' lang='lat' dir='ltr'><strong>et</strong></span> <span class='ocrx_word' id='word_1_391' title='bbox 1237 3120 1510 3193; x_wconf 90' lang='lat' dir='ltr'><strong>quomodo</strong></span> <span class='ocrx_word' id='word_1_392' title='bbox 1558 3120 1750 3177; x_wconf 78' lang='lat' dir='ltr'><strong>fecerit</strong></span> <span class='ocrx_word' id='word_1_393' title='bbox 1794 3122 1957 3191; x_wconf 87' lang='lat' dir='ltr'><strong>pisci-</strong></span> 
     </span>
    </p>
   </div>
   <div class='ocr_carea' id='block_1_48' title="bbox 2074 1916 3670 1987">
    <p class='ocr_par' dir='ltr' id='par_1_48' title="bbox 2074 1916 3670 1987">
     <span class='ocr_line' id='line_1_48' title="bbox 2074 1916 3670 1987; baseline 0.004 -17"><span class='ocrx_word' id='word_1_394' title='bbox 2074 1916 2249 1987; x_wconf 91' lang='lat' dir='ltr'><strong>legem</strong></span> <span class='ocrx_word' id='word_1_395' title='bbox 2275 1957 2289 1980; x_wconf 86' lang='lat'><strong>.</strong></span> <span class='ocrx_word' id='word_1_396' title='bbox 2321 1932 2481 1987; x_wconf 92' lang='lat' dir='ltr'><strong>quam</strong></span> <span class='ocrx_word' id='word_1_397' title='bbox 2514 1917 2790 1973; x_wconf 87' lang='lat' dir='ltr'><strong>mandavit</strong></span> <span class='ocrx_word' id='word_1_398' title='bbox 2821 1918 2903 1975; x_wconf 90' lang='lat' dir='ltr'><strong>eis</strong></span> <span class='ocrx_word' id='word_1_399' title='bbox 2934 1934 3123 1975; x_wconf 90' lang='lat' dir='ltr'><strong>servus</strong></span> <span class='ocrx_word' id='word_1_400' title='bbox 3152 1935 3305 1975; x_wconf 91' lang='lat' dir='ltr'><strong>meus</strong></span> <span class='ocrx_word' id='word_1_401' title='bbox 3342 1920 3540 1976; x_wconf 81' lang='lat' dir='ltr'><strong>Moses.</strong></span> <span class='ocrx_word' id='word_1_402' title='bbox 3588 1921 3670 1976; x_wconf 92' lang='lat' dir='ltr'><strong>lIIi</strong></span> 
     </span>
    </p>
   </div>
   <div class='ocr_carea' id='block_1_49' title="bbox 2070 2011 3671 2086">
    <p class='ocr_par' dir='ltr' id='par_1_49' title="bbox 2070 2011 3671 2086">
     <span class='ocr_line' id='line_1_49' title="bbox 2070 2011 3671 2086; baseline 0.005 -22"><span class='ocrx_word' id='word_1_403' title='bbox 2070 2024 2205 2066; x_wconf 89' lang='lat' dir='ltr'><strong>vero</strong></span> <span class='ocrx_word' id='word_1_404' title='bbox 2249 2026 2357 2065; x_wconf 88' lang='lat' dir='ltr'><strong>non</strong></span> <span class='ocrx_word' id='word_1_405' title='bbox 2388 2011 2678 2069; x_wconf 90' lang='lat' dir='ltr'><strong>audierunt</strong></span> <span class='ocrx_word' id='word_1_406' title='bbox 2712 2030 2724 2066; x_wconf 88' lang='lat'><strong>:</strong></span> <span class='ocrx_word' id='word_1_407' title='bbox 2758 2014 2851 2069; x_wconf 91' lang='lat' dir='ltr'><strong>sed</strong></span> <span class='ocrx_word' id='word_1_408' title='bbox 2900 2014 3114 2070; x_wconf 85' lang='lat' dir='ltr'><strong>seducti</strong></span> <span class='ocrx_word' id='word_1_409' title='bbox 3163 2024 3289 2071; x_wconf 84' lang='lat' dir='ltr'><strong>sunt</strong></span> <span class='ocrx_word' id='word_1_410' title='bbox 3317 2032 3347 2070; x_wconf 88' lang='lat' dir='ltr'><strong>a</strong></span> <span class='ocrx_word' id='word_1_411' title='bbox 3400 2017 3671 2086; x_wconf 83' lang='lat' dir='ltr'><strong>Manasse,</strong></span> 
     </span>
    </p>
   </div>
   <div class='ocr_carea' id='block_1_50' title="bbox 2070 2102 3674 2179">
    <p class='ocr_par' dir='ltr' id='par_1_50' title="bbox 2070 2102 3674 2179">
     <span class='ocr_line' id='line_1_50' title="bbox 2070 2102 3674 2179; baseline 0.004 -22"><span class='ocrx_word' id='word_1_412' title='bbox 2070 2112 2131 2157; x_wconf 88' lang='lat' dir='ltr'><strong>ut</strong></span> <span class='ocrx_word' id='word_1_413' title='bbox 2158 2102 2403 2159; x_wconf 91' lang='lat' dir='ltr'><strong>facerent</strong></span> <span class='ocrx_word' id='word_1_414' title='bbox 2424 2104 2623 2160; x_wconf 91' lang='lat' dir='ltr'><strong>malum</strong></span> <span class='ocrx_word' id='word_1_415' title='bbox 2649 2120 2820 2176; x_wconf 88' lang='lat' dir='ltr'><strong>super</strong></span> <span class='ocrx_word' id='word_1_416' title='bbox 2840 2117 3055 2177; x_wconf 91' lang='lat' dir='ltr'><strong>gentes,</strong></span> <span class='ocrx_word' id='word_1_417' title='bbox 3102 2123 3238 2179; x_wconf 89' lang='lat' dir='ltr'><strong>quas</strong></span> <span class='ocrx_word' id='word_1_418' title='bbox 3262 2108 3519 2164; x_wconf 90' lang='lat' dir='ltr'><strong>contrivit</strong></span> <span class='ocrx_word' id='word_1_419' title='bbox 3567 2110 3674 2165; x_wconf 90' lang='lat' dir='ltr'><strong>Do-</strong></span> 
     </span>
    </p>
   </div>
   <div class='ocr_carea' id='block_1_51' title="bbox 2069 2195 3668 2272">
    <p class='ocr_par' dir='ltr' id='par_1_51' title="bbox 2069 2195 3668 2272">
     <span class='ocr_line' id='line_1_51' title="bbox 2069 2195 3668 2272; baseline 0.006 -23"><span class='ocrx_word' id='word_1_420' title='bbox 2069 2195 2250 2251; x_wconf 89' lang='lat' dir='ltr'><strong>minus</strong></span> <span class='ocrx_word' id='word_1_421' title='bbox 2273 2211 2303 2249; x_wconf 92' lang='lat' dir='ltr'><strong>a</strong></span> <span class='ocrx_word' id='word_1_422' title='bbox 2328 2195 2467 2252; x_wconf 89' lang='lat' dir='ltr'><strong>faeie</strong></span> <span class='ocrx_word' id='word_1_423' title='bbox 2500 2197 2733 2252; x_wconf 91' lang='lat' dir='ltr'><strong>filiorum</strong></span> <span class='ocrx_word' id='word_1_424' title='bbox 2769 2199 2952 2255; x_wconf 91' lang='lat' dir='ltr'><strong>Israel.</strong></span> <span class='ocrx_word' id='word_1_425' title='bbox 2989 2199 3335 2272; x_wconf 89' lang='lat' dir='ltr'><strong>Locutusque</strong></span> <span class='ocrx_word' id='word_1_426' title='bbox 3365 2212 3449 2261; x_wconf 88' lang='lat' dir='ltr'><strong>est</strong></span> <span class='ocrx_word' id='word_1_427' title='bbox 3481 2202 3668 2259; x_wconf 89' lang='lat' dir='ltr'><strong>Domi-</strong></span> 
     </span>
    </p>
   </div>
   <div class='ocr_carea' id='block_1_52' title="bbox 2068 2289 3669 2363">
    <p class='ocr_par' dir='ltr' id='par_1_52' title="bbox 2068 2289 3669 2363">
     <span class='ocr_line' id='line_1_52' title="bbox 2068 2289 3669 2363; baseline 0.004 -21"><span class='ocrx_word' id='word_1_428' title='bbox 2068 2302 2171 2343; x_wconf 92' lang='lat' dir='ltr'><strong>nus</strong></span> <span class='ocrx_word' id='word_1_429' title='bbox 2194 2289 2247 2343; x_wconf 94' lang='lat' dir='ltr'><strong>in</strong></span> <span class='ocrx_word' id='word_1_430' title='bbox 2262 2302 2423 2344; x_wconf 91' lang='lat' dir='ltr'><strong>manu</strong></span> <span class='ocrx_word' id='word_1_431' title='bbox 2442 2303 2733 2346; x_wconf 88' lang='lat' dir='ltr'><strong>servorum</strong></span> <span class='ocrx_word' id='word_1_432' title='bbox 2755 2306 2976 2348; x_wconf 90' lang='lat' dir='ltr'><strong>suorum</strong></span> <span class='ocrx_word' id='word_1_433' title='bbox 3002 2292 3415 2363; x_wconf 87' lang='lat' dir='ltr'><strong>prophetarum,</strong></span> <span class='ocrx_word' id='word_1_434' title='bbox 3440 2294 3627 2351; x_wconf 89' lang='lat' dir='ltr'><strong>dicens</strong></span> <span class='ocrx_word' id='word_1_435' title='bbox 3656 2312 3669 2349; x_wconf 87' lang='lat'><strong>:</strong></span> 
     </span>
    </p>
   </div>
   <div class='ocr_carea' id='block_1_53' title="bbox 2067 2380 3674 2447">
    <p class='ocr_par' dir='ltr' id='par_1_53' title="bbox 2067 2380 3674 2447">
     <span class='ocr_line' id='line_1_53' title="bbox 2067 2380 3674 2447; baseline 0.006 -12"><span class='ocrx_word' id='word_1_436' title='bbox 2067 2380 2204 2447; x_wconf 86' lang='lat' dir='ltr'><strong>Quia</strong></span> <span class='ocrx_word' id='word_1_437' title='bbox 2235 2381 2360 2437; x_wconf 90' lang='lat' dir='ltr'><strong>fecit</strong></span> <span class='ocrx_word' id='word_1_438' title='bbox 2404 2382 2680 2439; x_wconf 80' lang='lat' dir='ltr'><strong>Manasses</strong></span> <span class='ocrx_word' id='word_1_439' title='bbox 2723 2400 2819 2439; x_wconf 88' lang='lat' dir='ltr'><strong>rex</strong></span> <span class='ocrx_word' id='word_1_440' title='bbox 2868 2384 3003 2440; x_wconf 83' lang='lat' dir='ltr'><strong>Juda</strong></span> <span class='ocrx_word' id='word_1_441' title='bbox 3054 2386 3492 2443; x_wconf 90' lang='lat' dir='ltr'><strong>abominationes</strong></span> <span class='ocrx_word' id='word_1_442' title='bbox 3538 2388 3674 2444; x_wconf 87' lang='lat' dir='ltr'><strong>istas</strong></span> 
     </span>
    </p>
   </div>
   <div class='ocr_carea' id='block_1_54' title="bbox 2067 2474 3669 2549">
    <p class='ocr_par' dir='ltr' id='par_1_54' title="bbox 2067 2474 3669 2549">
     <span class='ocr_line' id='line_1_54' title="bbox 2067 2474 3669 2549; baseline 0.006 -20"><span class='ocrx_word' id='word_1_443' title='bbox 2067 2474 2357 2546; x_wconf 88' lang='lat' dir='ltr'><strong>pessimas,</strong></span> <span class='ocrx_word' id='word_1_444' title='bbox 2391 2492 2557 2546; x_wconf 87' lang='lat' dir='ltr'><strong>super</strong></span> <span class='ocrx_word' id='word_1_445' title='bbox 2577 2476 2763 2533; x_wconf 88' lang='lat' dir='ltr'><strong>omnia</strong></span> <span class='ocrx_word' id='word_1_446' title='bbox 2785 2494 2904 2549; x_wconf 68' lang='lat' dir='ltr'><strong>qua:</strong></span> <span class='ocrx_word' id='word_1_447' title='bbox 2934 2476 3187 2535; x_wconf 75' lang='lat' dir='ltr'><strong>fecerunt</strong></span> <span class='ocrx_word' id='word_1_448' title='bbox 3211 2480 3519 2537; x_wconf 79' lang='lat' dir='ltr'><strong>Amorrlnei</strong></span> <span class='ocrx_word' id='word_1_449' title='bbox 3544 2490 3669 2538; x_wconf 84' lang='lat' dir='ltr'><strong>ante</strong></span> 
     </span>
    </p>
   </div>
   <div class='ocr_carea' id='block_1_55' title="bbox 2066 2570 3669 2639">
    <p class='ocr_par' dir='ltr' id='par_1_55' title="bbox 2066 2570 3669 2639">
     <span class='ocr_line' id='line_1_55' title="bbox 2066 2570 3669 2639; baseline 0.005 -17"><span class='ocrx_word' id='word_1_450' title='bbox 2066 2582 2212 2633; x_wconf 90' lang='lat' dir='ltr'><strong>eum,</strong></span> <span class='ocrx_word' id='word_1_451' title='bbox 2250 2578 2305 2625; x_wconf 91' lang='lat' dir='ltr'><strong>et</strong></span> <span class='ocrx_word' id='word_1_452' title='bbox 2336 2585 2564 2639; x_wconf 90' lang='lat' dir='ltr'><strong>peccare</strong></span> <span class='ocrx_word' id='word_1_453' title='bbox 2606 2570 2725 2627; x_wconf 91' lang='lat' dir='ltr'><strong>fecit</strong></span> <span class='ocrx_word' id='word_1_454' title='bbox 2775 2572 2937 2627; x_wconf 90' lang='lat' dir='ltr'><strong>etiam</strong></span> <span class='ocrx_word' id='word_1_455' title='bbox 2967 2571 3162 2628; x_wconf 74' lang='lat' dir='ltr'><strong>Iudam</strong></span> <span class='ocrx_word' id='word_1_456' title='bbox 3209 2575 3261 2629; x_wconf 94' lang='lat' dir='ltr'><strong>in</strong></span> <span class='ocrx_word' id='word_1_457' title='bbox 3312 2575 3669 2631; x_wconf 90' lang='lat' dir='ltr'><strong>immunditiis</strong></span> 
     </span>
    </p>
   </div>
   <div class='ocr_carea' id='block_1_56' title="bbox 2065 2659 3667 2736">
    <p class='ocr_par' dir='ltr' id='par_1_56' title="bbox 2065 2659 3667 2736">
     <span class='ocr_line' id='line_1_56' title="bbox 2065 2659 3667 2736; baseline 0.009 -23"><span class='ocrx_word' id='word_1_458' title='bbox 2065 2659 2201 2716; x_wconf 87' lang='lat' dir='ltr'><strong>suis.</strong></span> <span class='ocrx_word' id='word_1_459' title='bbox 2234 2660 2338 2731; x_wconf 85' lang='lat' dir='ltr'><strong>[T.</strong></span> <span class='ocrx_word' id='word_1_460' title='bbox 2375 2661 2577 2736; x_wconf 83' lang='lat' dir='ltr'><strong>CCVI.]</strong></span> <span class='ocrx_word' id='word_1_461' title='bbox 2604 2663 2901 2733; x_wconf 87' lang='lat' dir='ltr'><strong>Pr0pterea</strong></span> <span class='ocrx_word' id='word_1_462' title='bbox 2928 2664 3041 2721; x_wconf 62' lang='lat' dir='ltr'><strong>hare</strong></span> <span class='ocrx_word' id='word_1_463' title='bbox 3073 2667 3205 2723; x_wconf 89' lang='lat' dir='ltr'><strong>dicit</strong></span> <span class='ocrx_word' id='word_1_464' title='bbox 3233 2667 3497 2725; x_wconf 90' lang='lat' dir='ltr'><strong>Dominus</strong></span> <span class='ocrx_word' id='word_1_465' title='bbox 3523 2671 3667 2728; x_wconf 88' lang='lat' dir='ltr'><strong>Deus</strong></span> 
     </span>
    </p>
   </div>
   <div class='ocr_carea' id='block_1_57' title="bbox 2064 2752 3667 2837">
    <p class='ocr_par' dir='ltr' id='par_1_57' title="bbox 2064 2752 3667 2837">
     <span class='ocr_line' id='line_1_57' title="bbox 2064 2752 3667 2837; baseline 0.009 -30"><span class='ocrx_word' id='word_1_466' title='bbox 2064 2752 2230 2810; x_wconf 90' lang='lat' dir='ltr'><strong>Israel</strong></span> <span class='ocrx_word' id='word_1_467' title='bbox 2266 2773 2277 2807; x_wconf 91' lang='lat'>:</span> <span class='ocrx_word' id='word_1_468' title='bbox 2311 2754 2454 2811; x_wconf 88' lang='lat' dir='ltr'><strong>Ecce</strong></span> <span class='ocrx_word' id='word_1_469' title='bbox 2480 2772 2580 2827; x_wconf 86' lang='lat' dir='ltr'><strong>ego</strong></span> <span class='ocrx_word' id='word_1_470' title='bbox 2608 2758 2858 2813; x_wconf 87' lang='lat' dir='ltr'><strong>inducam</strong></span> <span class='ocrx_word' id='word_1_471' title='bbox 2888 2760 3029 2815; x_wconf 91' lang='lat' dir='ltr'><strong>mala</strong></span> <span class='ocrx_word' id='word_1_472' title='bbox 3062 2763 3070 2833; x_wconf 84' lang='lat'>|</span> <span class='ocrx_word' id='word_1_473' title='bbox 3097 2760 3201 2816; x_wconf 77' lang='lat' dir='ltr'><strong>Ms.</strong></span> <span class='ocrx_word' id='word_1_474' title='bbox 3234 2762 3470 2837; x_wconf 92' lang='lat' dir='ltr'><strong>malum]</strong></span> <span class='ocrx_word' id='word_1_475' title='bbox 3499 2779 3667 2836; x_wconf 88' lang='lat' dir='ltr'><strong>super</strong></span> 
     </span>
    </p>
   </div>
   <div class='ocr_carea' id='block_1_58' title="bbox 2061 2844 3666 2923">
    <p class='ocr_par' dir='ltr' id='par_1_58' title="bbox 2061 2844 3666 2923">
     <span class='ocr_line' id='line_1_58' title="bbox 2061 2844 3666 2923; baseline 0.009 -24"><span class='ocrx_word' id='word_1_476' title='bbox 2061 2844 2364 2902; x_wconf 87' lang='lat' dir='ltr'><strong>Jerusalem</strong></span> <span class='ocrx_word' id='word_1_477' title='bbox 2386 2857 2439 2903; x_wconf 88' lang='lat' dir='ltr'><strong>et</strong></span> <span class='ocrx_word' id='word_1_478' title='bbox 2459 2847 2654 2904; x_wconf 78' lang='lat' dir='ltr'><strong>Iudam</strong></span> <span class='ocrx_word' id='word_1_479' title='bbox 2688 2868 2700 2901; x_wconf 87' lang='lat'><strong>:</strong></span> <span class='ocrx_word' id='word_1_480' title='bbox 2727 2860 2783 2904; x_wconf 92' lang='lat' dir='ltr'><strong>ut</strong></span> <span class='ocrx_word' id='word_1_481' title='bbox 2805 2850 3133 2922; x_wconf 79' lang='lat' dir='ltr'><strong>quicumque</strong></span> <span class='ocrx_word' id='word_1_482' title='bbox 3151 2854 3407 2923; x_wconf 88' lang='lat' dir='ltr'><strong>audierit,</strong></span> <span class='ocrx_word' id='word_1_483' title='bbox 3432 2857 3666 2913; x_wconf 88' lang='lat' dir='ltr'><strong>tinniant</strong></span> 
     </span>
    </p>
   </div>
   <div class='ocr_carea' id='block_1_59' title="bbox 2063 2939 3670 3015">
    <p class='ocr_par' dir='ltr' id='par_1_59' title="bbox 2063 2939 3670 3015">
     <span class='ocr_line' id='line_1_59' title="bbox 2063 2939 3670 3015; baseline 0.007 -22"><span class='ocrx_word' id='word_1_484' title='bbox 2063 2939 2239 2994; x_wconf 84' lang='lat' dir='ltr'><strong>ambae</strong></span> <span class='ocrx_word' id='word_1_485' title='bbox 2266 2955 2426 2996; x_wconf 91' lang='lat' dir='ltr'><strong>aures</strong></span> <span class='ocrx_word' id='word_1_486' title='bbox 2453 2941 2591 3012; x_wconf 87' lang='lat' dir='ltr'><strong>ejus.</strong></span> <span class='ocrx_word' id='word_1_487' title='bbox 2622 2942 2693 2997; x_wconf 91' lang='lat' dir='ltr'><strong>Et</strong></span> <span class='ocrx_word' id='word_1_488' title='bbox 2718 2942 3018 2997; x_wconf 82' lang='lat' dir='ltr'><strong>extendam</strong></span> <span class='ocrx_word' id='word_1_489' title='bbox 3062 2960 3226 3015; x_wconf 89' lang='lat' dir='ltr'><strong>super</strong></span> <span class='ocrx_word' id='word_1_490' title='bbox 3251 2947 3551 3004; x_wconf 86' lang='lat' dir='ltr'><strong>Jerusalem</strong></span> <span class='ocrx_word' id='word_1_491' title='bbox 3579 2948 3670 3004; x_wconf 85' lang='lat' dir='ltr'><strong>fu-</strong></span> 
     </span>
    </p>
   </div>
   <div class='ocr_carea' id='block_1_60' title="bbox 2062 3034 3665 3107">
    <p class='ocr_par' dir='ltr' id='par_1_60' title="bbox 2062 3034 3665 3107">
     <span class='ocr_line' id='line_1_60' title="bbox 2062 3034 3665 3107; baseline 0.005 -17"><span class='ocrx_word' id='word_1_492' title='bbox 2062 3034 2302 3090; x_wconf 89' lang='lat' dir='ltr'><strong>niculum</strong></span> <span class='ocrx_word' id='word_1_493' title='bbox 2327 3034 2610 3103; x_wconf 76' lang='lat' dir='ltr'><strong>Samarize,</strong></span> <span class='ocrx_word' id='word_1_494' title='bbox 2642 3046 2698 3093; x_wconf 85' lang='lat' dir='ltr'><strong>et</strong></span> <span class='ocrx_word' id='word_1_495' title='bbox 2730 3036 2940 3105; x_wconf 85' lang='lat' dir='ltr'><strong>pondus</strong></span> <span class='ocrx_word' id='word_1_496' title='bbox 2961 3036 3155 3093; x_wconf 83' lang='lat' dir='ltr'><strong>domus</strong></span> <span class='ocrx_word' id='word_1_497' title='bbox 3178 3038 3355 3107; x_wconf 85' lang='lat' dir='ltr'><strong>Ahah,</strong></span> <span class='ocrx_word' id='word_1_498' title='bbox 3389 3050 3444 3095; x_wconf 92' lang='lat' dir='ltr'><strong>et</strong></span> <span class='ocrx_word' id='word_1_499' title='bbox 3467 3040 3665 3098; x_wconf 88' lang='lat' dir='ltr'><strong>delebo</strong></span> 
     </span>
    </p>
   </div>
   <div class='ocr_carea' id='block_1_61' title="bbox 2059 3127 3665 3206">
    <p class='ocr_par' dir='ltr' id='par_1_61' title="bbox 2059 3127 3665 3206">
     <span class='ocr_line' id='line_1_61' title="bbox 2059 3127 3665 3206; baseline 0.004 -22"><span class='ocrx_word' id='word_1_500' title='bbox 2059 3127 2397 3206; x_wconf 70' lang='lat' dir='ltr'><strong>Jerusalem,</strong></span> <span class='ocrx_word' id='word_1_501' title='bbox 2456 3129 2599 3184; x_wconf 88' lang='lat' dir='ltr'><strong>sicut</strong></span> <span class='ocrx_word' id='word_1_502' title='bbox 2645 3129 2815 3185; x_wconf 85' lang='lat' dir='ltr'><strong>deleri</strong></span> <span class='ocrx_word' id='word_1_503' title='bbox 2865 3130 3095 3186; x_wconf 82' lang='lat' dir='ltr'><strong>solentd</strong></span> <span class='ocrx_word' id='word_1_504' title='bbox 3131 3132 3329 3186; x_wconf 70' lang='lat' dir='ltr'><strong>tabula:</strong></span> <span class='ocrx_word' id='word_1_505' title='bbox 3377 3133 3472 3206; x_wconf 89' lang='lat' dir='ltr'><strong>[h.</strong></span> <span class='ocrx_word' id='word_1_506' title='bbox 3520 3135 3665 3191; x_wconf 86' lang='lat' dir='ltr'><strong>solet</strong></span> 
     </span>
    </p>
   </div>
   <div class='ocr_carea' id='block_1_62' title="bbox 358 3199 3660 3297">
    <p class='ocr_par' dir='ltr' id='par_1_62' title="bbox 358 3199 3660 3297">
     <span class='ocr_line' id='line_1_62' title="bbox 358 3199 3660 3297; baseline 0.002 -29"><span class='ocrx_word' id='word_1_507' title='bbox 358 3228 510 3280; x_wconf 90' lang='lat' dir='ltr'><strong>nam,</strong></span> <span class='ocrx_word' id='word_1_508' title='bbox 532 3225 753 3285; x_wconf 71' lang='lat' dir='ltr'><strong>etaquaa</strong></span> <span class='ocrx_word' id='word_1_509' title='bbox 769 3215 1011 3285; x_wconf 89' lang='lat' dir='ltr'><strong>ductum,</strong></span> <span class='ocrx_word' id='word_1_510' title='bbox 1034 3223 1089 3271; x_wconf 88' lang='lat' dir='ltr'><strong>et</strong></span> <span class='ocrx_word' id='word_1_511' title='bbox 1106 3211 1467 3269; x_wconf 88' lang='lat' dir='ltr'><strong>introduxerit</strong></span> <span class='ocrx_word' id='word_1_512' title='bbox 1495 3227 1659 3282; x_wconf 90' lang='lat' dir='ltr'><strong>aquas</strong></span> <span class='ocrx_word' id='word_1_513' title='bbox 1678 3212 1729 3267; x_wconf 92' lang='lat' dir='ltr'><strong>in</strong></span> <span class='ocrx_word' id='word_1_514' title='bbox 1761 3212 1949 3269; x_wconf 91' lang='lat' dir='ltr'><strong>civita-</strong></span> <span class='ocrx_word' id='word_1_515' title='bbox 1981 3206 2027 3271; x_wconf 90' lang='lat' dir='ltr'><strong>C</strong></span> <span class='ocrx_word' id='word_1_516' title='bbox 2057 3199 2350 3291; x_wconf 83' lang='lat' dir='ltr'><strong>ampulla];</strong></span> <span class='ocrx_word' id='word_1_517' title='bbox 2383 3220 2573 3277; x_wconf 91' lang='lat' dir='ltr'><strong>delens</strong></span> <span class='ocrx_word' id='word_1_518' title='bbox 2603 3231 2844 3288; x_wconf 90' lang='lat' dir='ltr'><strong>vertam,</strong></span> <span class='ocrx_word' id='word_1_519' title='bbox 2876 3232 2924 3276; x_wconf 87' lang='lat' dir='ltr'><strong>et</strong></span> <span class='ocrx_word' id='word_1_520' title='bbox 2954 3224 3142 3277; x_wconf 82' lang='lat' dir='ltr'><strong>ducam</strong></span> <span class='ocrx_word' id='word_1_521' title='bbox 3187 3199 3419 3278; x_wconf 59' lang='lat' dir='ltr'><strong>crebrius</strong></span> <span class='ocrx_word' id='word_1_522' title='bbox 3467 3228 3660 3297; x_wconf 58' lang='lat' dir='ltr'><strong>siglum</strong></span> 
     </span>
    </p>
   </div>
   <div class='ocr_carea' id='block_1_63' title="bbox 359 3302 1952 3377">
    <p class='ocr_par' dir='ltr' id='par_1_63' title="bbox 359 3302 1952 3377">
     <span class='ocr_line' id='line_1_63' title="bbox 359 3302 1952 3377; baseline -0.001 -18"><span class='ocrx_word' id='word_1_523' title='bbox 359 3312 492 3373; x_wconf 89' lang='lat' dir='ltr'><strong>tem,</strong></span> <span class='ocrx_word' id='word_1_524' title='bbox 508 3320 687 3362; x_wconf 90' lang='lat' dir='ltr'><strong>nonne</strong></span> <span class='ocrx_word' id='word_1_525' title='bbox 703 3304 819 3363; x_wconf 61' lang='lat' dir='ltr'><strong>base</strong></span> <span class='ocrx_word' id='word_1_526' title='bbox 835 3306 1031 3377; x_wconf 88' lang='lat' dir='ltr'><strong>scripta</strong></span> <span class='ocrx_word' id='word_1_527' title='bbox 1048 3315 1172 3361; x_wconf 88' lang='lat' dir='ltr'><strong>sunt</strong></span> <span class='ocrx_word' id='word_1_528' title='bbox 1186 3303 1239 3359; x_wconf 92' lang='lat' dir='ltr'><strong>in</strong></span> <span class='ocrx_word' id='word_1_529' title='bbox 1254 3304 1394 3359; x_wconf 90' lang='lat' dir='ltr'><strong>libro</strong></span> <span class='ocrx_word' id='word_1_530' title='bbox 1406 3302 1726 3359; x_wconf 89' lang='lat' dir='ltr'><strong>Sermonum</strong></span> <span class='ocrx_word' id='word_1_531' title='bbox 1740 3302 1952 3359; x_wconf 90' lang='lat' dir='ltr'><strong>dierum</strong></span> 
     </span>
    </p>
   </div>
   <div class='ocr_carea' id='block_1_64' title="bbox 357 3395 1950 3475">
    <p class='ocr_par' dir='ltr' id='par_1_64' title="bbox 357 3395 1950 3475">
     <span class='ocr_line' id='line_1_64' title="bbox 357 3395 1950 3475; baseline -0.002 -21"><span class='ocrx_word' id='word_1_532' title='bbox 357 3414 544 3470; x_wconf 87' lang='lat' dir='ltr'><strong>regum</strong></span> <span class='ocrx_word' id='word_1_533' title='bbox 577 3399 749 3456; x_wconf 81' lang='lat' dir='ltr'><strong>Juda?</strong></span> <span class='ocrx_word' id='word_1_534' title='bbox 785 3399 883 3475; x_wconf 89' lang='lat' dir='ltr'><strong>[T.</strong></span> <span class='ocrx_word' id='word_1_535' title='bbox 910 3397 1089 3469; x_wconf 85' lang='lat' dir='ltr'><strong>CCV.]</strong></span> <span class='ocrx_word' id='word_1_536' title='bbox 1118 3398 1491 3468; x_wconf 86' lang='lat' dir='ltr'><strong>Dormivitque</strong></span> <span class='ocrx_word' id='word_1_537' title='bbox 1524 3395 1785 3452; x_wconf 84' lang='lat' dir='ltr'><strong>Ezechias</strong></span> <span class='ocrx_word' id='word_1_538' title='bbox 1826 3411 1950 3453; x_wconf 92' lang='lat' dir='ltr'><strong>cum</strong></span> 
     </span>
    </p>
   </div>
   <div class='ocr_carea' id='block_1_65' title="bbox 354 3488 1949 3562">
    <p class='ocr_par' dir='ltr' id='par_1_65' title="bbox 354 3488 1949 3562">
     <span class='ocr_line' id='line_1_65' title="bbox 354 3488 1949 3562; baseline -0.002 -17"><span class='ocrx_word' id='word_1_539' title='bbox 354 3490 601 3558; x_wconf 88' lang='lat' dir='ltr'><strong>patribus</strong></span> <span class='ocrx_word' id='word_1_540' title='bbox 627 3492 763 3559; x_wconf 86' lang='lat' dir='ltr'><strong>suis,</strong></span> <span class='ocrx_word' id='word_1_541' title='bbox 795 3501 851 3548; x_wconf 91' lang='lat' dir='ltr'><strong>et</strong></span> <span class='ocrx_word' id='word_1_542' title='bbox 879 3489 1422 3562; x_wconf 84' lang='lat' dir='ltr'><strong>regnavitManasses</strong></span> <span class='ocrx_word' id='word_1_543' title='bbox 1446 3489 1588 3543; x_wconf 86' lang='lat' dir='ltr'><strong>filius</strong></span> <span class='ocrx_word' id='word_1_544' title='bbox 1601 3488 1718 3558; x_wconf 88' lang='lat' dir='ltr'><strong>ejus</strong></span> <span class='ocrx_word' id='word_1_545' title='bbox 1742 3503 1835 3558; x_wconf 90' lang='lat' dir='ltr'><strong>pro</strong></span> <span class='ocrx_word' id='word_1_546' title='bbox 1862 3503 1949 3543; x_wconf 89' lang='lat' dir='ltr'><strong>eo.</strong></span> 
     </span>
    </p>
   </div>
   <div class='ocr_carea' id='block_1_66' title="bbox 427 3580 1951 3657">
    <p class='ocr_par' dir='ltr' id='par_1_66' title="bbox 427 3580 1951 3657">
     <span class='ocr_line' id='line_1_66' title="bbox 427 3580 1951 3657; baseline -0.002 -18"><span class='ocrx_word' id='word_1_547' title='bbox 427 3582 591 3657; x_wconf 85' lang='lat' dir='ltr'><strong>[Cap.</strong></span> <span class='ocrx_word' id='word_1_548' title='bbox 637 3582 805 3654; x_wconf 79' lang='lat' dir='ltr'><strong>XXI.]</strong></span> <span class='ocrx_word' id='word_1_549' title='bbox 856 3583 1155 3639; x_wconf 90' lang='lat' dir='ltr'><strong>Duodecim</strong></span> <span class='ocrx_word' id='word_1_550' title='bbox 1196 3596 1467 3637; x_wconf 90' lang='lat' dir='ltr'><strong>annorum</strong></span> <span class='ocrx_word' id='word_1_551' title='bbox 1512 3587 1629 3636; x_wconf 91' lang='lat' dir='ltr'><strong>erat</strong></span> <span class='ocrx_word' id='word_1_552' title='bbox 1677 3580 1951 3636; x_wconf 81' lang='lat' dir='ltr'><strong>Manasses</strong></span> 
     </span>
    </p>
   </div>
   <div class='ocr_carea' id='block_1_67' title="bbox 353 3672 1951 3747">
    <p class='ocr_par' dir='ltr' id='par_1_67' title="bbox 353 3672 1951 3747">
     <span class='ocr_line' id='line_1_67' title="bbox 353 3672 1951 3747; baseline -0.003 -15"><span class='ocrx_word' id='word_1_553' title='bbox 353 3691 480 3732; x_wconf 89' lang='lat' dir='ltr'><strong>cum</strong></span> <span class='ocrx_word' id='word_1_554' title='bbox 509 3691 738 3747; x_wconf 88' lang='lat' dir='ltr'><strong>regnare</strong></span> <span class='ocrx_word' id='word_1_555' title='bbox 760 3677 1038 3747; x_wconf 70' lang='lat' dir='ltr'><strong>coepisset,</strong></span> <span class='ocrx_word' id='word_1_556' title='bbox 1069 3683 1125 3731; x_wconf 93' lang='lat' dir='ltr'><strong>et</strong></span> <span class='ocrx_word' id='word_1_557' title='bbox 1149 3673 1541 3746; x_wconf 88' lang='lat' dir='ltr'><strong>quinquaginta</strong></span> <span class='ocrx_word' id='word_1_558' title='bbox 1572 3672 1815 3743; x_wconf 87' lang='lat' dir='ltr'><strong>quinque</strong></span> <span class='ocrx_word' id='word_1_559' title='bbox 1852 3688 1951 3727; x_wconf 92' lang='lat' dir='ltr'><strong>an-</strong></span> 
     </span>
    </p>
   </div>
   <div class='ocr_carea' id='block_1_68' title="bbox 354 3766 1949 3841">
    <p class='ocr_par' dir='ltr' id='par_1_68' title="bbox 354 3766 1949 3841">
     <span class='ocr_line' id='line_1_68' title="bbox 354 3766 1949 3841; baseline -0.002 -16"><span class='ocrx_word' id='word_1_560' title='bbox 354 3771 441 3825; x_wconf 89' lang='lat' dir='ltr'><strong>nis</strong></span> <span class='ocrx_word' id='word_1_561' title='bbox 488 3771 732 3841; x_wconf 86' lang='lat' dir='ltr'><strong>regnavit</strong></span> <span class='ocrx_word' id='word_1_562' title='bbox 781 3770 838 3825; x_wconf 92' lang='lat' dir='ltr'><strong>in</strong></span> <span class='ocrx_word' id='word_1_563' title='bbox 889 3768 1199 3825; x_wconf 86' lang='lat' dir='ltr'><strong>Jerusalem</strong></span> <span class='ocrx_word' id='word_1_564' title='bbox 1260 3785 1273 3819; x_wconf 90' lang='lat'><strong>:</strong></span> <span class='ocrx_word' id='word_1_565' title='bbox 1325 3781 1524 3821; x_wconf 91' lang='lat' dir='ltr'><strong>nomen</strong></span> <span class='ocrx_word' id='word_1_566' title='bbox 1586 3767 1775 3821; x_wconf 91' lang='lat' dir='ltr'><strong>matris</strong></span> <span class='ocrx_word' id='word_1_567' title='bbox 1831 3766 1949 3836; x_wconf 92' lang='lat' dir='ltr'><strong>ejus</strong></span> 
     </span>
    </p>
   </div>
   <div class='ocr_carea' id='block_1_69' title="bbox 352 3859 1950 3936">
    <p class='ocr_par' dir='ltr' id='par_1_69' title="bbox 352 3859 1950 3936">
     <span class='ocr_line' id='line_1_69' title="bbox 352 3859 1950 3936; baseline -0.003 -18"><span class='ocrx_word' id='word_1_568' title='bbox 352 3863 591 3934; x_wconf 85' lang='lat' dir='ltr'><strong>Apbsiba</strong></span> <span class='ocrx_word' id='word_1_569' title='bbox 636 3864 783 3936; x_wconf 75' lang='grc' dir='ltr'><strong>[Μδ.</strong></span> <span class='ocrx_word' id='word_1_570' title='bbox 846 3860 1107 3933; x_wconf 85' lang='lat' dir='ltr'><strong>Ahsiba].</strong></span> <span class='ocrx_word' id='word_1_571' title='bbox 1162 3860 1422 3931; x_wconf 89' lang='lat' dir='ltr'><strong>Fecitque</strong></span> <span class='ocrx_word' id='word_1_572' title='bbox 1466 3859 1667 3915; x_wconf 89' lang='lat' dir='ltr'><strong>malum</strong></span> <span class='ocrx_word' id='word_1_573' title='bbox 1717 3859 1771 3914; x_wconf 94' lang='lat' dir='ltr'><strong>in</strong></span> <span class='ocrx_word' id='word_1_574' title='bbox 1820 3874 1950 3915; x_wconf 89' lang='lat' dir='ltr'><strong>con-</strong></span> 
     </span>
    </p>
   </div>
   <div class='ocr_carea' id='block_1_70' title="bbox 351 3948 1947 4026">
    <p class='ocr_par' dir='ltr' id='par_1_70' title="bbox 351 3948 1947 4026">
     <span class='ocr_line' id='line_1_70' title="bbox 351 3948 1947 4026; baseline -0.003 -17"><span class='ocrx_word' id='word_1_575' title='bbox 351 3965 538 4025; x_wconf 85' lang='lat' dir='ltr'><strong>specto</strong></span> <span class='ocrx_word' id='word_1_576' title='bbox 589 3953 807 4010; x_wconf 90' lang='lat' dir='ltr'><strong>Domini</strong></span> <span class='ocrx_word' id='word_1_577' title='bbox 837 3952 933 4026; x_wconf 90' lang='lat' dir='ltr'><strong>[h.</strong></span> <span class='ocrx_word' id='word_1_578' title='bbox 976 3951 1034 4017; x_wconf 85' lang='lat' dir='ltr'><strong>in</strong></span> <span class='ocrx_word' id='word_1_579' title='bbox 1074 3951 1250 4007; x_wconf 91' lang='lat' dir='ltr'><strong>oculis</strong></span> <span class='ocrx_word' id='word_1_580' title='bbox 1294 3948 1569 4019; x_wconf 90' lang='lat' dir='ltr'><strong>Domini],</strong></span> <span class='ocrx_word' id='word_1_581' title='bbox 1613 3950 1767 4020; x_wconf 81' lang='lat' dir='ltr'><strong>juxta</strong></span> <span class='ocrx_word' id='word_1_582' title='bbox 1802 3950 1947 4005; x_wconf 90' lang='lat' dir='ltr'><strong>idola</strong></span> 
     </span>
    </p>
   </div>
   <div class='ocr_carea' id='block_1_71' title="bbox 350 4041 1945 4123">
    <p class='ocr_par' dir='ltr' id='par_1_71' title="bbox 350 4041 1945 4123">
     <span class='ocr_line' id='line_1_71' title="bbox 350 4041 1945 4123; baseline -0.004 -20"><span class='ocrx_word' id='word_1_583' title='bbox 350 4048 451 4123; x_wconf 87' lang='lat' dir='ltr'><strong>[h.</strong></span> <span class='ocrx_word' id='word_1_584' title='bbox 478 4046 946 4118; x_wconf 90' lang='lat' dir='ltr'><strong>abominationes]</strong></span> <span class='ocrx_word' id='word_1_585' title='bbox 978 4045 1244 4117; x_wconf 89' lang='lat' dir='ltr'><strong>gentium,</strong></span> <span class='ocrx_word' id='word_1_586' title='bbox 1279 4058 1414 4115; x_wconf 89' lang='lat' dir='ltr'><strong>quas</strong></span> <span class='ocrx_word' id='word_1_587' title='bbox 1457 4042 1659 4097; x_wconf 90' lang='lat' dir='ltr'><strong>delevit</strong></span> <span class='ocrx_word' id='word_1_588' title='bbox 1688 4041 1945 4098; x_wconf 85' lang='lat' dir='ltr'><strong>Dominus</strong></span> 
     </span>
    </p>
   </div>
   <div class='ocr_carea' id='block_1_72' title="bbox 348 4134 1947 4207">
    <p class='ocr_par' dir='ltr' id='par_1_72' title="bbox 348 4134 1947 4207">
     <span class='ocr_line' id='line_1_72' title="bbox 348 4134 1947 4207; baseline -0.006 -9"><span class='ocrx_word' id='word_1_589' title='bbox 348 4159 379 4198; x_wconf 87' lang='lat' dir='ltr'><strong>a</strong></span> <span class='ocrx_word' id='word_1_590' title='bbox 405 4143 542 4199; x_wconf 87' lang='lat' dir='ltr'><strong>facie</strong></span> <span class='ocrx_word' id='word_1_591' title='bbox 567 4143 800 4198; x_wconf 88' lang='lat' dir='ltr'><strong>filiorum</strong></span> <span class='ocrx_word' id='word_1_592' title='bbox 832 4140 1017 4196; x_wconf 89' lang='lat' dir='ltr'><strong>Israel.</strong></span> <span class='ocrx_word' id='word_1_593' title='bbox 1050 4139 1477 4207; x_wconf 70' lang='lat' dir='ltr'><strong>Conversusque</strong></span> <span class='ocrx_word' id='word_1_594' title='bbox 1504 4146 1606 4203; x_wconf 90' lang='lat' dir='ltr'><strong>est,</strong></span> <span class='ocrx_word' id='word_1_595' title='bbox 1632 4145 1687 4191; x_wconf 93' lang='lat' dir='ltr'><strong>et</strong></span> <span class='ocrx_word' id='word_1_596' title='bbox 1709 4134 1947 4191; x_wconf 75' lang='lat' dir='ltr'><strong>tediflca—</strong></span> 
     </span>
    </p>
   </div>
   <div class='ocr_carea' id='block_1_73' title="bbox 350 4227 1943 4307">
    <p class='ocr_par' dir='ltr' id='par_1_73' title="bbox 350 4227 1943 4307">
     <span class='ocr_line' id='line_1_73' title="bbox 350 4227 1943 4307; baseline -0.003 -17"><span class='ocrx_word' id='word_1_597' title='bbox 350 4238 427 4291; x_wconf 88' lang='lat' dir='ltr'><strong>vit</strong></span> <span class='ocrx_word' id='word_1_598' title='bbox 458 4236 692 4303; x_wconf 80' lang='lat' dir='ltr'><strong>excelsa,</strong></span> <span class='ocrx_word' id='word_1_599' title='bbox 738 4251 858 4307; x_wconf 85' lang='lat' dir='ltr'><strong>quae</strong></span> <span class='ocrx_word' id='word_1_600' title='bbox 898 4233 1265 4303; x_wconf 87' lang='lat' dir='ltr'><strong>dissipavcrat</strong></span> <span class='ocrx_word' id='word_1_601' title='bbox 1296 4229 1432 4305; x_wconf 80' lang='lat' dir='ltr'><strong>[Ms.</strong></span> <span class='ocrx_word' id='word_1_602' title='bbox 1464 4227 1779 4303; x_wconf 88' lang='lat' dir='ltr'><strong>dissipavit]</strong></span> <span class='ocrx_word' id='word_1_603' title='bbox 1811 4230 1943 4286; x_wconf 87' lang='lat' dir='ltr'><strong>Eze-</strong></span> 
     </span>
    </p>
   </div>
   <div class='ocr_carea' id='block_1_74' title="bbox 347 4321 1943 4399">
    <p class='ocr_par' dir='ltr' id='par_1_74' title="bbox 347 4321 1943 4399">
     <span class='ocr_line' id='line_1_74' title="bbox 347 4321 1943 4399; baseline -0.004 -17"><span class='ocrx_word' id='word_1_604' title='bbox 347 4328 500 4383; x_wconf 82' lang='lat' dir='ltr'><strong>chias</strong></span> <span class='ocrx_word' id='word_1_605' title='bbox 529 4338 687 4399; x_wconf 91' lang='lat' dir='ltr'><strong>pater</strong></span> <span class='ocrx_word' id='word_1_606' title='bbox 715 4326 865 4397; x_wconf 88' lang='lat' dir='ltr'><strong>ejus,</strong></span> <span class='ocrx_word' id='word_1_607' title='bbox 907 4336 961 4381; x_wconf 93' lang='lat' dir='ltr'><strong>et</strong></span> <span class='ocrx_word' id='word_1_608' title='bbox 990 4324 1174 4381; x_wconf 84' lang='lat' dir='ltr'><strong>erexit</strong></span> <span class='ocrx_word' id='word_1_609' title='bbox 1197 4338 1321 4378; x_wconf 91' lang='lat' dir='ltr'><strong>aras</strong></span> <span class='ocrx_word' id='word_1_610' title='bbox 1360 4322 1511 4388; x_wconf 90' lang='lat' dir='ltr'><strong>Baal,</strong></span> <span class='ocrx_word' id='word_1_611' title='bbox 1543 4332 1598 4377; x_wconf 91' lang='lat' dir='ltr'><strong>et</strong></span> <span class='ocrx_word' id='word_1_612' title='bbox 1624 4321 1750 4377; x_wconf 86' lang='lat' dir='ltr'><strong>fecit</strong></span> <span class='ocrx_word' id='word_1_613' title='bbox 1791 4322 1943 4377; x_wconf 88' lang='lat' dir='ltr'><strong>lucos</strong></span> 
     </span>
    </p>
   </div>
   <div class='ocr_carea' id='block_1_75' title="bbox 346 4414 1943 4493">
    <p class='ocr_par' dir='ltr' id='par_1_75' title="bbox 346 4414 1943 4493">
     <span class='ocr_line' id='line_1_75' title="bbox 346 4414 1943 4493; baseline -0.001 -20"><span class='ocrx_word' id='word_1_614' title='bbox 346 4419 441 4493; x_wconf 86' lang='lat' dir='ltr'><strong>[h.</strong></span> <span class='ocrx_word' id='word_1_615' title='bbox 473 4417 692 4489; x_wconf 91' lang='lat' dir='ltr'><strong>lucum]</strong></span> <span class='ocrx_word' id='word_1_616' title='bbox 740 4420 879 4475; x_wconf 90' lang='lat' dir='ltr'><strong>sicut</strong></span> <span class='ocrx_word' id='word_1_617' title='bbox 906 4419 1110 4475; x_wconf 90' lang='lat' dir='ltr'><strong>fecerat</strong></span> <span class='ocrx_word' id='word_1_618' title='bbox 1139 4416 1295 4473; x_wconf 84' lang='lat' dir='ltr'><strong>Ahab</strong></span> <span class='ocrx_word' id='word_1_619' title='bbox 1340 4432 1434 4472; x_wconf 89' lang='lat' dir='ltr'><strong>rex</strong></span> <span class='ocrx_word' id='word_1_620' title='bbox 1464 4414 1651 4483; x_wconf 89' lang='lat' dir='ltr'><strong>Israel,</strong></span> <span class='ocrx_word' id='word_1_621' title='bbox 1707 4426 1762 4471; x_wconf 92' lang='lat' dir='ltr'><strong>et</strong></span> <span class='ocrx_word' id='word_1_622' title='bbox 1810 4416 1943 4471; x_wconf 89' lang='lat' dir='ltr'><strong>ado-</strong></span> 
     </span>
    </p>
   </div>
   <div class='ocr_carea' id='block_1_76' title="bbox 341 4508 1941 4581">
    <p class='ocr_par' dir='ltr' id='par_1_76' title="bbox 341 4508 1941 4581">
     <span class='ocr_line' id='line_1_76' title="bbox 341 4508 1941 4581; baseline -0.003 -13"><span class='ocrx_word' id='word_1_623' title='bbox 341 4512 483 4569; x_wconf 87' lang='lat' dir='ltr'><strong>ravit</strong></span> <span class='ocrx_word' id='word_1_624' title='bbox 509 4528 725 4570; x_wconf 89' lang='lat' dir='ltr'><strong>omnem</strong></span> <span class='ocrx_word' id='word_1_625' title='bbox 754 4511 1004 4568; x_wconf 90' lang='lat' dir='ltr'><strong>militiam</strong></span> <span class='ocrx_word' id='word_1_626' title='bbox 1032 4510 1177 4581; x_wconf 76' lang='lat' dir='ltr'><strong>cteli,</strong></span> <span class='ocrx_word' id='word_1_627' title='bbox 1200 4517 1255 4567; x_wconf 90' lang='lat' dir='ltr'><strong>et</strong></span> <span class='ocrx_word' id='word_1_628' title='bbox 1277 4509 1447 4566; x_wconf 89' lang='lat' dir='ltr'><strong>coluit</strong></span> <span class='ocrx_word' id='word_1_629' title='bbox 1467 4523 1611 4565; x_wconf 90' lang='lat' dir='ltr'><strong>eam.</strong></span> <span class='ocrx_word' id='word_1_630' title='bbox 1636 4508 1941 4564; x_wconf 86' lang='lat' dir='ltr'><strong>Exstruxit-</strong></span> 
     </span>
    </p>
   </div>
   <div class='ocr_carea' id='block_1_77' title="bbox 2057 3313 3659 3389">
    <p class='ocr_par' dir='ltr' id='par_1_77' title="bbox 2057 3313 3659 3389">
     <span class='ocr_line' id='line_1_77' title="bbox 2057 3313 3659 3389; baseline 0.003 -21"><span class='ocrx_word' id='word_1_631' title='bbox 2057 3315 2156 3389; x_wconf 82' lang='lat' dir='ltr'><strong>[h.</strong></span> <span class='ocrx_word' id='word_1_632' title='bbox 2189 3330 2299 3370; x_wconf 91' lang='lat' dir='ltr'><strong>non</strong></span> <span class='ocrx_word' id='word_1_633' title='bbox 2327 3313 2531 3385; x_wconf 87' lang='lat' dir='ltr'><strong>habet]</strong></span> <span class='ocrx_word' id='word_1_634' title='bbox 2583 3329 2748 3387; x_wconf 89' lang='lat' dir='ltr'><strong>super</strong></span> <span class='ocrx_word' id='word_1_635' title='bbox 2778 3316 2969 3371; x_wconf 88' lang='lat' dir='ltr'><strong>faciem</strong></span> <span class='ocrx_word' id='word_1_636' title='bbox 3018 3316 3158 3386; x_wconf 89' lang='lat' dir='ltr'><strong>ejus.</strong></span> <span class='ocrx_word' id='word_1_637' title='bbox 3208 3317 3485 3373; x_wconf 91' lang='lat' dir='ltr'><strong>Dimittam</strong></span> <span class='ocrx_word' id='word_1_638' title='bbox 3529 3334 3659 3374; x_wconf 89' lang='lat' dir='ltr'><strong>vero</strong></span> 
     </span>
    </p>
   </div>
   <div class='ocr_carea' id='block_1_78' title="bbox 2054 3406 3651 3478">
    <p class='ocr_par' dir='ltr' id='par_1_78' title="bbox 2054 3406 3651 3478">
     <span class='ocr_line' id='line_1_78' title="bbox 2054 3406 3651 3478; baseline 0.003 -15"><span class='ocrx_word' id='word_1_639' title='bbox 2054 3407 2309 3478; x_wconf 90' lang='lat' dir='ltr'><strong>reliquias</strong></span> <span class='ocrx_word' id='word_1_640' title='bbox 2342 3406 2681 3463; x_wconf 88' lang='lat' dir='ltr'><strong>haereditatis</strong></span> <span class='ocrx_word' id='word_1_641' title='bbox 2711 3423 2868 3474; x_wconf 85' lang='lat' dir='ltr'><strong>meae,</strong></span> <span class='ocrx_word' id='word_1_642' title='bbox 2911 3418 2967 3464; x_wconf 87' lang='lat' dir='ltr'><strong>et</strong></span> <span class='ocrx_word' id='word_1_643' title='bbox 3010 3409 3220 3464; x_wconf 90' lang='lat' dir='ltr'><strong>tradam</strong></span> <span class='ocrx_word' id='word_1_644' title='bbox 3248 3424 3341 3464; x_wconf 91' lang='lat' dir='ltr'><strong>eas</strong></span> <span class='ocrx_word' id='word_1_645' title='bbox 3370 3412 3421 3465; x_wconf 93' lang='lat' dir='ltr'><strong>in</strong></span> <span class='ocrx_word' id='word_1_646' title='bbox 3456 3426 3651 3467; x_wconf 87' lang='lat' dir='ltr'><strong>manus</strong></span> 
     </span>
    </p>
   </div>
   <div class='ocr_carea' id='block_1_79' title="bbox 2055 3499 3655 3573">
    <p class='ocr_par' dir='ltr' id='par_1_79' title="bbox 2055 3499 3655 3573">
     <span class='ocr_line' id='line_1_79' title="bbox 2055 3499 3655 3573; baseline 0.003 -20"><span class='ocrx_word' id='word_1_647' title='bbox 2055 3500 2193 3573; x_wconf 75' lang='grc' dir='ltr'><strong>[Με.</strong></span> <span class='ocrx_word' id='word_1_648' title='bbox 2251 3499 2446 3573; x_wconf 89' lang='lat' dir='ltr'><strong>manu]</strong></span> <span class='ocrx_word' id='word_1_649' title='bbox 2500 3500 2842 3555; x_wconf 90' lang='lat' dir='ltr'><strong>inimicorum</strong></span> <span class='ocrx_word' id='word_1_650' title='bbox 2889 3500 3010 3571; x_wconf 87' lang='lat' dir='ltr'><strong>ejus</strong></span> <span class='ocrx_word' id='word_1_651' title='bbox 3046 3520 3056 3554; x_wconf 91' lang='lat'><strong>:</strong></span> <span class='ocrx_word' id='word_1_652' title='bbox 3092 3510 3364 3572; x_wconf 91' lang='lat' dir='ltr'><strong>eruntque</strong></span> <span class='ocrx_word' id='word_1_653' title='bbox 3401 3502 3453 3558; x_wconf 91' lang='lat' dir='ltr'><strong>in</strong></span> <span class='ocrx_word' id='word_1_654' title='bbox 3487 3502 3655 3558; x_wconf 92' lang='lat' dir='ltr'><strong>vasti-</strong></span> 
     </span>
    </p>
   </div>
   <div class='ocr_carea' id='block_1_80' title="bbox 2055 3592 3652 3662">
    <p class='ocr_par' dir='ltr' id='par_1_80' title="bbox 2055 3592 3652 3662">
     <span class='ocr_line' id='line_1_80' title="bbox 2055 3592 3652 3662; baseline 0.002 -15"><span class='ocrx_word' id='word_1_655' title='bbox 2055 3602 2241 3659; x_wconf 88' lang='lat' dir='ltr'><strong>tatem,</strong></span> <span class='ocrx_word' id='word_1_656' title='bbox 2288 3601 2343 3647; x_wconf 91' lang='lat' dir='ltr'><strong>et</strong></span> <span class='ocrx_word' id='word_1_657' title='bbox 2388 3592 2443 3646; x_wconf 91' lang='lat' dir='ltr'><strong>in</strong></span> <span class='ocrx_word' id='word_1_658' title='bbox 2491 3593 2736 3662; x_wconf 92' lang='lat' dir='ltr'><strong>rapinam</strong></span> <span class='ocrx_word' id='word_1_659' title='bbox 2782 3593 2993 3648; x_wconf 91' lang='lat' dir='ltr'><strong>cunctis</strong></span> <span class='ocrx_word' id='word_1_660' title='bbox 3024 3594 3350 3650; x_wconf 90' lang='lat' dir='ltr'><strong>adversariis</strong></span> <span class='ocrx_word' id='word_1_661' title='bbox 3389 3596 3504 3650; x_wconf 91' lang='lat' dir='ltr'><strong>suis</strong></span> <span class='ocrx_word' id='word_1_662' title='bbox 3538 3615 3549 3650; x_wconf 91' lang='lat'>:</span> <span class='ocrx_word' id='word_1_663' title='bbox 3586 3611 3652 3651; x_wconf 90' lang='lat' dir='ltr'><strong>eo</strong></span> 
     </span>
    </p>
   </div>
   <div class='ocr_carea' id='block_1_81' title="bbox 2052 3683 3653 3759">
    <p class='ocr_par' dir='ltr' id='par_1_81' title="bbox 2052 3683 3653 3759">
     <span class='ocr_line' id='line_1_81' title="bbox 2052 3683 3653 3759; baseline 0.002 -19"><span class='ocrx_word' id='word_1_664' title='bbox 2052 3685 2194 3756; x_wconf 89' lang='lat' dir='ltr'><strong>quod</strong></span> <span class='ocrx_word' id='word_1_665' title='bbox 2227 3683 2456 3740; x_wconf 89' lang='lat' dir='ltr'><strong>fecerint</strong></span> <span class='ocrx_word' id='word_1_666' title='bbox 2482 3686 2684 3739; x_wconf 92' lang='lat' dir='ltr'><strong>malum</strong></span> <span class='ocrx_word' id='word_1_667' title='bbox 2716 3700 2900 3741; x_wconf 91' lang='lat' dir='ltr'><strong>coram</strong></span> <span class='ocrx_word' id='word_1_668' title='bbox 2927 3701 3013 3741; x_wconf 91' lang='lat' dir='ltr'><strong>me</strong></span> <span class='ocrx_word' id='word_1_669' title='bbox 3045 3688 3066 3759; x_wconf 85' lang='lat'><strong>[_</strong></span> <span class='ocrx_word' id='word_1_670' title='bbox 3090 3686 3142 3741; x_wconf 91' lang='lat' dir='ltr'><strong>h.</strong></span> <span class='ocrx_word' id='word_1_671' title='bbox 3174 3687 3232 3742; x_wconf 92' lang='lat' dir='ltr'><strong>in</strong></span> <span class='ocrx_word' id='word_1_672' title='bbox 3263 3687 3442 3743; x_wconf 89' lang='lat' dir='ltr'><strong>oculis</strong></span> <span class='ocrx_word' id='word_1_673' title='bbox 3474 3685 3653 3759; x_wconf 87' lang='lat' dir='ltr'><strong>meis]</strong></span> 
     </span>
    </p>
   </div>
   <div class='ocr_carea' id='block_1_82' title="bbox 2050 3778 3650 3852">
    <p class='ocr_par' dir='ltr' id='par_1_82' title="bbox 2050 3778 3650 3852">
     <span class='ocr_line' id='line_1_82' title="bbox 2050 3778 3650 3852; baseline 0.002 -19"><span class='ocrx_word' id='word_1_674' title='bbox 2050 3789 2105 3833; x_wconf 90' lang='lat' dir='ltr'><strong>et</strong></span> <span class='ocrx_word' id='word_1_675' title='bbox 2129 3778 2597 3846; x_wconf 89' lang='lat' dir='ltr'><strong>perseveraverint</strong></span> <span class='ocrx_word' id='word_1_676' title='bbox 2630 3780 2903 3834; x_wconf 85' lang='lat' dir='ltr'><strong>irritantes</strong></span> <span class='ocrx_word' id='word_1_677' title='bbox 2935 3794 3055 3844; x_wconf 91' lang='lat' dir='ltr'><strong>me,</strong></span> <span class='ocrx_word' id='word_1_678' title='bbox 3096 3795 3161 3835; x_wconf 89' lang='lat' dir='ltr'><strong>ex</strong></span> <span class='ocrx_word' id='word_1_679' title='bbox 3192 3779 3279 3836; x_wconf 91' lang='lat' dir='ltr'><strong>die</strong></span> <span class='ocrx_word' id='word_1_680' title='bbox 3304 3796 3411 3849; x_wconf 88' lang='lat' dir='ltr'><strong>qua</strong></span> <span class='ocrx_word' id='word_1_681' title='bbox 3442 3780 3650 3852; x_wconf 81' lang='lat' dir='ltr'><strong>egressi</strong></span> 
     </span>
    </p>
   </div>
   <div class='ocr_carea' id='block_1_83' title="bbox 2051 3867 3651 3939">
    <p class='ocr_par' dir='ltr' id='par_1_83' title="bbox 2051 3867 3651 3939">
     <span class='ocr_line' id='line_1_83' title="bbox 2051 3867 3651 3939; baseline 0.002 -18"><span class='ocrx_word' id='word_1_682' title='bbox 2051 3878 2178 3923; x_wconf 86' lang='lat' dir='ltr'><strong>sunt</strong></span> <span class='ocrx_word' id='word_1_683' title='bbox 2208 3879 2389 3937; x_wconf 86' lang='lat' dir='ltr'><strong>patres</strong></span> <span class='ocrx_word' id='word_1_684' title='bbox 2418 3883 2607 3924; x_wconf 87' lang='lat' dir='ltr'><strong>eorum</strong></span> <span class='ocrx_word' id='word_1_685' title='bbox 2637 3883 2705 3923; x_wconf 86' lang='lat' dir='ltr'><strong>ex</strong></span> <span class='ocrx_word' id='word_1_686' title='bbox 2736 3867 2996 3939; x_wconf 66' lang='lat' dir='ltr'><strong>Egypto,</strong></span> <span class='ocrx_word' id='word_1_687' title='bbox 3025 3884 3199 3938; x_wconf 88' lang='lat' dir='ltr'><strong>ttsque</strong></span> <span class='ocrx_word' id='word_1_688' title='bbox 3222 3870 3288 3923; x_wconf 91' lang='lat' dir='ltr'><strong>ad</strong></span> <span class='ocrx_word' id='word_1_689' title='bbox 3318 3869 3463 3926; x_wconf 89' lang='lat' dir='ltr'><strong>diem</strong></span> <span class='ocrx_word' id='word_1_690' title='bbox 3489 3871 3651 3924; x_wconf 85' lang='lat' dir='ltr'><strong>hanc.</strong></span> 
     </span>
    </p>
   </div>
   <div class='ocr_carea' id='block_1_84' title="bbox 2049 3959 3654 4029">
    <p class='ocr_par' dir='ltr' id='par_1_84' title="bbox 2049 3959 3654 4029">
     <span class='ocr_line' id='line_1_84' title="bbox 2049 3959 3654 4029; baseline 0.002 -16"><span class='ocrx_word' id='word_1_691' title='bbox 2049 3959 2275 4029; x_wconf 90' lang='lat' dir='ltr'><strong>Insuper</strong></span> <span class='ocrx_word' id='word_1_692' title='bbox 2302 3968 2357 4014; x_wconf 91' lang='lat' dir='ltr'><strong>et</strong></span> <span class='ocrx_word' id='word_1_693' title='bbox 2394 3960 2717 4029; x_wconf 89' lang='lat' dir='ltr'><strong>sanguinem</strong></span> <span class='ocrx_word' id='word_1_694' title='bbox 2739 3960 3023 4015; x_wconf 86' lang='lat' dir='ltr'><strong>innoxium</strong></span> <span class='ocrx_word' id='word_1_695' title='bbox 3051 3961 3188 4016; x_wconf 88' lang='lat' dir='ltr'><strong>fudit</strong></span> <span class='ocrx_word' id='word_1_696' title='bbox 3208 3961 3483 4017; x_wconf 82' lang='lat' dir='ltr'><strong>Manasses</strong></span> <span class='ocrx_word' id='word_1_697' title='bbox 3514 3962 3654 4018; x_wconf 86' lang='lat' dir='ltr'><strong>mul-</strong></span> 
     </span>
    </p>
   </div>
   <div class='ocr_carea' id='block_1_85' title="bbox 2051 4051 3649 4125">
    <p class='ocr_par' dir='ltr' id='par_1_85' title="bbox 2051 4051 3649 4125">
     <span class='ocr_line' id='line_1_85' title="bbox 2051 4051 3649 4125; baseline 0.003 -19"><span class='ocrx_word' id='word_1_698' title='bbox 2051 4061 2163 4107; x_wconf 91' lang='lat' dir='ltr'><strong>tum</strong></span> <span class='ocrx_word' id='word_1_699' title='bbox 2191 4052 2377 4117; x_wconf 91' lang='lat' dir='ltr'><strong>nimis,</strong></span> <span class='ocrx_word' id='word_1_700' title='bbox 2406 4051 2585 4109; x_wconf 90' lang='lat' dir='ltr'><strong>donec</strong></span> <span class='ocrx_word' id='word_1_701' title='bbox 2618 4053 2871 4123; x_wconf 90' lang='lat' dir='ltr'><strong>impleret</strong></span> <span class='ocrx_word' id='word_1_702' title='bbox 2898 4054 3204 4110; x_wconf 86' lang='lat' dir='ltr'><strong>Jerusalem</strong></span> <span class='ocrx_word' id='word_1_703' title='bbox 3236 4070 3406 4125; x_wconf 89' lang='lat' dir='ltr'><strong>usque</strong></span> <span class='ocrx_word' id='word_1_704' title='bbox 3448 4056 3514 4110; x_wconf 90' lang='lat' dir='ltr'><strong>ad</strong></span> <span class='ocrx_word' id='word_1_705' title='bbox 3546 4071 3608 4111; x_wconf 87' lang='lat' dir='ltr'><strong>os</strong></span> <span class='ocrx_word' id='word_1_706' title='bbox 3635 4072 3649 4110; x_wconf 90' lang='lat'><strong>:</strong></span> 
     </span>
    </p>
   </div>
   <div class='ocr_carea' id='block_1_86' title="bbox 2048 4145 3649 4220">
    <p class='ocr_par' dir='ltr' id='par_1_86' title="bbox 2048 4145 3649 4220">
     <span class='ocr_line' id='line_1_86' title="bbox 2048 4145 3649 4220; baseline 0.003 -20"><span class='ocrx_word' id='word_1_707' title='bbox 2048 4145 2252 4217; x_wconf 86' lang='lat' dir='ltr'><strong>absque</strong></span> <span class='ocrx_word' id='word_1_708' title='bbox 2314 4146 2554 4216; x_wconf 84' lang='lat' dir='ltr'><strong>peccatis</strong></span> <span class='ocrx_word' id='word_1_709' title='bbox 2607 4146 2720 4202; x_wconf 91' lang='lat' dir='ltr'><strong>suis</strong></span> <span class='ocrx_word' id='word_1_710' title='bbox 2778 4148 2875 4219; x_wconf 86' lang='lat' dir='ltr'><strong>[h.</strong></span> <span class='ocrx_word' id='word_1_711' title='bbox 2933 4157 3158 4218; x_wconf 86' lang='lat' dir='ltr'><strong>peccato</strong></span> <span class='ocrx_word' id='word_1_712' title='bbox 3215 4147 3392 4220; x_wconf 90' lang='lat' dir='ltr'><strong>suo],</strong></span> <span class='ocrx_word' id='word_1_713' title='bbox 3451 4150 3649 4219; x_wconf 85' lang='lat' dir='ltr'><strong>quibus</strong></span> 
     </span>
    </p>
   </div>
   <div class='ocr_carea' id='block_1_87' title="bbox 2048 4238 3645 4309">
    <p class='ocr_par' dir='ltr' id='par_1_87' title="bbox 2048 4238 3645 4309">
     <span class='ocr_line' id='line_1_87' title="bbox 2048 4238 3645 4309; baseline 0.002 -16"><span class='ocrx_word' id='word_1_714' title='bbox 2048 4254 2275 4309; x_wconf 88' lang='lat' dir='ltr'><strong>peccare</strong></span> <span class='ocrx_word' id='word_1_715' title='bbox 2332 4238 2463 4295; x_wconf 91' lang='lat' dir='ltr'><strong>fecit</strong></span> <span class='ocrx_word' id='word_1_716' title='bbox 2518 4240 2711 4295; x_wconf 84' lang='lat' dir='ltr'><strong>Judam</strong></span> <span class='ocrx_word' id='word_1_717' title='bbox 2746 4281 2760 4304; x_wconf 93' lang='lat'><strong>,</strong></span> <span class='ocrx_word' id='word_1_718' title='bbox 2828 4250 2886 4294; x_wconf 91' lang='lat' dir='ltr'><strong>ut</strong></span> <span class='ocrx_word' id='word_1_719' title='bbox 2948 4241 3150 4298; x_wconf 84' lang='lat' dir='ltr'><strong>faceret</strong></span> <span class='ocrx_word' id='word_1_720' title='bbox 3204 4242 3406 4297; x_wconf 82' lang='lat' dir='ltr'><strong>malum</strong></span> <span class='ocrx_word' id='word_1_721' title='bbox 3462 4257 3645 4297; x_wconf 88' lang='lat' dir='ltr'><strong>coram</strong></span> 
     </span>
    </p>
   </div>
   <div class='ocr_carea' id='block_1_88' title="bbox 2047 4329 3643 4404">
    <p class='ocr_par' dir='ltr' id='par_1_88' title="bbox 2047 4329 3643 4404">
     <span class='ocr_line' id='line_1_88' title="bbox 2047 4329 3643 4404; baseline 0.003 -21"><span class='ocrx_word' id='word_1_722' title='bbox 2047 4329 2279 4384; x_wconf 90' lang='lat' dir='ltr'><strong>Domino</strong></span> <span class='ocrx_word' id='word_1_723' title='bbox 2337 4330 2438 4404; x_wconf 87' lang='lat' dir='ltr'><strong>[h.</strong></span> <span class='ocrx_word' id='word_1_724' title='bbox 2485 4330 2536 4384; x_wconf 91' lang='lat' dir='ltr'><strong>in</strong></span> <span class='ocrx_word' id='word_1_725' title='bbox 2587 4330 2763 4386; x_wconf 87' lang='lat' dir='ltr'><strong>oculis</strong></span> <span class='ocrx_word' id='word_1_726' title='bbox 2829 4331 3106 4403; x_wconf 88' lang='lat' dir='ltr'><strong>Domini].</strong></span> <span class='ocrx_word' id='word_1_727' title='bbox 3175 4333 3401 4403; x_wconf 80' lang='lat' dir='ltr'><strong>Reliqua</strong></span> <span class='ocrx_word' id='word_1_728' title='bbox 3462 4341 3643 4387; x_wconf 90' lang='lat' dir='ltr'><strong>autem</strong></span> 
     </span>
    </p>
   </div>
   <div class='ocr_carea' id='block_1_89' title="bbox 2047 4424 3645 4495">
    <p class='ocr_par' dir='ltr' id='par_1_89' title="bbox 2047 4424 3645 4495">
     <span class='ocr_line' id='line_1_89' title="bbox 2047 4424 3645 4495; baseline 0.001 -17"><span class='ocrx_word' id='word_1_729' title='bbox 2047 4437 2363 4479; x_wconf 89' lang='lat' dir='ltr'><strong>sermonum</strong></span> <span class='ocrx_word' id='word_1_730' title='bbox 2422 4424 2708 4491; x_wconf 85' lang='lat' dir='ltr'><strong>Manassc,</strong></span> <span class='ocrx_word' id='word_1_731' title='bbox 2776 4434 2828 4480; x_wconf 92' lang='lat' dir='ltr'><strong>et</strong></span> <span class='ocrx_word' id='word_1_732' title='bbox 2882 4427 3132 4481; x_wconf 83' lang='lat' dir='ltr'><strong>universa</strong></span> <span class='ocrx_word' id='word_1_733' title='bbox 3195 4443 3314 4495; x_wconf 80' lang='lat' dir='ltr'><strong>qua:</strong></span> <span class='ocrx_word' id='word_1_734' title='bbox 3369 4426 3492 4481; x_wconf 88' lang='lat' dir='ltr'><strong>fecit</strong></span> <span class='ocrx_word' id='word_1_735' title='bbox 3525 4466 3539 4491; x_wconf 93' lang='lat'><strong>,</strong></span> <span class='ocrx_word' id='word_1_736' title='bbox 3591 4434 3645 4481; x_wconf 91' lang='lat' dir='ltr'><strong>et</strong></span> 
     </span>
    </p>
   </div>
   <div class='ocr_carea' id='block_1_90' title="bbox 2049 4516 3652 4589">
    <p class='ocr_par' dir='ltr' id='par_1_90' title="bbox 2049 4516 3652 4589">
     <span class='ocr_line' id='line_1_90' title="bbox 2049 4516 3652 4589; baseline 0 -17"><span class='ocrx_word' id='word_1_737' title='bbox 2049 4527 2329 4587; x_wconf 86' lang='lat' dir='ltr'><strong>peccatum</strong></span> <span class='ocrx_word' id='word_1_738' title='bbox 2362 4516 2478 4587; x_wconf 89' lang='lat' dir='ltr'><strong>ejus</strong></span> <span class='ocrx_word' id='word_1_739' title='bbox 2514 4517 2661 4588; x_wconf 89' lang='lat' dir='ltr'><strong>quod</strong></span> <span class='ocrx_word' id='word_1_740' title='bbox 2715 4519 2989 4589; x_wconf 91' lang='lat' dir='ltr'><strong>peccavit,</strong></span> <span class='ocrx_word' id='word_1_741' title='bbox 3053 4525 3235 4573; x_wconf 84' lang='lat' dir='ltr'><strong>nenne</strong></span> <span class='ocrx_word' id='word_1_742' title='bbox 3284 4518 3400 4573; x_wconf 74' lang='lat' dir='ltr'><strong>hzee</strong></span> <span class='ocrx_word' id='word_1_743' title='bbox 3447 4517 3652 4588; x_wconf 88' lang='lat' dir='ltr'><strong>scripta</strong></span> 
     </span>
    </p>
   </div>
   <div class='ocr_carea' id='block_1_91' title="bbox 410 4692 3647 4764">
    <p class='ocr_par' dir='ltr' id='par_1_91' title="bbox 410 4692 3647 4764">
     <span class='ocr_line' id='line_1_91' title="bbox 410 4692 3647 4764; baseline -0 -12"><span class='ocrx_word' id='word_1_744' title='bbox 410 4707 435 4735; x_wconf 77' lang='grc'>⁸</span> <span class='ocrx_word' id='word_1_745' title='bbox 476 4698 646 4753; x_wconf 86' lang='lat' dir='ltr'><strong>Tacet</strong></span> <span class='ocrx_word' id='word_1_746' title='bbox 673 4695 972 4751; x_wconf 81' lang='lat' dir='ltr'><strong>Veronens.</strong></span> <span class='ocrx_word' id='word_1_747' title='bbox 1005 4710 1107 4750; x_wconf 85' lang='lat' dir='ltr'><strong>ms.</strong></span> <span class='ocrx_word' id='word_1_748' title='bbox 1139 4694 1301 4750; x_wconf 89' lang='lat' dir='ltr'><strong>verba</strong></span> <span class='ocrx_word' id='word_1_749' title='bbox 1333 4709 1495 4764; x_wconf 83' lang='lat' dir='ltr'><strong>usque</strong></span> <span class='ocrx_word' id='word_1_750' title='bbox 1524 4693 1578 4747; x_wconf 83' lang='lat' dir='ltr'><strong>in</strong></span> <span class='ocrx_word' id='word_1_751' title='bbox 1609 4692 1743 4747; x_wconf 87' lang='lat' dir='ltr'><strong>diem</strong></span> <span class='ocrx_word' id='word_1_752' title='bbox 1766 4693 1924 4761; x_wconf 81' lang='lat' dir='ltr'><strong>hanc,</strong></span> <span class='ocrx_word' id='word_1_753' title='bbox 1958 4698 2008 4759; x_wconf 84' lang='grc' dir='ltr'>ο</span> <span class='ocrx_word' id='word_1_754' title='bbox 2034 4696 2211 4763; x_wconf 86' lang='lat' dir='ltr'><strong>litura,</strong></span> <span class='ocrx_word' id='word_1_755' title='bbox 2236 4695 2326 4749; x_wconf 80' lang='lat' dir='ltr'><strong>sed</strong></span> <span class='ocrx_word' id='word_1_756' title='bbox 2346 4695 2483 4758; x_wconf 84' lang='lat' dir='ltr'><strong>imis,</strong></span> <span class='ocrx_word' id='word_1_757' title='bbox 2518 4702 2571 4748; x_wconf 84' lang='lat' dir='ltr'><strong>ut</strong></span> <span class='ocrx_word' id='word_1_758' title='bbox 2600 4696 2782 4761; x_wconf 85' lang='lat' dir='ltr'><strong>aiunt,</strong></span> <span class='ocrx_word' id='word_1_759' title='bbox 2815 4695 2943 4748; x_wconf 84' lang='lat' dir='ltr'><strong>ceris</strong></span> <span class='ocrx_word' id='word_1_760' title='bbox 2966 4694 3209 4749; x_wconf 76' lang='lat' dir='ltr'><strong>erareris.</strong></span> <span class='ocrx_word' id='word_1_761' title='bbox 3236 4693 3345 4748; x_wconf 82' lang='lat' dir='ltr'><strong>Alii</strong></span> <span class='ocrx_word' id='word_1_762' title='bbox 3377 4703 3647 4761; x_wconf 90' lang='lat' dir='ltr'><strong>sumptam</strong></span> 
     </span>
    </p>
   </div>
   <div class='ocr_carea' id='block_1_92' title="bbox 336 4765 1389 4841">
    <p class='ocr_par' dir='ltr' id='par_1_92' title="bbox 336 4765 1389 4841">
     <span class='ocr_line' id='line_1_92' title="bbox 336 4765 1389 4841; baseline -0.002 -21"><span class='ocrx_word' id='word_1_763' title='bbox 336 4783 458 4841; x_wconf 68' lang='lat' dir='ltr'><strong>qua:</strong></span> <span class='ocrx_word' id='word_1_764' title='bbox 485 4778 663 4841; x_wconf 79' lang='lat' dir='ltr'><strong>tamen</strong></span> <span class='ocrx_word' id='word_1_765' title='bbox 690 4768 812 4841; x_wconf 81' lang='lat' dir='ltr'><strong>libri</strong></span> <span class='ocrx_word' id='word_1_766' title='bbox 840 4765 928 4820; x_wconf 92' lang='lat' dir='ltr'><strong>alii</strong></span> <span class='ocrx_word' id='word_1_767' title='bbox 951 4780 1140 4820; x_wconf 88' lang='lat' dir='ltr'><strong>omnes</strong></span> <span class='ocrx_word' id='word_1_768' title='bbox 1170 4765 1389 4841; x_wconf 75' lang='lat' dir='ltr'><strong>habent.</strong></span> 
     </span>
    </p>
   </div>
   <div class='ocr_carea' id='block_1_93' title="bbox 416 4835 1785 4894">
    <p class='ocr_par' dir='ltr' id='par_1_93' title="bbox 416 4835 1785 4894">
     <span class='ocr_line' id='line_1_93' title="bbox 416 4835 1785 4894; baseline -0.004 0"><span class='ocrx_word' id='word_1_769' title='bbox 416 4837 445 4877; x_wconf 75' lang='grc' dir='ltr'>δ</span> <span class='ocrx_word' id='word_1_770' title='bbox 485 4838 631 4893; x_wconf 89' lang='lat' dir='ltr'><strong>Idem</strong></span> <span class='ocrx_word' id='word_1_771' title='bbox 665 4853 765 4891; x_wconf 90' lang='lat' dir='ltr'><strong>ms.</strong></span> <span class='ocrx_word' id='word_1_772' title='bbox 795 4838 995 4891; x_wconf 86' lang='lat' dir='ltr'><strong>locutus</strong></span> <span class='ocrx_word' id='word_1_773' title='bbox 1017 4846 1127 4889; x_wconf 81' lang='lat' dir='ltr'><strong>est:</strong></span> <span class='ocrx_word' id='word_1_774' title='bbox 1154 4852 1275 4891; x_wconf 87' lang='lat' dir='ltr'><strong>cum</strong></span> <span class='ocrx_word' id='word_1_775' title='bbox 1306 4835 1496 4890; x_wconf 63' lang='lat' dir='ltr'><strong>Graeco</strong></span> <span class='ocrx_word' id='word_1_776' title='bbox 1525 4835 1785 4894; x_wconf 76' lang='grc' dir='ltr'><strong>ἐλάλησεν.</strong></span> 
     </span>
    </p>
   </div>
   <div class='ocr_carea' id='block_1_94' title="bbox 411 4904 1923 4978">
    <p class='ocr_par' dir='ltr' id='par_1_94' title="bbox 411 4904 1923 4978">
     <span class='ocr_line' id='line_1_94' title="bbox 411 4904 1923 4978; baseline -0.005 -12"><span class='ocrx_word' id='word_1_777' title='bbox 411 4920 433 4949; x_wconf 74' lang='grc' dir='ltr'><strong><em>ο</em></strong></span> <span class='ocrx_word' id='word_1_778' title='bbox 472 4910 605 4965; x_wconf 89' lang='lat' dir='ltr'><strong>Cum</strong></span> <span class='ocrx_word' id='word_1_779' title='bbox 638 4909 878 4978; x_wconf 84' lang='lat' dir='ltr'><strong>Vulgatis</strong></span> <span class='ocrx_word' id='word_1_780' title='bbox 921 4906 1061 4961; x_wconf 89' lang='lat' dir='ltr'><strong>idem</strong></span> <span class='ocrx_word' id='word_1_781' title='bbox 1106 4923 1209 4965; x_wconf 90' lang='lat' dir='ltr'><strong>ms.</strong></span> <span class='ocrx_word' id='word_1_782' title='bbox 1261 4907 1305 4960; x_wconf 80' lang='lat' dir='ltr'><strong>si</strong></span> <span class='ocrx_word' id='word_1_783' title='bbox 1356 4917 1524 4961; x_wconf 80' lang='lat' dir='ltr'><strong>tamen</strong></span> <span class='ocrx_word' id='word_1_784' title='bbox 1565 4904 1923 4971; x_wconf 78' lang='lat' dir='ltr'><strong>custodierim,</strong></span> 
     </span>
    </p>
   </div>
   <div class='ocr_carea' id='block_1_95' title="bbox 335 4979 1444 5049">
    <p class='ocr_par' dir='ltr' id='par_1_95' title="bbox 335 4979 1444 5049">
     <span class='ocr_line' id='line_1_95' title="bbox 335 4979 1444 5049; baseline -0.006 -12"><span class='ocrx_word' id='word_1_785' title='bbox 335 4991 443 5037; x_wconf 89' lang='lat' dir='ltr'><strong>etc.</strong></span> <span class='ocrx_word' id='word_1_786' title='bbox 478 4981 744 5037; x_wconf 88' lang='lat' dir='ltr'><strong>Ilebraeus</strong></span> <span class='ocrx_word' id='word_1_787' title='bbox 772 4992 989 5049; x_wconf 87' lang='lat' dir='ltr'><strong>quoque</strong></span> <span class='ocrx_word' id='word_1_788' title='bbox 1014 4988 1217 5033; x_wconf 86' lang='lat' dir='ltr'><strong>tantum</strong></span> <span class='ocrx_word' id='word_1_789' title='bbox 1246 4979 1309 5043; x_wconf 85' lang='lat' dir='ltr'><strong>si,</strong></span> <span class='ocrx_word' id='word_1_790' title='bbox 1342 4986 1444 5033; x_wconf 88' lang='lat' dir='ltr'><strong>etc.</strong></span> 
     </span>
    </p>
   </div>
   <div class='ocr_carea' id='block_1_96' title="bbox 411 5047 1928 5120">
    <p class='ocr_par' dir='ltr' id='par_1_96' title="bbox 411 5047 1928 5120">
     <span class='ocr_line' id='line_1_96' title="bbox 411 5047 1928 5120; baseline -0.003 -13"><span class='ocrx_word' id='word_1_791' title='bbox 411 5052 437 5090; x_wconf 76' lang='grc' dir='ltr'>ά</span> <span class='ocrx_word' id='word_1_792' title='bbox 472 5052 729 5107; x_wconf 89' lang='lat' dir='ltr'><strong>Diversas</strong></span> <span class='ocrx_word' id='word_1_793' title='bbox 776 5047 939 5120; x_wconf 88' lang='lat' dir='ltr'><strong>hujus</strong></span> <span class='ocrx_word' id='word_1_794' title='bbox 980 5049 1085 5103; x_wconf 93' lang='lat' dir='ltr'><strong>Ioci</strong></span> <span class='ocrx_word' id='word_1_795' title='bbox 1133 5050 1395 5103; x_wconf 77' lang='lat' dir='ltr'><strong>habemus</strong></span> <span class='ocrx_word' id='word_1_796' title='bbox 1445 5047 1928 5118; x_wconf 87' lang='lat' dir='ltr'><strong>interpretationes</strong></span> 
     </span>
    </p>
   </div>
   <div class='ocr_carea' id='block_1_97' title="bbox 333 5120 1918 5193">
    <p class='ocr_par' dir='ltr' id='par_1_97' title="bbox 333 5120 1918 5193">
     <span class='ocr_line' id='line_1_97' title="bbox 333 5120 1918 5193; baseline -0.004 -15"><span class='ocrx_word' id='word_1_797' title='bbox 333 5134 556 5193; x_wconf 89' lang='lat' dir='ltr'><strong>propter</strong></span> <span class='ocrx_word' id='word_1_798' title='bbox 578 5126 847 5178; x_wconf 91' lang='lat' dir='ltr'><strong>diversam</strong></span> <span class='ocrx_word' id='word_1_799' title='bbox 870 5121 1019 5193; x_wconf 84' lang='lat' dir='ltr'><strong>verbi</strong></span> <span class='ocrx_word' id='word_1_800' title='bbox 1039 5131 1187 5185; x_wconf 66' lang='lat' dir='ltr'><strong>mn,</strong></span> <span class='ocrx_word' id='word_1_801' title='bbox 1204 5120 1416 5186; x_wconf 74' lang='lat' dir='ltr'><strong>maltlia,</strong></span> <span class='ocrx_word' id='word_1_802' title='bbox 1434 5122 1918 5193; x_wconf 76' lang='lat' dir='ltr'><strong>significationem;</strong></span> 
     </span>
    </p>
   </div>
   <div class='ocr_carea' id='block_1_98' title="bbox 335 5189 1922 5260">
    <p class='ocr_par' dir='ltr' id='par_1_98' title="bbox 335 5189 1922 5260">
     <span class='ocr_line' id='line_1_98' title="bbox 335 5189 1922 5260; baseline -0.002 -15"><span class='ocrx_word' id='word_1_803' title='bbox 335 5189 608 5251; x_wconf 38' lang='lat' dir='ltr'><strong>vox-enim</strong></span> <span class='ocrx_word' id='word_1_804' title='bbox 636 5195 725 5248; x_wconf 91' lang='lat' dir='ltr'><strong>illa</strong></span> <span class='ocrx_word' id='word_1_805' title='bbox 751 5203 807 5249; x_wconf 91' lang='lat' dir='ltr'><strong>et</strong></span> <span class='ocrx_word' id='word_1_806' title='bbox 831 5191 1025 5257; x_wconf 83' lang='lat' dir='ltr'><strong>delere,</strong></span> <span class='ocrx_word' id='word_1_807' title='bbox 1050 5202 1106 5246; x_wconf 92' lang='lat' dir='ltr'><strong>et</strong></span> <span class='ocrx_word' id='word_1_808' title='bbox 1129 5194 1419 5260; x_wconf 83' lang='lat' dir='ltr'><strong>abstergere</strong></span> <span class='ocrx_word' id='word_1_809' title='bbox 1450 5191 1716 5260; x_wconf 85' lang='lat' dir='ltr'><strong>significat</strong></span> <span class='ocrx_word' id='word_1_810' title='bbox 1738 5189 1922 5244; x_wconf 90' lang='lat' dir='ltr'><strong>multis</strong></span> 
     </span>
    </p>
   </div>
   <div class='ocr_carea' id='block_1_99' title="bbox 332 5261 1922 5336">
    <p class='ocr_par' dir='ltr' id='par_1_99' title="bbox 332 5261 1922 5336">
     <span class='ocr_line' id='line_1_99' title="bbox 332 5261 1922 5336; baseline -0.005 -15"><span class='ocrx_word' id='word_1_811' title='bbox 332 5264 735 5336; x_wconf 88' lang='lat' dir='ltr'><strong>Scripturarum</strong></span> <span class='ocrx_word' id='word_1_812' title='bbox 769 5263 903 5320; x_wconf 89' lang='lat' dir='ltr'><strong>locis</strong></span> <span class='ocrx_word' id='word_1_813' title='bbox 930 5281 941 5316; x_wconf 91' lang='lat'><strong>:</strong></span> <span class='ocrx_word' id='word_1_814' title='bbox 978 5262 1121 5317; x_wconf 87' lang='lat' dir='ltr'><strong>unde</strong></span> <span class='ocrx_word' id='word_1_815' title='bbox 1153 5262 1450 5336; x_wconf 75' lang='lat' dir='ltr'><strong>secundum</strong></span> <span class='ocrx_word' id='word_1_816' title='bbox 1494 5264 1670 5336; x_wconf 85' lang='lat' dir='ltr'><strong>varias</strong></span> <span class='ocrx_word' id='word_1_817' title='bbox 1702 5261 1922 5336; x_wconf 84' lang='lat' dir='ltr'><strong>allusio-</strong></span> 
     </span>
    </p>
   </div>
   <div class='ocr_carea' id='block_1_100' title="bbox 332 5332 1915 5405">
    <p class='ocr_par' dir='ltr' id='par_1_100' title="bbox 332 5332 1915 5405">
     <span class='ocr_line' id='line_1_100' title="bbox 332 5332 1915 5405; baseline -0.003 -16"><span class='ocrx_word' id='word_1_818' title='bbox 332 5352 435 5392; x_wconf 86' lang='lat' dir='ltr'><strong>nes</strong></span> <span class='ocrx_word' id='word_1_819' title='bbox 457 5332 529 5394; x_wconf 51' lang='lat' dir='ltr'><strong>&#39;ac</strong></span> <span class='ocrx_word' id='word_1_820' title='bbox 572 5336 922 5404; x_wconf 89' lang='lat' dir='ltr'><strong>metaphoras</strong></span> <span class='ocrx_word' id='word_1_821' title='bbox 956 5336 1283 5405; x_wconf 87' lang='lat' dir='ltr'><strong>interpretes</strong></span> <span class='ocrx_word' id='word_1_822' title='bbox 1311 5332 1603 5405; x_wconf 84' lang='lat' dir='ltr'><strong>dictionem</strong></span> <span class='ocrx_word' id='word_1_823' title='bbox 1630 5332 1915 5405; x_wconf 75' lang='lat' dir='ltr'><strong>hancred-</strong></span> 
     </span>
    </p>
   </div>
   <div class='ocr_carea' id='block_1_101' title="bbox 330 5402 1920 5477">
    <p class='ocr_par' dir='ltr' id='par_1_101' title="bbox 330 5402 1920 5477">
     <span class='ocr_line' id='line_1_101' title="bbox 330 5402 1920 5477; baseline -0.003 -16"><span class='ocrx_word' id='word_1_824' title='bbox 330 5408 610 5464; x_wconf 87' lang='lat' dir='ltr'><strong>diderunt.</strong></span> <span class='ocrx_word' id='word_1_825' title='bbox 664 5402 1034 5477; x_wconf 82' lang='lat' dir='ltr'><strong>Hieronymus</strong></span> <span class='ocrx_word' id='word_1_826' title='bbox 1088 5402 1314 5472; x_wconf 78' lang='lat' dir='ltr'><strong>pulchre</strong></span> <span class='ocrx_word' id='word_1_827' title='bbox 1353 5404 1553 5477; x_wconf 78' lang='lat' dir='ltr'><strong>alludit</strong></span> <span class='ocrx_word' id='word_1_828' title='bbox 1602 5405 1667 5457; x_wconf 87' lang='lat' dir='ltr'><strong>ad</strong></span> <span class='ocrx_word' id='word_1_829' title='bbox 1714 5402 1920 5477; x_wconf 79' lang='lat' dir='ltr'><strong>tabulas</strong></span> 
     </span>
    </p>
   </div>
   <div class='ocr_carea' id='block_1_102' title="bbox 328 5475 1921 5550">
    <p class='ocr_par' dir='ltr' id='par_1_102' title="bbox 328 5475 1921 5550">
     <span class='ocr_line' id='line_1_102' title="bbox 328 5475 1921 5550; baseline -0.003 -17"><span class='ocrx_word' id='word_1_830' title='bbox 328 5488 571 5546; x_wconf 86' lang='lat' dir='ltr'><strong>ceratas,</strong></span> <span class='ocrx_word' id='word_1_831' title='bbox 605 5480 658 5533; x_wconf 93' lang='lat' dir='ltr'><strong>in</strong></span> <span class='ocrx_word' id='word_1_832' title='bbox 690 5475 890 5550; x_wconf 81' lang='lat' dir='ltr'><strong>quibus</strong></span> <span class='ocrx_word' id='word_1_833' title='bbox 914 5486 1128 5550; x_wconf 77' lang='lat' dir='ltr'><strong>veteres</strong></span> <span class='ocrx_word' id='word_1_834' title='bbox 1178 5475 1383 5550; x_wconf 76' lang='lat' dir='ltr'><strong>librarii</strong></span> <span class='ocrx_word' id='word_1_835' title='bbox 1418 5476 1577 5550; x_wconf 82' lang='lat' dir='ltr'><strong>__stylo</strong></span> <span class='ocrx_word' id='word_1_836' title='bbox 1622 5475 1921 5550; x_wconf 78' lang='lat' dir='ltr'><strong>scripturas</strong></span> 
     </span>
    </p>
   </div>
   <div class='ocr_carea' id='block_1_103' title="bbox 326 5545 1914 5621">
    <p class='ocr_par' dir='ltr' id='par_1_103' title="bbox 326 5545 1914 5621">
     <span class='ocr_line' id='line_1_103' title="bbox 326 5545 1914 5621; baseline -0.003 -17"><span class='ocrx_word' id='word_1_837' title='bbox 326 5550 644 5617; x_wconf 83' lang='lat' dir='ltr'><strong>exarabant,</strong></span> <span class='ocrx_word' id='word_1_838' title='bbox 668 5545 803 5621; x_wconf 76' lang='lat' dir='ltr'><strong>quas</strong></span> <span class='ocrx_word' id='word_1_839' title='bbox 822 5546 1085 5621; x_wconf 83' lang='lat' dir='ltr'><strong>vertendo</strong></span> <span class='ocrx_word' id='word_1_840' title='bbox 1107 5545 1914 5621; x_wconf 73' lang='lat' dir='ltr'><strong>stylum_facileexpungebanl,</strong></span> 
     </span>
    </p>
   </div>
   <div class='ocr_carea' id='block_1_104' title="bbox 324 5615 1916 5690">
    <p class='ocr_par' dir='ltr' id='par_1_104' title="bbox 324 5615 1916 5690">
     <span class='ocr_line' id='line_1_104' title="bbox 324 5615 1916 5690; baseline -0.003 -16"><span class='ocrx_word' id='word_1_841' title='bbox 324 5634 391 5690; x_wconf 87' lang='lat' dir='ltr'><strong>ac</strong></span> <span class='ocrx_word' id='word_1_842' title='bbox 436 5615 700 5677; x_wconf 66' lang='lat' dir='ltr'><strong>delebant~</strong></span> <span class='ocrx_word' id='word_1_843' title='bbox 742 5635 912 5690; x_wconf 89' lang='lat' dir='ltr'><strong>usque</strong></span> <span class='ocrx_word' id='word_1_844' title='bbox 959 5619 1027 5673; x_wconf 90' lang='lat' dir='ltr'><strong>ad</strong></span> <span class='ocrx_word' id='word_1_845' title='bbox 1071 5615 1259 5674; x_wconf 80' lang='lat' dir='ltr'><strong>imum.</strong></span> <span class='ocrx_word' id='word_1_846' title='bbox 1303 5617 1409 5685; x_wconf 88' lang='lat' dir='ltr'><strong>Ita,</strong></span> <span class='ocrx_word' id='word_1_847' title='bbox 1458 5615 1634 5685; x_wconf 87' lang='lat' dir='ltr'><strong>inquit</strong></span> <span class='ocrx_word' id='word_1_848' title='bbox 1684 5615 1916 5690; x_wconf 35' lang='lat' dir='ltr'><strong>ipseuad</strong></span> 
     </span>
    </p>
   </div>
   <div class='ocr_carea' id='block_1_105' title="bbox 323 5686 1911 5763">
    <p class='ocr_par' dir='ltr' id='par_1_105' title="bbox 323 5686 1911 5763">
     <span class='ocr_line' id='line_1_105' title="bbox 323 5686 1911 5763; baseline -0.002 -18"><span class='ocrx_word' id='word_1_849' title='bbox 323 5689 734 5763; x_wconf 87' lang='lat' dir='ltr'><strong>Chrysogonum</strong></span> <span class='ocrx_word' id='word_1_850' title='bbox 783 5686 1113 5763; x_wconf 82' lang='lat' dir='ltr'><strong>monachum</strong></span> <span class='ocrx_word' id='word_1_851' title='bbox 1138 5734 1151 5758; x_wconf 92' lang='lat'><strong>,</strong></span> <span class='ocrx_word' id='word_1_852' title='bbox 1178 5699 1387 5763; x_wconf 68' lang='lat' dir='ltr'><strong>nostra:</strong></span> <span class='ocrx_word' id='word_1_853' title='bbox 1426 5704 1479 5742; x_wconf 81' lang='lat' dir='ltr'><strong>es</strong></span> <span class='ocrx_word' id='word_1_854' title='bbox 1520 5686 1911 5763; x_wconf 75' lang='lat' dir='ltr'><strong>necessitudinis</strong></span> 
     </span>
    </p>
   </div>
   <div class='ocr_carea' id='block_1_106' title="bbox 320 5758 1910 5833">
    <p class='ocr_par' dir='ltr' id='par_1_106' title="bbox 320 5758 1910 5833">
     <span class='ocr_line' id='line_1_106' title="bbox 320 5758 1910 5833; baseline -0.004 -16"><span class='ocrx_word' id='word_1_855' title='bbox 320 5758 784 5833; x_wconf 57' lang='lat' dir='ltr'><strong>penitus&#39;oblitus,</strong></span> <span class='ocrx_word' id='word_1_856' title='bbox 813 5772 869 5816; x_wconf 84' lang='lat' dir='ltr'><strong>ut</strong></span> <span class='ocrx_word' id='word_1_857' title='bbox 916 5762 1063 5815; x_wconf 80' lang='lat' dir='ltr'><strong>illam</strong></span> <span class='ocrx_word' id='word_1_858' title='bbox 1092 5761 1396 5833; x_wconf 70' lang='lat' dir='ltr'><strong>epistolam,</strong></span> <span class='ocrx_word' id='word_1_859' title='bbox 1448 5776 1603 5829; x_wconf 83' lang='lat' dir='ltr'><strong>quam</strong></span> <span class='ocrx_word' id='word_1_860' title='bbox 1650 5761 1703 5813; x_wconf 83' lang='lat' dir='ltr'><strong>in</strong></span> <span class='ocrx_word' id='word_1_861' title='bbox 1756 5758 1910 5812; x_wconf 84' lang='lat' dir='ltr'><strong>corde</strong></span> 
     </span>
    </p>
   </div>
   <div class='ocr_carea' id='block_1_107' title="bbox 319 5831 1914 5907">
    <p class='ocr_par' dir='ltr' id='par_1_107' title="bbox 319 5831 1914 5907">
     <span class='ocr_line' id='line_1_107' title="bbox 319 5831 1914 5907; baseline -0.003 -18"><span class='ocrx_word' id='word_1_862' title='bbox 319 5832 733 5890; x_wconf 80' lang='lat' dir='ltr'><strong>Christianorum</strong></span> <span class='ocrx_word' id='word_1_863' title='bbox 778 5834 1039 5907; x_wconf 28' lang='lat' dir='ltr'><strong>scriptam,</strong></span> <span class='ocrx_word' id='word_1_864' title='bbox 1064 5831 1343 5905; x_wconf 77' lang='lat' dir='ltr'><strong>Apostolus</strong></span> <span class='ocrx_word' id='word_1_865' title='bbox 1390 5834 1550 5903; x_wconf 75' lang='lat' dir='ltr'><strong>refert</strong></span> <span class='ocrx_word' id='word_1_866' title='bbox 1573 5871 1589 5902; x_wconf 92' lang='lat'><strong>,</strong></span> <span class='ocrx_word' id='word_1_867' title='bbox 1624 5847 1724 5886; x_wconf 83' lang='lat' dir='ltr'><strong>non</strong></span> <span class='ocrx_word' id='word_1_868' title='bbox 1754 5844 1914 5902; x_wconf 84' lang='lat' dir='ltr'><strong>parva</strong></span> 
     </span>
    </p>
   </div>
   <div class='ocr_carea' id='block_1_108' title="bbox 2036 4765 3649 4837">
    <p class='ocr_par' dir='ltr' id='par_1_108' title="bbox 2036 4765 3649 4837">
     <span class='ocr_line' id='line_1_108' title="bbox 2036 4765 3649 4837; baseline -0.001 -16"><span class='ocrx_word' id='word_1_869' title='bbox 2036 4767 2125 4821; x_wconf 92' lang='lat' dir='ltr'><strong>hic</strong></span> <span class='ocrx_word' id='word_1_870' title='bbox 2156 4767 2347 4837; x_wconf 90' lang='lat' dir='ltr'><strong>volunt</strong></span> <span class='ocrx_word' id='word_1_871' title='bbox 2399 4766 2783 4834; x_wconf 90' lang='lat' dir='ltr'><strong>metaphoram</strong></span> <span class='ocrx_word' id='word_1_872' title='bbox 2813 4784 2840 4818; x_wconf 90' lang='lat' dir='ltr'><strong>a</strong></span> <span class='ocrx_word' id='word_1_873' title='bbox 2873 4766 3111 4837; x_wconf 86' lang='lat' dir='ltr'><strong>Ieeytho,</strong></span> <span class='ocrx_word' id='word_1_874' title='bbox 3138 4774 3231 4837; x_wconf 86' lang='lat' dir='ltr'><strong>aut</strong></span> <span class='ocrx_word' id='word_1_875' title='bbox 3262 4780 3393 4837; x_wconf 88' lang='lat' dir='ltr'><strong>vase</strong></span> <span class='ocrx_word' id='word_1_876' title='bbox 3447 4765 3649 4834; x_wconf 84' lang='lat' dir='ltr'><strong>aliquo,</strong></span> 
     </span>
    </p>
   </div>
   <div class='ocr_carea' id='block_1_109' title="bbox 2032 4836 3652 4906">
    <p class='ocr_par' dir='ltr' id='par_1_109' title="bbox 2032 4836 3652 4906">
     <span class='ocr_line' id='line_1_109' title="bbox 2032 4836 3652 4906; baseline 0.002 -17"><span class='ocrx_word' id='word_1_877' title='bbox 2032 4836 2176 4906; x_wconf 85' lang='lat' dir='ltr'><strong>quod</strong></span> <span class='ocrx_word' id='word_1_878' title='bbox 2205 4838 2537 4906; x_wconf 88' lang='lat' dir='ltr'><strong>abstergitur</strong></span> <span class='ocrx_word' id='word_1_879' title='bbox 2568 4847 2619 4890; x_wconf 89' lang='lat' dir='ltr'><strong>et</strong></span> <span class='ocrx_word' id='word_1_880' title='bbox 2651 4846 2998 4906; x_wconf 83' lang='lat' dir='ltr'><strong>repurgatnr,</strong></span> <span class='ocrx_word' id='word_1_881' title='bbox 3047 4846 3108 4891; x_wconf 88' lang='lat' dir='ltr'><strong>et</strong></span> <span class='ocrx_word' id='word_1_882' title='bbox 3148 4836 3221 4890; x_wconf 89' lang='lat' dir='ltr'><strong>ita</strong></span> <span class='ocrx_word' id='word_1_883' title='bbox 3247 4836 3563 4906; x_wconf 84' lang='lat' dir='ltr'><strong>abstersnm</strong></span> <span class='ocrx_word' id='word_1_884' title='bbox 3599 4837 3652 4892; x_wconf 92' lang='lat' dir='ltr'><strong>in</strong></span> 
     </span>
    </p>
   </div>
   <div class='ocr_carea' id='block_1_110' title="bbox 2029 4905 3649 4977">
    <p class='ocr_par' dir='ltr' id='par_1_110' title="bbox 2029 4905 3649 4977">
     <span class='ocr_line' id='line_1_110' title="bbox 2029 4905 3649 4977; baseline 0 -15"><span class='ocrx_word' id='word_1_885' title='bbox 2029 4905 2374 4977; x_wconf 84' lang='lat' dir='ltr'><strong>superficiem</strong></span> <span class='ocrx_word' id='word_1_886' title='bbox 2403 4905 2729 4962; x_wconf 83' lang='lat' dir='ltr'><strong>concavam</strong></span> <span class='ocrx_word' id='word_1_887' title='bbox 2761 4908 3021 4967; x_wconf 87' lang='lat' dir='ltr'><strong>vertitur.</strong></span> <span class='ocrx_word' id='word_1_888' title='bbox 3067 4921 3137 4961; x_wconf 88' lang='lat' dir='ltr'><strong>ne</strong></span> <span class='ocrx_word' id='word_1_889' title='bbox 3186 4905 3361 4960; x_wconf 81' lang='lat' dir='ltr'><strong>labem</strong></span> <span class='ocrx_word' id='word_1_890' title='bbox 3412 4907 3649 4974; x_wconf 88' lang='lat' dir='ltr'><strong>aliquam</strong></span> 
     </span>
    </p>
   </div>
   <div class='ocr_carea' id='block_1_111' title="bbox 2032 4977 3655 5052">
    <p class='ocr_par' dir='ltr' id='par_1_111' title="bbox 2032 4977 3655 5052">
     <span class='ocr_line' id='line_1_111' title="bbox 2032 4977 3655 5052; baseline 0 -19"><span class='ocrx_word' id='word_1_891' title='bbox 2032 4981 2340 5052; x_wconf 83' lang='lat' dir='ltr'><strong>contrahat.</strong></span> <span class='ocrx_word' id='word_1_892' title='bbox 2371 4978 3144 5052; x_wconf 18' lang='lat' dir='ltr'><strong>Sic.Jerusalem,‘inquiunt,</strong></span> <span class='ocrx_word' id='word_1_893' title='bbox 3177 4977 3533 5052; x_wconf 75' lang='lat' dir='ltr'><strong>a_sc_eleratis</strong></span> <span class='ocrx_word' id='word_1_894' title='bbox 3564 4993 3655 5033; x_wconf 82' lang='lat' dir='ltr'><strong>re-</strong></span> 
     </span>
    </p>
   </div>
   <div class='ocr_carea' id='block_1_112' title="bbox 2029 5048 3653 5121">
    <p class='ocr_par' dir='ltr' id='par_1_112' title="bbox 2029 5048 3653 5121">
     <span class='ocr_line' id='line_1_112' title="bbox 2029 5048 3653 5121; baseline -0.002 -17"><span class='ocrx_word' id='word_1_895' title='bbox 2029 5049 2387 5121; x_wconf 91' lang='lat' dir='ltr'><strong>purgabitur,</strong></span> <span class='ocrx_word' id='word_1_896' title='bbox 2429 5048 2489 5104; x_wconf 62' lang='lat' dir='ltr'><strong>et&#39;</strong></span> <span class='ocrx_word' id='word_1_897' title='bbox 2530 5050 2743 5119; x_wconf 90' lang='lat' dir='ltr'><strong>penitus</strong></span> <span class='ocrx_word' id='word_1_898' title='bbox 2779 5048 3151 5121; x_wconf 59' lang='grc' dir='ltr'><strong>ςιιιιηινεξικιριυι·ἶ</strong></span> <span class='ocrx_word' id='word_1_899' title='bbox 3198 5048 3305 5121; x_wconf 75' lang='lat' dir='ltr'><strong>sed</strong></span> <span class='ocrx_word' id='word_1_900' title='bbox 3351 5062 3457 5101; x_wconf 92' lang='lat' dir='ltr'><strong>non</strong></span> <span class='ocrx_word' id='word_1_901' title='bbox 3512 5064 3653 5119; x_wconf 67' lang='lat' dir='ltr'><strong>qua.</strong></span> 
     </span>
    </p>
   </div>
   <div class='ocr_carea' id='block_1_113' title="bbox 2028 5118 3653 5189">
    <p class='ocr_par' dir='ltr' id='par_1_113' title="bbox 2028 5118 3653 5189">
     <span class='ocr_line' id='line_1_113' title="bbox 2028 5118 3653 5189; baseline -0.002 -12"><span class='ocrx_word' id='word_1_902' title='bbox 2028 5118 2190 5177; x_wconf 74' lang='lat' dir='ltr'><strong>drait</strong></span> <span class='ocrx_word' id='word_1_903' title='bbox 2240 5120 2357 5175; x_wconf 67' lang='lat' dir='ltr'><strong>haec</strong></span> <span class='ocrx_word' id='word_1_904' title='bbox 2400 5118 2537 5176; x_wconf 87' lang='lat' dir='ltr'><strong>eum</strong></span> <span class='ocrx_word' id='word_1_905' title='bbox 2575 5120 2902 5189; x_wconf 76' lang='lat' dir='ltr'><strong>prteeedenti</strong></span> <span class='ocrx_word' id='word_1_906' title='bbox 2948 5118 3541 5189; x_wconf 38' lang='lat' dir='ltr'><strong>funicquSamarim,’</strong></span> <span class='ocrx_word' id='word_1_907' title='bbox 3592 5131 3653 5175; x_wconf 90' lang='lat' dir='ltr'><strong>et</strong></span> 
     </span>
    </p>
   </div>
   <div class='ocr_carea' id='block_1_114' title="bbox 2028 5188 3635 5262">
    <p class='ocr_par' dir='ltr' id='par_1_114' title="bbox 2028 5188 3635 5262">
     <span class='ocr_line' id='line_1_114' title="bbox 2028 5188 3635 5262; baseline -0.001 -16"><span class='ocrx_word' id='word_1_908' title='bbox 2028 5192 2267 5262; x_wconf 89' lang='lat' dir='ltr'><strong>pondere</strong></span> <span class='ocrx_word' id='word_1_909' title='bbox 2286 5192 2479 5247; x_wconf 89' lang='lat' dir='ltr'><strong>domus</strong></span> <span class='ocrx_word' id='word_1_910' title='bbox 2500 5191 2674 5255; x_wconf 85' lang='lat' dir='ltr'><strong>Ahah,</strong></span> <span class='ocrx_word' id='word_1_911' title='bbox 2700 5191 2766 5245; x_wconf 91' lang='lat' dir='ltr'><strong>ad</strong></span> <span class='ocrx_word' id='word_1_912' title='bbox 2787 5192 2939 5260; x_wconf 89' lang='lat' dir='ltr'><strong>cujus</strong></span> <span class='ocrx_word' id='word_1_913' title='bbox 2961 5188 3373 5262; x_wconf 86' lang='lat' dir='ltr'><strong>similitudinem</strong></span> <span class='ocrx_word' id='word_1_914' title='bbox 3398 5188 3635 5245; x_wconf 83' lang='lat' dir='ltr'><strong>delenda</strong></span> 
     </span>
    </p>
   </div>
   <div class='ocr_carea' id='block_1_115' title="bbox 2024 5261 3632 5329">
    <p class='ocr_par' dir='ltr' id='par_1_115' title="bbox 2024 5261 3632 5329">
     <span class='ocr_line' id='line_1_115' title="bbox 2024 5261 3632 5329; baseline -0.001 -12"><span class='ocrx_word' id='word_1_915' title='bbox 2024 5262 2224 5319; x_wconf 87' lang='lat' dir='ltr'><strong>dicitur</strong></span> <span class='ocrx_word' id='word_1_916' title='bbox 2256 5262 2581 5318; x_wconf 84' lang='lat' dir='ltr'><strong>Ierusalem.</strong></span> <span class='ocrx_word' id='word_1_917' title='bbox 2618 5262 2804 5329; x_wconf 90' lang='lat' dir='ltr'><strong>Itaque</strong></span> <span class='ocrx_word' id='word_1_918' title='bbox 2836 5278 2961 5318; x_wconf 92' lang='lat' dir='ltr'><strong>eum</strong></span> <span class='ocrx_word' id='word_1_919' title='bbox 2995 5264 3189 5316; x_wconf 90' lang='lat' dir='ltr'><strong>domus</strong></span> <span class='ocrx_word' id='word_1_920' title='bbox 3222 5261 3378 5314; x_wconf 85' lang='lat' dir='ltr'><strong>Abab</strong></span> <span class='ocrx_word' id='word_1_921' title='bbox 3411 5263 3632 5328; x_wconf 89' lang='lat' dir='ltr'><strong>penitus</strong></span> 
     </span>
    </p>
   </div>
   <div class='ocr_carea' id='block_1_116' title="bbox 2025 5332 3645 5402">
    <p class='ocr_par' dir='ltr' id='par_1_116' title="bbox 2025 5332 3645 5402">
     <span class='ocr_line' id='line_1_116' title="bbox 2025 5332 3645 5402; baseline -0.003 -13"><span class='ocrx_word' id='word_1_922' title='bbox 2025 5350 2178 5389; x_wconf 88' lang='lat' dir='ltr'><strong>erasa</strong></span> <span class='ocrx_word' id='word_1_923' title='bbox 2212 5335 2280 5387; x_wconf 91' lang='lat' dir='ltr'><strong>sit</strong></span> <span class='ocrx_word' id='word_1_924' title='bbox 2308 5333 2376 5388; x_wconf 91' lang='lat' dir='ltr'><strong>de</strong></span> <span class='ocrx_word' id='word_1_925' title='bbox 2404 5333 2693 5402; x_wconf 86' lang='lat' dir='ltr'><strong>superficie</strong></span> <span class='ocrx_word' id='word_1_926' title='bbox 2724 5342 2886 5387; x_wconf 72' lang='lat' dir='ltr'><strong>terra:</strong></span> <span class='ocrx_word' id='word_1_927' title='bbox 2906 5378 2921 5401; x_wconf 80' lang='lat'><strong>,</strong></span> <span class='ocrx_word' id='word_1_928' title='bbox 2952 5333 3161 5402; x_wconf 84' lang='lat' dir='ltr'><strong>Optima</strong></span> <span class='ocrx_word' id='word_1_929' title='bbox 3190 5332 3435 5384; x_wconf 89' lang='lat' dir='ltr'><strong>omnium</strong></span> <span class='ocrx_word' id='word_1_930' title='bbox 3470 5346 3645 5400; x_wconf 88' lang='lat' dir='ltr'><strong>appa-</strong></span> 
     </span>
    </p>
   </div>
   <div class='ocr_carea' id='block_1_117' title="bbox 2024 5403 3639 5477">
    <p class='ocr_par' dir='ltr' id='par_1_117' title="bbox 2024 5403 3639 5477">
     <span class='ocr_line' id='line_1_117' title="bbox 2024 5403 3639 5477; baseline -0.002 -17"><span class='ocrx_word' id='word_1_931' title='bbox 2024 5418 2107 5461; x_wconf 90' lang='lat' dir='ltr'><strong>ret</strong></span> <span class='ocrx_word' id='word_1_932' title='bbox 2147 5405 2564 5476; x_wconf 83' lang='lat' dir='ltr'><strong>Ilieronymiana</strong></span> <span class='ocrx_word' id='word_1_933' title='bbox 2609 5405 2985 5477; x_wconf 78' lang='lat' dir='ltr'><strong>interpretatio</strong></span> <span class='ocrx_word' id='word_1_934' title='bbox 3028 5418 3094 5477; x_wconf 76' lang='lat' dir='ltr'><strong>ac</strong></span> <span class='ocrx_word' id='word_1_935' title='bbox 3142 5403 3323 5477; x_wconf 60' lang='lat' dir='ltr'><strong>semq</strong></span> <span class='ocrx_word' id='word_1_936' title='bbox 3361 5415 3639 5477; x_wconf 76' lang='lat' dir='ltr'><strong>susceptae</strong></span> 
     </span>
    </p>
   </div>
   <div class='ocr_carea' id='block_1_118' title="bbox 2022 5473 3654 5532">
    <p class='ocr_par' dir='ltr' id='par_1_118' title="bbox 2022 5473 3654 5532">
     <span class='ocr_line' id='line_1_118' title="bbox 2022 5473 3654 5532; baseline -0.004 0"><span class='ocrx_word' id='word_1_937' title='bbox 2022 5473 2366 5532; x_wconf 86' lang='lat' dir='ltr'><strong>similitudini</strong></span> <span class='ocrx_word' id='word_1_938' title='bbox 2392 5474 2752 5532; x_wconf 87' lang='lat' dir='ltr'><strong>resnondens.</strong></span> <span class='ocrx_word' id='word_1_939' title='bbox 2786 5475 2842 5530; x_wconf 92' lang='lat' dir='ltr'><strong>In</strong></span> <span class='ocrx_word' id='word_1_940' title='bbox 2870 5474 3085 5529; x_wconf 77' lang='lat' dir='ltr'><strong>caeteris</strong></span> <span class='ocrx_word' id='word_1_941' title='bbox 3118 5473 3322 5527; x_wconf 71' lang='lat' dir='ltr'><strong>sensus</strong></span> <span class='ocrx_word' id='word_1_942' title='bbox 3347 5488 3452 5527; x_wconf 90' lang='lat' dir='ltr'><strong>non</strong></span> <span class='ocrx_word' id='word_1_943' title='bbox 3484 5473 3533 5526; x_wconf 91' lang='lat' dir='ltr'><strong>vi</strong></span> <span class='ocrx_word' id='word_1_944' title='bbox 3556 5473 3654 5526; x_wconf 92' lang='lat' dir='ltr'><strong>de-</strong></span> 
     </span>
    </p>
   </div>
   <div class='ocr_carea' id='block_1_119' title="bbox 2023 5544 3649 5618">
    <p class='ocr_par' dir='ltr' id='par_1_119' title="bbox 2023 5544 3649 5618">
     <span class='ocr_line' id='line_1_119' title="bbox 2023 5544 3649 5618; baseline -0.002 -17"><span class='ocrx_word' id='word_1_945' title='bbox 2023 5557 2114 5602; x_wconf 95' lang='lat' dir='ltr'><strong>tur</strong></span> <span class='ocrx_word' id='word_1_946' title='bbox 2145 5547 2282 5603; x_wconf 90' lang='lat' dir='ltr'><strong>adeo</strong></span> <span class='ocrx_word' id='word_1_947' title='bbox 2330 5544 2565 5618; x_wconf 84' lang='lat' dir='ltr'><strong>liquidus</strong></span> <span class='ocrx_word' id='word_1_948' title='bbox 2588 5561 2690 5618; x_wconf 88' lang='lat' dir='ltr'><strong>nec</strong></span> <span class='ocrx_word' id='word_1_949' title='bbox 2716 5555 2823 5600; x_wconf 87' lang='lat' dir='ltr'><strong>tam</strong></span> <span class='ocrx_word' id='word_1_950' title='bbox 2856 5545 3033 5600; x_wconf 86' lang='lat' dir='ltr'><strong>facilis</strong></span> <span class='ocrx_word' id='word_1_951' title='bbox 3063 5544 3129 5618; x_wconf 82' lang='lat' dir='ltr'><strong>ad</strong></span> <span class='ocrx_word' id='word_1_952' title='bbox 3178 5544 3546 5618; x_wconf 74' lang='lat' dir='ltr'><strong>intelligentia</strong></span> <span class='ocrx_word' id='word_1_953' title='bbox 3573 5560 3649 5618; x_wconf 62' lang='lat' dir='ltr'><strong>in.</strong></span> 
     </span>
    </p>
   </div>
   <div class='ocr_carea' id='block_1_120' title="bbox 2022 5613 3645 5688">
    <p class='ocr_par' dir='ltr' id='par_1_120' title="bbox 2022 5613 3645 5688">
     <span class='ocr_line' id='line_1_120' title="bbox 2022 5613 3645 5688; baseline -0.004 -16"><span class='ocrx_word' id='word_1_954' title='bbox 2022 5618 2223 5673; x_wconf 84' lang='lat' dir='ltr'><strong>Verum</strong></span> <span class='ocrx_word' id='word_1_955' title='bbox 2266 5613 2634 5688; x_wconf 77' lang='lat' dir='ltr'><strong>unusquisque</strong></span> <span class='ocrx_word' id='word_1_956' title='bbox 2662 5617 2714 5671; x_wconf 94' lang='lat' dir='ltr'><strong>in</strong></span> <span class='ocrx_word' id='word_1_957' title='bbox 2759 5631 2858 5671; x_wconf 88' lang='lat' dir='ltr'><strong>suo</strong></span> <span class='ocrx_word' id='word_1_958' title='bbox 2886 5631 3053 5671; x_wconf 91' lang='lat' dir='ltr'><strong>sensu</strong></span> <span class='ocrx_word' id='word_1_959' title='bbox 3082 5614 3371 5688; x_wconf 72' lang='lat' dir='ltr'><strong>abundare</strong></span> <span class='ocrx_word' id='word_1_960' title='bbox 3395 5628 3547 5683; x_wconf 85' lang='lat' dir='ltr'><strong>perm</strong></span> <span class='ocrx_word' id='word_1_961' title='bbox 3573 5613 3645 5666; x_wconf 83' lang='lat' dir='ltr'><strong>it-</strong></span> 
     </span>
    </p>
   </div>
   <div class='ocr_carea' id='block_1_121' title="bbox 2015 5684 3631 5760">
    <p class='ocr_par' dir='ltr' id='par_1_121' title="bbox 2015 5684 3631 5760">
     <span class='ocr_line' id='line_1_121' title="bbox 2015 5684 3631 5760; baseline -0.002 -15"><span class='ocrx_word' id='word_1_962' title='bbox 2015 5690 2171 5755; x_wconf 89' lang='lat' dir='ltr'><strong>titur,</strong></span> <span class='ocrx_word' id='word_1_963' title='bbox 2200 5689 2363 5760; x_wconf 89' lang='lat' dir='ltr'><strong>modo</strong></span> <span class='ocrx_word' id='word_1_964' title='bbox 2405 5684 2623 5760; x_wconf 80' lang='lat' dir='ltr'><strong>semper</strong></span> <span class='ocrx_word' id='word_1_965' title='bbox 2659 5697 2871 5746; x_wconf 91' lang='lat' dir='ltr'><strong>constet</strong></span> <span class='ocrx_word' id='word_1_966' title='bbox 2903 5689 3189 5758; x_wconf 68' lang='lat' dir='ltr'><strong>integritas</strong></span> <span class='ocrx_word' id='word_1_967' title='bbox 3218 5684 3631 5756; x_wconf 65' lang='lat' dir='ltr'><strong>Scripturaum</strong></span> 
     </span>
    </p>
   </div>
   <div class='ocr_carea' id='block_1_122' title="bbox 2013 5759 2497 5833">
    <p class='ocr_par' dir='ltr' id='par_1_122' title="bbox 2013 5759 2497 5833">
     <span class='ocr_line' id='line_1_122' title="bbox 2013 5759 2497 5833; baseline -0.004 -16"><span class='ocrx_word' id='word_1_968' title='bbox 2013 5775 2079 5819; x_wconf 86' lang='lat' dir='ltr'><strong>ac</strong></span> <span class='ocrx_word' id='word_1_969' title='bbox 2108 5759 2266 5819; x_wconf 87' lang='lat' dir='ltr'><strong>fides.</strong></span> <span class='ocrx_word' id='word_1_970' title='bbox 2296 5759 2497 5833; x_wconf 47' lang='grc' dir='ltr'><strong>ΜΑιιτη</strong></span> 
     </span>
    </p>
   </div>
  </div>
