4114 6364
496 313 605 375 ’165

1508 322 1568 382 S.
1610 322 1991 386 HIERONYMI
2031 325 2263 391 DlYlNA
2303 330 2785 397 BIBLIOTHECA.

3691 346 3804 406 τοι

498 464 626 517 sunt
685 457 739 513 in
812 456 952 517 libro
1007 457 1334 519 Sermonum
1389 460 1604 519 dierum
1660 464 2043 537 regumIlJuda
2068 468 2092 522 l
2117 451 2169 515 Α
2195 451 2453 510 Merci“?
2478 453 2646 511 fabris
2673 470 2702 510 ³
2734 455 3005 528 Ρττὲίθοίῖε
3025 471 3249 531 operum
3270 461 3455 536 temp“
3482 462 3560 537 Πι-
3578 462 3804 537 domus]

498 548 675 609 Judal
702 552 788 627 [Τ.
819 552 1045 627 CCVll.]
1078 554 1444 628 Dormivitque
1471 557 1751 617 Manasses
1776 574 1898 617 cum
1928 559 2094 633 patri-

500 642 602 699 bus
629 645 763 714 suis,
799 653 851 700 et
874 644 1119 717 sepultus
1139 655 1221 703 est
1244 646 1296 704 in
1330 646 1488 705 horto
1514 648 1709 707 domus
1724 665 1858 721 suae,
1884 652 1939 708 in
1966 651 2107 708 hor-

500 742 557 790 to
579 743 606 773 ἰ
632 734 742 792 Aza
762 733 917 811 [Μαι.
947 744 995 792 et
1024 734 1179 810 Vulg.
1208 735 1364 815 Oza],
1396 746 1452 796 et
1472 740 1717 812 regnavit
1747 743 1923 799 Amon
1951 741 2097 799 illius

502 828 620 901 ejus
642 844 739 903 pro
760 844 844 884 eo.
880 827 1078 900 Viginti
1136 829 1369 888 duorum
1426 848 1695 891 annorum
1752 842 1873 892 erat
1921 835 2097 892 Amon

503 937 627 980 cum
659 935 885 992 regnare
913 922 1174 995 ccepisset
1199 942 1212 979 :
1243 925 1456 983 duobus
1485 942 1702 1001 quoque
1727 927 1883 984 annis
1904 943 2097 1001 regna-

504 1015 581 1069 vit
604 1014 656 1069 in
678 1013 1003 1070 Jerusalem.
1050 1014 1258 1073 Nomen
1301 1018 1492 1074 matris
1541 1018 1660 1089 ejus
1712 1018 2102 1078 Messalemeth

505 1105 582 1180 [h.
608 1104 1006 1181 Messelemeth]
1030 1106 1137 1166 lilia
1166 1108 1342 1166 Harus
1371 1110 1439 1168 de
1458 1110 1665 1169 Jetaba.
1701 1110 1963 1187 Fecitque
1990 1126 2105 1169 ma-

502 1198 614 1255 lum
642 1200 696 1256 in
720 1212 1017 1274 conspectu
1052 1201 1261 1259 Domini
1295 1205 1373 1281 [11.
1404 1205 1459 1260 111
1488 1205 1662 1261 oculis
1685 1205 1943 1279 Domini],
1967 1207 2107 1263 sicut

506 1291 711 1348 iecerat
739 1294 1015 1351 Manasses
1035 1304 1190 1367 pater
1221 1296 1364 1369 ejus.
1412 1298 1479 1355 Et
1508 1299 1808 1357 ambulavit
1862 1302 1915 1358 in
1956 1298 2107 1357 omni

508 1385 594 1440 via
638 1401 734 1458 per
773 1402 933 1458 quam
971 1388 1344 1446 ambulaverat
1384 1400 1539 1465 pater
1568 1391 1689 1465 ejus
1718 1409 1735 1454 :
1766 1393 2110 1465 servivitque

506 1476 863 1532 immunditiis
912 1477 993 1553 [h.
1037 1480 1336 1554 sordibus],
1387 1483 1585 1556 quibus
1638 1485 1905 1542 servierat
1953 1493 2109 1557 pater

507 1570 645 1641 ejus,
677 1580 733 1626 et
762 1571 1015 1629 adoravit
1043 1589 1158 1642 eas,
1192 1583 1247 1631 et
1274 1575 1571 1649 dereliquit
1609 1577 1896 1635 Dominum
1935 1577 2109 1635 Deum

507 1674 719 1731 patrum
761 1677 981 1719 suorum
1014 1708 1030 1735 ,
1083 1671 1140 1721 et
1175 1680 1281 1721 non
1322 1667 1621 1723 ambulavit
1646 1669 1700 1725 in
1741 1668 1826 1724 via
1869 1666 2108 1726 Domini.

504 1755 590 1831 [Τ.
611 1754 861 1830 ClJVlli.]
884 1758 1358 1833 Tetenderuntque
1389 1762 1435 1817 ei
1459 1760 1588 1836 [Ms.
1623 1770 1765 1819 tacet
1785 1761 1857 1837 ei]
1888 1763 2114 1820 insidias

2197 546 2430 605 Domini.
2460 547 2817 623 Narravitque
2847 550 2925 625 [h.
2974 551 3380 628 Nuntiavitque]
3405 557 3627 631 Saphan
3664 559 3809 615 scri-

2196 641 2263 699 ba
2286 644 2428 716 regi,
2460 642 2650 701 dicens
2684 662 2697 701 :
2730 644 2949 703 Librum
2999 647 3149 704 dedit
3190 649 3324 705 mihi
3361 650 3576 711 llelcias
3614 667 3811 708 sacer-

2199 733 2319 791 dos.
2350 735 2522 805 Quem
2551 748 2675 793 cum
2699 735 2923 809 legisset
2955 737 3174 811 Saphan
3202 755 3387 796 coram
3421 758 3547 814 rege
3567 787 3583 814 ,
3614 752 3671 799 et
3711 760 3812 801 au—

2199 824 2369 884 disset
2390 841 2486 885 rex
2506 828 2669 885 verba
2712 828 2840 886 libri
2870 829 3028 901 Legis
3063 828 3278 889 Domini
3326 834 3405 910 [h.
3438 851 3545 891 non
3577 835 3764 917 habet]
3791 878 3808 901 ,

2200 918 2361 976 scidit
2387 919 2709 975 vestimenta
2734 936 2852 976 sua.
2894 921 2963 977 Et
2993 923 3250 995 praecepit
3271 924 3472 983 llelcite
3494 928 3765 984 sacerdoti
3791 974 3807 995 ,

2203 1021 2259 1070 et
2286 1013 2511 1070 Ahicam
2540 1014 2659 1070 lilio
2684 1014 2924 1087 Saphan,
2956 1026 3013 1072 et
3043 1016 3299 1075 Achobor
3338 1019 3451 1076 lilio
3486 1020 3660 1075 Micha
3689 1062 3706 1088 ,
3753 1031 3815 1076 et

2204 1104 2423 1180 Saphan
2445 1106 2659 1175 scribat,
2682 1116 2737 1165 et
2760 1106 2937 1165 Asaite
2964 1123 3130 1167 servo
3170 1113 3347 1184 regis,
3379 1114 3567 1169 dicens
3603 1134 3615 1169 :
3648 1115 3731 1171 lte
3754 1123 3817 1170 et

2207 1200 2475 1257 consulite
2499 1200 2791 1258 Dominum
2818 1216 2982 1273 super
3006 1218 3093 1259 me
3116 1212 3171 1260 et
3194 1218 3361 1278 super
3385 1207 3587 1279 populo
3612 1216 3667 1261 et
3684 1208 3821 1261 θευ-

2208 1296 2307 1365 per
2334 1289 2484 1348 omni
2512 1291 2650 1349 Juda
2680 1292 2759 1367 [11.
2792 1299 2851 1349 et
2869 1308 3033 1366 super
3047 1310 3179 1352 re...
3209 1306 3263 1352 et
3285 1296 3447 1371 Juda]
3470 1340 3485 1365 ,
3520 1298 3589 1355 de
3618 1299 3810 1355 verbis

2209 1382 2502 1439 voluminis
2531 1384 2711 1453 istius,
2739 1384 2884 1457 quod
2923 1385 3202 1443 inventum
3236 1400 3319 1445 est
3366 1407 3379 1443 :
3424 1404 3615 1461 magna
3652 1389 3807 1446 enim

2210 1473 2291 1531 ira
2315 1474 2529 1531 Domini
2558 1489 2822 1533 succensa
2846 1485 2932 1533 est
2953 1485 3144 1534 contra
3173 1494 3293 1545 nos,
3327 1480 3452 1550 quia
3483 1496 3591 1535 non
3622 1482 3813 1538 audie-

2213 1575 2341 1623 runt
2365 1575 2547 1640 patres
2579 1568 2749 1625 nostri
2767 1569 2929 1626 verba
2948 1569 3071 1626 libri
3096 1570 3278 1644 hujus,
3294 1581 3351 1627 ut
3373 1570 3617 1629 lacerent
3647 1588 3814 1628 omne

2214 1660 2357 1733 quod
2385 1660 2645 1732 scriptum
2669 1671 2755 1718 est
2785 1662 2963 1719 nobis.
2996 1661 3182 1720 ierunt
3223 1666 3435 1736 itaque,
3473 1666 3690 1721 llelcias
3726 1681 3823 1722 sa-

2218 1740 2413 1808 cerdos
2442 1759 2497 1808 et
2514 1750 2768 1820 Abicam,
2800 1761 2859 1809 et
2879 1751 3159 1819 Acbobor,
3194 1765 3249 1811 et
3277 1756 3517 1827 Saphan,
3547 1764 3601 1812 et
3634 1757 3823 1823 Asaia,

514 1848 663 1905 servi
698 1853 779 1905 sui
805 1850 883 1923 [h.
916 1850 1443 1925 Rehellaveruntque
1470 1856 1521 1913 ei
1544 1856 1689 1913 servi
1716 1856 1845 1931 sui],
1872 1866 1925 1913 et
1952 1857 2118 1913 inter-

2223 1841 2289 1899 ad
2316 1842 2547 1899 Holdam
2571 1843 2905 1917 propheten,
2934 1860 3163 1904 uxorem
3186 1845 3388 1903 Selium
3413 1891 3427 1916 ,
3477 1847 3572 1903 lilii
3618 1844 3645 1885 ἀ
3678 1847 3826 1903 The-

508 1938 754 1997 l‘ecerunt
776 1956 957 2011 regem
984 1941 1038 1998 in
1071 1942 1235 2001 domo
1265 1960 1382 2001 sua.
1417 1946 1695 2004 Percussit
1730 1956 1909 2003 autem
1940 1961 2112 2021 p0pu-

508 2030 594 2088 ius
630 2042 790 2088 terra:
812 2048 1027 2103 omnes,
1076 2035 1168 2106 qui
1213 2036 1636 2108 conjuraverant
1685 2047 1879 2095 contra
1928 2054 2113 2109 regem

508 2123 719 2192 Amon,
749 2131 804 2179 et
846 2126 1248 2184 constituerunt
1296 2128 1396 2185 sibi
1442 2145 1628 2203 regem
1685 2130 1891 2189 Josiam
1943 2131 2111 2189 lilium

511 2217 632 2287 ejus
661 2232 762 2290 pro
793 2232 880 2273 eo.
913 2217 1145 2292 Reliqua
1179 2230 1359 2277 autem
1410 2238 1723 2279 sermonum
1774 2222 1950 2280 Amon
1990 2240 2115 2297 qua:

512 2308 661 2375 iecit,
689 2324 868 2366 nonne
890 2312 1005 2367 inec
1032 2312 1232 2383 scripta
1254 2322 1379 2368 sunt
1408 2314 1461 2370 in
1490 2315 1628 2372 libro
1653 2315 1977 2373 ScrmOuum
1999 2317 2114 2373 die-

513 2416 632 2457 rum
657 2416 841 2474 regum
868 2402 1042 2459 Juda?
1067 2403 1517 2478 Sepelieruntque
1545 2423 1669 2464 eum
1702 2408 2115 2485 [Sepeiivitque

514 2492 662 2565 eum]
695 2494 746 2549 iu
771 2496 1020 2565 sepulcro
1044 2510 1167 2568 suo,
1190 2497 1243 2552 in
1272 2498 1427 2556 horto
1453 2499 1583 2567 Aza,
1603 2509 1658 2557 et
1679 2499 2115 2575 regnavitJosias

522 2587 664 2643 liiius
690 2589 811 2659 ejus
843 2606 937 2658 pro
958 2606 1045 2647 eo.

588 2681 599 2753 [
610 2680 737 2753 Cap.
767 2679 958 2753 XXli.J
984 2682 1118 2739 Octo
1141 2698 1405 2741 annorum
1429 2692 1547 2742 erat
1567 2684 1748 2743 Josias
1774 2701 1897 2747 cum
1921 2692 2117 2759 regnas

516 2786 577 2828 re
603 2771 881 2843 rmpisset,
914 2782 967 2829 et
999 2774 1213 2847 triginta
1244 2792 1351 2832 uno
1372 2792 1514 2833 anno
1539 2778 1785 2850 regnavit
1826 2780 1877 2835 in
1899 2776 2118 2835 Jerusa-

518 2864 623 2921 lem
661 2884 674 2921 :
706 2880 904 2922 nomen
934 2867 1122 2923 matris
1147 2867 1266 2937 ejus
1286 2868 1434 2924 ldida
1456 2913 1471 2939 ,
1506 2870 1611 2926 lilia
1647 2868 1816 2943 Adaja
1857 2870 1927 2927 de
1957 2872 2119 2928 Bese-

521 2957 670 3013 eath.
704 2957 963 3029 Fecitque
992 2959 1137 3031 quod
1181 2960 1441 3031 placitum
1489 2971 1607 3019 erat
1650 2979 1834 3019 coram
1888 2964 2120 3021 Domino

518 3052 599 3127 [11.
631 3052 681 3107 111
707 3052 881 3108 oculis
912 3052 1173 3129 Domini],
1198 3064 1252 3112 et
1276 3056 1571 3115 ambulavit
1615 3075 1711 3131 per
1763 3076 1954 3117 omnes
2003 3061 2119 3117 vias

526 3144 691 3199 David
712 3145 877 3214 patris
900 3144 1016 3200 sui:
1040 3162 1146 3202 non
1179 3146 1471 3204 declinavit
1487 3151 1555 3205 ad
1578 3150 1883 3218 dexteram,
1904 3151 2019 3208 sive
2048 3152 2119 3211 ad

2214 1949 2331 1991 cuze
2359 1933 2439 2009 [11.
2466 1933 2742 2007 Thiteva],
2783 1935 2877 1992 lilii
2912 1938 3082 1995 Araas
3112 1937 3358 1995 custodis
3383 1940 3649 2005 vestium,
3704 1953 3829 2009 quae

2216 2026 2496 2085 habitabat
2522 2028 2575 2084 in
2608 2028 2914 2085 Jerusalem
2946 2030 2998 2085 in
3033 2029 3283 2088 Secunda
3329 2048 3341 2085 :
3384 2030 3662 2101 locutique
3698 2042 3828 2085 sunt

2214 2119 2282 2175 ad
2312 2134 2454 2177 eam.
2489 2110 2555 2177 Et
2582 2120 2672 2177 illa
2691 2122 2975 2194 respondit
2999 2123 3079 2180 eis
3132 2137 3147 2179 :
3203 2124 3331 2181 llaec
3377 2123 3510 2179 dicit
3555 2124 3822 2180 Dominus

2216 2211 2358 2269 Deus
2383 2211 2549 2269 lsrael
2577 2229 2592 2272 :
2626 2213 2797 2271 Dicite
2815 2215 2954 2281 viro,
2978 2216 3069 2287 qui
3101 2215 3248 2271 misit
3273 2229 3371 2272 vos
3407 2214 3474 2270 ad
3506 2230 3594 2271 me
3639 2233 3650 2268 :
3691 2215 3823 2270 ilzec

2214 2304 2349 2361 dicit
2377 2306 2676 2363 Dominus:
2708 2306 2874 2373 Ecce,
2904 2322 3006 2378 ego
3043 2307 3310 2365 adducam
3343 2309 3484 2363 maia
3526 2323 3692 2377 super
3747 2309 3834 2363 lo-

2216 2414 2338 2455 cum
2360 2398 2525 2465 huuc,
2556 2409 2611 2457 et
2631 2414 2795 2471 super
2822 2401 3158 2458 habitatores
3197 2402 3314 2477 ejus
3349 2443 3366 2471 ,
3419 2402 3602 2457 omnia
3653 2401 3823 2458 verba

2217 2492 2375 2566 Legis
2406 2493 2486 2568 [h.
2519 2491 2667 2568 libri]
2696 2512 2817 2567 qua:
2852 2496 2980 2568 legit
3015 2511 3111 2552 rex
3142 2495 3279 2553 Juda
3313 2512 3330 2555 :
3367 2496 3491 2568 quia
3520 2488 3834 2567 derelique-

2218 2599 2343 2642 runt
2374 2601 2481 2651 me,
2511 2595 2565 2642 et
2589 2587 3040 2643 saerillcaverunt
3062 2586 3165 2644 diis
3192 2585 3408 2654 alienis,
3437 2587 3715 2642 irritantes
3738 2602 3833 2642 me

2218 2680 2273 2735 in
2294 2679 2504 2735 cunctis
2532 2680 2787 2748 operibus
2816 2694 3073 2735 manuum
3100 2692 3344 2746 suarum,
3378 2688 3433 2735 et
3461 2678 3833 2736 succendctur

2219 2771 2515 2844 indignatio
2536 2772 2720 2829 meain
2738 2774 2862 2829 loco
2887 2772 3011 2841 hoc,
3036 2783 3092 2830 et
3119 2788 3226 2829 non
3252 2772 3632 2844 exstinguetur
3654 2790 3666 2824 :
3692 2772 3830 2843 Regi

2218 2872 2399 2919 autem
2421 2863 2581 2932 Juda,
2603 2865 2698 2936 qui
2731 2866 2875 2921 misit
2904 2880 3003 2921 vos
3025 2873 3085 2921 ut
3114 2865 3479 2922 eonsuleretis
3510 2865 3831 2934 Dominum,

2219 2957 2300 3012 sic
2330 2956 2523 3013 dicetis
2556 2970 2570 3009 :
2605 2956 2732 3013 Haec
2750 2956 2881 3013 dicit
2912 2955 3172 3013 Dominus
3204 2957 3348 3013 Deus
3374 2955 3541 3013 lsraei
3568 2974 3580 3011 :
3628 2956 3735 3013 Pro
3767 2972 3837 3013 eo

2219 3048 2573 3123 quodaudisti
2593 3049 2754 3105 verba
2768 3047 3043 3105 voluminis
3067 3049 3145 3124 [h.
3170 3066 3277 3105 non
3307 3048 3517 3122 habet],
3545 3058 3599 3105 et
3622 3045 3840 3118 perter'

2220 3142 2383 3200 ritum
2405 3151 2489 3198 est
2513 3155 2609 3196 cor
2636 3148 2807 3208 tuum,
2834 3150 2890 3197 et
2912 3143 3234 3198 humiliatus
3264 3156 3324 3198 es
3354 3157 3537 3198 coram
3572 3142 3825 3207 Domino,

520 3236 799 3292 sinistram
831 3236 916 3311 [Τ.
943 3237 1143 3311 CCIX].
1178 3241 1337 3297 Anno
1363 3252 1545 3298 autem
1572 3254 1764 3300 octavo
1790 3244 2002 3301 decimo
2031 3262 2123 3301 rc-
2148 3229 2195 3294 C
2225 3232 2428 3290 auditis
2457 3230 2800 3288 sermonibus
2830 3240 3021 3290 contra
3054 3233 3229 3289 locum
3260 3234 3450 3298 istum,
3479 3242 3533 3287 et
3560 3232 3837 3289 habitato—

525 3330 607 3399 gis
627 3328 812 3395 Josiac,
841 3328 985 3384 misit
1017 3345 1111 3386 rex
1137 3331 1355 3403 Saphan
1387 3333 1555 3390 illium
1586 3333 1617 3374 ι’
1643 3336 1832 3407 Assia,
1862 3336 1958 3394 ﬁlii
1986 3337 2127 3395 Mes-

528 3421 724 3485 salam,
752 3421 987 3477 scribam
1017 3424 1204 3494 templi
1228 3423 1444 3481 Domini
1470 3467 1485 3493 ,
1523 3425 1711 3486 dicens
1740 3430 1791 3485 ei
1833 3447 1845 3483 :
1879 3429 2029 3487 Vade
2056 3429 2127 3487 ad

529 3512 771 3569 llelciam
798 3512 1139 3571 sacerdotem
1162 3531 1440 3589 magnum,
1468 3526 1530 3574 ut
1549 3520 1818 3577 conlietur
1866 3522 2091 3592 pecunia
2108 3564 2124 3591 ,

524 3621 646 3675 qua:
668 3605 817 3661 illata
843 3613 928 3663 est
957 3606 1013 3663 in
1042 3609 1301 3679 templum
1332 3610 1412 3684 [11.
1437 3611 1678 3683 domum]
1701 3612 1941 3679 Domini,
1965 3629 2129 3685 quam

528 3697 867 3768 collegerunt
886 3700 1151 3769 janitores
1178 3700 1365 3777 [Vulg.
1394 3704 1522 3759 add.
1555 3705 1768 3779 templi]
1799 3720 1830 3760 a
1876 3708 2079 3778 populo
2109 3748 2125 3774 ,

531 3788 795 3860 deturque
821 3788 990 3846 fabris
1021 3808 1120 3862 per
1165 3794 1490 3866 praepositos
1543 3797 1596 3851 in
1652 3796 1816 3853 domo
1868 3798 2127 3856 Domini:

531 3879 623 3948 qui
652 3887 707 3935 et
733 3878 1062 3938 distribuant
1091 3882 1247 3956 [Μεε.
1271 3884 1621 3960 distribuerit]
1649 3904 1771 3945 eam
1796 3888 2133 3963 hisquiope-

532 3981 723 4028 rantur
752 3973 805 4028 111
838 3975 1039 4045 templo
1067 3977 1149 4051 [11.
1179 3978 1365 4051 domo]
1395 3981 1608 4039 Domini
1634 4026 1649 4052 ,
1684 3984 1751 4040 ad
1781 3984 2131 4043 instauranda

532 4068 1371 4145 sartalectatempii[h.domus]
1432 4087 1448 4129 :
1499 4076 1744 4146 tignariis
1774 4077 2026 4135 videlicet
2079 4062 2135 4135 et

535 4159 919 4229 caementariis,
952 4162 1090 4217 etiis
1112 4163 1203 4232 qui
1227 4165 1529 4238 interrupta
1567 4178 1926 4239 componunt,
1971 4178 2028 4226 et
2073 4176 2135 4225 ut

534 4258 785 4305 emantur
816 4250 980 4323 ligna,
1000 4263 1055 4310 et
1076 4253 1284 4326 lapides
1310 4257 1378 4313 de
1410 4258 1714 4329 lapicidinis
1741 4260 1807 4316 ad
1829 4262 2136 4318 instauran-

534 4341 661 4397 dum
692 4343 951 4414 templum
980 4344 1058 4418 [h.
1090 4346 1354 4421 domum].
1386 4347 1773 4406 Verumtamen
1799 4365 1906 4407 non
1930 4367 2135 4423 suppu-

534 4441 684 4490 tetur
712 4434 794 4490 eis
821 4445 1104 4506 argentum
1135 4439 1279 4509 quod
1310 4440 1617 4510 accipiunt,
1659 4442 1755 4499 sed
1783 4442 1835 4497 in
1864 4453 2136 4513 potestate

537 4523 794 4593 habeant,
820 4538 873 4583 et
905 4528 1094 4601 [1⁷1119.
1125 4540 1224 4584 (ac.
1260 4530 1338 4604 et]
1397 4532 1450 4588 in
1488 4534 1707 4606 lide[h.
1748 4536 2136 4592 Verumtamen

2227 3340 2315 3383 res
2340 3324 2479 3397 ejus,
2512 3326 2655 3398 quod
2685 3321 2839 3399 [Μω.
2872 3324 3003 3398 duo]
3034 3325 3286 3381 videlicet
3327 3325 3521 3382 tierent
3560 3324 3615 3380 in
3647 3334 3837 3395 stupo-

2227 3434 2341 3475 rem
2365 3426 2421 3473 et
2451 3418 2507 3474 in
2539 3417 2913 3484 maledictum,
2942 3424 2997 3474 et
3024 3418 3241 3473 scidisti
3268 3419 3591 3475 vestimenta
3625 3426 3714 3472 tua
3735 3460 3748 3483 ,
3786 3426 3840 3472 et

2228 3507 2431 3566 ﬂevisti
2456 3524 2643 3566 coram
2672 3523 2779 3580 me,
2812 3517 2868 3566 et
2894 3524 2996 3582 ego
3026 3509 3205 3564 audivi
3226 3551 3241 3577 ,
3282 3507 3358 3564 ait
3402 3510 3659 3563 Dominus
3690 3525 3706 3563 :
3759 3509 3840 3563 id-

2228 3599 2375 3656 circo
2404 3600 2653 3672 colligam
2685 3609 2737 3656 te
2761 3600 2828 3656 ad
2854 3611 3036 3673 patres
3064 3612 3187 3657 tuos
3206 3643 3222 3670 ,
3256 3610 3312 3658 et
3332 3600 3607 3672 eolligcris
3637 3600 3705 3655 ad
3750 3615 3839 3656 se-

2229 3696 2478 3769 pulcrum
2507 3704 2656 3753 tuum
2684 3698 2736 3752 in
2768 3713 2922 3770 pace,
2955 3706 3013 3753 ut
3041 3714 3148 3754 non
3179 3697 3402 3755 videant
3434 3698 3574 3753 oculi
3620 3697 3695 3753 tui
3726 3714 3843 3753 ont—

2233 3791 2319 3847 nia
2352 3791 2515 3859 maia,
2546 3791 3013 3863 qureinducturus
3042 3808 3162 3850 sum
3210 3808 3372 3863 super
3419 3793 3597 3848 locum
3648 3794 3835 3847 istum.

2304 3885 2391 3960 [T.
2416 3884 2597 3954 CCXI,
2619 3884 2750 3955 Cap.
2777 3884 2989 3958 XXlll.]
3021 3886 3083 3941 Et
3106 3886 3681 3956 renuntiaveruntrcgi
3698 3883 3840 3955 quod

2233 3977 2466 4035 dixerat.
2498 3978 2600 4046 Qui
2630 3980 2777 4033 misit
2804 3994 2817 4031 :
2850 3985 2907 4033 et
2932 3977 3249 4050 congregati
3271 3979 3477 4034 suntad
3502 3993 3624 4033 eum
3650 3992 3843 4029 omnes

2235 4085 2393 4126 senes
2415 4069 2550 4126 Juda
2581 4079 2637 4127 et
2664 4070 2993 4126 Jerusalem.
3036 4071 3407 4142 Ascenditque
3456 4086 3547 4125 rex
3582 4068 3842 4135 templum

2237 4162 2317 4236 [11.
2345 4160 2585 4234 domum]
2622 4161 2856 4233 Domini,
2883 4170 2939 4218 et
2958 4174 3151 4219 omnes
3178 4163 3282 4218 viri
3304 4163 3463 4229 Juda,
3493 4160 3846 4230 universique

2236 4254 2329 4326 qui
2359 4254 2670 4309 habitabant
2698 4254 2828 4327 [Μδ.
2864 4254 3131 4326 habitant]
3164 4256 3216 4311 in
3254 4255 3592 4323 Jerusalem,
3620 4268 3745 4309 cum
3779 4268 3848 4307 eo

2238 4348 2551 4404 sacerdotes
2579 4358 2633 4403 et
2663 4351 2945 4419 propheta:
2975 4395 2989 4419 ,
3030 4357 3085 4405 et
3121 4351 3302 4406 omnis
3331 4350 3563 4420 pojlulus
3602 4365 3631 4403 11
3675 4364 3847 4418 parvo

2240 4456 2410 4513 usque
2461 4439 2529 4496 ad
2578 4456 2831 4511 maguum
2886 4459 2901 4496 :
2955 4441 3195 4514 legitque
3231 4443 3445 4500 cunctis
3495 4440 3847 4498 audientibus

2240 4534 2420 4589 omnia
2451 4534 2619 4590 verba
2646 4534 2766 4589 libri
2799 4534 3055 4606 hederis,
3093 4538 3185 4609 qui
3210 4538 3460 4593 inventus
3490 4546 3571 4592 est
3603 4536 3655 4592 in
3681 4536 3849 4591 domo

537 4634 640 4672 non
664 4628 973 4691 supputetur
995 4630 1268 4692 argentum
1297 4623 1380 4677 bis
1404 4624 1497 4694 qui
1525 4626 1787 4697 accipiunt
1813 4627 1936 4698 quia
1980 4627 2032 4682 in
2077 4628 2134 4684 li-
2159 4622 2212 4682 D
2236 4625 2471 4680 Domini.
2495 4624 2765 4697 Stetitque
2792 4642 2890 4682 rex
2924 4642 3091 4697 super
3110 4627 3337 4698 gradum
3370 4628 3450 4701 [11.
3482 4624 3843 4693 columnam],

536 4706 649 4780 de].
679 4708 765 4780 [Τ.
789 4710 970 4782 CCL]
999 4711 1144 4767 Dixit
1172 4723 1352 4769 autem
1388 4713 1602 4771 lleicias
1644 4716 1885 4786 pontifex
1929 4716 1995 4774 ad
2042 4717 2142 4775 Sa-
2239 4726 2294 4772 et
2327 4716 2497 4773 lmdus
2528 4720 2794 4787 percussit
2842 4731 3026 4773 coram
3080 4719 3317 4774 Domino
3342 4760 3357 4784 ,
3409 4730 3465 4774 ut
3506 4717 3853 4772 ambularent

544 4802 689 4873 pban
717 4802 953 4860 scribam
978 4820 993 4860 :
1020 4804 1220 4862 librum
1244 4806 1403 4877 Legi:
1423 4808 1604 4879 reperi
1632 4809 1686 4864 in
1712 4810 1876 4867 domo
1891 4810 2137 4868 Domini:

539 4895 795 4967 deditque
822 4897 1041 4954 Heicias
1069 4899 1323 4955 volumen
1347 4900 1426 4973 [11.
1452 4901 1671 4973 librum]
1703 4902 1943 4975 Saphan,
1968 4905 2061 4978 qui
2088 4916 2145 4962 et

543 4987 673 5060 legit
693 4988 845 5045 illud.
876 4988 1037 5046 Venit
1066 5005 1280 5063 quoque
1308 4990 1525 5059 Saphan
1554 4992 1731 5047 scriba
1758 4993 1824 5049 ad
1848 5009 2028 5068 regem
2050 5038 2065 5064 ,
2092 5003 2150 5053 et

544 5080 873 5135 renuntiavit
901 5080 952 5137 ei
981 5080 1039 5153 [h
1059 5080 1310 5153 verbum]
1347 5082 1491 5152 quod
1527 5094 1900 5154 prtecepcrat,
1934 5093 1991 5142 et
2021 5085 2099 5141 ait
2127 5102 2143 5141 :

546 5170 941 5229 Conﬂaverunt
971 5174 1117 5229 servi
1149 5174 1223 5229 tui
1255 5174 1538 5245 pecuniam
1565 5216 1581 5243 ,
1642 5190 1763 5246 qua:
1807 5184 2018 5247 reperta
2067 5186 2151 5235 est

541 5263 707 5321 domo
733 5265 941 5322 Domini
972 5266 1052 5343 [h.
1076 5281 1185 5325 non
1211 5265 1396 5339 habet]
1423 5282 1437 5322 :
1468 5276 1523 5324 et
1543 5266 1839 5336 dederunt,
1866 5278 1924 5325 ut
1957 5270 2153 5328 distri-

616 5462 644 5492 ⁸
672 5418 858 5511 Cantia
895 5452 963 5509 ad
994 5453 1158 5509 Hebr.
1192 5452 1520 5509 emendatus
1550 5450 1713 5509 habet
1756 5450 1849 5509 hic
1894 5460 1952 5510 et
1979 5450 2143 5521 inira,

550 5524 707 5596 llum
739 5542 835 5593 pro
864 5526 967 5579 Asa
998 5526 1239 5596 pristinze
1268 5540 1487 5581 manus.
1521 5523 1701 5580 1111111.

618 5595 647 5637 ιι
675 5595 1100 5668 νει-0118115115.
1132 5595 1454 5668 Vulgatique
1480 5596 1601 5652 libri
1632 5637 1648 5663 ,
1701 5596 1849 5652 Aelia
1902 5614 1921 5657 :
1974 5596 2154 5655 verius

545 5702 668 5742 cum
702 5687 866 5743 Hebr.
895 5664 1132 5753 What;
1175 5664 1286 5742 tum
1323 5664 1466 5744 idem
1498 5701 1599 5744 ms.
1620 5731 1635 5757 ,
1676 5687 1983 5745 Musullam
2032 5704 2156 5745 cum

545 5757 563 5809 ι
593 5760 829 5833 gemino.
854 5757 1106 5833 'iieniqtte
1136 5758 1183 5813 ei
1211 5772 1515 5828 pronomen
1547 5761 1691 5833 quod
1733 5764 2003 5833 sequitur,
2033 5777 2153 5819 rur-

546 5842 667 5885 sum
692 5830 841 5900 juxta
874 5828 1158 5887 ilebrzeutn
1192 5839 1363 5887 tacet.

2244 4822 2367 4880 post
2399 4808 2714 4876 Dominum,
2744 4819 2801 4866 ot
2826 4810 3171 4868 custodirent
3195 4823 3467 4882 prmeepta
3496 4809 3615 4880 ejus
3642 4849 3659 4877 ,
3689 4819 3742 4866 et
3771 4816 3852 4863 te-

2242 4903 2526 4969 stimonia,
2556 4913 2612 4959 et
2631 4906 3009 4972 cteremonias,
3041 4903 3095 4960 in
3120 4905 3271 4960 omni
3296 4904 3463 4959 corde
3490 4947 3505 4969 ,
3542 4911 3599 4959 et
3636 4902 3688 4957 in
3738 4911 3853 4955 tota

2246 4998 2427 5053 anima
2460 5036 2477 5065 ,
2531 5005 2587 5053 et
2630 4997 2963 5055 suscitarent
3012 4999 3179 5054 verba
3233 4998 3452 5055 laederis
3499 4996 3697 5068 hujus,
3727 5009 3850 5066 quae

2249 5091 2452 5161 scripta
2481 5098 2642 5146 erant
2693 5092 2749 5145 in
2789 5091 2931 5147 libro
2978 5090 3073 5149 illo
3120 5108 3134 5145 :
3187 5090 3569 5162 acquievitque
3623 5088 3851 5159 populus

2258 5190 2439 5254 pacto.
2474 5181 2543 5237 Et
2570 5182 2828 5254 praecepit
2851 5197 2949 5238 rex
2984 5182 3181 5238 Helcize
3208 5182 3447 5253 pontiﬁci
3470 5190 3527 5237 et
3552 5178 3860 5236 sacerdoti-

2250 5274 2353 5332 bus
2382 5275 2608 5332 secundi
2631 5275 2861 5346 ordinis,
2888 5284 2943 5332 et
2963 5275 3313 5348 janitoribus,
3347 5285 3401 5329 ut
3428 5273 3764 5347 projicerent
3784 5270 3856 5326 de

2332 5464 2355 5496 ο
2379 5453 2686 5511 Translatio
2714 5454 2775 5527 S.
2801 5453 3120 5527 Hieronymi
3146 5448 3481 5527 examussim
3518 5458 3732 5527 textum
3753 5463 3857 5505 ex-

2256 5527 2478 5596 pressit,
2509 5542 2677 5595 quare
2696 5522 3026 5581 seboiiastes
3048 5524 3218 5581 falsus
3240 5533 3322 5580 est
3344 5522 3605 5595 quidquid
3633 5529 3855 5577 contra-

2260 5597 2733 5675 riumreposuerit
2756 5596 2823 5651 ad
2852 5597 3174 5675 marginem.
3196 5596 3387 5675 biant.
3556 5663 3570 5675 _

2335 5666 2363 5707 ἀ
2395 5663 2835 5725 Massoretbicam
2885 5663 3129 5723 imitatur
3160 5668 3212 5723 in
3244 5668 3345 5723 hac
3385 5680 3519 5723 voce
3556 5663 3848 5722 lectionem

2264 5739 2587 5796 scholiastes
2637 5749 2852 5805 uoster,
2887 5747 2946 5793 ut
2970 5741 3135 5809 etiam
3165 5752 3327 5809 supra
3360 5738 3412 5796 iu
3445 5736 3611 5795 verbo
3643 5732 3843 5803 Messe-

2268 5810 2477 5883 lentati,
2508 5826 2607 5882 pro
2636 5807 3023 5881 Kemlmtlt.
3057 5809 3238 5869 Itur.
