4114 6364
304 310 417 371 763

1605 303 1809 365 LIBER
1852 307 1895 365 ll
1935 307 2317 367 MALACIIIM.

3502 308 3610 366 7(6

303 427 512 501 templo
536 426 752 484 Domini
784 425 972 483 omnia
995 439 1150 495 vasa,
1184 439 1305 497 quas
1331 425 1470 481 facta
1498 424 1717 481 fuerant
1736 424 1862 480 Baal
1880 466 1895 494 ,
1926 426 1981 490 Α
2006 426 2142 496 haec,
2171 443 2293 499 qnte
2315 427 2488 484 fecisti
2516 442 2682 498 super
2705 428 2878 485 altare
2896 426 3148 485 Both-El.
3176 427 3605 485 Etait:Dimitte

304 532 363 580 et
393 523 517 578 luco
542 522 671 595 [Με.
698 530 745 578 et
775 520 934 591 Vulg.
971 520 1023 574 in
1055 518 1223 591 luco],
1272 527 1329 575 et
1377 520 1644 577 universte
1694 518 1901 573 militiae

301 613 453 680 cteli,
479 626 533 670 et
559 611 860 670 combussit
884 629 944 666 cu
971 612 1102 667 foris
1126 611 1426 668 Jerusalem
1456 611 1510 667 in
1535 610 1782 667 convalle
1803 610 1903 666 Ce-

231 768 243 777 ,
302 707 465 773 dron,
498 715 551 760 et
580 704 704 761 tulit
728 704 1003 775 pulverem
1031 718 1218 760 corum
1250 704 1304 759 in
1331 702 1582 760 Belli-El.
1610 702 1676 757 Et
1701 702 1901 757 delevit

300 798 583 870 aruspices
609 798 689 871 [h.
712 797 1051 869 sacerdotes]
1079 814 1214 871 quos
1235 807 1530 871 posuerant
1571 815 1726 871 reges
1763 800 1900 856 Juda

300 890 371 946 ad
401 889 820 947 sacriﬁcandum
862 891 916 946 in
960 891 1195 947 excelsis
1226 907 1322 963 per
1361 892 1610 950 civitates
1640 893 1805 959 Juda,
1847 902 1902 949 et

299 983 358 1039 in
384 984 613 1039 circuitu
642 982 969 1055 Jerusalem,
1002 992 1057 1039 et
1085 999 1203 1053 eos,
1249 985 1342 1055 qui
1383 985 1673 1043 adolebant
1717 987 1903 1043 incen-

299 1091 423 1132 sum
455 1076 607 1147 Baal,
639 1084 697 1133 et
720 1077 844 1145 soli,
892 1087 948 1133 et
982 1077 1124 1132 lunzc
1144 1119 1159 1144 ,
1193 1086 1249 1134 et
1276 1078 1559 1137 duodecim
1588 1081 1757 1152 signis
1786 1122 1803 1148 ,
1847 1089 1904 1137 et

301 1171 452 1226 omni
473 1170 682 1226 militiae
708 1170 855 1227 caeli.
874 1170 941 1227 Et
960 1170 1140 1228 ell'erri
1161 1170 1290 1227 fecit
1314 1171 1495 1228 lucum
1522 1172 1590 1229 de
1605 1172 1768 1229 domo
1783 1174 1902 1229 Do-

302 1263 434 1319 mini
460 1262 606 1319 foras
626 1262 933 1320 Jerusalem
961 1265 1016 1319 in
1043 1264 1292 1321 convalle
1320 1264 1627 1331 Cedron,et
1645 1265 1901 1323 combus-

301 1357 376 1412 sit
396 1372 519 1412 eum
550 1357 644 1421 ibi,
673 1366 729 1413 et
754 1357 962 1427 redegit
992 1357 1048 1413 in
1074 1359 1375 1430 pulverem,
1398 1368 1453 1415 et
1482 1359 1711 1432 prnjecit
1738 1375 1903 1431 super

301 1450 557 1521 sepulcra
588 1449 1106 1523 [Ms.'sepulcrum]
1154 1453 1322 1523 vulgi.
1351 1453 1632 1510 Destrnxit
1685 1469 1901 1525 quoque

300 1541 559 1599 radiculas
601 1542 1060 1607 examinatornm,
1090 1558 1211 1615 qua:
1238 1552 1392 1599 erant
1429 1544 1483 1599 in
1513 1544 1676 1601 domo
1722 1544 1901 1600 Domi-

300 1636 380 1702 ni,
408 1650 509 1706 pro
537 1635 735 1705 quibus
764 1636 1021 1693 mulieres
1043 1637 1304 1692 texebant
1342 1639 1489 1709 quasi
1540 1638 1623 1710 [h.
1658 1652 1764 1693 non
1797 1640 1899 1693 ha-

301 1728 419 1799 bet]
448 1728 807 1784 domunculas
832 1729 956 1783 luci.
979 1728 1447 1801 Congrcgavitque
1480 1743 1677 1785 omnes
1718 1713 1899 1785 sacer-

2005 533 2153 587 eum,
2182 535 2342 575 nemo
2367 528 2710 577 commoveat
2741 533 2865 577 ossa
2894 519 3030 591 ejus.
3067 520 3135 576 Et
3157 520 3359 576 intacta
3387 534 3607 579 manse-

2004 618 2133 665 runt
2155 624 2275 665 ossa
2306 610 2477 679 illius,
2506 625 2629 667 cum
2661 610 2877 669 ossibus
2913 610 3201 683 prophetas
3243 611 3346 685 qui
3378 620 3608 671 venerat

2004 698 2072 756 dc
2102 702 2349 759 Samaria
2374 703 2455 776 [h.
2482 702 2854 765 Liberaverunt
2898 703 3033 763 Ossa
3059 705 3198 776 ejus.
3225 721 3344 763 asta
3381 704 3607 776 preplte-

2004 807 2089 864 ηε,
2121 796 2213 867 qui
2242 797 2553 856 veneratde
2575 796 2863 870 Samaria].
2896 798 3122 870 Insuper
3171 807 3226 856 et
3262 800 3443 857 omnia
3481 799 3607 859 fana

2003 892 2345 949 excelsorum
2368 907 2500 963 ,qute
2528 898 2685 949 erant
2712 892 2768 948 in
2804 892 3115 951 civitatibus
3153 891 3444 973 Samaritae,
3480 907 3606 963 quin

2004 981 2240 1039 fecerant
2265 999 2424 1059 rcges
2451 984 2621 1043 lsracl
2648 985 2716 1041 ad
2743 984 3060 1045 irritandum
3088 984 3604 1052 Dominum,abstuc

2003 1074 2283 1142 iitJosias,
2316 1086 2368 1133 et
2396 1075 2522 1135 fecit
2544 1077 2646 1143 eis,
2677 1075 2975 1133 secundum
3028 1076 3212 1133 omnia
3265 1091 3432 1147 opera
3482 1092 3604 1148 quas

2003 1169 2284 1227 feceratin
2308 1169 2564 1227 Belh-Ei.
2596 1169 2667 1227 Et
2721 1170 2922 1227 occidit
2964 1171 3249 1231 universos
3295 1169 3608 1229 sacerdotes

2003 1262 2366 1329 excelsorum,
2393 1263 2481 1332 qui
2506 1270 2663 1319 erant
2685 1262 2757 1317 ibi
2783 1276 2944 1333 super
2974 1261 3171 1321 altaria
3188 1302 3204 1330 ,
3227 1270 3285 1318 et
3307 1262 3608 1321 combussit

2002 1370 2126 1411 ossa
2158 1354 2390 1411 humana
2417 1370 2589 1426 super
2614 1370 2677 1411 ea
2710 1367 2725 1409 :
2757 1370 3123 1425 reversusque
3151 1363 3235 1411 est
3278 1354 3600 1411 Jerusalem.

2004 1445 2090 1519 [T.
2113 1444 2362 1517 CCXlll.]
2387 1446 2452 1503 Et
2480 1447 2743 1519 praecepit
2770 1446 2918 1503 omni
2943 1446 3146 1517 populo
3176 1488 3191 1513 ,
3239 1447 3425 1503 dicens
3457 1463 3472 1504 :
3504 1446 3608 1507 Fa-

2001 1541 2108 1597 cite
2137 1539 2313 1596 Phase
2341 1541 2572 1598 Domino
2595 1540 2709 1596 Deo
2729 1547 2932 1606 vestro,
2956 1539 3253 1597 secundum
3285 1538 3431 1611 quod
3458 1538 3600 1601 scri-

2003 1643 2154 1705 ptum
2179 1642 2265 1689 est
2296 1634 2347 1687 in
2383 1633 2525 1689 libro
2566 1632 2785 1690 fmderis
2825 1633 3007 1702 hujus.
3062 1631 3174 1689 Nec
3218 1632 3365 1689 enim
3402 1630 3603 1689 factum

2002 1734 2086 1780 est
2130 1726 2304 1784 Pbase
2353 1728 2459 1783 tale
2510 1727 2758 1789 adiebus
2803 1728 3067 1799 jutlicum,
3101 1728 3193 1799 qui
3226 1727 3605 1799 judicaverunt

302 1819 467 1875 dotes
495 1818 563 1874 de
589 1819 898 1874 civitatibus
923 1818 1095 1886 Juda,
1128 1828 1181 1875 et
1206 1821 1600 1876 contaminavit
1636 1821 1852 1877 excelsa
1881 1863 1897 1888 ,
1931 1812 1978 1874 B
2006 1817 2196 1884 Israel,
2230 1827 2286 1874 et
2313 1817 2553 1873 omnium
2594 1819 2803 1874 dierum
2848 1834 3035 1889 regum
3072 1819 3269 1884 Israel,
3312 1829 3367 1877 et
3407 1835 3597 1891 regum

302 1912 395 1967 ubi
417 1911 789 1968 sacrificabant
817 1912 897 1985 [h.
923 1911 1236 1984 adolebant]
1267 1913 1584 1969 sacerdotes
1608 1954 1623 1979 ,
1654 1913 1724 1969 de
1756 1913 1900 1970 Gab-

301 2006 406 2061 baa
434 2004 561 2078 μη.
594 2004 763 2076 Gaba]
792 2020 967 2075 usque
983 2004 1294 2061 Ber-Sabee
1320 2044 1336 2072 ,
1381 2014 1436 2061 et
1478 2004 1747 2063 destruxit
1776 2020 1900 2061 aras

307 2097 387 2170 [h.
420 2097 474 2152 in
499 2096 739 2170 excelsa]
763 2106 1044 2169 portarum
1071 2097 1125 2153 in
1155 2096 1382 2154 introitu
1402 2098 1525 2154 ostii
1550 2098 1717 2155 Josue
1745 2100 1896 2169 prin-

304 2191 444 2261 cipis
471 2190 733 2261 civitatis,
763 2191 905 2263 quod
936 2202 1058 2248 erat
1077 2192 1143 2248 ad
1172 2191 1451 2248 sinistram
1498 2202 1672 2265 parite
1708 2194 1901 2249 civita-

306 2284 393 2339 tis.
424 2282 811 2345 Verumtamen
844 2300 951 2339 non
983 2284 1355 2341 ascendebant
1381 2284 1693 2341 sacerdotes
1716 2285 1898 2342 excel-

304 2390 488 2431 eorum
515 2375 583 2430 ad
613 2376 787 2432 altare
809 2376 1022 2431 Domini
1046 2377 1100 2432 in
1127 2376 1433 2433 Jerusalem
1485 2394 1498 2432 :
1552 2378 1647 2434 sed
1688 2383 1897 2433 tantum

303 2466 666 2523 comedebant
684 2483 873 2541 azyma
896 2469 951 2524 in
975 2469 1156 2526 medio
1176 2470 1400 2526 fratrum
1425 2484 1670 2527 suorum.
1696 2471 1897 2526 Conta-

303 2560 530 2616 minavit
558 2575 777 2632 quoque
799 2570 825 2598 ι
854 2562 1130 2634 Toplteth,
1155 2563 1300 2634 quod
1329 2572 1413 2618 est
1442 2564 1495 2619 in
1526 2562 1774 2619 convalle
1803 2563 1896 2618 ﬁlii

303 2651 539 2719 Ennom,
564 2663 620 2709 ut
646 2668 807 2709 nemo
836 2666 1184 2711 consecraret
1207 2655 1375 2711 lilium
1414 2669 1574 2711 suum
1610 2665 1703 2711 aut
1733 2654 1897 2711 filiam

302 2759 399 2815 per
414 2746 617 2817 ignem,
636 2746 868 2802 Moloch.
896 2746 1132 2803 Abstulit
1160 2762 1378 2819 quoque
1407 2762 1610 2819 equos,
1636 2759 1773 2820 quos
1803 2747 1898 2803 de~

299 2838 493 2894 derant
522 2852 675 2909 reges
694 2838 868 2908 Judte,
895 2840 1017 2907 soli,
1044 2840 1098 2896 in
1129 2841 1352 2897 introitu
1365 2841 1552 2910 templi
1576 2841 1654 2915 [h.
1679 2839 1897 2914 domus]

300 2928 517 2985 Domini
546 2932 709 2999 juxta
762 2930 1023 2988 exedram
1074 2930 1283 2988 Natban
1327 2931 1533 2988 Melecb
1602 2932 1887 3001 eunuchi,

298 3020 390 3092 qui
411 3031 530 3078 erat
548 3024 601 3078 in
628 3021 656 3062 ιι
677 3022 961 3081 Pbaruritn
987 3041 1000 3078 :
1030 3039 1222 3081 currus
1250 3034 1428 3080 autem
1447 3024 1578 3081 solis
1598 3025 1897 3081 combussit

299 3116 429 3187 igni.
463 3117 668 3173 Altaria
698 3134 938 3188 quoque,
972 3134 1093 3190 qua:
1113 3127 1271 3174 erant
1324 3134 1490 3190 super
1537 3127 1677 3174 tecta
1709 3134 1891 3174 coena-

299 3211 428 3281 cnii,
453 3211 624 3277 Altaz,
653 3227 777 3284 quas
801 3212 1042 3269 fecerant
1062 3228 1217 3285 reges
1235 3212 1373 3268 Juda
1391 3256 1406 3282 ,
1436 3221 1492 3268 et
1519 3212 1714 3268 altaria
1766 3228 1889 3282 quae
1919 3198 1962 3264 C

295 3302 498 3359 iecerat
520 3304 799 3362 Manasses
818 3306 872 3361 in
890 3305 1104 3361 duobus
1124 3305 1277 3361 atriis
1307 3304 1496 3375 templi
1547 3306 1625 3379 [h.
1673 3303 1890 3376 domus]

298 3393 539 3461 Domini,
563 3396 832 3452 destruxit
853 3413 971 3465 rex,
1001 3407 1054 3454 et
1075 3398 1317 3454 cucurrit
1341 3399 1467 3455 inde
1492 3440 1509 3467 ,
1546 3407 1599 3453 et
1634 3396 1893 3467 dispersit

296 3491 540 3547 cinerem
569 3507 758 3547 eorum
789 3492 841 3547 in
869 3502 1167 3548 torrentem
1198 3491 1434 3548 Cedron.
1480 3491 1707 3547 Excelsa
1754 3505 1893 3562 quo-

295 3597 406 3653 que
429 3599 549 3653 quo:
574 3583 803 3639 erantin
834 3584 913 3658 [h.
942 3584 1158 3657 contra]
1184 3584 1489 3642 Jerusalem
1517 3586 1585 3641 ad
1610 3585 1894 3640 dexteram

294 3686 505 3746 partem
526 3679 724 3733 montis
748 3678 1098 3745 Olfensionis,
1117 3694 1239 3751 quae
1260 3678 1894 3735 tetliiicaveratSalomon

294 3782 393 3824 rex
418 3768 583 3825 Israel
606 3770 861 3826 Astaroth
884 3769 1031 3826 idolo
1059 3767 1623 3843 [h.contatninationi]
1641 3768 1893 3824 Sidonio-

294 3877 443 3929 t'um,
473 3874 526 3918 et
550 3862 783 3919 Chamos
811 3863 1099 3918 olfensioni
1125 3862 1376 3925 Moab,et
1396 3861 1660 3917 Melcbom
1688 3861 1895 3917 abomi-

294 3954 501 4009 nationi
524 3953 759 4009 ﬁliorum
794 3959 1065 4019 Ammon,
1122 3953 1312 4025 polluit
1353 3968 1474 4008 rex.
1526 3953 1595 4007 Et
1640 3953 1898 4007 contrivit

293 4057 502 4104 statuas
531 4048 612 4123 [h.
648 4046 878 4118 titulos],
907 4057 961 4104 et
982 4047 1212 4103 succidit
1240 4048 1392 4101 lucos
1417 4062 1431 4100 :
1463 4045 1798 4117 replevitqnc
1817 4044 1896 4100 lo-

292 4156 359 4197 ca
380 4157 565 4198 eorum
588 4143 801 4200 ossibus
833 4151 1198 4198 mortuorum.
1225 4141 1448 4212 Insuper
1464 4149 1517 4195 et
1541 4139 1736 4205 altare,
1752 4139 1894 4209 quod

293 4235 491 4289 eratin
518 4233 771 4303 Belli-El,
799 4234 1082 4291 excelsum
1105 4233 1291 4308 [γαίῃ.
1325 4243 1378 4290 et
1394 4229 1719 4302 excelsum],
1750 4231 1894 4303 quod

294 4328 503 4385 fecerat
549 4330 838 4387 Jeroboam
894 4330 1035 4386 (ilius
1089 4329 1290 4395 Nabat,
1337 4327 1429 4399 qui
1486 4342 1717 4397 peccaro
1766 4326 1897 4383 fecit

295 4420 461 4477 Israel
488 4465 504 4490 ,
536 4433 589 4477 et
617 4423 789 4478 altare
830 4422 995 4493 illud,
1046 4422 1323 4478 excelsum
1368 4420 1679 4487 destruxit,
1732 4429 1894 4489 atque

293 4516 610 4583 combussit,
638 4525 695 4573 et
719 4517 1036 4577 comminuit
1064 4516 1118 4577 in
1163 4517 1469 4588 pulverem,
1503 4514 1892 4586 succenditque

2002 1907 2160 1973 Juda,
2185 1908 2325 1966 sicut
2350 1909 2402 1963 in
2434 1916 2629 1969 octavo
2650 1908 2865 1964 decimo
2879 1926 3023 1967 anno
3042 1910 3185 1981 regis
3208 1909 3373 1966 Josiae
3394 1909 3597 1967 factum

2002 2009 2086 2056 est
2108 1999 2283 2057 Pbase
2311 1999 2453 2057 istud
2485 2000 2710 2056 Domino
2739 2000 2867 2074 [Με.
2895 2002 3021 2056 add.
3043 1999 3179 2075 Deo]
3210 2000 3599 2058 inJerusalcm.

2002 2093 2109 2152 Sed
2136 2102 2191 2150 et
2220 2093 2505 2166 pythones,
2537 2102 2593 2149 et
2621 2094 2847 2161 ariolos,
2868 2102 2924 2151 et
2952 2094 3149 2164 figuras
3189 2093 3459 2155 idolorum
3485 2139 3500 2164 ,
3547 2102 3604 2153 et

2003 2186 2391 2255 intmunditias,
2416 2186 2977 2258 abominationesque,
3004 2202 3125 2258 qua;
3154 2186 3370 2253 fuerant
3399 2186 3453 2243 in
3483 2193 3602 2245 ter-

2001 2294 2059 2336 ra
2089 2279 2225 2336 Juda
2250 2290 2305 2335 et
2334 2279 2657 2345 Jerusalem,
2687 2279 2909 2336 abstulit
2938 2278 3116 2335 Josias
3161 2295 3177 2334 :
3229 2288 3289 2336 ut
3340 2284 3605 2343 statueret

1999 2375 2162 2433 verba
2184 2374 2339 2445 legis,
2369 2389 2490 2446 quae
2520 2374 2721 2443 scripta
2748 2382 2874 2430 sunt
2904 2373 2958 2429 in
2982 2373 3122 2429 libro
3143 2414 3160 2439 ,
3192 2387 3355 2444 quem
3391 2372 3605 2429 invenit

2004 2467 2215 2525 llelcias
2242 2466 2499 2523 sacerdos
2529 2466 2582 2521 in
2606 2465 2807 2536 templo
2831 2464 2907 2537 [h.
2936 2464 3122 2538 domo]
3142 2466 3373 2525 Domini.
3399 2464 3606 2527 Similis

2000 2559 2075 2617 illi
2099 2558 2227 2634 [Μο.
2257 2567 2387 2617 tacet
2415 2557 2518 2630 illi]
2540 2572 2648 2639 non
2674 2557 2774 2612 fuit
2798 2565 2927 2615 ante
2952 2572 3074 2615 eum
3098 2572 3216 2626 rex,
3246 2558 3339 2629 qui
3357 2566 3602 2616 reverte-

2000 2661 2148 2713 retur
2173 2652 2240 2711 ad
2262 2651 2547 2711 Dominum
2577 2652 2633 2707 in
2661 2650 2809 2713 omni
2832 2650 2997 2709 corde
3021 2664 3122 2708 suo
3148 2693 3165 2720 ,
3196 2652 3328 2710 etin
3351 2660 3462 2707 tota
3486 2651 3605 2708 ani-

2000 2762 2087 2801 nta
2115 2761 2233 2812 sua,
2264 2754 2317 2801 et
2339 2746 2391 2802 in
2420 2745 2671 2801 universa
2696 2745 2893 2803 virtute
2920 2760 3016 2801 sua
3043 2788 3059 2813 ,
3098 2746 3251 2816 juxta
3276 2761 3492 2803 omnem
3518 2747 3599 2803 le-

1998 2855 2118 2913 gem
2141 2839 2279 2898 Mosi
2310 2857 2324 2895 :
2357 2855 2534 2911 neque
2580 2847 2702 2911 post
2728 2855 2851 2897 eum
2881 2840 3119 2897 surrexit
3145 2840 3339 2897 similis
3365 2840 3463 2897 illi.
3495 2839 3603 2897 Ve!

1998 2943 2304 2991 rumtamen
2336 2947 2445 2989 non
2473 2942 2556 2989 est
2581 2947 2802 2990 aversus
2846 2932 3105 2991 Dominus
3155 2934 3224 2989 ab
3268 2932 3352 2991 ira
3402 2933 3605 2989 furoris

1998 3030 2079 3085 sui
2110 3029 2312 3100 magni,
2344 3042 2453 3100 quo
2476 3028 2642 3083 iratus
2670 3036 2755 3083 est
2807 3028 2956 3083 furor
2994 3027 3113 3098 ejus
3160 3036 3349 3083 contra
3404 3028 3601 3084 Judam

1998 3133 2219 3196 propter
2239 3122 2590 3191 irritationes,
2618 3123 2814 3193 quibus
2843 3132 3231 3193 provocaverat
3250 3139 3373 3179 eum
3393 3122 3606 3179 Menas-

1996 3230 2104 3271 ses.
2139 3213 2283 3271 Dixit
2311 3215 2493 3286 itaque
2525 3214 2788 3271 Dominus
2817 3232 2831 3269 :
2862 3215 3041 3270 Etiam
3061 3214 3255 3271 Judam
3295 3214 3534 3271 auferam
3569 3230 3602 3270 a

1995 3306 2135 3363 facie
2161 3320 2302 3375 mea,
2332 3306 2472 3363 sicut
2498 3307 2693 3363 abstuli
2725 3307 2912 3373 lsrael,
2932 3316 2987 3363 et
3010 3308 3287 3379 projiciam
3317 3308 3599 3365 civitatem

1995 3399 2155 3464 hanc,
2185 3415 2346 3471 quam
2378 3400 2538 3470 elegi,
2560 3399 2885 3470 Jerusalem,
2910 3410 2966 3457 et
2991 3401 3211 3457 domum
3236 3402 3304 3458 de
3324 3416 3426 3473 qua
3445 3402 3555 3457 dixi
3582 3416 3598 3455 :

1996 3490 2113 3547 Erit
2164 3505 2361 3547 nomen
2418 3507 2599 3548 meum
2655 3492 2750 3547 ibi.
2798 3492 3026 3564 Reliqua
3077 3503 3256 3549 autem
3306 3493 3599 3548 verborum

1996 3582 2183 3659 [ναις.
2234 3583 2571 3656 sermonum]
2600 3583 2760 3641 Josiaa
2790 3625 2806 3652 ,
2857 3594 2912 3640 et
2960 3584 3212 3640 universa
3267 3599 3391 3655 qua:
3432 3582 3598 3650 fecit,

1994 3693 2180 3735 nonne
2218 3677 2334 3733 base
2363 3678 2565 3747 scripta
2612 3686 2740 3733 sunt
2774 3677 2831 3733 in
2868 3678 3008 3734 libro
3052 3678 3350 3734 Verborum
3390 3677 3601 3733 dierum

1997 3785 2184 3841 regum
2231 3769 2403 3825 Juda?
2443 3769 2546 3842 [T.
2587 3767 2862 3841 CCXIV.]
2900 3769 2959 3824 ln
3002 3769 3194 3824 diebus
3240 3769 3360 3840 ejus
3410 3784 3601 3825 ascen-

1997 3865 2078 3921 dit
2113 3863 2325 3923 Pharao
2366 3863 2575 3930 Necho,
2629 3879 2724 3919 rex
2769 3861 3009 3934 Egypti,
3045 3870 3236 3921 contra
3272 3877 3455 3933 regem
3492 3860 3600 3917 As-

1996 3958 2286 4029 syriorum,
2314 3957 2382 4011 ad
2412 3957 2615 4012 ﬂumen
2650 3956 2993 4025 Euphraten,
3025 3964 3082 4011 et
3118 3955 3249 4010 abiit
3281 3954 3465 4011 Josias
3505 3970 3604 4010 rex

1998 4049 2052 4104 in
2082 4063 2370 4104 occursum
2398 4050 2539 4116 ejus,
2569 4056 2624 4103 et
2655 4048 2871 4102 occisus
2915 4040 2998 4102 est
3043 4046 3096 4101 in
3128 4045 3414 4117 Mageddo,
3473 4060 3597 4101 cum

1995 4142 2223 4198 vidisset
2243 4158 2387 4198 enm.
2415 4140 2480 4195 Et
2508 4145 2869 4211 portaverant
2891 4154 3014 4194 cum
3044 4139 3189 4194 servi
3214 4139 3294 4195 sui
3324 4146 3597 4195 mortuum

1996 4236 2067 4293 de
2098 4234 2379 4306 Mugedtlo,
2412 4242 2468 4290 et
2516 4235 2860 4305 pertulerunt
2915 4232 2970 4289 iu
3026 4232 3350 4298 Jerusalem,
3402 4242 3459 4288 et
3512 4246 3599 4286 sc-

1997 4330 2263 4402 peliernnt
2311 4344 2435 4386 eum
2466 4330 2520 4383 in
2573 4328 2826 4399 sepulcro
2879 4342 3000 4384 suo.
3057 4328 3317 4400 Tnlitque
3368 4326 3599 4399 populus

1998 4432 2162 4480 terra:
2186 4422 2390 4479 Joahaz
2416 4422 2584 4477 tilium
2610 4419 2795 4487 Josiac,
2827 4429 2882 4477 et
2905 4429 3181 4476 unxerunt
3205 4434 3355 4486 eum,
3383 4428 3439 4474 et
3468 4433 3598 4474 con-

2000 4520 2298 4575 stituerunt
2321 4533 2446 4573 eum
2488 4531 2670 4587 regem
2716 4530 2819 4587 pro
2856 4523 3008 4584 patre
3038 4527 3159 4569 suo.
3197 4511 3393 4583 Viginti
3434 4511 3597 4568 trium

293 4611 456 4667 etiam
487 4611 688 4665 lucum.
713 4611 782 4665 Et
810 4626 1107 4667 conversus
1134 4613 1304 4679 Josia,
1335 4610 1472 4667 vidit
1499 4610 1570 4667 ibi
1604 4610 1852 4681 sepulcra
1872 4649 1889 4677 ,
1928 4590 1978 4651 Ῐ)
2001 4624 2267 4665 annorum
2307 4616 2430 4665 erat
2453 4606 2657 4663 Joahaz
2686 4620 2810 4661 eum
2840 4620 3069 4676 regnare
3096 4604 3373 4675 coepisset,
3410 4610 3466 4659 et
3503 4602 3601 4657 tri-

289 4717 417 4772 qua:
445 4701 681 4756 erantin
709 4709 937 4759 monte:
969 4702 1243 4774 misitque,
1277 4710 1334 4759 et
1381 4704 1505 4758 tulit
1546 4717 1667 4758 ossa
1708 4702 1776 4758 de
1808 4715 1896 4756 se-

287 4791 523 4865 pulcris,
547 4803 600 4849 et
625 4794 924 4851 combussit
953 4810 1014 4852 ea
1044 4811 1209 4866 super
1230 4795 1426 4865 altare,
1459 4804 1516 4854 et
1538 4795 1735 4868 polluit
1762 4796 1893 4852 illud

283 4887 440 4957 juxta
464 4885 690 4942 verbum
720 4886 958 4957 Domini,
983 4889 1125 4958 quod
1154 4888 1371 4945 locutus
1402 4898 1487 4946 est
1520 4889 1601 4962 [h.
1625 4889 1894 4946 acclama-

286 4977 389 5050 vit]
422 4976 509 5032 vir
547 4978 674 5044 Dei,
700 4979 789 5049 qui
818 4978 1141 5049 praedixerat
1163 4978 1329 5035 verba
1362 4979 1501 5035 haec.
1530 4979 1615 5054 [Τ.
1660 4977 1890 5049 CCXI|.]

291 5069 363 5127 Et
390 5071 466 5125 ait
497 5083 513 5125 :
545 5069 676 5138 Quis
695 5078 781 5128 est
808 5070 996 5127 titulus
1020 5070 1130 5138 ille,
1158 5086 1318 5143 quem
1345 5070 1550 5129 video?
1576 5071 1891 5142 Responde-

291 5171 525 5235 runtque
550 5163 599 5219 ei
620 5166 768 5220 cives
787 5163 932 5223 illius
958 5165 1109 5221 urbis
1134 5182 1149 5221 ί
1179 5165 1501 5235 Sepulcrum
1526 5174 1610 5221 est
1635 5164 1892 5238 [hominis

291 5254 348 5312 lt.
380 5255 509 5327 viri]
536 5256 652 5326 Dei,
690 5258 782 5329 qui
815 5258 963 5314 venit
998 5259 1070 5315 de
1103 5256 1278 5325 Juda‘,
1330 5269 1387 5314 et
1427 5259 1677 5328 prtedixit
1725 5258 1889 5315 verba

366 5445 393 5473 ι
419 5434 518 5510 ills.
550 5435 850 5492 Veronens.
886 5435 1107 5510 Thafeth
1129 5478 1144 5504 _,
1197 5436 1416 5510 propius
1446 5435 1639 5510 Graeco
1690 5439 1883 5510 Ταφέθ,

290 5508 648 5580 quodtamcn
679 5518 734 5564 et
763 5508 1118 5580 SymmaChus
1144 5524 1209 5565 ex
1243 5508 1470 5580 llehrmo
1500 5509 1651 5578 legit.

364 5578 391 5616 ι)
420 5579 572 5633 Nunc
614 5590 735 5648 post
773 5578 1208 5636 emendationem
1250 5578 1488 5634 Canonis
1512 5594 1707 5635 nomen
1739 5579 1883 5634 istud

290 5649 623 5716 Pharvart‘m,
661 5653 710 5704 in
735 5666 802 5705 eo
822 5650 1032 5720 legitur,
1062 5666 1156 5718 per
1186 5668 1288 5705 van
1314 5651 1520 5706 scilicet
1554 5666 1879 5716 consonum,

287 5736 389 5795 pro
408 5720 593 5777 thurec
622 5722 737 5777 sive
760 5720 1029 5790 schourec,
1063 5722 1117 5777 id
1139 5732 1243 5791 est,
1277 5737 1377 5793 pro
1404 5722 1579 5777 vocali
1606 5740 1661 5776 ιι.
1697 5722 1879 5777 MART.

286 5829 333 5888 μ
366 5824 389 5853 ο
420 5813 792 5888 Septuaginta
843 5823 899 5871 et
962 5814 1627 5889 Hieronymus-legebant
1666 5815 1719 5871 iu
1765 5814 1881 5871 suis

1999 4703 2103 4760 bus
2130 4702 2415 4758 mensibus
2444 4701 2692 4771 regnavit
2720 4699 2770 4753 in
2797 4698 3099 4755 Jerusalem
3125 4714 3141 4765 ;
3176 4711 3374 4753 nomen
3406 4696 3600 4751 matris

1997 4798 2118 4868 ejus
2144 4808 2165 4837 ε
2198 4795 2397 4852 Atnital
2439 4795 2523 4870 [h.
2548 4792 2767 4849 Amutal
2786 4790 2824 4863 J,
2860 4792 2971 4848 filia
2994 4791 3268 4860 Jeremite,
3291 4790 3361 4846 de
3408 4787 3594 4846 Lobna

1998 4889 2092 4963 [h.
2128 4886 2360 4957 Libna].
2411 4887 2478 4943 Et
2504 4884 2637 4941 fecit
2682 4885 2887 4940 malum
2944 4881 3329 4956 coram[h.in
3376 4878 3592 4951 oculis]

2001 4981 2258 5044 Domino,
2311 4979 2464 5049 juxta
2503 4978 2685 5033 omnia
2735 4991 2857 5047 quas
2914 4974 3161 5031 fecerant
3212 4982 3396 5043 patres
3451 4971 3592 5042 ejus.

2002 5072 2021 5147 [
2044 5070 2108 5128 T.
2134 5069 2375 5143 CCXV.]
2400 5070 2692 5141 Vinxitque
2718 5084 2842 5126 eum
2868 5067 3078 5123 Pharao
3106 5066 3291 5122 Necho
3323 5065 3376 5121 in
3397 5064 3596 5132 Rebla,

2001 5184 2122 5240 qua:
2149 5168 2310 5223 estin
2340 5174 2481 5221 terra
2513 5165 2731 5232 Emath,
2764 5178 2832 5219 ne
2878 5170 3130 5234 regnaret
3180 5162 3232 5216 in
3271 5159 3594 5224 Jerusalem,

1998 5270 2056 5317 et
2084 5260 2343 5332 imposuit
2372 5258 2627 5315 mulctam
2659 5267 2837 5324 terra,
2879 5265 3096 5313 centum
3121 5255 3338 5312 talentis
3387 5254 3595 5325 argenti

1996 5436 2403 5507 exemplaribus
2432 5434 2599 5492 Hebr.
2622 5418 2843 5501 '71.:‘1271,
2875 5430 3095 5498 Amital,
3127 5446 3250 5487 cum
3281 5429 3384 5505 jod
3405 5430 3455 5485 in
3486 5444 3599 5487 nte-

1988 5533 2079 5589 dio
2104 5549 2116 5584 :
2148 5530 2310 5585 hodie
2328 5512 2544 5588 51:12.1.
2572 5527 2779 5581 Anmtal
2798 5540 2918 5580 cum
2937 5526 3205 5589 schourec,
3229 5523 3332 5577 hoc
3361 5532 3444 5577 est
3471 5536 3595 5576 cum

1992 5603 2165 5659 vocali
2197 5611 2219 5661 Ἰ
2250 5618 2284 5656 tt
2313 5601 2499 5670 legunt
2526 5600 2688 5653 llebr.
2723 5600 2860 5670 quos
2889 5606 3110 5652 secutus
3138 5592 3592 5670 esthScholiistes

1988 5676 2251 5738 Canonis,
2281 5664 2504 5740 aequalis
2526 5673 2608 5727 vel
2632 5664 2885 5739 superior
2906 5677 3077 5740 tetate
3094 5666 3348 5740 omnibus
3387 5664 3594 5720 Masso-

1986 5745 2263 5805 retltarutn
2297 5737 2659 5813 interpunctis
2690 5737 2755 5799 ac
2782 5740 2928 5803 netis
2955 5738 3191 5797 criticis.
3226 5737 3419 5801 Mur.
